3962 6180
236 322 347 381 505

1329 314 1647 373 ἨΟΜῙΙᾸᾹΞ
1686 311 1753 368 IN
1791 308 2044 368 EVANG.
2088 308 2176 364 ET
2216 304 2435 364 EPIST.

3416 304 3528 362 3067

232 451 338 493 eos
362 442 456 490 aut
481 433 809 503 ignorantes
825 442 932 484 non
958 426 1246 495 erudiunt,
1280 435 1374 481 aut
1404 434 1692 498 peccantes
1722 439 1829 479 non
1860 426 1907 485 Α
2010 419 2079 475 Et
2121 427 2378 501 cmperunt
2426 434 2603 474 omnes
2645 417 2803 474 simul
2846 434 3120 474 excusare.
3172 417 3353 475 Od‘ert‘
3385 420 3530 474 licus

240 536 499 585 »τευαπι.
1492 534 1519 549 ⁵

382 545 499 584 unt.
1501 545 1519 549 -

280 545 426 689 ’ἵκί
460 628 643 676 autem
681 617 923 672 habuerit
949 615 1300 669 substantiam
1327 613 1544 679 mundi,
1573 622 1622 667 et
1650 612 1839 667 viderit

242 713 469 785 fratrem
487 726 644 765 suum
670 708 1024 762 necessitatem
1047 705 1258 770 habere,
1288 715 1337 759 et
1360 703 1607 758 clauserit
1642 703 1842 757 uiscera

243 819 345 858 sua
375 800 441 856 ab
466 817 548 865 eo,
565 799 830 872 quomodo
850 798 1082 852 charitas
1104 795 1201 850 Dei
1222 805 1395 849 manet
1418 795 1481 848 in
1493 810 1554 848 eo
1577 794 1602 847 Ρ
1624 793 1681 849 Si
1699 794 1842 849 enim

244 893 492 951 nondum
536 907 598 947 es
644 891 870 944 idoneus
899 886 1036 943 mori
1077 901 1177 956 pro
1212 885 1412 949 fratre,
1459 885 1571 956 jam
1620 884 1846 939 idoneus

245 994 370 1039 esto
397 981 535 1037 dare
562 981 628 1036 de
658 981 767 1035 tuis
809 978 1161 1034 facultatibus
1208 976 1401 1042 fratri,
1430 973 1544 1045 jam
1578 974 1848 1046 percutiat

245 1077 462 1130 viscera
495 1080 587 1126 tua
616 1070 894 1127 charitas:
928 1076 985 1124 et
1013 1083 1120 1123 non
1152 1067 1220 1122 de
1239 1068 1502 1139 jactantia
1532 1066 1724 1131 facias,
1753 1065 1846 1120 sed

249 1168 319 1222 de
354 1166 553 1220 intimo
593 1162 751 1233 adipe
792 1161 1210 1224 misericordiae,
1253 1168 1313 1214 ut
1349 1160 1662 1236 consideres
1696 1159 1847 1213 illum

250 1258 307 1313 in
350 1264 600 1327 egestate
644 1254 901 1325 positum.
956 1252 1014 1309 Si
1055 1253 1207 1308 enim
1240 1250 1513 1327 superﬂua
1551 1266 1659 1306 non
1688 1266 1850 1308 curas

252 1347 387 1401 dare
414 1344 572 1399 fratri
605 1353 714 1408 tuo,
750 1344 987 1398 animam
1022 1351 1179 1398 tuam
1219 1343 1490 1412 quomodo
1518 1342 1723 1413 poteris
1749 1356 1850 1412 po-

249 1453 387 1494 nere
407 1453 513 1508 pro
533 1437 703 1492 fratre
724 1444 816 1492 tuo
835 1436 859 1492 ’ἑ
886 1434 1039 1491 Jacet
1065 1437 1293 1506 pecunia
1321 1436 1376 1490 in
1403 1436 1531 1491 sinu
1557 1445 1667 1500 tuo,
1689 1451 1852 1505 quam

249 1530 411 1586 ﬁtres
439 1530 539 1585 tibi
577 1528 794 1584 auferre
828 1536 1076 1598 possunt,
1103 1535 1158 1583 et
1184 1528 1230 1583 si
1269 1527 1416 1582 illam
1452 1543 1561 1582 non
1601 1527 1855 1583 auferunt

252 1620 432 1687 fures,
463 1621 750 1676 moriendo
776 1619 923 1674 illam
953 1618 1184 1682 deseris,
1215 1617 1431 1673 etiamsi
1463 1625 1515 1671 te
1545 1617 1635 1672 illa
1660 1618 1853 1673 viven-

253 1724 371 1769 tem
408 1729 517 1769 non
544 1713 782 1769 deserat.
816 1710 955 1786 Quid
988 1712 1112 1765 inde
1140 1709 1387 1765 facturus
1412 1710 1513 1765 es?
1550 1711 1723 1766 esurit
1749 1710 1887 1765 fra-.

1942 515 2087 587 quod
2112 516 2292 588 rogari
2323 504 2529 572 debuit.
2575 514 2690 572 Non
2722 524 2943 587 mgatus
2972 518 3101 573 dare
3129 516 3238 572 vult
3270 517 3414 586 quod
3441 531 3532 571 vus

1943 607 2149 679 sperari
2191 615 2407 678 poterat
2449 615 2511 662 ut
2550 608 2866 678 dignaretur
2901 607 3091 678 largiri
3135 607 3438 684 postulatus
3470 596 3534 664 et

1946 710 2129 757 tamen
2188 701 2574 757 contemnitur.
2643 700 2873 756 Paratus
2934 700 3157 758 delicias
3219 696 3534 756 refectionis

1945 802 2164 849 aeternae
2193 792 2511 859 denuntiat,
2545 800 2600 848 et
2630 801 2809 847 tamen
2843 791 3002 847 simul
3029 806 3219 847 omnes
3250 795 3535 845 excusant.

1947 885 2055 941 Sed
2082 886 2265 940 dicunt
2294 884 2492 954 aliqui,
2539 898 2802 939 excusare
2832 883 3096 950 nolimus,
3136 883 3203 938 ad
3231 882 3362 937 illud
3389 882 3536 937 enim

1948 991 2197 1048 superare
2222 975 2533 1031 refectionis
2555 975 2863 1030 convivium
2893 982 2948 1031 et
2969 976 3150 1030 vocari
3176 983 3232 1030 et
3254 974 3541 1045 pervenire

1948 1067 2307 1140 gratulamur.
2347 1066 2448 1135 Qui
2474 1081 2665 1122 verum
2701 1064 2942 1136 profecto
2973 1066 3161 1124 dicunt
3195 1066 3241 1121 si
3276 1081 3384 1120 non
3416 1064 3538 1136 plus

1951 1169 2163 1214 terrena
2183 1174 2344 1228 quam
2366 1157 2611 1213 cmlestia
2636 1157 2886 1229 diligunt,
2919 1156 2965 1212 si
2987 1172 3093 1213 non
3124 1157 3352 1227 amplius
3375 1157 3540 1213 rebus

1952 1251 2328 1322 corporalibus
2366 1266 2529 1321 quam
2574 1248 2946 1320 spiritualibns
2982 1258 3336 1318 occupantur.
3388 1248 3545 1306 Unde

1952 1344 2042 1398 hic
2065 1358 2280 1413 quoque
2302 1341 2419 1412 ipsa
2442 1340 2819 1397 excusantium
2844 1355 3006 1396 causa
3029 1338 3544 1413 subjungitur,cum

1953 1436 2201 1505 protinus
2225 1428 2562 1490 subinfertur
2589 1454 2600 1489 :

2034 1525 2241 1581 Primus
2266 1526 2399 1581 dixit
2423 1527 2512 1580 ei:
2543 1524 2739 1580 Villam
2765 1525 2885 1592 emi,
2914 1534 2962 1581 et
2991 1541 3194 1583 necesse
3219 1524 3384 1580 habeo
3407 1524 3548 1603 enire

1956 1630 2004 1675 et
2033 1622 2204 1676 videre
2232 1620 2422 1686 illam;
2469 1636 2593 1692 rogo
2627 1629 2706 1687 te,
2742 1620 2875 1674 habe
2910 1637 2992 1675 me
3028 1629 3363 1681 excusatum.
3410 1617 3551 1686 Quid

1958 1728 2055 1782 per
2088 1710 2267 1766 villam
2303 1713 2408 1767 nisi
2448 1720 2664 1768 terrena
2703 1711 3007 1767 substantia
3040 1709 3401 1782 designatur?
3438 1707 3553 1765 exit

253 1817 345 1860 ter
372 1814 521 1870 tuus,
550 1805 606 1859 in
638 1804 963 1860 necessitate
999 1803 1208 1874 positus
1233 1812 1347 1868 est,
1382 1818 1490 1858 non
1521 1804 1685 1859 habet
1721 1804 1855 1874 ipse,
1888 1800 1933 1859 Β
1961 1817 2088 1873 ergo
2116 1803 2301 1858 videre
2330 1802 2477 1857 illam
2510 1803 2602 1873 qui
2634 1802 2758 1859 sola
2785 1801 3061 1859 exteriora
3090 1800 3293 1871 cogitat
3327 1808 3550 1885 propter

253 1906 316 1951 tu
350 1897 542 1951 habes.
594 1895 895 1951 Considera
926 1895 1074 1950 enim
1106 1895 1251 1964 quod
1280 1895 1442 1950 simul
1479 1896 1612 1949 estis
1647 1895 1812 1964 empti
1839 1935 1854 1960 ,

254 2006 430 2046 unum
481 1998 567 2045 est
612 1989 844 2061 pretium
873 1996 1115 2044 vestrum
1149 1986 1451 2042 amborum.
1496 1985 1691 2051 Christi
1719 1987 1858 2041 enim

254 2079 522 2149 sanguine
552 2079 801 2147 redempti
828 2078 972 2132 estis.
1006 2075 1289 2144 Quomodo
1322 2076 1466 2130 enim
1507 2085 1560 2131 te
1588 2075 1857 2131 Christia-

256 2185 395 2224 num
437 2184 561 2223 esse
602 2167 887 2239 gloriaris,
942 2167 987 2222 si
1027 2182 1195 2236 opera
1230 2166 1435 2222 Christi
1474 2181 1589 2225 non
1623 2166 1863 2222 feceris?

256 2261 401 2316 nihil
430 2261 579 2315 enim
609 2260 701 2315 tibi
735 2260 959 2331 prodest
985 2259 1353 2314 Christianum
1386 2274 1581 2314 nomen
1608 2259 1654 2314 si
1680 2259 1861 2330 operi-

260 2351 371 2406 bus
399 2360 453 2405 te
478 2351 836 2405 christianum
863 2365 985 2406 esse
1011 2366 1119 2406 non
1145 2350 1480 2420 probaveris.

339 2439 527 2495 Filioli
554 2442 675 2506 mei,
709 2458 811 2495 non
837 2440 1122 2511 diligamus
1147 2441 1325 2507 verba,
1356 2458 1518 2513 neque
1547 2440 1750 2512 lingua,
1775 2443 1864 2497 sed

262 2520 425 2598 opere
473 2538 521 2582 et
570 2529 785 2583 reritate
814 2543 832 2580 :
882 2537 1178 2600 prmslante
1226 2529 1453 2585 Domino
1501 2541 1690 2584 nostro
1737 2529 1865 2587 Jesu

264 2619 497 2676 Christo
526 2619 620 2690 qui
649 2634 771 2674 cum
803 2618 965 2675 Patre
1000 2628 1057 2675 et
1090 2618 1295 2691 Spiritu
1345 2629 1534 2676 sancto
1568 2621 1707 2676 Deus
1735 2621 1867 2677 vivit

261 2724 323 2767 et
354 2720 550 2783 regnat
575 2711 628 2765 in
658 2710 853 2766 saecula
881 2711 1223 2767 saeculorum.
1257 2710 1452 2768 Amen.

771 2825 1055 2881 HOMILIA
1104 2825 1361 2881 LXXXII.

828 2913 882 2952 IN
916 2911 1097 2954 EODEM
1133 2912 1321 2953 FESTO.

429 2987 619 3043 Lectio
647 2988 823 3043 sancti
855 2986 1130 3058 Evangelii
1160 2988 1457 3044 secundum
1485 2989 1710 3045 Lucam.

344 3082 414 3136 In
459 3081 551 3135 illo
600 3092 831 3153 tempore
872 3081 1008 3136 dixit
1036 3079 1207 3147 Jesus
1252 3081 1652 3137 similitudinem
1696 3082 1872 3137 hanc:

1959 1896 2345 1952 substantiam.

2032 1982 2107 2041 Et
2131 1985 2267 2041 alter
2292 1985 2465 2040 dixit:
2493 1983 2638 2055 luga
2669 1983 2825 2038 boum
2850 1984 2952 2038 emi
2979 1982 3230 2054 quinque,
3259 1992 3308 2036 et
3335 1998 3396 2037 eo
3424 1998 3551 2053 pro-

1962 2076 2086 2131 bare
2107 2074 2236 2141 illa;
2268 2091 2393 2145 rogo
2415 2082 2464 2132 te
2482 2074 2614 2128 habe
2634 2090 2716 2129 me
2737 2081 3064 2129 excusatum.
3096 2070 3236 2139 Quid
3257 2071 3312 2127 in
3330 2072 3558 2143 quinque

1954 2166 2101 2238 jugis
2130 2165 2282 2220 boum
2316 2164 2421 2219 nisi
2450 2165 2690 2235 quinque
2718 2163 2964 2236 corporis
2993 2178 3187 2219 sensus
3216 2162 3558 2232 accipimus?

1963 2258 2055 2328 qui
2099 2266 2244 2313 recte
2283 2272 2499 2327 quoque
2537 2254 2667 2327 juga
2696 2254 2876 2310 vocati
2906 2249 3034 2310 Sunt
3060 2252 3190 2323 quia
3229 2252 3287 2307 in
3329 2261 3559 2322 utroque

1967 2363 2100 2403 sexu
2135 2347 2498 2419 geminantur.
2549 2345 2652 2413 Qui
2690 2345 2942 2400 videlicet
2978 2342 3291 2415 corporales
3324 2358 3551 2407 sensus,

1967 2441 2091 2512 quia
2121 2439 2580 2510 comprehendere
2608 2438 2857 2505 nesciunt
2890 2436 3132 2501 interna,
3174 2434 3271 2490 sed
3305 2433 3417 2490 sola
3453 2448 3552 2488 cx-

1970 2534 2169 2588 teriora
2196 2526 2551 2604 cognoscunt,
2576 2540 2633 2586 et
2660 2531 2974 2586 deserentes
2998 2527 3209 2592 intima,
3233 2541 3297 2582 ea
3319 2541 3438 2598 quac
3464 2543 3562 2581 cx-

1971 2633 2054 2679 tra
2079 2632 2206 2679 sunt
2234 2633 2485 2698 tangunt,
2508 2633 2657 2682 recte
2680 2639 2777 2695 per
2795 2638 2889 2680 eas
2914 2621 3205 2678 curiositas
3224 2608 3556 2691 designatur.

1973 2719 2152 2776 Grave
2198 2735 2435 2791 namque
2478 2719 2814 2776 curiositatis
2861 2726 2947 2774 est
2990 2717 3217 2783 vitium,
3265 2732 3388 2788 quae
3432 2715 3561 2771 dum

1972 2810 2261 2882 cujuslibet
2290 2817 2527 2867 mentem
2565 2811 2635 2867 ad
2672 2809 3105 2880 investigandam
3128 2807 3299 2862 vitam
3326 2807 3560 2878 proximi

1973 2905 2214 2979 exterius
2241 2905 2402 2971 dicit,
2442 2919 2661 2977 semper
2689 2903 2740 2960 ei
2772 2918 2869 2959 sua
2903 2902 3092 2957 intima
3122 2902 3425 2958 abscondit.
3466 2900 3565 2957 Sc-

1974 2996 2164 3068 quitur
2190 3013 2316 3069 rogo
2343 3007 2394 3052 te
2418 2996 2552 3051 habe
2590 3012 2670 3051 me
2705 3003 3033 3050 excusatum.
3088 2992 3226 3049 Dum
3257 2993 3403 3048 enim
3435 2991 3569 3048 dicit

1975 3103 2131 3160 rogo,
2161 3097 2219 3144 et
2254 3097 2436 3145 tamen
2466 3087 2656 3143 venire
2681 3085 3042 3156 contempsit,
3086 3084 3368 3143 humilitas
3408 3090 3568 3145 sonat

270 3172 452 3229 Homo
475 3172 691 3243 quidam
714 3171 839 3242 fecit
865 3188 1062 3226 caenam
1088 3188 1335 3243 magnam
1358 3183 1406 3226 et
1433 3173 1630 3226 vocavit
1656 3171 1869 3227 multos.

1977 3155 2223 3255 invoce,
2264 3180 2520 3252 superbia
2559 3180 2617 3236 in
2644 3179 2881 3235 actione.
2904 3155 2991 3232 iEt
3016 3192 3143 3233 ecce
3171 3177 3276 3233 hoc
3305 3175 3566 3248 dijudicat

271 3263 346 3320 Et
380 3265 524 3320 misit
557 3281 763 3320 servum
798 3281 953 3320 suum
990 3264 1121 3319 hora
1158 3281 1315 3319 cana:
1350 3265 1524 3320 dicere
1556 3266 1787 3320 invitatis
1814 3274 1871 3320 ut

271 3357 508 3412 venirent
533 3356 660 3427 quia
676 3357 796 3426 jam
821 3366 1009 3427 parata
1033 3367 1154 3411 sunt
1181 3358 1380 3423 omnia,
1408 3366 1516 3413 etc.

349 3446 485 3515 Quis
513 3455 602 3502 est
632 3446 736 3502 iste
765 3447 962 3513 homo,
1005 3447 1111 3503 nisi
1152 3447 1242 3503 ille
1271 3448 1338 3504 de
1366 3463 1474 3519 quo
1510 3463 1611 3518 per
1638 3449 1873 3520 prophe-

276 3545 387 3591 tam
418 3537 643 3611 dicitur,
684 3548 731 3591 et
769 3538 922 3592 homo
951 3547 1028 3592 est
1057 3546 1105 3592 et
1135 3538 1251 3609 quis
1281 3539 1543 3609 cognoscit
1582 3554 1735 3604 eum,
1782 3538 1876 3609 qui

277 3628 409 3684 fecit
432 3642 651 3684 cmnam
683 3645 937 3700 magnam
966 3630 1093 3701 quia
1121 3630 1430 3687 satietatem
1458 3630 1614 3686 nobis
1643 3630 1873 3686 internae

278 3710 590 3776 dulcedinis
626 3722 976 3792 praeparavit.
1028 3720 1132 3800 Qui
1162 3730 1324 3778 vocat
1350 3722 1570 3791 multos,
1598 3723 1694 3780 sed
1720 3723 1878 3794 pauci

279 3812 528 3868 veniunt.
589 3811 727 3880 Quia
776 3828 1166 3883 nonnunquam
1215 3813 1319 3886 ipsi
1366 3814 1457 3884 qui
1499 3814 1550 3870 ei
1593 3829 1691 3886 per
1716 3814 1879 3871 ﬁdem

278 3902 514 3973 subjecti
549 3910 713 3970 sunt,
762 3909 969 3959 mterno
1017 3904 1135 3975 ejus
1178 3906 1431 3962 convivio
1469 3907 1610 3963 male
1652 3908 1882 3965 vivendo

281 3993 691 4049 contradicunt.
741 3993 811 4048 Et
849 3994 990 4050 misit
1028 4011 1232 4050 servum
1270 4013 1425 4052 suum
1451 3998 1583 4052 hora
1612 4014 1770 4054 ciente
1797 3999 1882 4054 di-

284 4101 399 4141 cere
424 4084 667 4139 invitatis
691 4094 748 4139 ut
775 4086 1025 4152 uenirent,
1045 4086 1170 4157 quia
1190 4086 1309 4159 jam
1332 4098 1521 4159 parata
1541 4099 1661 4144 sunt
1681 4091 1877 4145 omnia.

286 4178 425 4246 Quid
461 4180 601 4234 liora
630 4192 801 4234 coena:
830 4179 935 4234 nisi
964 4178 1087 4235 linis
1115 4189 1200 4236 est
1236 4180 1464 4236 mundi?
1498 4181 1693 4252 inquo
1719 4181 1884 4237 nimi-

286 4286 409 4325 rum
439 4286 541 4326 nos
569 4270 799 4325 sumus?
830 4270 969 4324 sicut
988 4269 1102 4340 jam
1126 4270 1328 4326 dudum
1354 4270 1553 4327 Paulus
1581 4271 1885 4327 testabatur

291 4359 519 4416 dicens:
556 4378 651 4416 nos
692 4362 749 4415 in
785 4378 915 4432 quos
953 4362 1087 4431 ﬁnes
1115 4362 1433 4418 swculorum
1457 4363 1795 4419 devenerunt.
1824 4363 1882 4420 Si

292 4464 422 4520 ergo
445 4449 564 4519 jam
594 4451 728 4506 hora
761 4465 931 4507 ciente
962 4459 1077 4518 est,
1125 4468 1249 4508 cum
1283 4468 1566 4519 vocamur,
1603 4462 1754 4515 tanto
1784 4454 1886 4509 mi-

291 4558 398 4597 nus
438 4540 702 4596 debemus
735 4557 1000 4597 excusare
1040 4558 1141 4599 nos
1186 4559 1216 4598 a
1257 4544 1505 4600 convivio
1545 4544 1640 4599 Dei
1680 4553 1884 4615 quanto

292 4630 690 4702 propinquasse
736 4629 851 4701 jam
896 4633 1172 4688 cernimus
1213 4633 1374 4689 linem
1419 4634 1617 4690 saeculi.
1678 4635 1886 4693 Idcirco

296 4728 477 4774 autem
505 4718 616 4776 hoc
642 4722 946 4776 convivium
977 4722 1072 4778 Dei
1101 4739 1208 4778 non
1239 4725 1526 4795 prandium
1546 4767 1562 4793 ,
1601 4727 1696 4784 sed
1725 4742 1884 4784 omna

296 4816 630 4882 nominatur,
669 4815 793 4886 quia
830 4824 954 4887 post
994 4818 1283 4888 prandium
1326 4832 1487 4875 cmna
1522 4828 1724 4886 restat,
1763 4829 1889 4892 post

296 4920 510 4960 caenam
541 4920 672 4960 vero
700 4907 1007 4962 convivium
1038 4908 1241 4964 nullum
1275 4918 1470 4976 restat,
1499 4920 1554 4966 et
1577 4912 1704 4980 quia
1730 4921 1887 4969 teter-

295 5013 424 5053 num
454 4999 553 5054 Dei
584 4999 893 5055 convivium
920 5000 1074 5057 vobis
1104 4998 1159 5056 in
1184 5011 1431 5059 extremo
1455 5004 1884 5073 prteparabitur:

296 5097 507 5144 rectum
557 5088 661 5144 fuit
689 5097 747 5143 ut
776 5090 879 5145 hoc
908 5106 1015 5146 non
1049 5092 1373 5161 prandium,
1419 5091 1512 5147 sed
1540 5105 1699 5147 omna
1728 5108 1889 5148 voca-

300 5184 471 5232 retur.
510 5176 622 5233 Sed
652 5178 775 5248 quis
813 5193 912 5249 per
964 5179 1107 5235 hunc
1141 5195 1356 5236 servum
1389 5180 1479 5251 qui
1512 5196 1541 5236 a
1572 5181 1889 5251 patrcfami-

301 5269 402 5325 lias
427 5271 495 5326 ad
523 5271 863 5351 imitandum
906 5271 1140 5328 mittitur
1166 5274 1269 5328 nisi
1306 5274 1724 5344 praedicatorum
1759 5279 1892 5332 ordo

297 5360 582 5430 signatur?
618 5360 700 5416 Ad
730 5361 1093 5432 repellendum
1122 5373 1301 5419 autem
1332 5362 1607 5436 fastigium
1643 5374 1893 5423 nostrum

286 5450 427 5523 jajn'
458 5461 654 5522 parata
699 5461 821 5507 sunt
870 5454 1046 5509 omnia
1073 5495 1089 5520 ,
1158 5453 1284 5526 quia
1350 5457 1417 5511 ad
1472 5458 1921 5529 abstergendum'

296 5543 503 5599 mentis
545 5551 750 5599 nostrae
793 5551 1073 5616 torperem
1124 5546 1180 5601 in
1235 5559 1391 5605 coma
1446 5546 1542 5602 Dei
1598 5548 1690 5605 ille
1740 5548 1898 5605 nobis

296 5633 594 5706 singularis
650 5650 823 5709 agnus
877 5637 1093 5695 occisus
1146 5646 1270 5707 est,
1333 5638 1425 5710 qui
1491 5639 1612 5697 tulit
1672 5650 1894 5714 peccata

299 5728 507 5785 mundi.

1911 4505 1963 4566 D

1975 3292 2176 3348 pravus
2203 3277 2433 3348 quisque
2455 3290 2581 3331 cum
2606 3258 2780 3340 audit,
2809 3285 2912 3329 nec
2938 3279 3124 3328 tamen
3151 3286 3215 3329 ea
3231 3286 3352 3341 qua:
3375 3266 3568 3340 dijudi-

1976 3378 2067 3426 cat
2093 3383 2254 3440 agere
2279 3367 2510 3424 desistit.
3274 3426 3279 3429 ,

2048 3459 2118 3514 Et
2149 3458 2288 3513 alius
2317 3458 2493 3512 dixit:
2527 3455 2754 3512 Uxorem
2780 3456 2943 3523 duxi,
2985 3466 3035 3511 et
3063 3456 3180 3511 ideo
3216 3471 3327 3511 non.
3354 3469 3568 3524 possum

1977 3551 2169 3607 venire.
2207 3548 2346 3618 Quid
2372 3564 2473 3620 per
2496 3565 2716 3604 uxorem
2744 3549 2850 3607 nisi
2875 3547 3124 3619 voluptas
3148 3546 3329 3602 carnis
3357 3546 3561 3616 accipi-

1980 3642 2111 3696 tur?
2141 3656 2266 3696 nam
2294 3641 2544 3711 quamvis
2577 3640 2779 3696 bonum
2818 3639 2892 3696 sit
2928 3637 3240 3710 coniugium
3258 3676 3276 3702 ,
3308 3646 3474 3706 atque
3501 3635 3570 3692 ad

1977 3732 2381 3804 propagandam
2423 3731 2661 3788 sobolem
2692 3730 3035 3801 providentia
3075 3728 3258 3786 divina
3302 3727 3569 3795 constitu-

1979 3830 2093 3876 tum
2117 3861 2133 3887 ,
2182 3819 2425 3877 nonnulli
2491 3827 2670 3876 tamen
2716 3835 2827 3879 non
2883 3835 2987 3892 per
3031 3819 3138 3876 boc
3181 3815 3568 3875 fecunditatem

1978 3911 2166 3982 prolis,
2193 3911 2288 3967 sed
2318 3909 2584 3966 desideria
2608 3918 2872 3980 expetunt
2899 3910 3212 3982 voluptatis,
3239 3917 3296 3966 et
3324 3908 3445 3965 ideo
3471 3924 3573 3980 per

1982 4015 2097 4056 rem
2139 3998 2346 4070 justam
2390 3998 2689 4072 significari
2735 4008 2916 4071 potest
2968 4016 3081 4058 non
3134 4000 3432 4072 incongrue
3485 4013 3574 4063 res

1982 4089 2199 4161 iniusta.
2232 4090 2314 4146 Ad
2339 4075 2552 4148 coenam
2579 4107 2680 4148 nos
2703 4093 3046 4165 ergo_:eterni
3072 4092 3305 4149 convivii
3330 4106 3576 4148 summus

1980 4182 2372 4254 paterfamilias
2413 4182 2647 4249 invitat,
2700 4184 2796 4239 sed
2846 4184 2974 4240 dum
3015 4184 3160 4241 buuc
3197 4189 3413 4239 terrena
3444 4197 3574 4237 cura

1983 4282 2253 4345 occupat,
2301 4273 2450 4330 illum
2494 4275 2656 4331 alieni
2700 4284 2856 4335 actus
2898 4291 3065 4348 sagax
3107 4275 3367 4346 cogitatio
3410 4274 3574 4330 deva-

1984 4372 2123 4431 stat,
2164 4364 2390 4422 alterius
2418 4365 2585 4421 etiam
2627 4374 2865 4422 mentem
2895 4366 3142 4436 voluptas
3177 4365 3360 4422 carnis
3397 4363 3575 4435 inqui-

1989 4463 2112 4521 nat,
2152 4454 2466 4512 fastidiosus
2491 4455 2722 4526 quisque
2750 4455 2819 4510 ad
2844 4462 3062 4511 caterua:
3088 4454 3215 4534 vita:
3248 4454 3435 4525 epulas
3463 4471 3570 4511 non

1986 4543 2225 4600 festinat.

2058 4636 2129 4691 Et
2155 4652 2390 4692 reversus
2416 4651 2598 4690 servus
2625 4635 2882 4690 nuntiavit
2909 4634 3021 4690 haec
3046 4634 3260 4691 domino
3280 4651 3398 4691 suo.
3431 4633 3577 4690 Tunc

1984 4725 2154 4781 iratus
2181 4724 2567 4796 paterfamilias
2593 4724 2727 4779 dixit
2758 4740 2909 4780 servo
2943 4741 3040 4779 suo
3063 4738 3083 4778 :
3115 4724 3220 4781 Exi
3249 4726 3353 4780 cito
3378 4726 3442 4780 in.
3461 4724 3579 4797 pla-

1986 4826 2098 4873 teas
2123 4825 2172 4872 et
2200 4817 2337 4872 uicos
2365 4817 2621 4884 ciuitatis,
2637 4826 2686 4871 et
2712 4833 2974 4888 pauperes
3000 4832 3065 4881 ac
3096 4815 3310 4884 debiles,
3334 4832 3499 4872 caecos
3526 4824 3576 4874 ct

1984 4907 2227 4974 claudos,
2260 4907 2505 4962 introduc
2538 4906 2662 4962 huc.
2708 4906 2850 4963 Ecce
2876 4906 2969 4977 qui
3000 4915 3234 4964 terrena:
3263 4908 3582 4966 substantiae

1990 4998 2111 5069 plus
2150 4996 2299 5067 justo
2345 4997 2586 5063 incubat,
2619 4997 2809 5055 venire
2862 4997 2931 5053 ad
2979 4997 3317 5055 Dominicam
3365 5015 3580 5057 (mnam

1990 5099 2227 5148 recusat.
2264 5089 2366 5158 Qui
2396 5089 2568 5167 labori
2610 5089 2948 5148 curiositatis
2987 5089 3240 5158 insudat,
3281 5101 3578 5165 praeparata

1990 5181 2116 5238 vitae
2146 5181 2403 5237 alimenta
2432 5181 2655 5236 fastidit.
2704 5180 2808 5250 Qui
2847 5181 3159 5247 carnalibus
3187 5182 3471 5240 desideriis
3497 5178 3555 5240 in

1993 5274 2198 5340 haeret,
2235 5272 2499 5344 spiritalis
2526 5274 2760 5331 convivii
2788 5275 2975 5346 epulas
3002 5275 3227 5347 respuit.
3276 5276 3412 5343 Quia
3448 5290 3581 5347 ergo

1994 5364 2182 5421 venire
2229 5364 2448 5433 superbi
2493 5373 2769 5431 renuunt,
2813 5381 3083 5437 pauperes
3127 5364 3418 5437 eliguntur.
3470 5366 3581 5421 Cur

1996 5456 2141 5517 hoc?
2168 5455 2321 5526 quia,
2351 5456 2506 5524 juxta
2536 5455 2688 5513 Pauli
2718 5472 2928 5522 vocem,
2956 5457 3169 5525 inﬁrma
3210 5456 3393 5510 mundi
3426 5454 3581 5526 elegit

1996 5548 2159 5613 Deus,
2189 5556 2245 5602 ut
2264 5539 2564 5618 confundat
2587 5550 2767 5620 fortia.
2795 5549 3068 5619 Pauperes
3089 5557 3268 5604 autem
3294 5555 3353 5603 et
3375 5547 3581 5606 debiles

1999 5640 2256 5696 dicuntur
2292 5639 2385 5710 qui
2427 5638 2633 5708 judicio
2674 5656 2775 5697 suo
2822 5640 2966 5711 apud
3012 5639 3332 5710 semetipsos
3378 5638 3580 5696 infirmi

2003 5742 2146 5789 sunt.
2185 5728 2323 5788 Nam
2353 5746 2621 5804 pauperes
2650 5740 2705 5790 et
2732 5731 2884 5804 quasi
2915 5730 3084 5786 fortes
3111 5737 3269 5799 sunt,
3284 5730 3461 5803 quiet
3486 5745 3583 5805 po-
