3962 6180
407 290 521 347 ’πυτ

1055 284 1117 341 Β.
1155 282 1405 340 RABANI
1446 282 1665 340 MAUBI
1698 281 2020 340 ARCHIEP.
2063 282 2374 342 MOGUNT.
2417 283 2700 341 OPERUM
2740 282 2920 340 PARS
2957 282 3021 339 ll.

3570 282 3674 337 τιθὸ

417 404 508 460 siti
541 402 594 457 in
640 406 957 470 paupertate
1003 395 1339 475 superbiant.
1392 392 1533 449 Caici
1572 407 1700 448 vero
1739 399 1865 448 sunt
1902 391 1992 461 qui
2022 392 2073 454 Α
2099 393 2474 464 cupiscentiis,
2525 393 2619 448 sed
2648 393 2871 463 spiritus
2899 393 3127 463 imperio
3155 392 3300 448 illam
3328 392 3678 463 subjicientes

420 492 628 548 nullum
673 487 872 561 ingenii
917 485 1097 544 lumen
1144 484 1380 540 habent:
1418 480 1597 537 claudi
1640 495 1858 552 quoque
1901 480 1994 551 qui

416 592 597 638 rectos
624 593 841 651 gressus
866 577 925 633 in
952 575 1266 647 operatione
1306 589 1411 629 non
1451 573 1668 629 habent.
1725 571 1831 628 Sed
1868 571 1995 627 dum

424 685 634 729 morum
662 669 791 724 vitia
842 667 897 721 in
951 666 1319 721 membrorum
1367 664 1644 721 debilitate
1696 663 1994 735 signantur,

418 760 659 832 profecto
693 758 863 828 liquet
887 756 1014 827 quia
1045 755 1186 810 sicut
1216 754 1291 809 illi
1326 764 1642 825 peccatores
1661 753 1880 809 fuerunt
1906 754 1996 823 qui

424 850 599 906 vocati
651 848 837 903 venire
886 845 1191 911 noluerunt,
1246 844 1321 899 ita
1373 843 1429 899 hi
1477 857 1693 915 quoque
1737 858 2000 914 pauperes

420 950 581 1007 sunt,
634 941 728 1013 qui
772 939 1070 995 invitantur
1117 946 1173 994 et
1219 937 1485 1003 veniunt,
1541 938 1634 992 sed
1684 944 2001 1006 peccatores

420 1032 637 1102 superbi
670 1037 997 1100 respuuntur
1021 1036 1073 1082 et
1109 1035 1423 1098 peccatores
1450 1025 1680 1082 humiles
1705 1025 1996 1096 eliguntur.

423 1121 530 1178 Sed
559 1120 803 1177 deductis
837 1115 905 1174 ad
935 1133 1146 1175 coenam
1176 1116 1523 1187 pauperibus,
1550 1115 1679 1185 quid
1713 1130 1850 1184 puer
1880 1113 2002 1169 sub-

419 1209 613 1282 jungat
637 1208 916 1263 audiamus
943 1222 958 1261 :

497 1299 738 1366 Domine,
766 1298 962 1368 factum
989 1305 1063 1352 est
1085 1304 1138 1350 ut
1164 1294 1429 1371 imperasti
1456 1305 1504 1348 et
1533 1292 1705 1348 adhuc
1734 1288 1878 1347 locus
1907 1301 2001 1347 est.

336 1392 351 1405 ’
426 1390 577 1447 Multi
608 1389 742 1445 tales
774 1388 840 1444 ad
868 1387 1206 1444 Dominicam
1240 1401 1452 1442 cernam
1483 1400 1549 1441 ex
1581 1385 1764 1441 Iudaea
1795 1386 2004 1441 collecti

426 1489 571 1537 sunt.
611 1478 720 1534 Sed
750 1478 1040 1533 multitudo
1065 1492 1183 1546 qua:
1222 1491 1290 1533 ex
1327 1475 1626 1531 Israelitico
1655 1474 1851 1546 populo
1888 1490 2007 1530 cre-

432 1571 588 1637 didit,
620 1569 795 1624 locum
828 1567 1047 1640 superni
1077 1567 1311 1623 convivii
1351 1583 1457 1622 non
1498 1565 1757 1637 implevit,
1790 1565 2010 1620 intravit

428 1670 607 1717 autem
625 1662 735 1733 jam
760 1658 1059 1729 frequentia
1081 1656 1411 1724 Judaeorum,
1428 1658 1520 1713 sed
1546 1656 1723 1711 adhuc
1744 1656 1894 1711 locus
1916 1672 2007 1710 va-

427 1760 514 1807 cat
541 1752 594 1806 in
618 1729 781 1822 regno
802 1748 891 1804 ubi
918 1747 1117 1818 suscipi
1144 1746 1337 1804 debeat
1361 1747 1723 1803 numerositas
1742 1748 2002 1818 gentium.
2036 1729 2081 1788 Β

429 1840 581 1899 Unde
605 1851 662 1898 et
684 1841 859 1896 eidem
888 1855 1043 1895 servo
1068 1839 1265 1894 dicitur
1286 1857 1301 1893 :

499 1932 603 1988 Exi
632 1933 688 1986 in
716 1934 825 1987 vias
865 1941 912 1986 et
949 1946 1114 2000 sepes,
1163 1939 1210 1983 et
1255 1927 1500 1999 compelle
1543 1930 1759 1994 intrare,
1802 1938 1857 1982 ut
1902 1929 2003 1983 im-

428 2026 635 2097 pleatur
658 2024 841 2078 domus
872 2039 1006 2077 mea.
1060 2021 1196 2076 Cum
1232 2020 1299 2077 de
1325 2020 1461 2076 vicis
1492 2028 1549 2074 et
1577 2020 1771 2091 plateis
1799 2019 1866 2074 ad
1895 2036 2005 2075 cae-

430 2130 554 2171 nam
584 2113 841 2171 Dominus
882 2112 1113 2175 invitat,
1161 2108 1310 2165 illum
1338 2109 1586 2165 videlicet
1623 2111 1876 2181 populum
1915 2112 2006 2166 de-

430 2207 639 2278 signat,
684 2202 775 2275 qui
817 2210 1003 2259 tencre
1031 2202 1199 2273 legem
1232 2202 1332 2257 sub
1357 2202 1565 2257 urbana
1598 2204 2006 2258 conversatione

433 2310 690 2366 noverat;
726 2314 846 2355 cum
886 2313 1017 2353 vero
1055 2297 1310 2352 convivas
1347 2310 1473 2352 suos
1502 2295 1679 2367 colligi
1717 2312 1784 2351 ex
1812 2296 1915 2351 viis
1951 2304 2008 2351 et

432 2392 649 2462 scpibus
675 2388 944 2461 praecipit,
982 2387 1238 2443 nimirum
1273 2393 1539 2458 agrestem
1567 2385 1822 2457 populum
1852 2385 2005 2441 colli-

432 2499 573 2556 gere.
605 2483 659 2537 id
682 2488 799 2547 est,
833 2479 1088 2550 gentilem
1119 2479 1333 2548 quaerit.
1380 2476 1687 2532 Notandum
1712 2492 1839 2532 vero
1866 2478 2008 2547 quod

434 2578 488 2632 in
521 2577 624 2632 hac
652 2573 965 2630 invitatione
995 2573 1158 2628 tertio
1188 2587 1294 2627 non
1325 2571 1522 2626 dicitur
1547 2570 1837 2636 invita,sed
1869 2586 2008 2624 com-

432 2669 564 2740 pelle
595 2668 813 2722 intrare.
864 2664 998 2722 Nam
1034 2673 1161 2722 sunt
1190 2663 1429 2720 nonnulli
1457 2664 1549 2734 qui
1586 2664 1725 2718 bona
1763 2663 2009 2719 facienda

433 2759 756 2831 intelligunt,
774 2756 866 2813 sed
894 2756 1009 2812 hmo
1037 2755 1214 2811 facere
1243 2755 1527 2820 desistunt,
1550 2754 1653 2819 his,
1682 2763 1740 2808 ut
1766 2754 2010 2824 superius

434 2846 686 2912 diximus,
712 2845 1030 2917 plerumque
1071 2843 1337 2915 contingit
1377 2852 1436 2898 ut
1474 2858 1567 2899 eos
1606 2844 1659 2898 in
1703 2842 2011 2899 carnalibus

433 2937 711 2993 desideriis
741 2935 854 2992 suis
880 2934 1063 2990 mundi
1092 2934 1252 3005 hujus
1290 2933 1590 2989 adversitas
1626 2931 1785 2987 feriat
1810 2973 1824 2998 ,
1871 2947 2012 3003 saepe

435 3042 668 3096 namque
696 3035 790 3082 aut
822 3026 977 3097 longa
1004 3025 1320 3097 aegritudine
1350 3026 1669 3089 tabescunt,
1709 3033 1802 3078 aut
1828 3022 2009 3078 alllicti

435 3118 642 3188 injuriis
670 3118 988 3185 concidunt,
1024 3126 1116 3174 aut
1145 3119 1384 3190 percussi
1424 3117 1761 3191 gravioribus
1798 3119 2009 3173 damnis

434 3211 764 3284 allliguntur,
794 3225 959 3281 seque
989 3212 1132 3282 ipsos
1173 3211 1226 3264 in
1250 3211 1363 3265 suis
1392 3209 1673 3265 desideriis
1715 3209 2006 3277 reprehen-

431 3304 620 3359 dentes
640 3301 707 3357 ad
728 3302 1013 3357 Dominum
1037 3302 1199 3357 corda
1219 3307 1558 3356 convertunt.
1584 3298 1686 3366 Qui
1704 3313 1833 3370 ergo
1852 3288 2009 3367 hujus

433 3391 617 3448 mundi
643 3391 1060 3447 adversitatibus
1085 3391 1240 3446 fracti
1269 3391 1335 3445 ad
1362 3390 1457 3445 Dei
1492 3403 1728 3444 amorem
1764 3390 2005 3453 redeunt,

432 3489 593 3553 atque
623 3497 653 3536 a
679 3481 962 3552 praesentis
989 3482 1113 3537 vita:
1146 3480 1429 3537 desideriis
1465 3481 1832 3552 corriguntur.
1879 3481 2008 3550 quid

431 3572 521 3628 isti
570 3572 673 3628 nisi
722 3571 1115 3642 compelluntur
1166 3579 1228 3627 ut
1284 3571 1529 3626 intrent?
1588 3571 1683 3625 sed
1726 3571 1881 3625 valde
1924 3578 2009 3626 est

431 3664 705 3721 tremenda
739 3663 1039 3729 sententia,
1079 3674 1198 3733 qua:
1232 3661 1482 3733 protinus
1516 3659 1868 3715 subinlertur.
1918 3659 2010 3713 Ait

432 3758 576 3811 enim
603 3772 617 3809 :

502 3847 633 3902 Dico
662 3856 835 3901 autem
870 3845 1011 3900 vobis
1044 3844 1182 3915 quod
1220 3859 1368 3898 nemo
1406 3844 1634 3907 virorum
1671 3841 1882 3897 illorum
1918 3843 2009 3913 qui

430 3939 599 3994 vocati
628 3946 772 4002 sunt,
799 3937 1025 4007 gustabit
1055 3951 1251 3989 ctenam
1280 3952 1469 3989 meam.
1518 3936 1658 3991 Ecce
1698 3951 1793 4006 per
1823 3950 1881 3990 se
1911 3951 2007 3990 vo-

431 4038 515 4083 cat
533 4068 547 4093 ,
587 4042 686 4097 per
712 4026 931 4097 angelos
960 4034 1146 4088 vocat,
1176 4040 1275 4093 per
1299 4034 1481 4095 patres
1508 4022 1663 4081 vocat
1683 4068 1696 4092 ,
1743 4041 1840 4096 per
1879 4041 2005 4096 pro-

429 4119 623 4190 phetas
663 4123 860 4181 vocat,
922 4129 1020 4185 per
1066 4114 1337 4186 apostolos
1380 4123 1573 4181 vocat,
1626 4131 1724 4185 per
1765 4124 2009 4186 pastores

428 4217 624 4275 vocat,
671 4208 981 4279 plerumque
1024 4222 1120 4278 per
1157 4205 1413 4261 miracula
1448 4214 1645 4274 vocat,
1692 4208 2007 4278 plerumque

432 4316 528 4376 per
557 4300 764 4373 ﬂagella
812 4306 991 4364 vocat,
1025 4297 1314 4369 aliquando
1348 4314 1445 4368 per
1479 4297 1637 4368 hujus
1668 4300 1850 4355 mundi
1884 4315 2011 4371 pro-

431 4398 586 4465 spera
630 4402 830 4459 vocat,
892 4391 1180 4462 aliquando
1230 4405 1325 4462 per
1370 4390 1618 4458 adversa,
1668 4407 1827 4450 nemo
1873 4410 2005 4449 con-

430 4496 637 4541 temnat
660 4501 728 4541 ne
748 4484 875 4542 dum
898 4495 1119 4542 vocatus
1142 4493 1394 4579 excusat,
1415 4500 1536 4541 cum
1559 4485 1785 4542 voluerit
1807 4486 2008 4543 intrare

430 4591 537 4631 non
567 4576 759 4631 valeat.

922 4668 1203 4729 HOMlLlA
1241 4670 1516 4728 LXXXIII.

1084 4781 1240 4819 FERIA
1279 4781 1353 4821 ιε’.

872 4846 1056 4908 Lectio
1090 4852 1209 4908 libri
1247 4851 1555 4924 Sapientiae.

503 4940 567 4995 In
595 4941 776 4996 diebus
804 4941 910 4996 illis
936 4940 1070 4997 didit
1100 4942 1351 4998 Salomon
1389 4942 1516 5012 [iliis
1552 4943 1721 4999 Israel
1741 4966 1757 4999 .·
1796 4945 2006 5017 Diligite

424 5030 689 5103 justitiam
715 5032 806 5102 qui
820 5025 1076 5101 judicatis
1104 5041 1319 5087 terram.

503 5120 770 5176 Admonet
810 5121 1070 5194 sapientia
1114 5123 1293 5178 divina
1339 5124 1655 5196 praepositos
1690 5125 1869 5196 populi
1908 5125 2004 5182 Dei

430 5210 628 5279 quibus
658 5210 936 5282 judicandi
966 5212 1087 5268 data
1125 5219 1208 5268 cst
1242 5220 1501 5283 potestas,
1540 5222 1599 5270 ut
1628 5214 1892 5283 justitiam
1922 5216 2003 5271 di-

429 5299 598 5373 ligant
647 5313 703 5357 et
754 5301 1059 5375 aequitatem
1115 5304 1168 5359 in
1217 5304 1422 5378 judicio
1464 5314 1803 5361 conservent.
1865 5306 2014 5362 Alias

429 5396 607 5462 potest
635 5391 752 5448 haec
772 5392 1040 5448 sententia
1062 5397 1130 5449 ad
1149 5408 1340 5448 omnes
1369 5394 1702 5465 generaliter
1719 5395 2010 5466 pertinere,

430 5482 524 5551 qui
554 5483 764 5539 ratione
786 5480 971 5554 vigent
1005 5492 1059 5538 et
1089 5483 1476 5554 intelligibilem
1504 5494 1739 5539 mentem
1770 5484 2006 5550 habent;

432 5580 495 5626 ut
508 5582 731 5642 terram,
748 5574 854 5632 hoc
878 5584 963 5633 est
989 5584 1209 5632 carnem
1239 5591 1415 5643 suam,
1429 5575 1733 5647 judicantes
1744 5575 2008 5648 justitiam

437 5661 676 5733 diligant,
706 5666 912 5724 scilicet
940 5674 999 5721 ut
1025 5681 1131 5721 non
1159 5665 1357 5721 faciant
1384 5665 1563 5721 carnis
1589 5680 1773 5722 curam
1802 5666 1854 5722 in
1885 5682 2011 5723 con-

2101 484 2409 550 virtutibus,
2440 484 2637 553 quibus
2670 484 2848 538 anima
2882 485 3140 549 nutritur,
3184 485 3417 540 maxime
3455 500 3679 558 operam

2099 570 2412 642 impendant
2463 571 2659 628 deinde
2718 572 2932 641 corpori
2985 586 3086 628 suo
3136 573 3430 631 secundum
3488 588 3678 639 neces-

2099 660 2315 716 sitatem
2368 668 2423 716 et
2472 676 2579 717 non
2626 661 2924 717 secundum
2967 662 3296 734 voluptatem
3351 665 3637 723 consulant
3668 712 3687 741 ,

2100 751 2400 807 recolentes
2438 766 2650 822 semper
2676 752 2822 807 illam
2853 754 3178 809 sententiam
3207 754 3342 826 legis
3372 774 3385 810 :
3410 755 3551 821 Quia
3577 774 3685 814 non

2099 842 2155 896 in
2184 842 2294 897 solo
2327 859 2463 913 pane
2492 844 2610 898 vivit
2630 845 2806 910 homo,
2825 844 2916 898 sed
2953 844 3009 900 in
3043 847 3185 900 omni
3213 848 3363 902 verbo
3389 848 3531 919 quod
3558 866 3686 920 pro-

2100 934 2233 988 cedit
2262 933 2325 988 de
2355 950 2445 987 ore
2471 932 2589 987 Dei.

2171 1045 2369 1119 Sentite
2406 1046 2470 1100 de
2507 1045 2734 1101 Domino
2769 1047 2824 1101 in
2863 1046 3126 1114 bonitate,
3167 1057 3216 1103 et
3255 1050 3310 1103 in
3348 1049 3688 1121 simplicitate

2100 1136 2273 1203 cordis
2301 1138 2517 1209 quwrite
2555 1136 2723 1192 illum.
2776 1138 2835 1193 ln
2872 1138 3117 1194 bonitate
3156 1149 3337 1195 autem
3363 1141 3429 1196 de
3456 1140 3689 1198 Domino

2102 1229 2270 1285 sentit
2296 1229 2390 1299 qui
2431 1236 2676 1284 sanctam
2712 1228 3049 1300 Scripturam
3091 1233 3386 1289 secundum
3428 1235 3687 1304 pietatem

2103 1320 2233 1393 legit
2262 1329 2426 1390 atque
2456 1321 2727 1392 intelligit.
2781 1322 2847 1378 Et
2876 1323 2930 1378 in
2961 1321 3308 1395 simplicitate
3345 1327 3525 1382 cordis
3560 1343 3686 1383 eum

2104 1413 2299 1485 qumrit
2336 1413 2429 1484 qui
2469 1414 2746 1470 humiliter
2780 1412 2899 1489 ejus
2937 1416 3206 1473 voluntati
3250 1433 3311 1474 se
3356 1418 3573 1488 subjicit
3617 1422 3687 1476 ad

2104 1503 2511 1559 custodiendum
2560 1504 2810 1560 videlicet
2854 1508 3107 1562 mandata
3153 1508 3342 1578 ipsius.
3401 1508 3538 1566 Nam
3590 1511 3689 1581 qui

2104 1594 2193 1666 pie
2240 1596 2410 1651 Deum
2453 1596 2648 1665 quaerit
2694 1596 2926 1652 honorat
2969 1607 3213 1654 sanctam
3254 1599 3587 1671 Seriptnram
3633 1610 3694 1657 et

2109 1703 2216 1744 non
2264 1688 2615 1759 reprehendit
2664 1688 2807 1758 quod
2864 1689 3101 1745 nondum
3154 1691 3403 1763 intelligit
3451 1702 3508 1748 et
3557 1707 3689 1764 pro-

2107 1788 2290 1849 pterea
2320 1793 2428 1853 non
2460 1779 2684 1839 resistit.
2733 1778 2886 1846 Quod
2914 1789 2999 1835 est
3037 1781 3225 1836 mitem
3250 1797 3371 1838 esse
3399 1784 3466 1839 de
3493 1799 3602 1854 quo
3633 1784 3691 1839 iu

2107 1869 2396 1940 Evangelia
2425 1869 2534 1924 ait:
2562 1867 2715 1925 Beati
2755 1869 2904 1924 mites
2932 1872 3182 1942 quoniam
3219 1873 3320 1943 ipsi
3353 1874 3691 1943 possidebunt

2106 1970 2298 2015 terram
2307 1999 2321 2013 .

2179 2052 2442 2119 Quoniam
2480 2054 2744 2108 invenitur
2769 2053 2835 2109 ab
2864 2053 2945 2110 his
2982 2056 3075 2125 qui
3116 2071 3221 2110 non
3258 2065 3456 2112 tentant
3496 2057 3645 2113 illum
3676 2077 3689 2113 :

2107 2153 2323 2215 apparet
2354 2152 2527 2201 autem
2556 2144 2630 2198 eis
2659 2145 2747 2215 qui
2776 2144 2933 2213 ﬁdem
2958 2145 3147 2200 habent
3176 2147 3232 2199 in
3257 2145 3427 2203 illum.
3465 2147 3692 2204 Pericu-

2106 2234 2277 2291 losum
2306 2243 2389 2291 est
2408 2234 2550 2290 enim
2570 2235 2802 2289 humana
2823 2236 3239 2306 praesumptione
3263 2236 3430 2291 Deum
3457 2246 3691 2303 tentare,

2108 2341 2230 2382 eum
2251 2326 2511 2396 scriptum
2526 2324 2616 2391 sit,
2640 2325 2763 2379 Non
2791 2326 3012 2380 tentabis
3025 2323 3307 2382 Dominum
3327 2327 3495 2383 Deum
3518 2338 3691 2394 tuum,

2108 2418 2203 2473 sed
2222 2415 2436 2473 salubre
2455 2424 2538 2471 est
2576 2415 2680 2471 dde
2707 2425 2852 2471 recta
2878 2416 3028 2472 illum
3051 2418 3338 2484 honorare,
3358 2418 3488 2490 quia
3505 2418 3692 2492 justus

2108 2521 2174 2562 ex
2206 2506 2310 2562 ﬁde
2335 2506 2488 2564 vivit.

2180 2613 2448 2671 Perverste
2471 2618 2607 2671 enim
2634 2617 2970 2687 cogitationes
2997 2628 3241 2688 separant
3269 2636 3301 2673 a
3322 2619 3454 2686 Deo,
3472 2621 3690 2692 probata

2109 2707 2272 2762 virtus
2295 2708 2506 2777 corripit
2531 2708 2850 2776 insipientes.
2883 2707 3221 2763 Manifestum
3244 2718 3327 2764 est
3350 2712 3493 2782 quod
3516 2713 3692 2767 omnis

2111 2796 2363 2867 cogitatio
2395 2796 2556 2865 impia
2586 2805 2643 2851 et
2667 2810 2832 2865 prava
2861 2795 3112 2852 voluntas
3140 2797 3286 2852 nullo
3313 2799 3475 2855 modo
3497 2800 3693 2873 junga-

2111 2896 2201 2943 tur
2228 2888 2371 2952 Deo;
2408 2902 2514 2942 non
2543 2887 2837 2941 concordet
2872 2902 3086 2943 summo
3122 2887 3291 2955 bono,
3327 2891 3453 2959 quia
3484 2906 3589 2945 non
3616 2897 3693 2945 est

2112 2977 2335 3032 societas
2374 2975 2506 3030 lucis
2548 2976 2619 3029 ad
2659 2976 2918 3042 tenebras,
2961 2995 3053 3032 nec
3092 2980 3357 3035 conventio
3387 2976 3586 3036 Christi
3623 2982 3693 3035 ad

2038 3077 2082 3139 ο
2116 3068 2305 3124 Belial.
2323 3068 2425 3124 Ubi
2454 3077 2635 3123 autem
2660 3066 2798 3123 bona
2828 3069 3056 3125 intentio
3080 3079 3135 3127 et
3154 3072 3390 3128 studium
3416 3087 3693 3129 sacrarum

2111 3160 2370 3214 virtutum
2410 3159 2627 3213 inerunt
2664 3159 2838 3225 cordi,
2900 3160 3271 3231 insipientium
3310 3178 3525 3236 semper
3563 3165 3692 3220 vitia

2113 3248 2403 3320 reprobant
2437 3257 2600 3319 atque
2628 3257 2862 3319 arguunt
2885 3264 3122 3317 errores,
3154 3254 3297 3308 unde
3327 3269 3549 3311 necesse
3597 3258 3693 3311 ha-

2111 3341 2241 3396 bent
2264 3348 2536 3396 amatores
2562 3354 2705 3395 verae
2731 3341 3011 3409 sapientim
3036 3350 3095 3397 ut
3117 3343 3374 3399 mundent
3405 3359 3502 3399 sua
3527 3348 3693 3401 corda

2109 3440 2165 3485 et
2192 3439 2361 3488 totam
2388 3430 2743 3486 intentionem
2770 3431 2938 3486 animi
2968 3431 3023 3487 in
3051 3430 3304 3489 aﬂectum
3327 3443 3539 3490 vertant
3563 3451 3694 3492 con-

2111 3522 2305 3578 ditoris
2338 3524 2443 3578 sui.

2182 3631 2446 3698 Quoniam
2485 3634 2542 3687 in
2582 3633 2892 3689 malevolam
2930 3634 3163 3690 animam
3196 3652 3301 3692 non
3326 3637 3562 3694 introibit
3602 3657 3693 3695 sa-

2109 3726 2345 3793 pientia,
2395 3742 2486 3781 nec
2533 3726 2785 3782 habitabit
2835 3728 2890 3782 in
2941 3745 3155 3799 corpore
3198 3730 3404 3785 subdito
3447 3734 3693 3801 peccatis.

2112 3814 2249 3870 lluic
2292 3817 2601 3873 testimonio
2626 3817 2861 3874 Iacobus
2898 3818 3176 3888 apostolus
3218 3820 3371 3889 paria
3410 3822 3693 3877 sentiendo

2110 3908 2164 3962 in
2193 3908 2431 3979 Epistola
2462 3925 2557 3964 sna
2589 3911 2805 3981 scripsit
2832 3910 3056 3966 dicens:
3095 3910 3350 3983 Nunquid
3378 3914 3694 3983 potest,fra-

2109 4008 2214 4052 tres
2244 3999 2363 4064 mei,
2385 3999 2519 4068 ﬁcus
2544 3997 2706 4053 olivas
2737 3998 2931 4069 facere,
2948 4009 3038 4053 aut
3066 4001 3181 4055 vitis
3205 4001 3336 4070 ﬁcus
3359 4000 3384 4055 .9
3416 3999 3504 4056 Sic
3534 4020 3699 4075 neque

2109 4088 2251 4143 salsa
2292 4089 2496 4143 dulcem
2537 4098 2702 4162 potest
2740 4089 2914 4161 facere
2952 4107 3161 4163 aquam.
3219 4090 3349 4158 Quis
3393 4093 3602 4163 sapiens
3647 4106 3693 4148 et

2109 4180 2472 4253 disciplinatus
2495 4182 2631 4235 inter
2651 4197 2758 4248 vos,
2780 4182 3017 4236 ostendat
3044 4181 3231 4237 bonum
3251 4186 3694 4240 conversationem

2108 4276 2165 4329 in
2214 4273 2612 4328 mansuetudine
2658 4274 2946 4343 sapientiae.
3010 4273 3177 4339 Quasi
3226 4272 3395 4328 zelum
3447 4291 3695 4331 amarunt

2110 4367 2308 4422 habetis
2342 4376 2393 4422 et
2424 4366 2775 4421 contentiones
2803 4367 2858 4420 in
2887 4366 3133 4421 cordibus
3161 4368 3362 4433 vestris,
3394 4366 3557 4423 nolite
3582 4369 3694 4440 glo-

2039 4447 2085 4506 υ
2114 4458 2271 4524 riari,
2316 4468 2364 4513 et
2406 4456 2680 4512 mendaces
2718 4472 2829 4511 esse
2870 4456 3119 4512 adversus
3150 4458 3435 4523 veritatem,
3480 4475 3586 4513 non
3619 4468 3694 4515 est

2115 4554 2217 4607 ista
2246 4551 2502 4621 sapientia
2528 4549 2592 4603 de
2616 4565 2826 4603 sursum
2839 4547 3152 4603 descendens
3174 4564 3205 4601 a
3225 4547 3387 4603 Patre
3404 4548 3690 4611 luminum.

2114 4642 2205 4696 sed
2237 4651 2466 4705 terrena,
2507 4637 2772 4703 animalis,
2817 4637 3096 4692 diabolica.
3146 4635 3244 4692 Ubi
3282 4638 3420 4692 enim
3459 4638 3605 4695 zelus
3645 4651 3691 4695 et

2115 4738 2408 4801 contentio,
2458 4735 2529 4790 ibi
2575 4736 2926 4789 inconstantia
2975 4743 3024 4789 et
3067 4750 3216 4789 omne
3259 4751 3388 4805 opus
3433 4750 3692 4806 pravum,

2115 4840 2453 4896 nequaquam
2495 4824 2639 4880 enim
2688 4825 2742 4878 in
2785 4824 3101 4880 malevolam
3146 4834 3380 4879 mentem
3425 4840 3553 4879 vera
3601 4839 3691 4881 sa-

2109 4920 2314 4989 pientia
2359 4920 2559 4984 intrat,
2604 4932 2704 4972 nec
2744 4917 2796 4971 in
2841 4917 3146 4972 faciuoroso
3189 4916 3408 4971 homine
3446 4916 3694 4973 habitare

2108 5010 2325 5080 poterit.

2183 5119 2409 5192 Spiritus
2444 5121 2581 5175 enim
2615 5129 2825 5175 sanctus
2854 5118 3144 5190 disciplinae
3173 5119 3383 5190 eﬂ'ugiet
3409 5118 3613 5189 ﬁctum,
3643 5129 3691 5175 et

2111 5214 2312 5283 auferet
2341 5230 2395 5267 se
2423 5231 2456 5268 a
2484 5215 2886 5285 cogitationibus
2928 5231 3045 5285 quae
3087 5226 3207 5270 sunt
3250 5216 3362 5270 sine
3402 5214 3689 5269 intellectu.

2117 5304 2271 5361 Unde
2300 5304 2675 5371 Manicharum,
2724 5306 2910 5362 Arium
2934 5316 2984 5362 et
3010 5306 3332 5362 Eunomium
3361 5313 3693 5374 ceterosque

2117 5397 2400 5453 haereticos
2447 5400 2696 5468 dogmata
2743 5416 2837 5455 sua
2885 5401 3163 5457 erroribus
3213 5399 3524 5471 plenissima
3575 5398 3693 5455 sine

2115 5484 2351 5557 Spiritus
2379 5490 2551 5547 sancti
2583 5491 2759 5560 gratia
2790 5492 3131 5556 condidisse,
3168 5491 3531 5547 certissimum
3561 5504 3693 5545 con-

2112 5586 2251 5645 stat;
2290 5580 2416 5650 quia
2446 5580 2668 5651 spiritus
2702 5581 2913 5639 Domini
2942 5581 3116 5638 bonus
3144 5597 3359 5653 semper
3391 5580 3609 5637 deducit
3635 5579 3692 5634 in

2113 5670 2253 5725 viam
2304 5681 2535 5741 rectam,
2584 5672 2848 5744 malignus
2896 5682 3073 5729 autem
3120 5674 3341 5745 spiritus
3385 5673 3593 5729 seducit
3636 5679 3692 5726 ct
