3962 6180
312 271 412 327 309

1390 257 1692 317 ΗΟΜΠᾸᾹΞ
1734 258 1802 314 IN
1843 254 2097 315 EVANG.
2141 252 2229 308 ET
2270 251 2488 309 EPIST.

3483 245 3588 304 3ῑο

311 392 588 442 secutores
612 392 742 438 suos
767 377 818 431 in
845 375 1100 446 laqueum
1127 373 1448 444 perditionis
1471 383 1687 428 aeternis
1709 387 1896 428 secum
1925 379 1972 434 Α
2004 367 2144 434 Quia
2181 384 2272 439 ego
2301 383 2418 420 sum
2445 363 2536 435 qui
2569 361 2716 419 deleo
2752 363 3049 436 iniquitates
3080 371 3200 417 tuas
3243 372 3446 432 propter
3488 375 3589 423 me,

313 475 498 538 trahit,
527 473 594 527 de
621 485 730 540 quo
757 478 812 524 et
835 467 1082 522 subditur
1107 484 1118 518 :

377 564 708 634 Corripietur
735 561 1122 632 superveniente
1163 558 1457 628 iniquitate.
1497 558 1632 626 Quia
1661 573 1782 611 cum
1811 571 1897 611 re-

312 655 620 712 tributionis
647 663 857 722 tempus
887 650 1188 714 advenerit,
1220 664 1408 704 omnes
1437 649 1587 719 impii
1619 657 1673 703 et
1709 663 1902 718 pecca-

313 762 458 805 tores
499 763 599 820 pro
639 744 1012 815 iniquitatibus
1037 743 1149 798 suis
1175 758 1392 813 poenam
1425 742 1686 813 recipient
1704 757 1900 812 perpe-

313 852 482 896 tuam.

379 930 649 999 Benignus
677 936 752 982 est
780 927 918 981 enim
958 926 1175 996 spiritus
1205 923 1474 995 sapientia:
1497 933 1546 978 et
1578 939 1681 977 non
1718 921 1905 976 libera-

311 1024 381 1076 bit
425 1019 762 1075 maledictum
791 1035 824 1072 a
853 1017 1005 1071 labiis
1055 1017 1186 1080 suis,
1234 1017 1483 1086 quoniam
1531 1029 1713 1068 renum
1761 1012 1904 1066 illius

310 1114 458 1168 testis
491 1122 566 1166 est
595 1112 759 1173 Deu,
802 1119 851 1164 et
893 1108 1066 1162 cordis
1092 1109 1209 1178 ejus
1245 1115 1508 1161 scrutator
1533 1121 1702 1169 uerus,
1728 1114 1776 1159 et
1805 1103 1907 1158 lin-

312 1223 431 1277 gua:
473 1205 619 1258 illius
665 1202 896 1256 auditor.
942 1200 1070 1255 Hmc
1103 1199 1368 1254 sententia
1409 1197 1639 1252 destruit
1666 1209 1907 1250 errorem

311 1313 503 1352 eorum
531 1295 622 1365 qui
649 1297 789 1349 sicut
818 1294 988 1347 bonas
1014 1292 1368 1363 cogitationes
1397 1307 1426 1344 a
1457 1289 1568 1344 Deo
1592 1289 1748 1344 nobis
1781 1303 1910 1345 con-

311 1397 422 1444 stat
454 1386 730 1457 inspirari.
763 1386 838 1439 lta
869 1384 1034 1438 etiam
1062 1384 1234 1438 malas
1259 1383 1377 1453 ipso
1402 1383 1693 1452 instigante
1722 1389 1912 1450 putant

315 1481 367 1534 lu
397 1487 583 1534 nostra
610 1485 790 1532 mente
825 1475 1096 1548 generari.
1121 1475 1256 1530 Cum
1291 1475 1435 1529 nullo
1464 1475 1621 1528 modo
1654 1475 1797 1530 Deus
1817 1473 1912 1542 qui

315 1585 528 1624 summe
557 1569 730 1623 bonus
755 1577 839 1622 est
862 1576 916 1623 et
941 1581 1130 1624 omnes
1154 1567 1400 1622 homines
1442 1565 1555 1619 vult
1583 1564 1803 1630 salvari,
1831 1573 1913 1618 at-

315 1678 419 1731 que
446 1661 512 1716 ad
540 1660 870 1732 agnitionem
915 1661 1159 1715 veritatis
1187 1660 1491 1728 pervenire,
1529 1659 1910 1713 necessitatem

2003 471 2047 514 et
2076 469 2403 531 peccatorum
2447 469 2654 510 tuorum
2685 473 2791 509 non
2835 454 3168 510 recordabar.
3211 449 3348 516 Quia
3385 452 3591 505 miseri-

2004 565 2118 602 cors
2165 565 2278 602 sum
2323 558 2369 601 et
2416 547 2703 601 multarum
2750 546 3169 609 miserationum,
3208 543 3388 597 delebo
3416 557 3593 596 omnes

2004 635 2303 712 iniquitates
2354 650 2470 694 tuas
2508 643 2563 695 in
2607 640 2903 708 aspersione
2948 638 3219 709 sanguinis
3260 637 3403 703 mei;
3441 652 3594 706 quens

2004 751 2098 804 pro
2145 734 2300 787 totius
2336 732 2518 786 mundi
2556 732 2774 800 [undam
2827 731 3216 799 redemptione:
3247 728 3430 784 deleas
3473 729 3594 783 chi-

2006 826 2332 895 rographum
2391 823 2827 887 maledictionis,
2883 823 3024 891 quod
3083 822 3253 876 Adam
3305 821 3500 876 meruit
3541 823 3594 876 in

2006 917 2257 988 paradiso
2304 914 2727 986 transgressione
2768 913 3046 984 pratcepti,
3077 915 3218 984 quod
3266 924 3454 969 contra
3500 913 3598 969 bu-

2007 1029 2226 1068 manum
2256 1027 2426 1083 genus
2459 1011 2719 1081 scriptum
2749 1017 2888 1072 erat,
2933 1020 2983 1066 et
3019 1021 3348 1083 peccatorum
3382 1020 3594 1065 tuorum

2009 1103 2150 1157 ultra
2190 1120 2294 1157 non
2336 1101 2668 1155 recordabar.
2713 1099 2757 1155 Ο
2790 1100 2940 1170 plebs
2979 1099 3194 1164 ﬁdelis,
3237 1115 3358 1171 qua;
3407 1101 3504 1158 tibi
3547 1102 3594 1156 si

2013 1190 2064 1250 in
2089 1212 2174 1250 me
2195 1203 2340 1250 recte
2363 1210 2426 1249 ac
2451 1195 2660 1249 sincere
2681 1192 3044 1248 crediderisiu
3065 1192 3387 1262 baptismate
3403 1192 3594 1249 dimis-

2012 1303 2174 1343 surus
2201 1302 2342 1341 sum.
2391 1286 2572 1339 Deduc
2620 1301 2706 1339 me
2754 1284 3168 1342 in.memoriam
3207 1293 3261 1339 et
3289 1283 3597 1353 iudicemus

2011 1378 2188 1442 simul,
2242 1393 2402 1431 narra
2441 1377 2486 1431 si
2518 1376 2646 1446 quid
2693 1376 2950 1430 habes-ut
2988 1375 3322 1444 justiﬁeeris.
3354 1375 3487 1431 Vide
3527 1375 3600 1430 si-

2012 1470 2123 1524 mul
2155 1480 2211 1524 et
2241 1470 2474 1540 recogita
2503 1485 2563 1525 ea
2589 1485 2711 1539 quae
2739 1485 2930 1539 passus
2952 1484 3011 1524 es
3037 1485 3142 1524 non
3181 1470 3452 1526 immerito
3476 1485 3600 1525 sns-

2016 1565 2209 1626 tiuere,
2261 1564 2385 1632 quia
2417 1571 2633 1632 peccata
2664 1563 2832 1617 multa
2855 1577 2975 1633 quae
2995 1563 3204 1633 gessisti
3228 1563 3331 1618 hoc
3354 1563 3448 1617 tibi
3472 1578 3598 1633 pro-

2014 1658 2386 1721 merehantur,
2425 1665 2482 1709 ut
2511 1665 2660 1710 tanto
2691 1666 2935 1725 tempore
2965 1658 3064 1712 sub
3104 1665 3369 1726 potestate
3402 1655 3602 1712 diaboli

315 1753 442 1808 mali
469 1752 619 1807 verbi
649 1761 743 1806 aut
772 1753 924 1822 pravi
967 1762 1122 1806 actus
1156 1751 1316 1806 alicui
1363 1751 1620 1821 imponat,
1667 1766 1764 1820 per
1789 1765 1908 1819 qua:
1939 1738 2250 1817 Bjaceres;
2293 1747 2378 1800 cui
2422 1754 2571 1800 tanto
2616 1755 2856 1816 tempore
2901 1747 3189 1801 deseruisti
3237 1763 3321 1801 me
3368 1747 3603 1802 derelin-

313 1844 496 1914 perire
539 1843 732 1912 possit.
782 1841 934 1896 Sicut
975 1840 1208 1897 Jacobus
1252 1842 1524 1911 apostolus
1557 1841 1796 1896 ostendit
1823 1839 1904 1894 di-

314 1950 486 1991 cens:
532 1933 705 1988 Nemo
747 1949 869 2002 ergo
919 1949 1035 1986 cum
1087 1942 1320 1986 tentatur
1351 1931 1491 1984 dicat
1529 1929 1669 2000 quod
1715 1947 1748 1983 a
1796 1927 1907 1983 Deo

312 2034 581 2087 tentatur;
629 2021 770 2076 Deus
823 2022 962 2074 enim
1018 2021 1301 2074 intentator
1348 2017 1608 2073 malorum
1655 2027 1750 2084 est,
1801 2019 1908 2088 ipse

313 2115 452 2167 enim
482 2111 738 2165 neminem
762 2119 948 2164 tentat.

387 2202 652 2268 Quoniam
681 2201 894 2272 spiritus
932 2199 1148 2254 Dontini
1186 2198 1393 2269 replevit
1423 2198 1596 2253 orbem
1623 2208 1904 2253 terrarum.

316 2291 554 2362 Spiritus
576 2305 707 2361 ergo
729 2300 969 2354 sanctus,
998 2289 1091 2359 qui
1121 2289 1175 2343 in
1202 2288 1498 2358 primordio
1532 2297 1907 2344 creaturarum

317 2384 573 2440 invisibili
613 2385 851 2454 potentia
893 2383 1168 2438 ferebatur
1201 2398 1362 2451 super
1396 2397 1584 2452 aquas,
1625 2381 1907 2450 majestate

316 2491 414 2532 sua
442 2491 660 2531 omnem
688 2475 876 2546 implet
902 2483 956 2530 et
980 2476 1223 2530 continet
1243 2482 1574 2540 creaturam,
1616 2475 1733 2532 sine
1768 2475 1908 2530 dono

319 2569 534 2623 virtutis
566 2584 680 2623 sua:
731 2568 900 2637 replet
925 2567 1112 2623 orbem
1157 2568 1412 2623 Ecclesia:
1449 2568 1502 2621 in
1531 2583 1637 2637 qua
1667 2567 1910 2636 quotidie

319 2660 586 2714 universis
613 2659 696 2714 sui
722 2659 958 2714 ostendit
983 2660 1285 2730 largitatem
1313 2678 1326 2714 :
1357 2660 1481 2715 inde
1507 2667 1590 2714 est
1610 2659 1753 2729 quod
1777 2659 1906 2714 sub-

317 2748 558 2818 iungitur
581 2766 594 2803 :

394 2836 459 2890 Et
483 2836 582 2890 hoc
609 2838 747 2908 quod
787 2839 1011 2892 continet
1050 2840 1226 2894 omnia
1256 2839 1528 2894 scientiam
1557 2841 1709 2893 habet
1746 2841 1904 2894 vocis.

321 2929 479 2995 Quia,
504 2939 565 2984 ut
615 2930 813 2984 Paulus
849 2933 945 2995 ait,
1002 2931 1106 2986 Alii
1151 2948 1243 3002 per
1275 2933 1512 3002 spiritum
1552 2932 1713 2985 datur
1741 2949 1908 2986 sermo

320 3022 611 3090 sapientia',
641 3022 733 3075 alii
771 3040 939 3076 sermo
965 3024 1195 3077 scientia:
1223 3022 1505 3078 secundum
1539 3023 1771 3078 eumdem
1799 3023 1908 3092 spi-

322 3118 502 3179 ritum,
533 3115 690 3168 alteri
716 3115 844 3183 ﬁdes
875 3117 928 3169 in
955 3115 1134 3170 eodem
1163 3117 1370 3186 spiritu.
1411 3116 1516 3170 Alii
1551 3116 1721 3185 gratia
1763 3116 1910 3170 sani-

322 3215 489 3260 tatum
518 3210 572 3260 in
609 3222 711 3260 uno
737 3208 944 3276 spiritu,
987 3207 1080 3261 alii
1108 3208 1338 3278 operatio
1371 3209 1639 3268 virtutum,
1675 3207 1768 3260 alii
1787 3224 1913 3277 pro-

323 3297 516 3367 phetia,
541 3298 634 3352 alii
657 3299 1226 3369 discretio‘spirituum,
1258 3299 1351 3354 alii
1373 3317 1560 3370 genera
1591 3301 1911 3368 linguarum,

323 3390 417 3445 alii
444 3393 798 3462 interpretatio
833 3409 1148 3447 sermonum.
1182 3392 1306 3449 Haec
1343 3394 1488 3448 enim
1518 3392 1700 3447 omnia
1723 3407 1914 3462 opera-

325 3494 418 3536 tur
450 3499 588 3537 unus
611 3496 772 3553 atque
800 3485 939 3540 idem
961 3484 1198 3555 Spiritus
1226 3485 1468 3540 dividens
1495 3483 1720 3554 singulis
1758 3491 1918 3554 prout

330 3574 460 3629 vult.
497 3576 601 3644 Qui
644 3591 766 3630 eum
811 3575 971 3632 Patre
1005 3585 1060 3631 et
1097 3576 1234 3632 Filio
1272 3578 1404 3632 vivit
1448 3586 1504 3632 et
1551 3586 1742 3648 regnat
1777 3593 1917 3633 unus

329 3666 470 3724 Deus
489 3683 592 3740 per
615 3671 797 3726 omnia
828 3670 1023 3725 stecula
1046 3671 1386 3726 satculorum.
1417 3672 1610 3726 Amen.

821 3779 1104 3836 HOMILIA
1139 3779 1423 3835 LXXXIV.

896 3887 1024 3926 ITEM
1068 3885 1224 3925 FERIA
1261 3887 1332 3926 ιν.

783 3961 965 4016 Lectio
1002 3963 1150 4017 [sane
1177 3964 1471 4033 prophetat.

409 4068 533 4124 Hau:
561 4073 687 4124 dicit
725 4071 978 4127 Dominus
1010 4073 1146 4126 Dens
1169 4093 1186 4128 :
1209 4073 1369 4137 Audi,
1396 4073 1559 4126 Iacob
1589 4089 1731 4127 serre
1755 4089 1918 4134 nteus,

334 4153 385 4194 et
424 4140 611 4212 Israel,
637 4159 787 4211 quem
833 4143 980 4212 elegi,
1009 4144 1206 4212 faciens
1236 4154 1281 4197 et
1308 4144 1544 4212 formans
1576 4154 1640 4206 te,
1679 4143 1742 4195 ab
1777 4151 1920 4195 utero

337 4210 622 4264 auxiliator
649 4210 792 4278 tuus,
821 4210 928 4268 etc.

407 4299 557 4356 Nunc
583 4317 706 4356 cum
725 4304 1032 4372 prophetica
1058 4303 1214 4358 lectio
1240 4303 1527 4374 legeretur,
1548 4303 1793 4368 audistis,
1819 4303 1924 4357 fra-

341 4399 448 4446 tres
471 4393 800 4457 charissimi,
839 4394 1189 4449 lsraeliticum
1219 4394 1472 4464 populum
1503 4394 1568 4448 ad
1597 4393 1756 4448 ﬁdem
1789 4394 1924 4448 inci-

341 4490 540 4538 tantem
557 4492 613 4539 et
633 4485 772 4540 bona
797 4485 1059 4553 spiritalia
1082 4485 1160 4541 eis
1181 4486 1580 4554 promittentem
1604 4483 1920 4554 prophetam

339 4583 498 4646 atque
534 4577 804 4632 dicentem
840 4596 853 4630 :
897 4577 1052 4642 Audi,
1093 4577 1258 4631 Iacob
1296 4592 1437 4631 serve
1475 4592 1641 4641 meus,
1667 4586 1714 4630 et
1733 4574 1925 4639 lsrael,

339 4682 484 4739 quem
503 4669 657 4739 elegi.
674 4667 822 4724 Bene
841 4670 984 4723 enim
1007 4685 1220 4724 servum
1241 4671 1389 4738 prius
1411 4678 1462 4725 et
1483 4680 1667 4740 postea
1691 4670 1930 4724 nomina-

341 4761 415 4814 vit
431 4760 682 4824 electum,
695 4760 821 4829 quia
846 4769 1064 4830 propter
1082 4761 1362 4816 servitium
1381 4761 1554 4814 sancti
1576 4760 1810 4815 nominis
1832 4760 1926 4815 Dei

342 4853 658 4907 electionem
685 4853 915 4922 quisque
961 4853 1255 4908 merebitur
1301 4862 1426 4908 ante
1457 4852 1624 4906 Deum
1661 4861 1718 4906 ut
1747 4850 1928 4920 justus

342 4938 622 5006 efﬁciatur,
653 4957 717 4995 ac
741 4941 933 4996 deinde
960 4958 1082 4997 cum
1108 4943 1231 5012 quis
1259 4943 1387 4996 vitia
1436 4950 1494 4997 et
1532 4950 1755 5013 peccata
1804 4957 1931 5012 sup-

345 5030 548 5100 plantat
576 5040 630 5086 et
657 5032 868 5088 Domini
918 5035 997 5088 sui
1040 5034 1368 5090 voluntatem
1411 5035 1654 5103 sequitur
1677 5043 1736 5088 ut
1766 5033 1939 5089 Jacob.

344 5121 714 5190 supplantator
760 5123 1148 5194 interpretatur
1205 5131 1370 5190 tunc,
1417 5133 1693 5195 postremo
1744 5123 1927 5190 lsrael,

345 5212 482 5280 quod
519 5222 604 5268 est
637 5214 719 5267 vir
743 5214 928 5269 videns
960 5214 1151 5281 Deum,
1178 5224 1321 5271 recte
1344 5215 1445 5270 dici
1477 5223 1669 5285 potest,
1694 5214 1783 5284 qui
1815 5213 1929 5282 jam

347 5301 411 5354 ad
455 5311 715 5359 aeternam
765 5305 858 5359 Dei
903 5305 1166 5361 visionem
1205 5306 1363 5361 bonis
1399 5305 1617 5360 festinat
1653 5305 1926 5375 operibus,

348 5390 539 5459 faciens
566 5404 614 5447 et
641 5395 874 5464 formans
915 5405 963 5449 te
1022 5396 1086 5449 ab
1121 5406 1268 5450 utero
1307 5394 1594 5449 auxiliator
1619 5405 1762 5460 tuus,
1805 5395 1928 5464 quia

348 5479 399 5534 in
435 5483 702 5556 principio
733 5487 1004 5541 nascentis
1055 5486 1306 5542 Ecclesia:
1344 5503 1533 5542 omnes
1569 5488 1852 5543 credentes
1878 5497 1934 5542 et

348 5575 628 5643 praeceptis
669 5575 803 5631 meis
850 5577 1163 5632 obedientes
1201 5578 1266 5632 de
1307 5588 1713 5648 persecutorum
1759 5581 1932 5634 mani-

350 5660 448 5719 bus
486 5668 827 5736 conservavi,
873 5679 928 5725 et
965 5686 994 5724 a
1041 5670 1360 5727 crudelitate
1411 5673 1744 5728 saevientium
1785 5688 1928 5729 eum.

2009 1856 2199 1909 quens,
2253 1849 2309 1894 et
2357 1848 2622 1909 prreeepta
2673 1855 2788 1895 mea
2835 1840 2990 1909 quasi
3041 1839 3172 1894 nihil
3223 1848 3595 1895 contemnens.

2009 1930 2116 1986 Sed
2145 1939 2198 1984 et
2224 1946 2365 1985 nunc
2393 1931 2529 1984 scito
2577 1946 2662 1986 me
2707 1931 2952 1985 misereri
2985 1931 3059 1984 tui
3102 1947 3207 1985 non
3239 1932 3310 1985 ob
3345 1931 3600 1986 meritum

2009 2031 2181 2086 tuum,
2217 2022 2307 2077 sed
2338 2030 2556 2092 propter
2587 2037 2760 2076 meam
2793 2030 3003 2076 tantum
3029 2023 3392 2077 clementiam.

2083 2153 2207 2207 Noli
2236 2153 2440 2219 timere,
2478 2171 2622 2208 serve
2650 2171 2792 2208 meus
2818 2153 3007 2220 Iacob,
3035 2164 3084 2209 et
3121 2156 3422 2220 rectissime,
3449 2173 3601 2226 quem

2009 2245 2158 2316 elegi.
2190 2244 2341 2300 Nunc
2369 2245 2494 2314 quia
2520 2260 2817 2300 conversus
2847 2260 2877 2299 a
2913 2245 3116 2300 malitia
3158 2254 3268 2310 tua,
3303 2244 3443 2302 idola
3470 2261 3603 2299 vana

2009 2345 2158 2393 muta
2190 2351 2309 2406 qua:
2340 2351 2444 2390 non
2476 2335 2796 2406 profuerunt
2825 2337 2920 2392 tibi
2950 2337 3305 2406 dercliquisli,
3341 2345 3395 2392 et
3421 2336 3488 2390 ad
3521 2353 3606 2390 me

2007 2444 2105 2498 per
2127 2427 2500 2497 pmuitentiam
2528 2428 2790 2484 scelerum
2824 2443 3138 2491 conversus,
3172 2437 3229 2484 et
3253 2429 3605 2499 supplicando

2008 2528 2064 2574 et
2089 2519 2386 2573 deserendo
2418 2518 2548 2572 vitia
2585 2527 2637 2572 et
2669 2526 2913 2588 peccata,
2957 2517 3163 2572 electus
3191 2533 3344 2573 meus
3376 2518 3596 2574 vocabe-

2009 2611 2103 2676 ris,
2130 2610 2255 2679 quia
2275 2608 2389 2678 jam
2411 2625 2470 2665 es
2497 2626 2615 2666 mea
2650 2619 2868 2666 secutus
2893 2620 3182 2682 praecepta.

2080 2720 2369 2790 Eﬁ'undam
2413 2723 2552 2776 enim
2604 2739 2770 2793 aquas
2826 2740 2984 2794 super
3028 2725 3305 2779 sitientem.
3349 2723 3451 2792 Qui
3491 2725 3610 2782 sitit

2010 2813 2213 2870 fontem
2247 2814 2501 2870 salutaris
2541 2815 2821 2881 doctrinae,
2851 2815 3122 2871 ell‘undam
3162 2831 3325 2886 super
3351 2832 3475 2871 eum
3506 2832 3608 2888 per

2007 2923 2102 2961 ora
2123 2915 2434 2961 sanctorum
2455 2907 2738 2962 doctorum
2763 2907 2816 2961 in
2837 2906 3099 2972 Ecclesia,
3113 2906 3197 2963 vel
3211 2907 3376 2963 etiam
3400 2907 3606 2964 fontem

2011 2998 2350 3069 baptismatis
2384 2997 2655 3054 eﬂ'undam
2707 3014 2869 3068 super
2913 2999 3096 3056 ﬁdeles
3146 3009 3206 3055 ut
3245 3001 3609 3055 emundentur

1945 3093 1988 3154 ρ
2022 3087 2089 3142 ab
2116 3088 2367 3143 omnibus
2394 3088 2687 3144 sceleribus
2725 3089 2861 3154 suis,
2893 3097 2944 3146 et
2973 3089 3346 3146 remissionem
3365 3090 3605 3146 omnium

2017 3181 2309 3251 percipiant
2335 3189 2700 3250 peccatorum,
2719 3188 2772 3236 et
2785 3180 2984 3237 ﬂuenta
3003 3181 3335 3253 Evangeliete
3345 3180 3609 3238 doctrinas

2015 3269 2287 3325 ell'undam
2337 3286 2501 3340 super
2543 3271 2709 3326 corda
2745 3271 2918 3337 arida,
2964 3287 3086 3342 qua:
3128 3289 3270 3329 nunc
3322 3288 3492 3344 usque
3541 3273 3611 3328 ad

2016 3361 2346 3429 baptismum
2380 3360 2582 3416 nullum
2615 3362 2850 3420 fructum
2881 3363 3004 3419 boni
3030 3365 3213 3435 operis
3248 3365 3608 3436 protulerunt.

2093 3467 2158 3522 Et
2183 3471 2449 3539 effundam
2481 3471 2546 3526 de
2573 3473 2759 3542 spiritu
2808 3491 2920 3528 meo
2964 3491 3122 3545 super
3162 3491 3333 3530 semen
3363 3486 3530 3540 tuum,
3558 3487 3611 3532 et

2020 3561 2422 3616 benedictionem
2451 3581 2620 3618 meam
2665 3582 2818 3636 super
2845 3567 3232 3636 generationem
3267 3577 3436 3633 luam,
3479 3569 3614 3624 dicit

2023 3653 2281 3708 Dominus
2310 3655 2669 3726 omnipotens.
2696 3657 2774 3713 Ac
2802 3657 2849 3713 si
2878 3657 3104 3722 diceret,
3142 3659 3267 3727 quia
3294 3673 3393 3728 per
3421 3671 3631 3715 manus

2021 3745 2417 3814 impositionem
2456 3756 2764 3802 sanctorum
2817 3762 3059 3803 meorum
3099 3749 3440 3804 sacerdotum
3489 3758 3614 3820 post

2021 3836 2271 3905 baptismi
2310 3846 2733 3904 sacramentum,
2770 3839 3040 3895 ell'undam
3079 3856 3243 3912 super
3283 3839 3422 3899 ﬁlios
3460 3857 3642 3900 meos.

2021 3940 2157 3994 quos
2202 3926 2334 3984 mibi
2385 3943 2583 3998 sponsa
2614 3929 2853 3986 Ecclesia
2899 3933 3209 4002 parturivit,
3250 3933 3498 4004 spiritum
3527 3948 3614 3990 sa-

2021 4016 2238 4086 pientiae
2282 4024 2337 4072 et
2369 4018 2695 4086 intellectus,
2741 4021 2989 4093 spiritum
3021 4023 3229 4080 consilii
3257 4035 3313 4079 et
3337 4022 3614 4080 fortitudi-

2023 4114 2127 4177 nis,
2159 4114 2408 4182 spiritum
2445 4115 2685 4170 scientiae
2723 4125 2777 4172 et
2817 4119 3053 4188 pietatis,
3095 4127 3150 4175 et
3192 4117 3498 4188 adimpleco
3522 4132 3616 4173 eos

2022 4205 2213 4275 spiritu
2243 4206 2454 4261 timoris
2479 4215 2535 4262 et
2561 4209 2765 4264 amoris
2808 4210 2935 4275 mei,
2965 4220 3020 4266 et
3061 4211 3390 4266 haereditabo
3433 4225 3528 4266 eos
3558 4210 3614 4264 in

2025 4296 2398 4352 benedictione
2417 4308 2673 4368 perpetua
2701 4301 2794 4369 qui
2823 4303 2958 4356 meis
2982 4301 3212 4356 ﬁdeliter
3237 4301 3458 4357 obedire
3479 4316 3618 4370 pra-

2027 4389 2197 4459 ceptis
2222 4391 2563 4456 curaverint;
2595 4402 2854 4463 agnoscat
2882 4409 3009 4464 ergo
3035 4393 3335 4449 catholicus
3352 4394 3616 4450 Christia-

2028 4495 2130 4535 nus
2159 4479 2370 4536 fructus
2396 4481 2574 4551 operis
2600 4483 2702 4546 sui,
2734 4483 2859 4551 quia
2905 4492 2960 4538 et
2999 4484 3133 4539 nihil
3172 4493 3294 4540 sunt
3325 4487 3463 4542 bona
3495 4503 3614 4558 quas

2027 4569 2254 4636 fecerat,
2288 4573 2389 4627 nisi
2419 4574 2486 4628 de
2519 4575 2691 4628 sancti
2723 4573 2964 4644 Spiritus
2994 4576 3309 4648 irrigatione
3338 4594 3618 4651 processe-

2027 4661 2158 4716 rint.
2200 4661 2351 4718 Unde
2376 4663 2507 4718 dicit
2545 4663 2852 4734 Apostolus,
2895 4667 3068 4722 nullas
3115 4669 3317 4724 homini
3357 4669 3618 4739 proﬁcere

2027 4755 2256 4810 virtutes
2278 4755 2395 4810 sine
2421 4755 2708 4811 charitate.
2738 4757 2990 4829 idemque
3017 4761 3146 4815 dicit
3173 4763 3494 4825 charitatem
3521 4765 3618 4820 Dei

2028 4845 2276 4901 diﬂ‘usam
2292 4861 2412 4901 esse
2428 4847 2483 4900 in
2505 4847 2744 4902 cordibus
2763 4852 2952 4906 nostris
2973 4869 3065 4922 per
3085 4851 3338 4925 Spiritum
3353 4867 3590 4912 sanctum
3605 4898 3618 4924 ,

2031 4939 2122 5003 qui
2147 4939 2304 4994 datus
2327 4949 2402 4994 est
2429 4941 2596 4996 nobis.
2627 4941 2936 5001 Cavendum
2968 4955 3051 5003 est
3075 4963 3204 5021 ergo
3227 4967 3292 5006 ne
3318 4951 3455 5008 forte
3477 4954 3615 5008 bona

2032 5045 2151 5098 qua:
2181 5029 2409 5086 facimus
2451 5032 2679 5090 elatione
2703 5039 3008 5107 perdamus.
3053 5039 3188 5097 Nam
3231 5045 3376 5099 onmi
3407 5061 3467 5101 se
3504 5062 3619 5102 me-

2034 5119 2138 5174 rito
2163 5121 2428 5191 despoliat
2448 5124 2540 5192 qui
2568 5125 2632 5180 de
2664 5128 2858 5184 studiis
2885 5129 3161 5188 industria:
3191 5149 3301 5189 sua:
3335 5136 3388 5190 in
3421 5151 3478 5191 se
3504 5153 3618 5191 ma-

2033 5209 2114 5279 gis
2136 5226 2294 5280 quam
2321 5211 2548 5268 Domino
2575 5213 2852 5284 gloriatur.
2877 5219 3024 5276 Vana
3053 5231 3179 5278 sunt
3201 5227 3342 5280 enim
3373 5235 3426 5281 et
3455 5227 3620 5283 noxia

2037 5303 2180 5357 unde
2219 5318 2318 5398 nos
2355 5305 2570 5373 gloriari
2607 5309 2720 5364 vult
2755 5313 3010 5381 mundus,
3043 5333 3165 5373 eum
3215 5321 3327 5374 suis
3363 5323 3620 5377 amatori-

2039 5394 2137 5448 bus
2179 5394 2472 5464 periturus,
2518 5413 2637 5468 quae
2665 5403 2988 5462 omnimodis
3033 5410 3314 5478 repudiare
3340 5412 3617 5480 debemus,

2040 5493 2099 5536 ut
2129 5486 2268 5540 bona
2303 5489 2630 5544 conscientia
2661 5491 2728 5546 de
2763 5497 3046 5553 sanctitate
3075 5515 3306 5564 morum,
3340 5501 3406 5556 de
3435 5504 3621 5574 aequio

2039 5577 2234 5632 sitione
2269 5578 2548 5646 virtutum,
2581 5583 2647 5639 de
2689 5584 2830 5641 dono
2861 5587 2953 5643 Dei
2987 5598 3040 5643 et
3072 5592 3426 5660 promissione
3453 5593 3620 5652 futuri

2042 5675 2190 5747 regni
2241 5674 2581 5736 inell'abiliter
2635 5679 2927 5751 gloriemur
2971 5701 3065 5756 per
3111 5685 3296 5744 Iesum
3346 5687 3623 5746 Christum
