3962 6180
318 260 416 316 311

928 258 991 314 Β.
1030 256 1282 313 RABANI
1322 256 1539 312 MAURI
1574 256 1894 313 ARCHIEP.
1936 255 2244 317 MOGUNT.
2286 261 2580 320 OPERUM
2606 264 2786 323 PARS
2824 267 2888 322 Il.

3480 268 3587 323 διε

321 373 602 430 hominum
629 377 897 436 nostrum,
931 371 1019 441 qui
1049 385 1172 425 cum
1208 370 1368 424 Patre
1393 378 1449 424 et
1474 367 1678 438 Spiritu
1707 376 1898 426 sancto
1923 373 1976 435 Α
1998 372 2446 429 manducame
2479 392 2657 430 omnes
2685 387 2734 431 et
2762 380 2992 433 saturati
3039 389 3185 439 sunt.
3230 379 3429 450 Turbis
3462 394 3591 455 estt-

319 472 509 536 regnat
530 463 672 518 Deus
707 463 762 516 in
791 461 986 518 stecula
1015 462 1355 517 szeculorum.
1387 462 1577 518 Amen.

815 570 1094 627 HOMILIA
1142 573 1402 632 LXXXV.

884 679 1018 719 "sn
1058 678 1215 718 FERIA
1253 670 1326 719 iv.

467 755 653 812 Lectio
681 755 853 811 sancti
891 755 1166 827 Evangelii
1196 758 1488 812 secundum
1513 758 1739 814 Lucam.

384 868 451 924 In
474 869 565 924 illo
599 879 824 938 tempore
852 868 1150 923 accedentes
1174 868 1417 937 discipuli
1438 870 1507 923 ad
1531 868 1711 925 Iesum
1743 871 1894 928 dixe-

314 949 435 993 runt
486 939 564 993 illi
596 945 621 993 :'
657 932 873 993 Dimitte
913 938 1115 1003 turbas,
1159 949 1215 992 ut
1259 932 1437 995 euntes
1462 940 1516 994 in
1544 941 1759 995 castella
1802 942 1896 997 vil-

307 1010 490 1080 lasque
506 1025 623 1081 quae
641 1010 782 1063 circa
804 1017 948 1073 sunt,
970 1009 1222 1062 diuertunt
1247 1018 1296 1063 et
1321 1009 1583 1064 inveniant
1602 1028 1765 1077 escas,
1786 1021 1890 1066 etc.

384 1101 482 1155 Die
508 1098 773 1155 declinata
804 1098 991 1153 turbas
1020 1096 1269 1153 Salvator
1299 1099 1491 1165 reiicit,
1529 1101 1652 1169 quia
1680 1101 1763 1156 vel
1790 1102 1897 1159 line

308 1192 632 1247 surculorum
654 1198 1044 1262 propugnante,
1069 1189 1156 1244 vel
1174 1205 1299 1246 cum
1318 1190 1398 1246 sol
1418 1189 1643 1259 justitim
1671 1206 1772 1264 pro
1798 1208 1897 1248 no-

308 1281 394 1338 bis
429 1280 699 1346 occubuit,
741 1279 1000 1351 spiritalis
1044 1279 1235 1335 inediae
1274 1279 1475 1336 fuimus
1517 1280 1644 1337 tabe
1679 1282 1891 1338 salvati.

381 1376 470 1430 Ait
493 1384 669 1429 autem
697 1374 767 1427 ad
791 1372 910 1428 illos
934 1388 954 1427 :
999 1370 1104 1426 Vos
1125 1372 1247 1426 date
1272 1370 1379 1427 illis
1402 1372 1738 1428 manducare.
1764 1373 1895 1431 Pro-

308 1473 473 1522 voeat
509 1464 782 1534 apostolos
813 1464 880 1519 ad
918 1461 1238 1519 {rectionem
1274 1463 1452 1531 panis,
1496 1471 1557 1516 ut
1593 1462 1667 1517 illi
1699 1478 1758 1519 se
1785 1480 1895 1520 non

308 1556 511 1612 habere
557 1553 879 1610 testantibus
912 1552 1226 1623 magnitudo
1257 1551 1393 1623 signi
1425 1552 1607 1606 notior
1642 1551 1735 1606 liat
1767 1572 1780 1608 :
1822 1554 1895 1609 si-

309 1645 421 1700 mul
443 1644 744 1708 insinuans,
771 1643 897 1712 quia
941 1658 1040 1713 per
1082 1656 1177 1696 eos
1204 1640 1443 1711 quotidie
1476 1640 1680 1712 jejunis
1706 1650 1893 1698 nostra

304 1744 434 1791 sunt
470 1735 637 1791 corda
678 1733 965 1804 pascenda.
1023 1731 1161 1799 Quid
1205 1732 1348 1788 enim
1396 1733 1474 1787 ait
1522 1731 1716 1790 Petrus
1766 1748 1888 1790 cum
1920 1736 1967 1797 Β

304 1842 401 1898 per
438 1826 694 1897 epistolas
743 1824 999 1895 loquitur,
1051 1824 1155 1880 nisi
1196 1832 1256 1879 ut
1293 1824 1444 1880 verbi
1489 1824 1685 1895 pabulo
1727 1826 1891 1882 corda

303 1924 488 1972 nostra
535 1914 677 1969 male
713 1912 899 1983 jejuna
950 1913 1250 1968 satientur?
1294 1913 1431 1980 Quid
1470 1913 1698 1969 Paulus?
1751 1913 1891 1982 Quid

301 2004 536 2059 Joannes
581 2018 678 2072 per
709 2001 965 2072 epistolas
1005 2001 1286 2071 loquentes
1316 2011 1640 2071 operantur,
1681 2003 1787 2059 nisi
1830 2016 1891 2063 ut

303 2105 511 2151 mentes
550 2103 747 2149 nostra:
782 2093 1022 2149 coelestia
1064 2093 1318 2148 alimenta
1347 2093 1665 2163 percipiant,
1710 2102 1766 2150 et
1811 2095 1890 2149 in-

300 2187 434 2242 edi-.e
465 2201 577 2242 sua:
605 2185 877 2240 fastidium
909 2201 1016 2256 quo
1040 2185 1409 2239 moriebantur
1436 2184 1691 2239 vincant?
1717 2184 1783 2239 At
1811 2185 1891 2240 illi

299 2278 591 2332 dixerunt:
624 2275 748 2333 Non
780 2284 901 2330 sunt
940 2276 1087 2330 nobis
1127 2274 1246 2345 plus
1286 2291 1441 2346 quam
1473 2275 1699 2346 quinque
1728 2292 1888 2346 panes

301 2377 351 2423 et
386 2368 490 2422 duo
536 2368 720 2438 pisces.
766 2364 1014 2420 Nondum
1057 2373 1214 2419 erant
1265 2361 1520 2433 apostolis
1564 2362 1683 2434 plus
1725 2379 1887 2434 quam

301 2456 543 2528 quinque
585 2469 755 2526 panes
811 2450 1063 2511 Mosaicae
1098 2452 1231 2524 legis
1256 2462 1310 2509 et
1331 2452 1439 2509 duo
1472 2452 1650 2524 pisces
1691 2452 1891 2508 utrius-

298 2561 405 2618 que
446 2534 797 2609 testamenti,
839 2556 961 2615 qua:
1008 2543 1212 2598 diutius
1262 2542 1445 2599 abdito
1502 2542 1886 2614 mysteriorum

298 2637 581 2693 latentium
616 2634 775 2707 quasi
814 2635 971 2691 undis
1015 2633 1205 2706 abyssi
1231 2634 1548 2706 tegebantur
1585 2642 1745 2705 atque
1780 2633 1887 2689 ale-

299 2728 501 2783 bantur
525 2726 759 2782 occulta.

367 2817 541 2873 Erant
561 2825 735 2871 autem
756 2814 866 2885 fere
886 2814 984 2870 uiri
1002 2815 1233 2888 quinque
1268 2815 1457 2871 millia.
1485 2815 1622 2884 Quia
1645 2817 1883 2887 quinque

296 2914 426 2963 sunt
449 2905 747 2962 exteriores
772 2904 1005 2960 hominis
1033 2919 1253 2972 sensus,
1297 2906 1535 2976 quinque
1583 2905 1749 2961 millia
1778 2906 1881 2961 viri

299 2998 584 3055 Dominum
609 2996 815 3063 secuti;
863 2994 1147 3065 designant
1169 3010 1262 3052 eos
1298 2996 1390 3067 qui
1419 2996 1475 3050 in
1508 2996 1756 3070 saeculari
1782 2996 1878 3052 ad-

1998 464 2261 520 rientihns
2302 465 2553 522 Salvator
2590 483 2697 523 non
2727 484 2864 525 nova
2911 478 3063 525 creat
3098 469 3322 535 cibaria,
3361 471 3457 527 sed
3496 485 3590 527 ao-

1998 552 2171 624 ceptis
2213 555 2299 613 bis
2345 571 2466 626 quae
2494 556 2799 613 habuerunt
2828 558 3099 628 discipuli,
3138 559 3439 626 benedixit,
3458 560 3587 631 quia

1998 646 2221 702 veniens
2248 646 2303 702 in
2334 662 2500 703 carne
2521 664 2627 704 non
2657 649 2762 704 alia
2792 656 2955 721 quam
3002 652 3258 722 praedicta
3286 662 3415 709 sunt
3448 669 3590 726 pm

1997 736 2174 803 dicat;
2214 737 2308 793 sed
2335 739 2630 808 prophetia:
2657 740 2800 795 dicta
2829 742 3102 812 mysteriis
3138 743 3327 810 gratiae
3363 744 3586 813 gravida

1997 830 2346 885 demonstrat.
2382 830 2618 902 Respicit
2642 832 2696 886 in
2725 831 2946 899 caelum,
2990 840 3052 888 ut
3090 833 3218 889 illuc
3246 833 3587 905 dirigendam

1997 920 2193 975 mentis
2225 920 2419 991 aciem,
2469 922 2543 976 ibi
2581 921 2761 977 lumen
2795 922 3035 979 scientia:
3060 924 3253 981 doceat
3288 939 3412 980 esse
3437 939 3586 995 quie—

1996 1010 2245 1078 rendum,
2293 1011 2500 1084 frangit
2538 1021 2595 1069 et
2641 1020 2767 1069 ante
2806 1015 2995 1069 turbas
3035 1016 3282 1084 ponenda
3311 1014 3587 1070 distribuit

1995 1100 2274 1172 discipulis
2317 1119 2332 1157 :
2380 1103 2509 1172 quia
2552 1102 2737 1158 clausa
2784 1102 2919 1173 legis
2963 1111 3019 1157 et
3061 1104 3359 1174 prophetia
3399 1118 3586 1158 sacra-

1996 1200 2179 1246 menta
2204 1192 2284 1247 eis
2311 1206 2430 1263 qua
2462 1207 2559 1262 per
2582 1192 2840 1247 mundum
2864 1192 3157 1263 praedicent
3177 1192 3453 1262 patefacit,
3476 1192 3585 1246 lar-

1994 1282 2136 1353 gitor
2176 1283 2415 1338 omnium
2441 1282 2704 1337 bonorum
2736 1281 2997 1338 Dominus
3026 1292 3211 1339 noster
3245 1281 3402 1339 Jesus
3422 1282 3584 1338 Chri-

1996 1381 2134 1437 stus,
2163 1373 2256 1443 qui
2282 1380 2403 1429 cum
2432 1372 2592 1427 Patre
2619 1380 2675 1427 et
2708 1372 2913 1442 Spiritu
2937 1380 3126 1427 sancto
3152 1372 3287 1427 vivit
3311 1382 3368 1428 et
3394 1380 3583 1443 regnat

1995 1462 2138 1520 Deus
2163 1478 2260 1534 per
2285 1463 2467 1520 omnia
2489 1462 2683 1519 saecula
2714 1462 3054 1518 saeculorum.
3078 1462 3271 1517 Amen.

2478 1573 2760 1631 HOMILIA
2796 1572 3084 1629 LXXXVI.

2652 1679 2807 1720 FERIA
2845 1679 2920 1718 VI.

2430 1757 2615 1813 Lectio
2639 1756 2804 1813 Joelis
2831 1758 3129 1828 prophetat.

2061 1849 2193 1905 Hice
2220 1849 2347 1904 dicit
2369 1848 2623 1905 Dominus
2652 1849 2791 1904 Deus
2816 1866 2834 1904 :
2862 1848 3159 1916 Exsultate,
3179 1848 3309 1919 filia:
3330 1849 3484 1915 Sion,
3526 1860 3578 1905 et

1989 1941 2242 1998 [tutamini
2282 1942 2339 1995 in
2393 1940 2617 1995 Domino
2662 1939 2773 1995 Deo
2816 1948 3011 2007 vestro,
3070 1941 3194 2010 quia
3250 1940 3391 1994 dedit
3435 1940 3577 1995 vobis

1987 2030 2250 2086 doctorem
2276 2030 2502 2101 justitia:
2524 2068 2541 2096 ,
2578 2037 2628 2084 et
2666 2028 2976 2084 descendere
3024 2028 3181 2098 faciet
3227 2028 3297 2082 ad
3335 2045 3426 2083 vos
3476 2030 3577 2082 im-

1988 2120 2128 2174 brem
2182 2119 2497 2173 matutinum
2532 2127 2581 2172 et
2616 2116 2933 2182 serotinum,
2978 2125 3037 2170 ut
3082 2116 3138 2171 in
3174 2116 3450 2187 principio.
3504 2115 3576 2170 Et

1988 2200 2338 2278 implebantur
2380 2209 2567 2261 horrea
2604 2206 2888 2276 frumento,
2919 2214 2965 2260 et
2995 2204 3356 2260 redundabant
3400 2215 3577 2259 torcu-

1986 2298 2124 2353 laria
2167 2299 2284 2353 uino
2330 2307 2378 2352 et
2414 2296 2548 2351 oleo.
2593 2296 2660 2351 Et
2701 2296 2916 2351 reddam
2943 2296 3082 2350 vobis
3122 2311 3288 2349 annos
3317 2310 3446 2366 quos
3480 2310 3575 2349 co-

1984 2387 2142 2442 medit
2178 2387 2412 2453 locusta,
2454 2385 2702 2450 bruchus,
2741 2395 2790 2440 et
2830 2384 3034 2455 rubigo,
3084 2393 3133 2438 et
3178 2399 3372 2439 eruca:
3420 2384 3576 2453 [θῆτε

1983 2481 2113 2534 tudo
2154 2496 2271 2534 mea
2313 2460 2527 2550 magna,
2573 2492 2728 2549 quam
2769 2476 2890 2529 misi
2927 2475 2984 2528 in
3026 2490 3136 2530 vos.
3181 2473 3250 2528 Et
3296 2475 3575 2529 comedetis

1983 2581 2241 2628 vescentes
2276 2580 2324 2627 et
2362 2568 2759 2635 saturabimini,
2795 2577 2844 2623 et
2886 2566 3172 2622 laudabitis
3223 2582 3411 2620 nomen
3463 2565 3574 2618 Do-

1982 2666 2112 2720 mini
2137 2663 2237 2719 Dei
2265 2663 2438 2727 vestri,
2457 2661 2546 2733 qui
2579 2660 2698 2732 fecit
2735 2660 2997 2714 vobiscum
3035 2656 3300 2712 mirabilia
3328 2670 3344 2707 :
3382 2665 3433 2709 et
3461 2671 3567 2708 non

1983 2751 2332 2822 confundetur
2357 2749 2577 2823 populus
2607 2764 2753 2803 meus
2781 2749 2840 2803 in
2877 2748 3267 2818 sempiternum.
3312 2744 3379 2799 Et
3406 2745 3571 2799 scient

1979 2843 2106 2913 quia
2138 2843 2196 2896 in
2222 2842 2391 2896 medio
2422 2839 2591 2894 Israel
2621 2856 2715 2910 ego
2742 2854 2858 2893 sum
2885 2853 2905 2892 :
2934 2847 2983 2892 et
3009 2852 3102 2908 ego
3136 2835 3389 2891 Dominus
3428 2834 3572 2889 Deus

1980 2941 2176 2997 vester,
2206 2939 2254 2985 et
2297 2947 2400 2985 non
2442 2939 2516 2985 est
2562 2928 2818 3000 amplius,
2862 2935 2912 2982 et
2957 2942 3062 2981 non
3098 2925 3448 2996 confundetur
3472 2940 3572 2995 po-

1980 3020 2136 3093 pulus
2163 3037 2307 3075 meus
2335 3020 2390 3074 in
2418 3029 2692 3074 internum.

290 3090 407 3181 huc
434 3088 622 3145 habitu
657 3087 1217 3181 positi-exterioribus
1257 3103 1378 3159 qua
1422 3088 1701 3181 possident
1746 3089 1882 3145 bene
1909 3095 1954 3159 ο
1981 3087 1991 3093 ⁷
2055 3112 2230 3177 Dedit,
2264 3110 2458 3181 inquit,
2479 3110 2632 3165 vobis
2657 3110 2801 3165 Deus
2827 3107 2993 3163 pater
3020 3106 3295 3164 docmrem
3320 3103 3569 3174 insuum,

300 3180 380 3234 nti
421 3187 728 3235 noverunt:
756 3178 848 3249 qui
900 3187 1050 3235 recte
1097 3178 1335 3249 quinque
1373 3179 1604 3250 panibus
1648 3179 1881 3245 aluntur,

297 3274 426 3341 quia
453 3272 591 3349 tales
632 3287 854 3330 necesse
882 3283 965 3331 est
991 3272 1253 3345 legalibus
1279 3274 1454 3330 adhuc
1490 3275 1774 3345 praeceptis
1806 3275 1887 3331 in-

300 3364 473 3420 stitui.
498 3362 637 3419 Nam
667 3364 758 3435 qui
797 3364 1000 3420 mundo
1029 3365 1097 3421 ad
1145 3365 1412 3438 integrum
1459 3366 1789 3431 renuntiant,
1829 3372 1887 3420 et

299 3463 531 3526 quatuor
569 3452 699 3511 sunt
741 3455 907 3511 millia
935 3464 990 3512 et
1012 3465 1215 3527 septem
1256 3456 1486 3527 panibus
1516 3453 1744 3511 refecti:
1781 3457 1886 3512 hoc

296 3556 383 3605 est
409 3557 467 3604 et
485 3547 805 3620 Evangelica
844 3548 1176 3619 perfectione
1216 3549 1495 3615 sublimes,
1552 3557 1608 3605 et
1651 3548 1884 3620 spiritali

297 3652 426 3700 sunt
442 3642 619 3715 gratia
644 3643 807 3699 docti.
830 3642 995 3715 Cujus
1014 3642 1386 3715 signiﬁcanda;
1406 3642 1675 3698 distantia:
1695 3656 1882 3709 causa,

300 3735 530 3805 mystice
567 3747 690 3790 reor
712 3734 767 3789 in
796 3733 1021 3790 introitu
1042 3733 1258 3804 quidem
1286 3732 1616 3789 tabernaculi
1649 3734 1887 3803 quinque

299 3822 582 3880 columnas
630 3824 939 3891 deauratas,
988 3833 1115 3878 ante
1168 3822 1446 3879 oraculum
1492 3837 1641 3888 vero,
1687 3822 1744 3879 id
1777 3829 1882 3889 est,

300 3914 502 3971 Sancta
541 3923 852 3971 sanctorum
881 3924 1113 3984 quatuor
1147 3914 1263 3971 ﬁeri
1302 3913 1501 3984 jussas,
1540 3917 1663 3986 quia
1698 3915 1890 3971 videtis

301 4014 391 4061 cet
410 4005 748 4076 incipientes,
793 4018 891 4074 per
936 4003 1110 4075 legem
1154 4005 1485 4075 castigantur
1510 4020 1579 4060 ne
1615 4014 1881 4077 peccent;

301 4094 529 4165 perfecti
552 4103 731 4149 autem
759 4108 856 4166 per
893 4093 1146 4164 gratiam,
1174 4099 1235 4148 ut
1268 4092 1516 4151 devotius
1558 4094 1670 4151 Deo
1701 4096 1885 4153 vivant

302 4184 681 4241 admonentur.
1861 4222 1869 4235 .

376 4274 463 4329 Ait
490 4283 665 4331 autem
689 4273 767 4329 ad
779 4273 1063 4345 discipulos
1106 4289 1230 4328 suos
1257 4285 1276 4325 :
1304 4270 1491 4328 Facite
1512 4272 1630 4328 illos
1656 4274 1885 4330 discum-

1984 3202 2100 3259 sive
2140 3201 2329 3257 tribuit
2363 3200 2516 3257 vobis
2563 3199 2817 3256 alimenta
2859 3198 3104 3269 iustitiae,
3146 3204 3206 3253 et
3240 3195 3572 3253 descendere

1981 3291 2111 3347 fecit
2138 3291 2208 3345 ad
2255 3304 2353 3345 vos
2400 3289 2609 3360 pluvias
2652 3297 3033 3360 temporaneas
3058 3296 3220 3357 atque
3255 3285 3526 3342 serotinas
3555 3301 3572 3337 :

1982 3380 2163 3451 pluvia
2184 3380 2500 3450 tempestiva
2522 3386 2605 3434 est
2632 3378 2848 3449 quando
2873 3378 3104 3449 primum
3124 3375 3427 3433 doctrinam
3449 3388 3573 3429 sus-

1983 3472 2250 3542 cipimus;
2283 3471 2460 3541 pluvia
2495 3469 2758 3536 serotina,
2784 3468 3001 3541 quando
3030 3468 3231 3525 laboris
3254 3467 3426 3523 nostri
3450 3464 3568 3520 fru-

1983 3567 2105 3615 ctus
2128 3559 2438 3629 recipimus,
2468 3567 2525 3613 et
2549 3558 2616 3613 ad
2646 3555 2941 3629 perfectam
2980 3566 3296 3612 sanctarum
3326 3554 3571 3626 Scriptu-

1982 3663 2166 3704 rarum
2209 3648 2492 3713 scientiam
2527 3647 2891 3717 pervenimus.
2939 3644 3124 3702 Potest
3150 3645 3330 3716 pluvia
3364 3652 3575 3714 tempo-

1984 3756 2149 3796 ranea
2170 3747 2227 3795 et
2264 3739 2503 3795 serotina
2528 3740 2695 3796 Vetus
2735 3747 2794 3794 et
2821 3736 3031 3794 Novum
3054 3737 3222 3807 accipi
3252 3734 3572 3792 Testamen-

1983 3841 2114 3886 tum.
2147 3831 2215 3886 Et
2245 3845 2352 3886 non
2377 3830 2573 3896 solum,
2622 3830 2820 3901 inquit,
2859 3831 2963 3886 hoc
3001 3829 3169 3895 dedit,
3196 3828 3291 3885 sed
3324 3828 3451 3884 fecit
3476 3842 3576 3883 vos

1984 3921 2139 3977 novis
2166 3921 2423 3977 virtutum
2447 3920 2691 3994 frugibus
2714 3922 3006 3987 abundare,
3031 3930 3088 3977 et
3112 3920 3371 3988 saturari,
3406 3929 3575 3991 atque

1982 4011 2237 4068 inebriari
2261 4011 2532 4068 frumento
2558 4021 2613 4068 et
2642 4013 2767 4069 vino
2798 4020 2855 4068 et
2878 4013 3018 4078 oleo,
3046 4014 3113 4068 de
3138 4029 3247 4084 quo
3267 4027 3412 4084 saepe
3433 4014 3576 4068 (lixi-

1982 4118 2141 4158 mus:
2171 4112 2227 4159 et
2273 4120 2445 4160 annos
2482 4120 2619 4175 quos
2657 4105 3155 4176 perturbationibus
3200 4105 3255 4160 in
3306 4106 3459 4161 vobis
3489 4118 3577 4160 re-

1982 4194 2273 4264 gnantibus
2304 4194 2615 4263 perdidistis
2652 4195 2867 4267 quando
2912 4210 3078 4267 opera
3121 4203 3302 4251 vestra
3339 4194 3573 4262 locusta,

1981 4282 2241 4350 bruchus,
2270 4283 2461 4355 rubigo
2490 4299 2764 4355 erucaque
2809 4291 3242 4355 consumpserat.
3293 4284 3435 4339 Dens
3474 4299 3574 4339 vos

303 4370 423 4424 bere
444 4384 539 4439 per
560 4366 794 4424 convivia
833 4367 1241 4438 quinquagenos.
1285 4364 1375 4419 Et.
1397 4364 1472 4419 ita
1500 4364 1752 4434 fecerunt.
1792 4366 1884 4421 Di—
1910 4435 1956 4447 Ἀ
1982 4373 2164 4447 perire
2186 4386 2295 4428 non
2320 4387 2512 4444 passus
2536 4384 2641 4439 est,
2667 4384 2791 4429 tunc
2810 4374 3089 4429 comedetis
3121 4373 3302 4445 fruges
3322 4373 3571 4444 justitiaa,

305 4435 456 4519 versi
488 4435 888 4518 convivantium
934 4435 1230 4515 discubitus
1274 4457 1515 4512 diversos
1560 4470 1657 4527 per
1696 4457 1884 4513 orbem
1910 4435 1963 4496 Ῐ)
1986 4435 2035 4521 ξι
2062 4435 2429 4520 εαιηναῡξιῖιξηε
2451 4479 2471 4517 .-
2508 4475 2556 4520 ει
2596 4435 2880 4520 laudabitis
2910 4480 3098 4520 nomen
3129 4435 3344 4520 Donaqu
3373 4465 3472 4520 Dei

303 4562 602 4612 conventus
653 4552 1014 4608 Ecclesiarum
1060 4566 1181 4622 qua:
1228 4565 1388 4606 unam
1435 4549 1758 4619 catholicam
1803 4549 1885 4607 la-

306 4645 460 4702 ciunt
485 4642 785 4713 designant.
811 4643 915 4709 Qui
947 4643 1084 4697 bene
1130 4657 1237 4697 non
1284 4641 1459 4697 solum
1493 4641 1882 4712 quinquageni,

305 4737 403 4794 sed
446 4742 736 4791 attestante
763 4733 961 4799 Marco,
988 4734 1150 4789 etiam
1199 4734 1411 4790 centeni
1458 4733 1878 4791 discubuerunt:

306 4842 434 4884 nam
468 4826 595 4896 quia
639 4824 1111 4895 quinquagesimus
1138 4824 1466 4894 paenitentia:
1496 4824 1737 4894 psalmus
1777 4833 1883 4890 est,

306 4914 652 4973 centenarias
684 4925 862 4969 autem
900 4928 1161 4969 numerus
1193 4913 1260 4970 de
1283 4914 1414 4970 laeva
1449 4915 1643 4971 transit
1665 4915 1721 4970 in
1758 4914 1886 4971 dex-

309 5016 413 5061 tra.
445 5004 816 5076 Quinquageni
841 5004 908 5059 ad
936 5004 1239 5059 convivium
1268 5005 1479 5063 Domini
1517 5005 1882 5071 discumbunt,

308 5098 433 5169 quia
471 5096 645 5153 adhuc
682 5095 736 5153 in
766 5095 1081 5166 poenitentia
1109 5096 1519 5152 commissorum
1544 5095 1706 5164 positi
1738 5096 1886 5152 verbi

309 5188 549 5244 auditum
574 5184 919 5258 percipiunt:
954 5184 1167 5240 centeni
1214 5194 1395 5241 autem
1441 5184 1568 5255 quia
1601 5184 1714 5255 jam
1756 5200 1889 5254 prte-

309 5286 521 5350 sumpta
565 5275 734 5332 veniae
782 5288 878 5349 spe
922 5274 989 5330 de
1033 5273 1148 5329 solo
1196 5273 1319 5329 vita:
1359 5280 1574 5329 aeternae
1620 5271 1888 5330 desiderio

310 5373 601 5443 suspirant.
1264 5414 1271 5419 .

379 5463 613 5535 Acceptis
635 5472 808 5530 autem
827 5459 1051 5539 quinque
1078 5458 1303 5530 panibus
1324 5472 1373 5515 et
1400 5460 1603 5516 duobus
1638 5460 1884 5532 piscibus,

314 5555 529 5621 respexit
560 5555 613 5608 in
647 5552 829 5608 coelum
873 5560 922 5604 et
966 5548 1225 5603 benedixit
1256 5548 1359 5602 illis
1388 5563 1406 5600 :
1433 5560 1482 5603 et
1525 5550 1678 5621 [regit
1705 5562 1751 5605 et
1780 5551 1889 5605 dis-

315 5643 492 5700 tribuit
544 5643 812 5715 discipulis
866 5642 977 5696 sitis
1020 5648 1072 5694 ut
1114 5649 1360 5710 ponerent
1402 5649 1522 5717 ante
1563 5640 1760 5695 turbas.
1820 5639 1887 5693 Et

1989 4556 2085 4611 stri
2106 4557 2197 4627 qui
2224 4555 2346 4626 fecit
2365 4556 2631 4611 uobiscum
2651 4556 2938 4612 mirabilia.
2967 4556 3026 4613 Si
3048 4566 3230 4612 autem
3258 4565 3377 4628 post
3398 4558 3579 4628 pinni—

1989 4649 2215 4707 tentiatn
2245 4655 2451 4703 tantam
2477 4648 2780 4705 ubertatem
2810 4649 2955 4705 Deus
2982 4664 3164 4704 rerum
3185 4649 3425 4705 omnium
3452 4649 3577 4719 pol-

1988 4737 2202 4803 licetur,
2230 4737 2359 4807 quid
2397 4737 2745 4807 respondebit
2780 4735 3054 4794 Novatus?
3085 4752 3287 4807 negans
3307 4736 3575 4807 perniten-

1987 4828 2119 4884 tiam
2141 4868 2157 4894 ,
2201 4834 2259 4884 et
2299 4827 2583 4884 reformari
2622 4842 2784 4897 posse
2826 4836 3142 4897 peccatores
3183 4828 3237 4885 in
3283 4827 3575 4898 pristinum

1987 4926 2221 4985 statum;
2246 4917 2295 4973 si
2326 4917 2485 4989 digna
2515 4916 2738 4975 fecerint
2762 4932 2927 4989 opera
2965 4917 3323 4989 pmnitentiaa;
3355 4916 3409 4973 in
3457 4925 3579 4973 tan-

1990 5014 2104 5062 tum
2131 5006 2278 5061 enim
2314 5006 2459 5062 Deus
2484 5006 2672 5077 recipit
2707 5007 3031 5077 pmnitenles
3047 5045 3063 5070 ,
3086 5014 3148 5060 ut
3170 5014 3324 5061 vocet
3352 5020 3447 5060 eos
3470 5019 3577 5074 po-

1988 5092 2172 5165 pulum
2201 5108 2380 5160 suum,
2418 5102 2476 5148 et
2499 5109 2840 5165 nequaquam
2867 5102 3073 5149 asserat
3096 5092 3499 5151 confundendos
3516 5102 3581 5150 et

1992 5182 2353 5238 habitatorem
2378 5198 2437 5239 se
2460 5183 2515 5237 in
2538 5198 2726 5239 eorum
2753 5183 2929 5239 medio
2949 5182 3293 5253 repromittat
3331 5197 3433 5238 nec
3458 5198 3580 5237 am.-

1992 5270 2134 5341 plius
2165 5286 2259 5328 eos
2312 5272 2478 5333 alium
2515 5273 2795 5330 habituros
2828 5274 3019 5340 Deum,
3059 5274 3157 5330 sed
3208 5274 3262 5329 in
3305 5288 3428 5330 eum
3458 5282 3578 5329 toto

1993 5363 2174 5417 animo
2198 5362 2519 5429 conlisuros,
2550 5363 2641 5435 qui
2675 5363 2729 5419 in
2755 5363 2863 5418 illis
2880 5372 3097 5418 maneat
3121 5363 3173 5427 in
3200 5371 3458 5418 aeternum
3488 5378 3580 5418 re-

1978 5453 2165 5526 'gnans
2198 5456 2252 5509 in
2278 5453 2413 5510 coelo
2436 5461 2491 5508 et
2518 5454 2571 5509 in
2601 5461 2766 5519 terra,
2790 5468 2896 5507 non
2918 5452 3251 5521 derelinquat
3273 5466 3459 5507 omnes
3479 5451 3578 5520 qui

1994 5557 2211 5617 sperant
2252 5545 2307 5599 in
2337 5558 2415 5610 se,
2451 5541 2543 5598 sed
2574 5543 2739 5597 vitam
2765 5543 2844 5596 cis
2875 5542 3065 5597 tribuit
3088 5542 3140 5596 in
3173 5556 3337 5613 regno
3364 5540 3578 5595 cmlcsti

1993 5647 2048 5695 et
2103 5636 2343 5707 requiem
2385 5635 2768 5707 sempiternam
2808 5634 2964 5691 lesus
3011 5634 3256 5690 Christus
3317 5633 3580 5692 Dominus
