3962 6180
197 294 286 352 315

1233 289 1538 348 HOMILIzE
1577 288 1646 345 IN
1686 287 1940 361 EVANG.
1976 291 2066 346 ET
2107 291 2320 349 EPIST.

3324 300 3425 357 3M

196 414 372 469 noster,
396 402 490 474 qui
515 402 648 459 vivit
672 409 728 457 et
756 408 944 470 regnat
968 416 1089 455 cum
1128 401 1240 455 Deo
1268 401 1427 456 Patre
1463 401 1517 455 in
1546 401 1750 455 unitate
1777 402 1826 462 A
1855 402 2134 467 cularium,
2171 407 2260 474 qui
2289 405 2453 461 multa
2481 408 2545 462 de
2587 408 2874 467 virtutibus
2910 411 3163 482 vitiisque
3191 415 3431 472 subtilis—

196 496 403 568 Spiritus
425 492 599 551 sancti
628 508 726 562 per
752 492 932 546 omnia
953 490 1147 546 szecula
1185 491 1523 546 saeculorum.
1555 491 1745 544 Amen.

640 601 923 658 IIOMILIA
961 600 1265 655 LXXXVII.

738 708 872 749 ιτειι
903 710 1061 748 ι-ἐιιιΑ
1099 709 1175 748 γι.

330 783 513 841 lectio
533 783 706 839 sancti
733 781 1010 853 Evangelii
1039 780 1334 836 secundum
1355 779 1578 839 Lucam.

252 876 308 930 In
334 875 426 929 illo
451 885 680 944 tempore
706 875 841 927 venit
871 874 941 926 ad
972 872 1154 928 Jesum
1186 874 1265 926 vir
1290 874 1381 926 cui
1402 887 1587 926 nomen
1623 870 1745 927 lai-

193 964 282 1011 ηε,
306 955 352 999 et
375 961 484 1015 ipse
503 944 738 1014 princeps
761 959 1036 1013 synagoga:
1056 951 1186 1007 erat,
1217 950 1322 995 etc.

245 1040 405 1097 Priori
438 1039 655 1094 lectioni
683 1052 844 1106 quam
868 1037 933 1091 de
970 1034 1271 1104 abjectione
1295 1032 1590 1105 Synagogae
1621 1033 1748 1088 ﬁde-

191 1146 274 1202 que
302 1128 558 1184 Ecclesia:
582 1136 743 1196 atque
772 1127 963 1207 iterum
995 1123 1401 1179 instaurationis
1446 1121 1744 1195 Synagogxe

189 1236 347 1279 smnus
367 1219 704 1290 interpretati
748 1225 1142 1287 consequenter
1184 1216 1589 1286 arehisynagogi
1635 1215 1742 1269 ﬁlia

188 1313 398 1368 moriens
439 1292 797 1381 subjungitur,
835 1317 997 1379 qnam
1030 1308 1155 1362 dum
1190 1307 1456 1362 suscitare
1490 1314 1745 1376 properat

187 1403 444 1468 Dominus,
479 1408 819 1472 prmoccupat
849 1401 1211 1454 hemorroissa
1244 1398 1455 1461 mulier,
1500 1397 1743 1467 praeripit

185 1495 467 1559 sanitatem,
505 1491 670 1563 ﬁtque
704 1500 763 1546 ut
790 1499 917 1561 post~
936 1491 1160 1545 veniens
1200 1489 1351 1560 prior
1377 1488 1549 1544 salute
1575 1489 1742 1558 potia-

185 1596 274 1641 tur.
312 1584 585 1656 .Ethiopia
631 1584 777 1639 enim
816 1583 1108 1653 praeveniet
1149 1597 1344 1637 manus
1370 1579 1487 1650 ejus
1522 1581 1656 1646 Deo,
1686 1592 1742 1635 et

183 1696 285 1736 uini
309 1680 592 1735 intraverit
627 1677 905 1750 plenitudo
927 1678 1190 1750 gentium,
1219 1686 1348 1733 tunc
1379 1678 1555 1732 omnis
1576 1675 1739 1732 Israel

182 1771 338 1826 salvus
369 1770 482 1826 ﬁet.

238 1861 298 1916 Et
322 1861 510 1916 cecidit
535 1860 604 1913 ad
626 1839 781 1930 pedes
809 1858 961 1923 Iesu,
987 1875 1175 1930 rogans
1213 1874 1333 1912 eum
1369 1865 1423 1917 ut
1444 1860 1663 1911 intraret
1684 1855 1739 1910 in

179 1954 367 2008 domum
390 1936 534 2023 ejus.
560 1950 617 2006 Si
654 1960 814 2021 caput
830 1938 1045 2006 Christi
1074 1950 1235 2016 Deus,
1261 1949 1426 2019 pedes
1448 1948 1565 2018 ejus
1609 1962 1739 2002 con-

181 2055 447 2119 sequenter
490 2046 813 2110 incarnatio,
843 2059 948 2115 qua
989 2052 1189 2100 terram
1217 2052 1416 2099 nostrae
1441 2041 1738 2098 mortalita-

182 2139 238 2193 tis
259 2139 445 2210 tetigit,
492 2136 790 2207 accipiendi
840 2143 983 2191 sunt.
1027 2133 1224 2189 Cecidit
1256 2133 1420 2205 igitur
1459 2132 1738 2204 archisyn-

180 2244 354 2300 agngus
382 2228 454 2283 ad
474 2228 629 2300 pedes
651 2216 907 2297 lesu,qui
933 2225 1208 2296 legislator
1234 2240 1357 2280 cum
1384 2231 1494 2278 tota
1520 2231 1736 2293 patrum

179 2319 409 2390 progenie
438 2317 713 2373 Christum
754 2317 809 2371 in
859 2330 1021 2371 carne
1062 2324 1409 2385 apparentem
1440 2312 1596 2384 longe
1633 2312 1736 2369 sibi

178 2409 435 2479 dignitatis
458 2408 629 2480 gloria
656 2406 1046 2478 praeferendum
1072 2421 1191 2461 esse
1218 2405 1486 2476 cognovit.

237 2502 363 2569 Quia
383 2502 502 2572 ﬁlia
527 2502 685 2556 unica
705 2511 816 2556 erat
849 2499 929 2554 illi
952 2499 1061 2570 fere
1090 2514 1349 2553 annorum
1367 2496 1660 2561 duodecim,
1689 2504 1738 2551 et

176 2595 270 2659 licet;
307 2581 650 2649 moriebatur.
681 2593 802 2664 Ipsa
845 2588 1125 2663 Synagoga
1165 2605 1285 2661 quae
1313 2589 1426 2644 sola
1454 2587 1609 2660 legali
1651 2587 1735 2641 in-

174 2685 433 2741 stitutione
473 2682 969 2768 composita'quasi
1013 2681 1171 2737 unica
1220 2678 1388 2750 Moysi
1436 2688 1563 2732 nata
1596 2686 1734 2741 erat,

175 2777 307 2846 quasi
344 2776 666 2833 duodecimo
703 2775 878 2830 aetatis
911 2789 1073 2838 anno,
1102 2773 1207 2829 hoc
1239 2779 1343 2835 est,
1373 2778 1613 2840 tempore
1639 2784 1737 2838 pu-

174 2866 381 2922 bertatis
420 2866 886 2937 appropinquante
932 2864 1280 2926 moriebatur,
1331 2876 1452 2932 quae
1488 2860 1739 2915 nobiliter

173 2973 199 3011 a
220 2957 492 3028 prophetis
511 2957 762 3022 educata,
786 2964 1070 3028 postquam
1091 2954 1159 3008 ad
1182 2951 1542 3022 intelligibiles
1566 2965 1738 3005 annos

1850 495 1985 552 sime
2013 496 2339 554 disserentes
2369 500 2516 553 utilia
2548 516 2606 554 se
2632 501 2841 556 vivendi
2870 504 3239 575 credendique.
3276 506 3431 564 insti-

1848 593 1964 642 tuta
1987 588 2305 644 mortalibus
2335 588 2464 644 dare
2497 592 2903 661 promittebant.

1919 678 2146 734 Accessit
2174 691 2309 735 retro
2338 691 2386 736 et
2417 683 2581 754 tetigit
2619 684 2880 752 ﬁmbriam
2910 688 3195 744 vestimenti
3215 689 3352 760 ejus,
3377 699 3429 747 ct

1846 769 2114 838 confestim
2154 772 2290 825 stetit
2322 775 2499 841 ﬂuxus
2528 776 2795 845 sanguinis
2822 777 2955 846 ejus.
2984 777 3211 835 Accedit
3235 788 3291 835 et
3317 781 3425 837 Do-

1846 861 2053 916 minum
2101 863 2270 931 tangit
2317 864 2578 930 Ecclesia,
2606 867 2744 936 quia.
2768 869 2820 923 ei
2866 884 2965 939 per
2992 869 3114 925 ﬁdei
3145 871 3428 929 veritatem

1845 954 2258 1024 appropinquat.
2306 954 2531 1013 Accedit
2581 964 2760 1012 autem
2819 967 2968 1015 retro
3019 960 3135 1017 sive
3168 962 3325 1032 juxta
3372 963 3428 1017 id

1843 1045 1987 1114 quod
2023 1045 2137 1114 ipse
2165 1046 2242 1099 ait
2268 1063 2280 1098 :
2314 1045 2374 1100 Si
2402 1048 2515 1117 quis
2540 1048 2667 1101 mihi
2694 1050 2974 1116 ministrat,
3001 1068 3081 1106 me
3104 1062 3370 1124 sequatur.

1913 1132 1987 1187 Et
2013 1135 2084 1187 ait
2112 1133 2267 1188 Iesus
2295 1149 2314 1189 :
2338 1134 2475 1215 Quis
2503 1146 2575 1192 est
2616 1140 2705 1208 qui
2737 1157 2814 1194 me
2844 1142 3053 1211 tetigit?
3083 1143 3198 1198 Non
3228 1153 3285 1199 ut
3312 1145 3429 1215 ipse

1843 1226 2051 1281 nesciat
2075 1212 2358 1292 doceatur,
2402 1227 2496 1283 sed
2537 1236 2597 1283 ut
2630 1230 2800 1285 virtus
2831 1231 2953 1287 ﬁdei
2983 1249 3143 1302 quam
3181 1212 3424 1305 noverat,

1842 1319 1952 1373 imo
1984 1335 2145 1389 quam
2173 1320 2286 1390 ipse
2308 1320 2563 1387 dederat,
2592 1322 2646 1376 in
2670 1322 2894 1379 muliere
2924 1325 3228 1382 declaretur
3257 1327 3426 1383 inter-

1842 1418 2018 1481 rogat.

1915 1500 2240 1569 Negantibus
2266 1509 2441 1557 autem
2461 1504 2720 1569 omnibus,
2744 1504 2875 1560 dixit
2908 1503 3088 1563 Petrus
3117 1519 3167 1563 et
3188 1511 3277 1581 qui
3305 1527 3423 1565 cum

1840 1592 1930 1646 illo
1965 1602 2113 1647 erant
2139 1609 2157 1645 :
2194 1593 2511 1666 Prteceptor,
2543 1597 2710 1651 turba:
2749 1608 2797 1651 te
2839 1599 3188 1670 comprimunt
3204 1610 3259 1656 et
3295 1602 3425 1672 afﬂi-

1840 1691 1984 1751 gunt,
2008 1691 2055 1735 et
2076 1681 2204 1736 dicis
2230 1699 2249 1737 :
2277 1683 2406 1749 Quis
2439 1702 2520 1739 me
2544 1687 2749 1756 tetigit?
2775 1686 2945 1761 Quem
2974 1691 3143 1744 turba:
3162 1692 3425 1747 comitan-

1770 1752 1813 1812 Β
1842 1779 1924 1826 tes
1940 1772 2139 1841 passim
2161 1774 2541 1843 comprimunt,
2562 1792 2668 1829 una
2686 1777 2902 1833 credula
2925 1756 3117 1835 mulier
3141 1780 3423 1835 Dominum

1839 1863 2047 1933 tangit,
2084 1864 2210 1934 quia
2247 1865 2337 1933 qui
2383 1865 2614 1944 diversis
2664 1866 2965 1924 inordinate
3010 1868 3422 1940 glomerantium

1836 1951 2132 2008 hmresibus
2162 1952 2440 2025 afﬂigitur,
2468 1954 2580 2011 sola
2609 1957 2885 2013 catholica:
2915 1958 3165 2015 Ecclesiae
3195 1960 3429 2016 ﬁdeliter

1836 2044 2001 2098 corde
2030 2044 2370 2112 quaesitatur.

1908 2132 1975 2187 Et
2005 2133 2138 2187 dixit
2164 2132 2323 2188 Jesus
2348 2148 2367 2186 :
2400 2133 2583 2206 Tetigit
2630 2152 2711 2191 me
2748 2135 2960 2208 aliquis,
2991 2154 3110 2193 nam
3163 2156 3256 2211 ego
3304 2140 3423 2196 novi

1836 2224 2079 2278 virtutem
2122 2224 2187 2277 de
2227 2241 2309 2278 me
2337 2227 2523 2291 exisse,
2552 2235 2658 2281 etc.
2688 2225 2804 2283 Non
2834 2243 2963 2299 ergo
3005 2228 3132 2285 latet
3169 2244 3293 2287 eum
3327 2232 3420 2303 qui

1838 2314 2106 2369 ﬁmbriam
2154 2314 2423 2384 tetigerit;
2488 2314 2539 2370 id
2591 2324 2694 2378 est.
2739 2317 3126 2374 incarnationis
3167 2321 3420 2390 mysteria

1837 2402 2010 2459 donec
2034 2404 2101 2458 ad
2124 2400 2328 2472 majora
2358 2405 2616 2475 capienda
2636 2408 2913 2478 perveniat
2931 2409 3165 2478 perfecte
3190 2413 3420 2467 amando

1837 2497 2147 2552 crediderit.

1907 2586 1972 2640 At
1995 2588 2104 2659 ipse
2123 2587 2255 2641 dixit
2278 2587 2387 2642 illi:
2404 2586 2570 2654 Filia,
2584 2588 2714 2657 ﬁdes
2733 2598 2824 2643 tua
2846 2598 2895 2644 te
2905 2588 3103 2645 salvam
3122 2591 3242 2660 fecit
3259 2594 3419 2648 :oadc

1836 2679 1891 2734 in
1919 2696 2065 2749 pace.
2093 2679 2215 2734 Ideo
2240 2678 2344 2733 ﬁlia
2362 2719 2376 2744 ,
2409 2681 2532 2749 quia
2552 2681 2685 2735 ﬁdes
2706 2689 2795 2736 tua
2833 2690 2883 2737 te
2903 2680 3113 2737 salvam
3128 2682 3287 2750 fecit;
3315 2698 3417 2740 nec

1837 2770 1973 2826 dixit
2002 2770 2135 2827 ﬁdes
2161 2781 2251 2826 tua
2284 2781 2337 2827 te
2367 2771 2570 2826 salvam
2601 2771 2807 2828 factura
2834 2782 2937 2838 est,
2964 2775 3057 2829 sed
3101 2774 3304 2830 salvam
3334 2775 3416 2832 fe-

1836 2859 1929 2915 cit.
1960 2860 2083 2915 Ideo
2117 2860 2259 2915 enim
2285 2861 2409 2932 quia
2441 2862 2740 2928 credidisti,
2757 2861 2869 2933 jam
2897 2864 3042 2919 salva
3071 2863 3210 2920 facta
3237 2881 3315 2922 es.

1906 2950 2092 3004 Adhuc
2137 2949 2228 3004 illo
2275 2949 2535 3023 loquente,
2579 2953 2713 3007 venit
2761 2953 2976 3024 quidam
3016 2956 3085 3009 ad
3130 2956 3417 3028 principem

174 3054 492 3116 pervenerat,
521 3054 803 3116 postquam
836 3043 1102 3115 spiritales
1128 3043 1238 3098 Deo
1261 3041 1469 3096 fructus
1515 3039 1736 3110 gignere
1840 3056 2140 3111 synagogte,
2180 3041 2356 3096 dicens
2375 3042 2423 3097 ei
2445 3057 2464 3094 :
2490 3042 2630 3108 Quia
2664 3055 2871 3099 mortua
2921 3054 2997 3100 est
3024 3047 3136 3116 ﬁlia
3165 3058 3279 3113 tua,
3306 3049 3416 3104 noli

173 3136 399 3201 debebat,
427 3135 608 3191 subito
644 3148 890 3188 errorum
917 3131 1174 3200 languore
1207 3135 1551 3185 consternata
1577 3126 1736 3197 spiri-
1762 3117 1806 3181 C
1837 3146 2024 3185 vexare
2050 3130 2221 3185 illum.
2269 3130 2484 3187 Salvata
2515 3147 2544 3186 a
2572 3133 2834 3203 proﬂuvio
2861 3135 3136 3205 sanguinis
3167 3136 3412 3204 muliere,

175 3225 281 3281 talis
300 3226 425 3281 vitae
444 3225 564 3280 vias
587 3222 796 3293 ingredi
823 3220 1235 3292 desperabiliter
1252 3219 1453 3285 omisit,
1478 3227 1533 3273 ct
1557 3218 1602 3273 si
1631 3234 1736 3273 non

172 3330 199 3369 a
229 3316 439 3372 Christo
463 3321 873 3372 succurreretur
917 3312 1244 3383 horrendam
1273 3327 1370 3383 per
1406 3311 1588 3366 omnia
1616 3324 1737 3365 cor-

174 3407 346 3461 ruisset
378 3408 433 3461 in
458 3414 707 3461 mortem.

235 3495 293 3551 Et
314 3497 527 3568 contigit
570 3496 697 3551 dum
732 3494 854 3562 iret,
898 3511 931 3549 a
964 3494 1117 3549 turba
1162 3492 1614 3564 comprimebatur.
1651 3490 1735 3545 Ad

171 3589 383 3655 puellam
428 3602 658 3660 pergens
703 3587 1002 3643 sanandam
1042 3584 1301 3640 Dominus
1327 3598 1358 3636 a
1389 3582 1542 3637 turba
1587 3596 1736 3636 com-

171 3680 424 3747 primitur,
445 3681 571 3751 quia
592 3679 736 3751 genti
762 3679 959 3735 Judtete
983 3676 1236 3733 salutaria
1257 3675 1461 3730 monita
1487 3674 1734 3745 praebens

170 3770 347 3839 quibus
402 3785 602 3840 aegram
651 3769 797 3825 intus
854 3767 972 3839 ejus
1026 3766 1411 3824 conscientiam
1477 3767 1731 3837 erigeret,

170 3862 312 3916 noxia
357 3862 655 3919 carnalium
694 3862 1012 3935 populorum
1055 3869 1140 3917 est
1183 3860 1574 3917 consuetudine
1609 3875 1735 3931 gra-

168 3960 330 4009 vatus.

229 4039 293 4094 Et
315 4039 501 4096 mulier
516 4045 756 4113 quadam
788 4050 900 4096 erat
929 4041 984 4095 in
1016 4041 1165 4110 ﬂuxu
1185 4040 1458 4112 sanguinis
1485 4041 1550 4095 ab
1580 4041 1732 4095 annis

164 4131 446 4186 duodecim.
488 4131 680 4187 Mulier
729 4134 990 4204 sanguine
1029 4131 1200 4189 ﬂuens
1248 4133 1487 4189 Ecclesia
1530 4143 1616 4189 est
1663 4147 1731 4188 ex

164 4220 402 4288 gentibus
429 4230 773 4293 congregata,
810 4224 929 4292 quae
969 4222 1207 4292 ingenito
1251 4218 1550 4277 carnalium
1590 4223 1733 4279 dele-

160 4314 447 4368 ctationum
494 4314 697 4385 polluta
740 4313 905 4380 ﬂuxu,
952 4322 1112 4385 atque
1154 4330 1185 4369 a
1234 4324 1377 4371 coetu
1409 4314 1522 4386 jam
1556 4314 1734 4370 fuerat

1836 3233 1961 3274 mox
1986 3220 2096 3274 ﬁlia
2123 3222 2385 3294 principis
2415 3233 2629 3279 mortua
2656 3226 2954 3291 nuntiatur,
2983 3228 3109 3297 quia
3156 3229 3281 3284 dum
3306 3229 3415 3285 Ec-

1835 3311 1999 3366 clesia
2040 3327 2071 3367 a
2100 3313 2353 3368 vitiorum
2377 3315 2495 3371 labe
2526 3317 2782 3371 mundata
2803 3325 2859 3371 et
2886 3318 2955 3372 ob
2984 3317 3108 3374 ﬁdei
3136 3321 3413 3389 meritum,

1836 3400 1945 3456 ﬁlia
1980 3410 2064 3458 est
2103 3392 2501 3474 cognominata.
2552 3404 2817 3461 Continuo
2857 3406 3134 3480 Synagoga
3172 3411 3413 3479 perﬁdiae

1836 3494 1997 3550 simul
2025 3496 2349 3566 invidiaque
2373 3496 2516 3552 letho
2539 3497 2712 3554 soluta
2743 3509 2859 3566 est;
2889 3501 3127 3572 perﬁdia:
3169 3505 3409 3574 quidem,

1834 3585 1960 3653 quia
1994 3585 2048 3640 in
2079 3584 2295 3641 Christo
2336 3589 2558 3643 credere
2603 3589 2809 3645 noluit:
2841 3590 3053 3647 invidia:
3085 3609 3236 3661 vero,
3284 3596 3410 3665 quia

1833 3677 2130 3732 Ecclesiam
2159 3680 2452 3736 credidisse
2474 3681 2661 3738 doluit.

1901 3766 2058 3821 Jesus
2103 3778 2297 3833 autem,
2353 3770 2533 3824 audito
2592 3772 2690 3825 Itoc
2739 3771 2911 3840 verbo,
2958 3775 3221 3846 respondit
3266 3777 3408 3848 patri

1832 3854 2063 3927 puellis:
2096 3855 2223 3910 Noli
2250 3858 2446 3923 timere,
2472 3858 2622 3914 crede
2644 3869 2869 3928 tantum,
2900 3874 2947 3918 et
2976 3864 3121 3920 salva
3151 3868 3270 3920 erit.
3305 3866 3407 3922 Pa-

1834 3955 1920 4001 ter
1948 3947 2138 4017 puella:
2182 3956 2357 4004 cintus
2384 3950 2663 4006 doctorum
2713 3951 2849 4025 legis
2893 3956 3176 4028 accipitur,
3207 3960 3273 4017 de
3298 3977 3408 4031 quo

1834 4033 2093 4091 Dominus
2116 4036 2214 4102 ait,
2245 4054 2400 4109 super
2417 4035 2718 4094 cathedram
2749 4040 2923 4114 Moysi
2944 4045 3184 4100 sederunt
3210 4046 3407 4105 Scribat

1832 4134 1879 4179 et
1910 4124 2172 4180 leriswi
2202 4140 2221 4178 :
2252 4128 2342 4197 qui
2373 4128 2417 4183 si
2447 4129 2671 4184 credere
2698 4131 2797 4201 ipsi
2819 4133 3261 4192 voluerintetiam
3283 4139 3408 4195 sub-

1825 4213 1971 4285 jecta
2005 4216 2054 4270 ei
2080 4215 2357 4289 Synagoga
2389 4218 2533 4273 salva
2559 4220 2684 4274 erit.

1902 4304 1971 4359 Et
2015 4322 2134 4359 cum
2185 4308 2496 4377 pervenisset
2524 4309 2759 4377 domum,
2790 4328 2893 4367 non
2935 4315 3168 4384 permisit
3205 4316 3404 4374 intrare

161 4412 435 4474 segregata
480 4403 739 4470 ﬁdelium,
790 4405 885 4461 sed
930 4405 1057 4460 dum
1098 4406 1319 4460 verbum
1349 4405 1443 4460 Dei
1491 4403 1728 4460 Judwam
1757 4457 1804 4474 ﬁ
1833 4411 2006 4449 secum
2031 4412 2363 4468 quemquam,
2395 4399 2495 4453 nisi
2524 4396 2758 4464 Petrum,
2791 4412 2837 4456 et
2860 4403 3134 4470 Iacobum,
3163 4418 3210 4461 et
3231 4407 3403 4465 Joan-

158 4490 361 4547 salvare
384 4493 718 4559 decerneret,
746 4502 987 4564 paratam
1013 4493 1123 4562 jam
1151 4495 1580 4565 promissamque
1608 4494 1728 4550 aliis

158 4583 429 4654 prmripuit
476 4599 571 4653 spe
616 4570 764 4639 certa
808 4584 1055 4640 salutem.
1103 4584 1404 4639 Notandum
1460 4593 1545 4639 est
1582 4586 1726 4655 quod

158 4672 559 4745 arcbisynagogi
594 4674 854 4730 duodenis
895 4674 966 4729 sit
1006 4674 1136 4739 ﬁlia,
1176 4683 1231 4730 et
1275 4674 1467 4730 mulier
1508 4670 1621 4731 haec
1659 4675 1727 4730 ab

160 4763 305 4818 annis
351 4762 631 4820 duodecim
678 4764 936 4835 sanguine
983 4763 1227 4832 ﬂuxerit;
1272 4766 1374 4820 hoc
1417 4773 1501 4820 est
1534 4765 1725 4820 eodem

157 4866 256 4921 quo
280 4853 396 4909 haec
417 4863 541 4908 nata
562 4855 634 4909 sit
655 4863 897 4924 tempore
935 4854 1022 4909 illa
1056 4856 1283 4926 coeperit
1304 4854 1589 4920 inﬁrmari,
1618 4871 1725 4910 una

158 4939 294 4993 enim
322 4956 459 5011 pene
478 4941 777 5013 eademque
808 4942 985 4997 steculi
1013 4943 1173 5012 hujus
1195 4952 1354 4999 aetate
1378 4952 1434 5000 et
1459 4959 1725 5015 synagoga

161 5025 207 5080 in
243 5031 568 5099 patriarchis
608 5032 779 5096 nasci,
816 5040 871 5088 et
896 5032 1173 5102 gentilium
1214 5033 1361 5088 natio
1405 5047 1502 5103 per
1539 5032 1725 5088 orbem

158 5120 313 5191 capit
335 5122 652 5178 idololatria;
671 5123 822 5179 sanie
845 5122 1058 5188 ﬁedari,
1078 5139 1202 5179 nam
1232 5132 1287 5179 et
1308 5123 1534 5194 geminae
1553 5122 1729 5178 ﬂuxus

158 5213 447 5281 sanguinis,
468 5213 572 5268 hoc
586 5221 672 5269 est
684 5221 739 5269 et
752 5228 913 5283 super
928 5213 1238 5269 idololatria:
1258 5213 1659 5283 superstitione,
1674 5221 1730 5270 et

156 5312 311 5370 super
347 5302 433 5357 his
468 5317 589 5374 qua
624 5303 808 5360 carnis
834 5320 899 5360 ac
920 5306 1196 5376 sanguinis
1240 5304 1600 5362 oblectatione
1637 5320 1730 5377 pag

156 5396 387 5459 trantur,
422 5401 601 5464 potest
636 5394 880 5467 intelligi.

217 5482 355 5549 Quae
394 5486 451 5541 in
508 5488 734 5543 medicos
781 5498 1079 5560 erogaverat
1133 5507 1333 5546 omnem
1383 5491 1726 5547 substantiam

152 5590 316 5640 suam,
362 5595 453 5633 nec
493 5579 558 5633 ab
586 5579 694 5633 ullo
733 5581 900 5649 potuit
934 5581 1130 5634 curari.
1162 5580 1392 5636 Medicas
1422 5582 1535 5638 sive
1566 5582 1728 5639 falsos

154 5666 447 5741 theologos,
496 5671 612 5728 sive
658 5671 1004 5743 philosophos
1034 5671 1314 5742 legumque
1354 5672 1601 5729 doctores
1623 5689 1725 5729 sae-

1755 4457 1807 4517 D

1833 4502 1971 4551 nem,
2001 4496 2048 4539 et
2069 4497 2292 4556 patrem,
2327 4497 2376 4541 et
2406 4498 2621 4542 matrem
2642 4489 2848 4559 puellm.
2875 4490 3047 4562 Supra
3064 4497 3286 4564 publice
3322 4501 3403 4555 vi—

1831 4576 1950 4631 duae
1992 4576 2130 4632 ﬁlius
2172 4579 2482 4644 suscitatur,
2507 4578 2595 4634 hic
2624 4591 2967 4637 removentur
2983 4585 3161 4656 plures
3190 4590 3401 4649 arbitri.

1831 4665 1966 4721 Puto
1990 4681 2118 4737 ergo
2167 4667 2308 4738 quod
2337 4668 2388 4721 in
2419 4683 2486 4723 eo
2514 4674 2725 4739 quoque
2750 4671 2927 4742 pietas
2952 4674 3022 4730 ibi
3064 4674 3275 4733 Domini
3302 4679 3401 4737 de-

1831 4756 2109 4821 claretur;
2138 4758 2265 4826 quia
2314 4758 2471 4812 vidua
2519 4767 2693 4813 mater
2744 4761 2887 4816 unici
2938 4778 3044 4818 non
3099 4767 3403 4836 patiebatur

1829 4859 2028 4907 moras,
2059 4853 2114 4899 et
2152 4844 2274 4925 ideo
2301 4861 2370 4900 ne
2390 4846 2619 4916 amplius
2641 4846 2947 4904 afﬁceretur
2974 4854 3258 4910 maturitas
3298 4856 3401 4912 ad-

1825 4940 1987 4994 ditur.
2022 4940 2115 4994 Est
2135 4941 2246 5010 jam
2278 4939 2450 4995 forma
2489 4940 2766 5012 sapientiae
2806 4942 2860 4997 in
2911 4944 3085 5001 viduae
3137 4947 3250 5002 ﬁlio
3291 4949 3404 5007 cito

1827 5029 2123 5084 Ecclesiam
2168 5028 2518 5093 credituram,
2570 5028 2625 5083 in
2677 5030 3084 5103 archisynagogi
3136 5033 3243 5090 ﬁlia
3282 5052 3405 5092 cre-

1826 5119 2034 5175 dituros
2082 5119 2301 5189 quidem
2335 5117 2570 5186 Judteos,
2612 5119 2708 5176 sed
2760 5135 2830 5176 ex
2883 5121 3131 5193 pluribus
3178 5127 3403 5197 paucio-

1830 5225 1938 5265 res.

1901 5303 2125 5359 Flebant
2165 5313 2339 5359 autem
2373 5319 2548 5359 omnes
2582 5312 2632 5359 et
2682 5303 2996 5381 plangebant
3036 5305 3204 5361 illam.
3241 5304 3408 5364 Nun-

1831 5396 1956 5468 quid
1997 5404 2237 5467 possunt,
2294 5396 2498 5465 inquit,
2550 5394 2650 5464 ﬁlii
2702 5396 2881 5467 sponsi
2927 5395 3118 5468 lugere,
3166 5397 3404 5468 quandiu

1829 5502 1947 5541 cum
1975 5487 2080 5542 illis
2110 5495 2186 5541 est
2217 5503 2437 5556 sponsus
2460 5502 2480 5541 :
2512 5487 2716 5541 venient
2757 5495 2928 5541 autem
2950 5487 3061 5541 dies
3095 5486 3212 5540 cum
3253 5483 3405 5553 aufi-

1832 5589 1975 5633 retur
2000 5578 2065 5632 ab
2095 5579 2168 5632 eis
2195 5594 2438 5647 sponsus.
2477 5585 2528 5631 et
2551 5586 2674 5631 tunc
2693 5576 3032 5648 jejunabunt.
3061 5575 3229 5646 Igitur
3257 5574 3401 5646 Syn-

1830 5687 1994 5743 agoga
2020 5671 2145 5742 quia
2168 5670 2347 5742 sponsi
2376 5670 2614 5726 laetitiam
2644 5685 2751 5741 qua
2786 5669 2969 5725 vivere
2994 5674 3179 5737 posset
3198 5667 3401 5734 amisit,
