3962 6180
495 305 598 361 515

1137 310 1196 364 Bt
1236 310 1485 365 RABANI
1522 310 1747 367 MAURI
1783 310 2105 368 ARCHIEP.
2151 307 2461 365 MOGUN'I‘.
2504 308 2791 367 OPEIlUM
2826 307 3004 364 PARS
3041 308 3103 364 II.

3663 310 3771 366 me

490 419 649 488 quasi
684 421 825 475 inter
874 419 1189 493 plang'mes
1236 433 1445 478 mortua
1489 424 1695 494 iacens,
1735 437 1804 479 ne
1830 423 1932 478 hoc
1966 420 2084 492 qui-
2121 424 2162 484 Α
2189 431 2237 478 et
2268 422 2395 476 luna
2421 422 2475 495 in
2509 424 2853 493 sanguinem:
2877 432 3156 491 antequam
3184 420 3354 476 ueniat
3402 425 3515 477 dies
3565 419 3779 478 Domini

493 511 619 567 dem
646 512 818 582 ipsum
848 528 1015 582 quare
1037 514 1323 585 plangatur
1346 515 1617 584 intelligit.

565 604 631 658 At
663 605 753 659 ille
771 606 903 659 dixit
925 620 944 657 :
977 606 1154 661 Nolite
1179 608 1330 677 flere,
1358 624 1461 662 non
1483 617 1560 663 est
1586 616 1813 671 mortua,
1842 606 1932 661 sed
1953 606 2080 659 dor-

495 695 612 750 mit.
647 693 966 751 Hominibus
1022 703 1237 751 mortua
1282 697 1372 768 qui
1410 696 1673 752 suscitare
1727 696 2086 765 nequiverant

497 785 607 841 Deo
634 785 953 851 dormiebat,
984 786 1038 841 in
1065 786 1220 858 cujus
1246 787 1449 843 ditione
1471 794 1526 842 et
1551 788 1729 841 anima
1759 792 1972 855 recepta
2004 784 2085 839 vi-

495 875 674 939 vebat,
702 884 757 930 et
776 888 907 929 caro
935 877 1247 931 suscitanda
1274 877 1615 946 quiescebat.

572 963 636 1018 Et
688 964 994 1020 deridebant
1040 981 1182 1029 eum,
1231 967 1450 1020 scientes
1495 966 1618 1037 quia
1672 976 1880 1019 mortua
1908 974 2082 1020 esset:

498 1056 625 1124 quia
685 1056 911 1111 verbum
955 1056 1332 1111 resuscitantis
1387 1057 1634 1111 deridere
1667 1071 1827 1124 quam
1863 1056 2087 1110 credere

500 1147 794 1212 malebant,
822 1148 1017 1202 merito
1051 1148 1198 1204 foras
1228 1147 1605 1213 excluduntur,
1636 1147 1841 1218 indigni
1864 1149 1957 1218 qui
1986 1148 2087 1202 mi-

498 1238 741 1293 raculum
764 1240 1104 1309 resurgentis
1136 1240 1404 1294 viderent.

572 1328 690 1399 Ipse
715 1339 890 1383 autem
923 1339 1101 1385 tenens
1139 1347 1353 1385 manum
1383 1330 1496 1400 ejus
1547 1328 1812 1396 clamavit,
1863 1329 2083 1385 dicens:

499 1420 712 1487 Puella,
758 1439 934 1494 surge.
987 1423 1199 1479 Tenens
1246 1439 1377 1495 ergo
1426 1439 1644 1478 manum
1691 1421 1882 1493 puellae
1932 1421 2088 1479 Iesus

506 1517 720 1571 tanavit
744 1531 885 1581 eam,
939 1518 1065 1587 quia
1095 1517 1195 1572 nisi
1223 1518 1379 1588 prius
1430 1515 1703 1572 mundata:
1732 1514 1933 1571 fuerint
1967 1531 2085 1570 ma-

497 1622 600 1660 nus
627 1604 955 1670 Iudaeorum,
978 1622 1097 1676 qum
1133 1608 1395 1676 sanguine
1419 1608 1591 1679 plenae
1621 1615 1767 1673 sunt,
1803 1607 2087 1679 Synagoga

496 1709 687 1748 eorum
718 1702 928 1748 mortua
956 1709 1061 1749 non
1085 1696 1387 1767 consurgit.

2187 531 2406 584 magnus
2438 523 2486 567 et
2514 513 2800 567 horribilis.
2830 510 2898 566 Et
2926 514 3024 566 erit
3050 525 3067 564 :
3099 511 3268 566 omnis
3304 511 3598 584 quicunque
3626 514 3775 568 ineo-

2185 604 2374 658 caverit
2405 620 2591 658 nomen
2619 603 2851 670 Domini,
2880 602 3054 657 salvus
3081 604 3200 667 erit,
3230 611 3339 658 etc.

2256 692 2634 748 Hunc'locum
2684 692 2874 747 beatus
2915 692 3189 761 apostolus
3242 691 3437 749 Petrus
3489 694 3775 766 impletum

2184 789 2427 853 tempore
2476 783 2768 838 Dominica:
2818 783 3083 854 passionis
3115 784 3388 855 exposuit,
3425 787 3647 855 quando
3677 787 3776 841 de-

2184 875 2447 929 sceudens
2469 874 2557 928 die
2595 873 2944 930 Pentecostes
2975 873 3209 943 Spiritus
3247 884 3468 931 sanctus
3502 876 3664 933 datus
3695 889 3779 933 est

2184 963 2478 1035 Apostolis,
2502 964 2576 1018 ita
2600 975 2659 1018 ut
2680 965 3007 1020 mirarentur
3031 966 3122 1035 qui
3153 968 3379 1021 aderant
3403 976 3457 1022 et
3477 967 3726 1025 dicerent
3757 983 3774 1022 :

2189 1054 2380 1108 Nonne
2408 1071 2586 1109 omnes
2624 1055 2710 1108 isti
2730 1055 2819 1125 qui
2840 1053 3126 1126 loquuntur
3153 1053 3364 1110 Caliltei
3400 1067 3546 1123 sunt,
3570 1067 3618 1112 et
3641 1075 3777 1130 quo-

2185 1146 2341 1201 modo
2364 1164 2457 1201 nos
2488 1146 2782 1202 audivimus
2816 1150 3169 1221 unusquisque
3205 1149 3439 1222 linguam
3466 1163 3700 1206 nostram
3724 1151 3780 1207 in

2185 1254 2290 1307 qua
2328 1238 2436 1291 nati
2482 1254 2663 1293 sumus
2690 1256 2708 1293 :
2743 1238 2951 1305 Partiri,
2983 1249 3032 1294 et
3075 1237 3242 1305 Medi,
3266 1249 3315 1294 et
3346 1239 3592 1294 Elamita:
3612 1240 3640 1294 .’
3661 1250 3771 1296 etc.

2189 1326 2375 1398 Neque
2404 1343 2535 1383 vero
2582 1330 2760 1383 omnis
2797 1330 2888 1399 qui
2927 1330 3198 1400 acceperit
3236 1329 3493 1401 Spiritum
3524 1340 3775 1385 sanctum

2189 1419 2376 1472 statim
2415 1418 2634 1475 habebit
2680 1430 2732 1474 et
2762 1421 2992 1491 gratiam
3035 1422 3355 1491 spiritalem,
3388 1423 3480 1477 sed
3521 1438 3620 1493 per
3641 1421 3778 1477 εσυ-

2189 1509 2396 1563 sionem
2437 1508 2672 1581 Spiritus
2704 1512 2877 1566 sancti
2929 1512 3172 1567 diversas
3198 1513 3401 1583 gratias
3434 1496 3775 1582 consequen-

2193 1611 2299 1667 tur,
2337 1600 2424 1656 alii
2456 1603 2794 1673 prophetiam
2822 1611 2879 1657 ut
2909 1600 3002 1658 lilii
3030 1611 3086 1659 et
3116 1603 3237 1659 lilitn
3263 1604 3353 1674 qui
3384 1603 3606 1672 majoris
3645 1613 3774 1659 sunt

2193 1692 2391 1756 meriti,
2432 1692 2521 1746 alii
2551 1693 2757 1748 somnia
2788 1701 2846 1747 ut
2882 1708 3040 1748 senes
3060 1692 3173 1763 jam
3199 1695 3554 1763 provectioris
3576 1696 3779 1760 astatis,

578 1787 642 1842 Et
676 1806 909 1844 reversus
943 1798 1017 1843 est
1049 1790 1264 1861 spiritus
1294 1790 1427 1860 ejus,
1449 1799 1497 1844 et
1520 1790 1800 1845 resurrexit
1821 1789 2087 1844 continuo.
2120 1781 2168 1841 B
2196 1784 2284 1839 alii
2312 1784 2647 1839 visitationes
2673 1786 2732 1839 ut
2771 1784 2999 1855 juvenes
3031 1786 3120 1856 qui
3152 1787 3396 1841 vicerunt
3443 1787 3777 1859 malignum;

502 1878 719 1935 Marcus
756 1881 830 1934 ita
861 1881 1012 1947 dicit,
1042 1890 1090 1936 et
1122 1882 1395 1951 confestim
1427 1884 1654 1939 surrexit
1678 1881 1879 1954 puella,
1911 1891 1959 1937 et
1983 1899 2093 1937 am-

502 1971 701 2025 bulavit
727 1972 1080 2041 spiritualiter
1104 1972 1407 2039 insinuans,
1426 1975 1549 2044 quia
1590 1975 1835 2046 quisquis
1864 1991 1894 2029 a
1920 1968 2093 2030 morte

502 2062 700 2115 animae
732 2061 950 2117 Christo
988 2063 1089 2118 sibi
1149 2079 1369 2119 manum
1412 2064 1754 2120 confortante
1801 2064 2090 2135 resipiscit,

502 2169 608 2208 non
643 2156 802 2209 modo
833 2169 863 2208 a
896 2155 1146 2211 sordibus
1169 2172 1461 2225 exsurgere
1511 2156 1785 2219 vitiorum,
1819 2157 1913 2212 sed
1946 2162 2001 2211 et
2035 2157 2091 2211 in

501 2246 659 2302 bouis
685 2246 941 2302 continuo
966 2246 1229 2316 perlicere
1251 2246 1413 2302 debet
1440 2248 1718 2317 operibus.

576 2338 640 2393 Et
657 2340 821 2410 jussit
844 2339 924 2393 illi
962 2339 1082 2393 dari
1106 2338 1447 2394 manducare.
1481 2340 1550 2393 At
1587 2337 1952 2393 testimonium
1975 2338 2095 2407 qui-

500 2429 621 2483 dem
654 2429 778 2484 vitat
806 2429 1185 2485 resuscitatam
1230 2429 1560 2485 manducare
1583 2429 1848 2499 praecipit,
1899 2438 1958 2483 ut
1987 2444 2092 2485 non

497 2518 950 2588 phantasma,sed
978 2519 1181 2574 veritas
1224 2519 1559 2575 crederetur.
1590 2518 1697 2574 Sed
1728 2522 1783 2574 et
1828 2518 1874 2573 si
1905 2519 2027 2588 quis
2061 2533 2090 2573 a

499 2609 727 2682 spiritali
767 2619 941 2666 morte
992 2611 1309 2673 surrexerit,
1365 2611 1573 2667 ccelesti
1611 2626 1834 2667 necesse
1857 2619 1940 2666 est
1966 2626 2090 2665 mox

501 2715 644 2771 pane
680 2702 929 2766 satietur,
957 2709 1012 2756 et
1039 2701 1204 2755 divini
1252 2701 1460 2765 scilicet
1488 2702 1639 2757 verbi
1670 2710 1725 2756 et
1762 2701 2093 2757 sacrosancti

500 2791 689 2847 altaris
718 2793 989 2863 particeps
1016 2791 1259 2864 ellectus.

576 2882 995 2955 Etstupuerunt.
1026 2883 1217 2952 inquit,
1254 2892 1494 2953 parentes
1546 2883 1684 2953 ejus,
1731 2884 1923 2955 quibus
1950 2900 2090 2954 prte-

503 2974 627 3047 cipit
665 2993 727 3030 ne
774 2974 937 3032 alicui
982 2975 1211 3029 dicerent
1258 2976 1397 3048 quod
1441 2976 1640 3045 factum
1680 2988 1813 3031 erat.
1870 2974 2094 3034 Iuvenis

504 3078 658 3123 extra
682 3078 917 3140 portam,
944 3069 1099 3124 turba
1125 3067 1289 3122 multa
1311 3070 1606 3124 comitante
1633 3078 1796 3141 atque
1823 3070 2089 3138 intuente,

503 3158 819 3214 Buscilatur.
853 3157 1097 3213 Lazarus
1132 3157 1198 3213 de
1222 3168 1571 3214 monumento
1597 3168 1819 3214 vocatus
1864 3158 1918 3215 in
1966 3167 2087 3215 tan-
2116 3135 2161 3199 C

504 3259 618 3304 tum
645 3248 856 3320 populis
881 3249 1117 3305 innotuit
1142 3259 1201 3304 ut
1222 3249 1291 3305 ob
1324 3266 1513 3306 eorum
1541 3251 1633 3321 qui
1664 3251 1913 3308 viderunt
1937 3253 2089 3308 testi-

504 3341 766 3406 monium,
795 3341 1039 3413 plurimae
1067 3339 1296 3399 Domino
1324 3342 1492 3400 turbat
1520 3361 1643 3400 cum
1668 3343 1862 3416 palmis
1890 3361 2086 3402 occur—

503 3441 708 3499 rerent,
737 3442 793 3488 et
839 3434 990 3489 multi
1020 3444 1243 3507 propter
1271 3436 1420 3491 illum
1451 3438 1663 3493 abirent
1710 3453 1777 3494 ex
1804 3437 2006 3494 Iudaeis
2032 3447 2089 3497 et

498 3524 788 3581 crederent
815 3527 868 3581 in
895 3525 1098 3583 Iesum.
1133 3528 1395 3595 Quartum
1443 3546 1573 3587 vero
1597 3540 1869 3587 mortuum
1901 3532 2087 3589 Domi-

506 3630 610 3670 nus
654 3617 939 3671 nuntiante
986 3616 1252 3687 discipulo
1296 3618 1561 3690 agnoscit,
1592 3621 1687 3675 sed
1714 3620 1839 3689 quia
1872 3622 1961 3691 qui
1990 3637 2090 3693 pro

502 3704 622 3774 ejus
656 3709 934 3778 ereptione
956 3708 1243 3765 Dominum
1273 3722 1625 3782 precarentur
1649 3712 1756 3767 vivi
1782 3712 2087 3778 defuerant,

505 3797 730 3864 dimitte,
758 3800 956 3870 inquit,
988 3810 1043 3854 ut
1071 3803 1263 3856 mortui
1301 3802 1552 3873 sepeliant
1582 3814 1814 3858 mortuos
1851 3822 1995 3872 suos,
2036 3805 2089 3861 id

502 3896 611 3951 est,
637 3886 763 3941 mali
789 3888 959 3944 malos
987 3891 1162 3945 noxiis
1194 3891 1441 3949 laudibus
1482 3904 1726 3967 gravent,
1754 3905 1809 3950 et
1830 3898 1955 3967 quia
1982 3913 2089 3954 non

504 3981 662 4035 adest
690 3980 871 4049 justus
928 3981 1020 4051 qui
1072 3984 1329 4053 corripiat
1383 3986 1435 4039 in
1490 3988 1883 4055 misericordia,
1909 3989 2088 4045 oleum

500 4069 807 4141 peccatoris
864 4069 1163 4141 impinguet
1222 4082 1384 4143 caput
1438 4091 1617 4130 suum.
1670 4077 1881 4134 Iustum
1925 4088 2103 4137 estet

501 4160 656 4216 valde
690 4160 1011 4231 condignum
1060 4169 1118 4215 ut
1170 4163 1438 4218 conditori
1493 4174 1548 4219 et
1578 4166 1844 4223 Salvatori
1905 4178 2090 4227 nostro

501 4249 629 4309 Iesu
656 4253 876 4309 Christo
903 4253 1116 4310 debitas
1169 4254 1355 4311 laudes
1404 4257 1648 4315 dicamus
1678 4270 1732 4315 et
1780 4263 1985 4333 gratias
2014 4264 2088 4320 illi

504 4344 560 4399 in
594 4345 849 4401 omnibus
896 4344 1221 4412 referamus,
1249 4356 1307 4402 et
1342 4364 1440 4418 pro
1469 4349 1746 4409 beneﬂciis
1775 4354 1889 4411 suis
1927 4365 2090 4427 atque

502 4438 662 4494 donis
686 4438 1021 4508 gratulantes
1055 4439 1231 4495 devoti
1260 4440 1313 4494 in
1350 4439 1467 4510 ejus
1495 4443 1720 4499 servitio
1747 4461 1916 4516 usque
1938 4448 1993 4503 in
2020 4449 2085 4504 li—

2193 1875 2335 1931 servi
2382 1891 2512 1932 vero
2554 1884 2609 1931 et
2659 1876 2863 1932 ancilla:
2892 1877 2984 1947 qui
3038 1877 3213 1933 adhuc
3266 1877 3529 1947 Spiritum
3565 1877 3786 1933 timoris

2195 1968 2398 2023 habent
2419 1977 2474 2023 et
2499 1985 2604 2023 non
2636 1969 2959 2037 dilectionis,
2987 1970 3111 2041 quia
3152 1970 3412 2042 perfectio
3444 1970 3590 2027 foras
3614 1972 3785 2026 mittit

2194 2059 2442 2114 timorem
2466 2101 2479 2124 ,
2515 2076 2622 2116 non
2675 2061 2947 2118 habebunt
2989 2064 3350 2134 prophetiam,
3385 2080 3493 2120 non
3544 2066 3782 2130 somnia.

2194 2166 2300 2205 non
2327 2151 2583 2218 visiones,
2634 2153 2727 2208 sed
2754 2152 2988 2224 Spiritus
3017 2156 3190 2209 sancti
3219 2151 3481 2211 effusione
3511 2157 3788 2221 contenti,

2196 2236 2319 2296 ﬁdei
2371 2250 2579 2298 tantum
2614 2253 2668 2299 et
2718 2245 2909 2301 salutis
2938 2247 3169 2318 gratiam
3216 2249 3590 2319 possidebunt.
3623 2248 3785 2306 Tunc

2194 2331 2341 2387 dabit
2362 2334 2607 2405 prodigia
2639 2335 2895 2392 Dominus
2924 2338 2977 2392 in
3009 2336 3134 2391 celo
3159 2348 3205 2391 et
3234 2336 3289 2391 in
3313 2346 3454 2392 terra
3484 2355 3502 2391 :
3534 2338 3587 2393 in
3615 2338 3786 2414 coelo,

2193 2424 2319 2493 quia
2370 2425 2448 2479 sol
2500 2434 2584 2481 est
2612 2442 2801 2482 versus
2845 2427 2897 2482 in
2938 2429 3213 2494 tenebras,
3243 2432 3297 2483 et
3320 2429 3443 2482 luna
3468 2428 3522 2483 in
3556 2430 3779 2500 sangui-

2196 2532 2356 2582 nem;
2390 2517 2443 2571 in
2474 2526 2636 2583 terra,
2685 2521 2810 2590 quia
2836 2532 2944 2575 tam
2979 2521 3283 2577 vehementi
3313 2530 3367 2577 et
3396 2522 3612 2578 insolito
3664 2539 3783 2579 mo-

2196 2616 2249 2662 tu
2285 2615 2429 2663 terra
2460 2612 2786 2666 contremuit
2835 2620 2894 2666 ut
2946 2621 3293 2667 monumenta
3330 2621 3515 2683 aperta
3565 2624 3622 2668 et
3648 2630 3783 2669 saxa

2195 2698 2436 2770 disrupta
2467 2701 2599 2765 sint,
2626 2702 2769 2770 quod
2795 2711 2974 2757 autem
3007 2701 3137 2758 dicit
3166 2704 3481 2775 sanguinem
3518 2705 3784 2776 eLignem

2194 2797 2249 2844 et
2278 2805 2527 2859 vaporem
2558 2791 2671 2846 sive
2703 2807 2957 2861 pavorem
2990 2792 3145 2858 fumi,
3208 2795 3427 2867 sanguis
3470 2794 3558 2850 ille
3582 2804 3689 2859 est,
3716 2794 3783 2850 de

2194 2896 2301 2951 quo
2346 2890 2401 2935 et
2441 2882 2496 2936 in
2542 2881 2824 2938 Psalmista
2881 2883 3109 2956 legimus
3152 2903 3166 2939 :
3220 2883 3285 2939 Ut
3347 2887 3642 2957 intingatur
3692 2903 3785 2956 pes

2194 2983 2314 3028 tuus
2336 2974 2390 3027 in
2432 2974 2709 3045 sanguine,
2754 2985 2804 3032 et
2838 2974 2889 3029 in
2920 2975 3053 3030 Isaia
3085 2995 3097 3029 :
3134 2976 3304 3042 Quam
3336 2976 3628 3030 rubicunda
3659 2987 3784 3030 sunt

2196 3062 2501 3117 vestimenta
2525 3072 2641 3128 tua,
2679 3072 2735 3118 et
2779 3079 2937 3133 quem
2977 3081 3234 3135 percusso
3262 3065 3430 3121 latere
3482 3064 3787 3119 Salvatoris

2192 3154 2366 3210 mistis
2391 3155 2547 3225 aquis
2583 3154 2861 3211 Romanus
2911 3157 3063 3212 miles
3092 3154 3300 3224 elTudit,
3339 3166 3393 3213 et
3439 3157 3579 3228 ignis
3604 3158 3755 3228 Spiri

2191 3251 2279 3299 tus
2304 3246 2473 3301 sancti
2497 3246 2589 3316 qui
2619 3246 2899 3303 descendit
2934 3248 3000 3302 de
3035 3249 3195 3315 cuzlo,
3222 3257 3276 3303 et
3308 3248 3362 3302 in
3391 3248 3615 3305 Actibus
3653 3267 3782 3322 apo

2190 3335 2449 3391 stolorum
2516 3336 2741 3407 legimus
2793 3356 2805 3390 :
2876 3336 3244 3408 Apparuerunt
3303 3337 3408 3392 illis
3483 3339 3783 3410 dispertita:

2189 3426 2407 3497 linguae,
2431 3435 2682 3493 tanquam
2704 3426 2842 3498 ignis
2868 3426 3101 3498 seditque
3124 3443 3284 3497 supra
3305 3427 3540 3499 singulos
3556 3446 3745 3485 eorum
3765 3446 3788 3484 :

2190 3526 2239 3572 et
2270 3517 2449 3589 repleti
2473 3528 2591 3573 sunt
2614 3534 2790 3574 omnes
2825 3516 3028 3589 Spiritu
3056 3529 3236 3574 sancto
3261 3529 3309 3574 et
3348 3533 3611 3593 eruperunt
3633 3522 3791 3595 loqui

2191 3607 2312 3663 aliis
2340 3608 2532 3679 linguis
2569 3618 2723 3680 prout
2768 3608 3000 3680 Spiritus
3021 3620 3234 3665 sanctus
3258 3611 3417 3666 dabat
3445 3614 3619 3686 eloqui
3644 3616 3785 3672 illis.

2191 3695 2383 3753 Ilicest
2395 3697 2531 3769 ignis
2545 3714 2703 3768 quem
2719 3700 2863 3754 venit
2877 3699 3136 3756 Dominus
3150 3700 3365 3755 mittere
3378 3710 3540 3773 super
3552 3712 3788 3773 terram,

2190 3797 2246 3845 et
2272 3799 2559 3860 antequam
2587 3793 2937 3861 patereturin
2976 3792 3252 3863 discipulis
3288 3796 3510 3866 optabat
3557 3798 3782 3855 ardere.

2192 3879 2283 3935 Sol
2311 3897 2526 3951 quoque
2552 3893 2634 3938 est
2664 3899 2855 3939 versus
2881 3884 2933 3939 in
2989 3885 3261 3951 tenebras,
3289 3889 3504 3957 quando
3533 3891 3783 3960 penden-

2193 3980 2301 4026 tem
2334 3972 2619 4028 Dominum
2649 3987 2803 4028 suum
2841 3974 3025 4029 videre
3059 3990 3165 4030 non
3200 3992 3362 4032 ausus
3408 3988 3509 4034 est.
3540 3979 3609 4034 Et
3653 3980 3785 4037 luna

2192 4066 2246 4121 in
2309 4065 2626 4136 sanguinem
2658 4084 2671 4120 :
2701 4066 2843 4137 quod
2889 4067 3045 4137 juxta
3100 4067 3382 4124 historiam
3420 4069 3626 4127 factum
3661 4086 3788 4131 esse

2191 4158 2481 4214 credamus
2509 4165 2565 4212 et
2596 4158 2665 4212 ab
2689 4156 3036 4229 evangelistis
3081 4159 3297 4215 silentio
3328 4163 3784 4231 pnetermissum.

2192 4246 2376 4319 Neque
2408 4248 2551 4302 enim
2592 4247 2770 4303 omnia
2795 4264 2914 4318 qua:
2946 4247 3073 4304 fecit
3095 4249 3255 4305 Jesus
3284 4252 3485 4319 scripta
3530 4253 3783 4310 relerun-

2192 4350 2280 4394 tur
2305 4356 2318 4393 :
2354 4337 2484 4404 Qua!
2512 4338 2557 4392 si
2581 4338 2878 4393 scribantur
2898 4356 2993 4410 per
3016 4340 3246 4411 singula,
3271 4359 3334 4397 ne
3367 4344 3537 4413 ipsum
3560 4344 3785 4415 quidem

2190 4430 2420 4484 arbitror
2448 4429 2700 4501 mundum
2729 4443 2911 4501 capere
2938 4448 3024 4485 eos
3046 4432 3135 4503 qui
3159 4434 3419 4489 scribendi
3445 4446 3569 4491 sunt
3587 4435 3779 4493 libros.

504 4545 629 4585 “em
665 4490 1093 4602 pzmmremus'
1122 4532 1250 4602 quia
1280 4532 1326 4587 si
1362 4490 1466 4589 ᾖοο
1489 4532 1601 4600 ﬁet,
1628 4490 2088 4607 ΒευδίίΊοωιεειίε
2116 4490 2167 4551 D
2197 4520 2322 4577 llaec
2346 4520 2527 4576 omnia
2556 4520 2867 4592 priusquam
2918 4521 3034 4577 dies
3081 4522 3290 4579 Domini
3341 4526 3523 4580 veniat
3553 4542 3783 4599 magnus

505 4634 629 4674 cum
679 4620 884 4675 sanctis
920 4620 1132 4691 angelis
1182 4617 1298 4690 ejus
1346 4621 1399 4676 in
1439 4631 1755 4693 perpetuum
1799 4629 2090 4700 participes

503 4710 710 4765 erimus
742 4720 1032 4780 praestante
1066 4712 1180 4782 ipso
1200 4714 1293 4783 qui
1323 4714 1456 4770 vivit
1481 4725 1538 4772 et
1571 4727 1762 4790 regnat
1785 4736 1883 4792 per
1906 4725 2089 4781 omnia

505 4799 701 4856 smcula
731 4799 1072 4857 seculorum.
1102 4803 1299 4860 Amen.

972 4909 1252 4978 HOMILIA
1291 4913 1620 4972 LXXXVIII.

789 4995 1024 5037 SABBA'I'O
1051 4998 1104 5036 IN
1126 4999 1393 5041 DUODECII
1424 5002 1793 5047 LECTIONIBUS.

956 5071 1145 5129 Lectio
1168 5072 1334 5131 Joelis
1357 5081 1653 5151 propheta.

582 5155 711 5213 Hac
766 5159 892 5215 dicit
945 5160 1203 5218 Dominus
1248 5164 1389 5221 Deus
1431 5184 1450 5222 :
1504 5168 1796 5240 Eﬁ'undam
1849 5178 2090 5248 spiritum

507 5267 685 5306 meum
731 5269 889 5324 super
933 5270 1135 5311 onmem
1188 5271 1398 5312 carnem
1428 5273 1447 5313 :
1474 5271 1522 5316 et
1565 5265 1944 5336 propltetabunt
1989 5271 2092 5338 ﬁlii

500 5343 661 5401 vestri
678 5355 726 5399 et
753 5344 880 5415 ﬁlia:
896 5354 1124 5419 \vestrte;
1156 5362 1303 5403 senes
1325 5352 1476 5405 uestri
1501 5356 1705 5410 somnia
1733 5360 2087 5427 sontniabunt,

503 5446 554 5491 et
567 5435 791 5507 juvenes
817 5439 974 5492 vestri
1023 5440 1245 5494 visiones
1286 5441 1549 5498 videbunt.
1588 5444 1697 5502 Sed
1721 5459 1769 5503 et
1802 5468 1959 5521 super
1980 5470 2091 5507 ser-

504 5540 593 5579 vos
618 5542 759 5581 meos
803 5536 853 5581 et
887 5526 1111 5582 ancillas
1136 5545 1279 5584 meas
1318 5531 1585 5601 e/fundam
1628 5538 1867 5608 spiritum
1894 5559 2085 5599 nteant.

507 5614 577 5705 Et
613 5618 750 5674 dabo
788 5620 1029 5692 prodigia
1073 5621 1127 5677 in
1166 5622 1293 5678 σιεΙο
1322 5633 1371 5678 ει
1394 5625 1448 5679 in
1486 5634 1652 5696 terra,
1698 5636 2013 5705 sanguinem
2038 5653 2087 5694 et

506 5702 679 5775 ignem
698 5718 747 5765 et
773 5726 1011 5782 vaporem
1038 5711 1190 5783 fumi.
1234 5712 1329 5770 Sol
1363 5728 1685 5776 convertetur
1730 5724 1782 5780 in
1802 5702 2087 5798 vtencbras,

2196 4620 2251 4667 et
2302 4612 2577 4667 horribilis
2614 4611 2796 4666 futura
2852 4612 3130 4678 describit,
3171 4614 3289 4671 dies
3336 4625 3517 4671 autem
3564 4618 3783 4676 Domini

2197 4716 2427 4771 magnus
2455 4708 2510 4756 et
2566 4699 2864 4767 horribilis,
2912 4711 3005 4757 aut
3042 4705 3456 4761 resurrectionis
3499 4721 3624 4762 esse
3659 4722 3785 4763 cro.-

2196 4794 2403 4859 dendus
2431 4801 2535 4859 est,
2563 4802 2658 4848 aut
2689 4801 2837 4849 certe
2860 4794 3029 4849 multa
3067 4804 3187 4865 post
3218 4805 3459 4868 tempora
3484 4797 3601 4853 dics
3632 4797 3786 4869 judi-

2196 4886 2265 4941 cii
2301 4886 2393 4956 qui
2425 4902 2551 4941 vere
2581 4902 2811 4958 magnus
2838 4894 2922 4943 est
2966 4895 3021 4942 et
3047 4887 3343 4944 horribilis.
3377 4887 3483 4945 Sed
3514 4892 3666 4961 quod
3697 4908 3787 4949 sc-

2195 4983 2395 5053 quitur,
2425 4991 2474 5035 et
2521 4981 2619 5035 erit
2649 4982 2818 5036 omnis
2859 4982 2950 5053 qui
3000 4982 3312 5038 invocaverit
3344 5000 3532 5039 nomen
3567 4983 3791 5042 Domini

2190 5070 2365 5128 salvus
2394 5072 2512 5137 erit,
2560 5081 2617 5128 et
2647 5072 2752 5128 hoc
2796 5070 3072 5143 apostolus
3096 5073 3295 5132 Paulus
3336 5074 3510 5132 refert
3541 5075 3613 5131 ad
3643 5087 3792 5133 tem-

2191 5179 2293 5233 pus
2317 5161 2609 5217 Dominica:
2636 5163 2927 5233 passionis,
2958 5164 3132 5237 magis
3157 5165 3224 5222 de
3246 5145 3672 5224 restIrrectionis
3700 5168 3801 5225 die

2193 5252 2597 5324 intelligendum
2632 5263 2739 5309 est.

2655 5364 2938 5421 HOMILIA
2980 5367 3270 5424 LXXXIX.

2743 5472 2795 5512 IN
2820 5473 2996 5513 eoos!
3026 5474 3215 5515 πετο.

2668 5546 2855 5604 Lectio
2882 5549 3005 5607 libri
3033 5550 3280 5607 Levitici.

2268 5637 2333 5692 In
2361 5639 2541 5694 diebus
2571 5639 2677 5695 illis
2698 5640 2903 5695 locutus
2932 5653 3007 5698 est
3027 5642 3286 5698 Dominus
3312 5643 3383 5698 ad
3429 5641 3678 5717 Moysen,
3708 5649 3807 5704 di-

2197 5747 2316 5786 cens
2347 5748 2358 5784 :
2392 5728 2626 5801 Loquere
2645 5730 2771 5803 [iliis
2806 5730 2996 5797 Israel,
3028 5742 3077 5787 et
3106 5732 3245 5788 dices
3288 5731 3359 5787 ad
3382 5750 3467 5790 eos
3490 5749 3511 5790 .‘
3543 5734 3682 5791 Cum
3711 5739 3805 5794 in-
