3946 6170
224 302 308 369 3l'l
1290 305 1602 364 HOMILIE
1637 302 1706 361 ια
1747 302 1999 361 EVANG.
2040 302 2128 357 ET
2170 300 2384 357 EPIST.

222 419 372 494 gressi
400 417 608 487 fueritis
660 430 855 472 terram
904 435 1061 488 quam
1092 434 1187 489 ego
1212 419 1350 472 dabo
1392 418 1555 481 vobis,
1583 426 1632 472 et
1662 432 1796 472 mes-
1825 419 1871 478 Α
1899 412 1994 479 lat,
2021 414 2116 468 sed
2150 423 2206 469 et
2258 412 2325 468 de
2368 413 2471 467 hoc
2516 410 2773 481 primum,
2828 408 3020 479 inquit,
3062 417 3116 465 et
3142 409 3481 481 appellabitis

221 513 419 568 mritis
451 521 695 581 segetem,
733 511 909 578 feretis
939 512 1234 583 manipulos
1276 513 1563 581 spicarum,
1606 511 1792 581 primi-

223 617 313 660 tias
336 604 517 659 messis
557 613 744 658 uestris
772 602 842 657 ad
875 602 1220 658 sacerdotem.
1253 602 1359 668 Qui
1385 602 1602 658 eleualtit
1628 603 1795 672 [asci-

223 692 388 749 culuut
429 708 613 749 coram
645 691 871 747 Domino
916 702 973 746 ut
1017 693 1350 763 acceptabilis
1403 693 1467 747 sit
1514 709 1610 762 pro
1631 691 1792 758 vobis,

221 794 317 840 etc.

280 874 504 931 Terram
534 888 567 928 a
604 873 831 929 Domino
873 872 1059 929 datam
1087 872 1458 944 evangelicam
1486 871 1792 927 doctrinam

221 978 268 1024 et
290 965 760 1022 conversationem
805 965 1118 1035 frequenter
1142 963 1462 1020 docuimus:
1496 964 1613 1033 ipSa
1648 962 1794 1018 enim

223 1073 353 1119 terra
407 1062 608 1118 dicitur
656 1068 881 1131 propter
925 1059 1136 1116 fructus
1194 1058 1456 1114 virtutum
1482 1072 1604 1128 qua:
1635 1073 1701 1111 ex
1729 1072 1795 1111 ea

220 1152 480 1216 oriuntur,
508 1151 576 1206 ab
602 1152 720 1220 ipso
772 1159 952 1205 autem
977 1149 1103 1206 data
1129 1157 1249 1215 est;
1280 1164 1457 1219 neque
1482 1148 1629 1203 enim
1675 1161 1796 1202 me-

221 1243 421 1298 diatore
448 1239 518 1295 ad
549 1241 691 1295 hanc
736 1255 867 1295 usus
910 1248 1015 1306 est,
1040 1239 1137 1296 sed
1165 1240 1387 1311 proprio
1436 1254 1557 1295 eam
1582 1254 1795 1293 annun—

221 1333 363 1388 tiavit
390 1347 508 1387 ore.
538 1328 765 1399 Quando
787 1345 920 1401 ergo
946 1330 1177 1401 ingressi
1224 1339 1351 1386 sunt
1376 1339 1433 1384 et
1453 1336 1798 1385 messuerunt

116 1498 119 1501 _
220 1435 423 1491 segetes
448 1423 568 1494 ejus
614 1423 670 1478 hi
716 1421 809 1491 qui
857 1431 1216 1492 susceperunt
1269 1421 1506 1479 salutare
1548 1421 1793 1475 verbum.

219 1512 288 1567 illi
306 1512 457 1568 enim
486 1520 615 1568 sunt
664 1520 721 1568 et
747 1525 1018 1568 messores
1068 1511 1424 1597 intelligibilis
1474 1510 1696 1582 segetis,
1727 1510 1798 1565 ad

220 1618 347 1675 quos
376 1602 639 1662 Dominus
682 1603 938 1658 diccbat:
972 1601 1160 1657 Messis
1201 1600 1413 1672 quidem
1453 1600 1640 1668 multa,
1677 1616 1799 1671 ope-

222 1698 342 1751 rarii
369 1705 548 1750 autem
590 1696 766 1765 pauci.
793 1694 994 1766 Rogate
1036 1711 1159 1766 ergo
1209 1694 1493 1749 Dominum
1521 1694 1701 1748 messis
1741 1702 1797 1747 ut

1895 510 2034 563 hunc
2057 506 2194 560 diem
2215 503 2629 567 celeberrimum,
2667 512 2724 556 et
2749 510 2873 571 post
2894 501 3000 556 hoc
3023 510 3178 571 atque
3207 500 3476 556 sanctissi-

1896 615 2061 664 mum,
2091 605 2153 652 ut
2171 597 2223 650 in
2251 610 2317 651 eo
2342 607 2699 666 cognosceres
2720 591 2849 662 quid
2872 606 2995 646 cum
3023 590 3147 646 aliis
3172 606 3481 654 commune,
3508 630 3518 647 .

1895 698 1952 746 et
1972 688 2101 759 quid
2130 687 2182 742 in
2214 702 2273 743 se
2299 685 2577 757 proprium
2605 684 2788 739 habet.
2832 683 2891 738 In
2923 682 3041 753 ipso
3069 683 3213 740 enim
3239 682 3480 754 gentium

1895 780 2107 836 vocatio
2155 794 2261 834 non
2292 777 2572 847 prmdicari
2599 776 2795 840 solum,
2826 775 2921 831 sed
2946 784 3004 831 et
3033 774 3246 846 operari
3284 773 3477 843 coepit,

1896 873 2112 943 quando
2158 870 2368 935 Parthi,
2409 878 2468 925 et
2501 869 2663 933 Medi,
2713 877 2772 923 et
2805 868 3072 932 Elamitm,
3107 876 3161 925 et
3190 868 3282 937 qui
3321 867 3479 922 habi-

1896 967 2085 1021 tabant
2108 963 2573 1033 Mesopotamiam,
2598 960 2839 1017 Judaeum
2865 970 2921 1016 et
2941 961 3333 1033 Pamphyliam.
3358 976 3481 1016 orno

1896 1072 2102 1127 aesque
2135 1056 2356 1124 reliqum
2383 1061 2573 1125 gentes
2601 1068 2738 1123 quas
2772 1053 2944 1108 Lucas
2970 1052 3349 1114 dinumeravit,
3380 1065 3484 1105 au-

1897 1149 2013 1205 dire
2061 1146 2349 1218 Apostolus
2383 1144 2581 1216 linguis
2615 1144 2728 1199 suis
2772 1142 3042 1215 magnalia
3076 1142 3172 1198 Dei
3203 1142 3482 1212 loquentes

1896 1240 2359 1310 praedicantesque
2389 1244 2692 1308 coeperunt.
2720 1236 2936 1291 Nullum
2963 1251 3095 1308 ergo
3119 1251 3256 1306 opus
3288 1235 3485 1292 servile

1896 1334 1950 1387 in
1980 1332 2070 1386 illo
2107 1331 2195 1386 die
2223 1330 2507 1395 faciamus,
2545 1328 2599 1384 id
2627 1336 2732 1394 est,
2761 1328 2905 1399 quod
2930 1327 2998 1383 ad
3025 1329 3342 1384 servitutem
3365 1343 3482 1397 pee-

1898 1425 2055 1489 tinet,
2090 1424 2186 1478 sed
2243 1422 2542 1493 legitimum
2593 1421 2985 1490 sempiternum
3036 1419 3093 1474 in
3147 1420 3359 1475 cunctis
3386 1418 3478 1473 ha-

1896 1514 2148 1573 bitaculis
2171 1522 2228 1569 et
2258 1511 2705 1584 generationibus
2758 1510 2960 1567 nostris
3015 1524 3316 1574 servemus,
3348 1507 3482 1562 nihil

1897 1606 2094 1663 servile
2126 1605 2460 1676 operandum
2484 1603 2539 1657 in
2564 1612 2807 1673 tempore
2834 1617 2943 1673 quo
2969 1602 3039 1658 ad
3061 1616 3162 1658 nos
3184 1601 3333 1656 venit
3355 1598 3481 1669 Spi-

1899 1699 2056 1763 ritus,
2084 1697 2211 1767 quia
2241 1695 2330 1750 ubi
2363 1694 2599 1765 Spiritus
2614 1694 2853 1758 Domini,
2878 1692 2952 1747 ibi
2979 1692 3225 1758 libertas,
3252 1692 3338 1747 cui
3359 1705 3483 1746 cum

220 1790 383 1842 mittat
404 1787 677 1858 operarios
704 1788 758 1840 in
796 1802 1015 1841 messem
1042 1802 1215 1841 suam.
1248 1784 1579 1856 Manipulum
1610 1793 1795 1840 autem
1824 1773 1872 1833 Β
1898 1789 2078 1852 Patre,
2111 1795 2167 1843 et
2192 1786 2332 1842 Fitio
2356 1786 2496 1850 laus,
2525 1786 2700 1840 honor
2724 1794 2780 1838 et
2806 1783 2975 1855 gloria
3006 1783 3362 1855 permanetin
3384 1796 3487 1838 sm-

218 1878 575 1949 primitiarum
605 1876 960 1949 intelligibilis
1001 1876 1268 1932 Sacerdos
1290 1875 1563 1941 Christus,
1598 1890 1801 1945 corpus

218 1969 487 2041 proprium
515 1966 798 2025 oll'erebst.
832 1968 969 2036 Quia
1000 1968 1146 2024 enim
1190 1966 1485 2039 capitulum
1515 1968 1631 2022 sive
1656 1981 1801 2023 sum-

221 2076 298 2117 ma
318 2061 538 2125 messis,
560 2060 711 2116 verbi
745 2060 997 2117 videlicet
1024 2060 1321 2116 Salvatoris
1345 2069 1403 2116 et
1426 2060 1621 2116 divinae
1661 2074 1801 2130 prte-

217 2151 503 2207 dicationis
530 2160 870 2207 mortuorum
895 2159 1018 2207 erat
1046 2151 1396 2218 resurrectio,
1424 2166 1590 2206 verus
1628 2149 1801 2206 mani-

221 2244 369 2314 polus
388 2252 446 2300 et
476 2260 620 2300 vera:
644 2244 897 2315 primitiae
933 2252 1133 2299 nostra:
1158 2243 1353 2299 messis
1383 2252 1511 2299 tunc
1545 2240 1802 2311 intelligi-

218 2335 333 2390 hilis
359 2334 631 2390 Sacerdos
689 2334 940 2389 Christus
969 2349 1165 2414 θοι-ρῳ
1211 2335 1488 2406 proprium
1518 2349 1549 2388 a
1572 2332 1802 2388 mortuis

218 2426 518 2481 suscitavit.
577 2426 656 2481 De
700 2440 811 2494 quo
859 2424 1057 2479 Paulus
1107 2425 1321 2481 dicebat
1363 2442 1377 2478 :
1421 2423 1579 2478 Nunc
1625 2432 1801 2477 autem

218 2513 451 2570 Christus
470 2516 773 2570 resurrexit
796 2534 829 2569 a
853 2515 1073 2569 mortuis
1110 2516 1358 2587 primitiis
1396 2515 1796 2569 dormientium.

219 2606 315 2660 Sed
342 2607 566 2676 quando
608 2607 709 2661 hoc
738 2606 939 2662 factum
969 2607 1094 2661 est?
1128 2605 1307 2660 Altera
1333 2606 1421 2661 die
1466 2605 1688 2659 sabbati.
1731 2604 1799 2659 Et

214 2696 558 2767 sanctiﬁcabit
608 2696 763 2751 illum
831 2697 1107 2764 sacerdos,
1157 2712 1281 2753 esse
1328 2705 1510 2752 autem
1568 2697 1798 2768 primam

217 2787 355 2844 diem
387 2788 685 2843 Dominicis
708 2788 981 2859 passionis
1007 2803 1070 2843 ea
1097 2803 1219 2858 qua:
1262 2796 1389 2843 ante
1435 2788 1540 2843 hoc
1566 2787 1802 2843 diximus

215 2881 584 2947 ostenderunt,
614 2881 668 2935 in
700 2896 805 2951 qna
830 2882 1090 2937 Dominus
1111 2895 1265 2937 suam
1292 2879 1526 2936 hostium
1555 2895 1660 2935 non
1682 2879 1802 2935 sine

217 2970 424 3025 ratione
452 2970 805 3041 dispensavit,
834 2970 903 3025 ab
953 2970 1125 3026 altero
1151 2969 1240 3025 die
1264 2969 1471 3025 sabbati
1523 2970 1800 3024 numerari

216 3060 467 3130 pratccpit
505 3060 894 3131 quinquaginta
924 3061 1062 3127 dies,
1116 3059 1455 3117 Dominicum
1498 3061 1641 3116 diem
1674 3075 1801 3131 pro-

214 3152 296 3206 cul
332 3153 503 3209 dubio
546 3153 736 3209 volens
770 3153 993 3227 intelligi
1020 3170 1034 3221 ;
1068 3155 1158 3211 hic
1182 3155 1327 3209 enim
1378 3162 1461 3210 est
1486 3154 1656 3210 altera
1680 3154 1797 3211 dies

216 3245 465 3317 sabbati:
499 3246 553 3300 in
592 3245 697 3301 hac
742 3246 887 3301 enim
943 3247 1273 3302 resurrectio
1319 3246 1463 3301 facta
1511 3255 1614 3311 est,
1641 3262 1670 3301 a
1694 3262 1799 3317 qua

215 3309 562 3391 hebdomadas
590 3344 950 3392 numerantur
994 3345 1200 3408 septem
1224 3352 1399 3408 usque
1448 3338 1517 3392 ad
1568 3309 1798 3393 alteram

217 3425 352 3481 diem
402 3427 727 3496 expletionis
797 3427 1148 3483 hebdomadas
1197 3428 1463 3499 septimae,
1519 3429 1798 3484 Dominica

220 3533 406 3573 rursus
442 3518 534 3574 die
586 3516 933 3576 Pcntecostes
974 3520 1312 3576 celebramus
1365 3521 1715 3577 festivitatem
1746 3521 1799 3576 in

218 3628 316 3682 qua
344 3612 519 3667 sancti
549 3611 787 3681 Spiritus
810 3614 1100 3668 adventum
1135 3613 1452 3668 meruimus.

285 3702 355 3758 Et
379 3706 459 3757 sic
492 3703 720 3773 olferetis
760 3704 1082 3773 sacriﬁcium
1127 3722 1314 3759 novum
1347 3703 1570 3759 Domino
1593 3722 1657 3760 ea:
1694 3722 1803 3761 om—

222 3796 370 3851 nibus
410 3796 821 3852 habitationibus
845 3797 1048 3859 vestris,
1092 3811 1253 3866 panes
1293 3795 1646 3866 primitiarum
1670 3796 1804 3850 duos

219 3901 284 3941 ea:
305 3886 514 3942 duabus
543 3886 760 3943 decimis
805 3886 993 3943 simila:
1039 3887 1385 3957 fermentum,
1421 3902 1550 3957 quos
1576 3887 1803 3957 coquetis

222 3977 275 4031 in
294 3979 563 4049 primitias
602 3979 833 4034 Domini.
872 3979 1077 4034 Novum
1112 3978 1452 4048 sacriﬁcium,
1484 3979 1694 4045 dicens,
1723 3978 1803 4035 le-

221 4071 304 4141 gis
331 4072 600 4127 sacriﬁcia
628 4080 814 4127 vetera
853 4070 1103 4126 exclusit.
1132 4069 1453 4139 Evangelica
1485 4068 1667 4124 autem
1703 4084 1805 4139 pro

222 4161 332 4216 illis
367 4161 686 4218 introduxit.
723 4162 925 4217 Deinde
952 4159 1155 4215 addens
1181 4158 1247 4214 de
1285 4157 1696 4213 habitationibus
1720 4175 1806 4213 ve-

223 4255 347 4309 stris
371 4254 670 4310 Ecclesiam
697 4252 1045 4323 signiﬁcavit,
1082 4260 1138 4307 et
1165 4266 1334 4322 panes
1368 4251 1583 4322 quidem
1617 4252 1806 4323 primi-

222 4344 420 4399 tiarnm
449 4346 605 4409 duos,
633 4344 685 4398 id
709 4351 815 4409 est,
841 4342 1009 4414 legem
1036 4350 1091 4399 et
1116 4342 1485 4413 Evangelium.
1514 4338 1654 4398 Sunt
1677 4357 1808 4413 ergo

220 4451 287 4489 ex
340 4437 549 4491 duabus
579 4435 803 4491 decimis
831 4434 1024 4490 similae
1071 4434 1429 4499 fermentatus,
1454 4449 1520 4489 ex
1551 4433 1803 4490 doctrina

220 4544 344 4598 qua:
370 4528 664 4599 perfectam
686 4527 786 4582 Dei
810 4526 1150 4582 divinitatem
1198 4533 1254 4581 et
1286 4524 1579 4596 perfectam
1612 4526 1804 4581 huma-

224 4621 449 4676 nitatem
475 4619 664 4683 tradit,
695 4632 796 4673 nec
825 4617 985 4672 aliter
1024 4615 1183 4686 coqui
1233 4616 1337 4672 nisi
1394 4631 1493 4685 per
1519 4617 1678 4671 talem
1706 4617 1806 4673 do-

220 4713 456 4767 ctrinam
508 4711 737 4781 possint.
774 4708 880 4764 Sed
931 4707 1182 4778 primitim
1231 4708 1351 4763 sunt
1395 4705 1664 4762 Domino:
1700 4708 1811 4777 pri-

222 4818 372 4857 mum
401 4802 548 4857 enim
602 4800 860 4855 Dominus
910 4814 1032 4853 cum
1070 4797 1241 4868 legem
1279 4797 1507 4868 perfecit
1532 4804 1581 4852 et
1630 4797 1808 4851 Evan-

221 4892 422 4963 grlium
458 4900 582 4964 post
608 4891 711 4947 hoc
741 4891 968 4946 docuit:
993 4890 1183 4945 Audite
1208 4892 1333 4961 quia
1366 4890 1565 4944 dictum
1613 4899 1689 4944 est
1716 4906 1813 4943 an-

220 4986 404 5056 tiquis,
434 5000 541 5039 non
570 4985 792 5047 occides,
822 5000 916 5053 ego
970 4992 1143 5037 autem
1180 4982 1296 5036 dico
1326 4982 1486 5047 vobis,
1519 4984 1688 5038 omnis
1718 4985 1807 5054 qui

219 5074 474 5129 irascitur
496 5072 652 5155 fratri
677 5090 772 5126 suo
800 5073 911 5127 sine
936 5087 1122 5137 causa,
1146 5090 1261 5127 rcus
1290 5075 1386 5127 erit
1413 5058 1640 5144 judicio.
1664 5073 1809 5130 Con-

218 5164 403 5235 iunxit
440 5167 587 5219 enim
635 5165 727 5220 hic
750 5164 919 5238 legem
950 5164 1240 5237 Evangelio
1274 5175 1494 5237 propter
1522 5168 1663 5238 quod
1695 5167 1812 5237 ejus

222 5257 480 5330 primitiae
505 5256 778 5311 dicuntur.

296 5347 371 5404 Et
394 5348 643 5405 vocabitis
664 5349 803 5402 hunc
831 5346 968 5402 diem
1000 5346 1388 5403 celeberrimum
1418 5358 1573 5421 atque
1595 5350 1817 5405 sanctis-

220 5438 416 5494 simum
440 5453 459 5491 :
500 5455 651 5494 omne
696 5454 825 5509 Opus
864 5438 1047 5493 servile
1073 5455 1176 5493 non
1208 5439 1411 5509 facietis
1455 5442 1509 5495 in
1538 5458 1617 5495 eo.
1658 5440 1810 5513 Legi-

220 5530 415 5584 timum
442 5530 810 5599 sempiternum
840 5530 938 5582 erit
976 5528 1032 5582 in
1089 5529 1289 5583 cunctis
1332 5526 1647 5583 habitaculis
1683 5530 1814 5585 etin

220 5619 650 5690 generationibus
698 5618 899 5673 uestris.
955 5617 1096 5686 Quid
1145 5633 1275 5690 ergo
1300 5619 1353 5675 in
1381 5634 1445 5674 ea
1484 5619 1731 5689 estquod
1759 5620 1813 5676 in

223 5711 315 5767 bis
338 5711 594 5768 excellit:
648 5725 776 5769 ecce
811 5711 955 5768 enim
984 5718 1038 5769 et
1076 5711 1212 5768 alios
1238 5711 1352 5769 dics
1381 5718 1600 5769 sanctos
1625 5713 1810 5784 appel-

1836 4484 1885 4544 D

1898 1881 2017 1937 cula
2046 1878 2387 1936 satculorum.
2419 1877 2615 1931 Amen.

2461 1965 2747 2025 HOMILIA
2778 1965 2890 2022 XC.

2443 2076 2497 2117 IN
2522 2075 2700 2118 BODEI
2731 2073 2919 2114 πετο.

2212 2182 2223 2187 -
2290 2152 2475 2210 Lectio
2504 2153 2628 2208 libri
2655 2148 3082 2207 Deuteronomii.

1970 2247 2037 2302 In
2080 2245 2260 2302 diebus
2298 2244 2406 2299 illis
2441 2243 2576 2299 dixit
2627 2242 2879 2315 Moyses:
2906 2240 3068 2306 Audi,
3123 2238 3318 2307 Israel,
3369 2254 3488 2311 qua!

1899 2355 1993 2410 ego
2034 2337 2280 2409 prtecipio
2332 2335 2427 2390 tibi
2466 2335 2663 2399 hodie;
2721 2350 2839 2388 cum
2884 2333 3161 2387 intraveris
3197 2332 3253 2386 in
3289 2339 3486 2386 terram

1899 2448 2057 2502 quam
2101 2429 2361 2484 Dominus
2406 2427 2550 2482 Deus
2594 2437 2717 2481 tuus
2747 2426 2845 2480 tibi
2868 2426 3092 2480 daturus
3118 2435 3194 2479 est
3219 2424 3489 2496 possiden-

1900 2522 2041 2582 dam,
2068 2530 2117 2574 et
2143 2519 2425 2574 obtinueris
2451 2535 2566 2572 eam
2613 2527 2768 2589 atque
2794 2516 3108 2571 habitaveris
3135 2515 3189 2569 in
3214 2513 3308 2569 illa
3333 2528 3352 2566 :
3381 2514 3488 2569 tol-

1900 2611 1974 2667 les
1994 2614 2058 2667 de
2080 2612 2279 2666 cunctis
2325 2611 2562 2682 frugibus
2585 2611 2689 2664 tuis
2731 2608 2993 2679 primitias
3016 2618 3064 2662 et
3090 2623 3246 2678 pones
3272 2608 3324 2663 in
3354 2622 3479 2661 car-

1902 2702 2048 2769 tallo,
2089 2718 2369 2774 pergesque
2395 2701 2466 2756 ad
2509 2700 2680 2755 locum
2712 2716 2866 2771 quem
2910 2698 3168 2753 Dominus
3198 2696 3337 2752 Deus
3363 2707 3485 2753 tuus

1901 2793 2111 2864 elegerit
2142 2802 2199 2848 ut
2234 2793 2305 2847 ibi
2328 2793 2597 2847 invocetur
2618 2806 2806 2845 nomen
2827 2790 2961 2858 eius,
2988 2799 3097 2845 etc.

1974 2885 2081 2939 Per
2118 2883 2234 2940 hmo
2288 2885 2452 2938 verba
2506 2883 2702 2954 quibus
2760 2883 3172 2938 instruebantur
3229 2881 3487 2938 Israelita:

1903 2975 2172 3045 quomodo
2218 2974 2273 3028 in
2327 2981 2471 3028 terra
2523 2971 2883 3043 possessionis
2926 2986 3040 3026 sua:
3087 2971 3357 3042 primitias
3387 2971 3488 3025 Do-

1904 3067 2051 3122 mino
2072 3064 2329 3121 offerrent
2353 3065 2407 3119 in
2454 3063 2680 3119 cartallo
2722 3079 2821 3134 per
2863 3063 3161 3136 gratiarum
3195 3063 3485 3127 actionem,

1903 3174 1970 3214 eo
1993 3158 2136 3228 quod
2165 3158 2337 3230 erepti
2380 3166 2507 3213 sunt
2536 3157 2602 3212 de
2650 3155 2885 3229 )Egypto
2912 3197 2927 3222 ,
2958 3156 3291 3212 instituimur
3313 3165 3370 3212 et
3391 3172 3492 3213 nos

1901 3258 1959 3304 ut
1987 3250 2253 3304 intrantes
2290 3263 2388 3320 per
2415 3248 2753 3319 spiritualem
2782 3247 3101 3314 Iordanem,
3134 3248 3238 3303 hoc
3264 3256 3368 3311 est,
3395 3263 3493 3319 per

1902 3340 2227 3409 baptismum
2277 3347 2334 3394 et
2386 3339 2546 3395 ﬁdem
2603 3346 2807 3394 sancta:
2860 3337 3145 3393 Trinitatis
3196 3338 3250 3393 in
3285 3347 3487 3394 terram

1902 3431 2155 3487 Ecclesiae
2178 3445 2444 3503 ponamus
2476 3431 2531 3486 in
2578 3429 2803 3486 cartallo
2827 3430 3254 3486 conversationis
3281 3439 3481 3488 nostra:

1900 3521 2172 3593 primitias
2199 3521 2465 3576 bonorum
2491 3535 2738 3591 operum,
2767 3528 2824 3575 et
2860 3518 3166 3576 deferamus
3196 3519 3307 3574 Deo
3334 3521 3388 3575 in
3412 3520 3492 3574 al-

1902 3622 2019 3667 tare
2043 3611 2167 3667 ﬁdei
2198 3611 2500 3677 catholicm,
2532 3620 2799 3682 quatenus
2829 3626 2892 3667 ea
2924 3612 2994 3665 ibi
3023 3611 3280 3681 suscipiat
3308 3626 3493 3667 sacer-

1901 3701 2000 3757 dos
2024 3710 2229 3768 noster,
2261 3700 2351 3757 ille
2383 3694 2572 3771 utique
2620 3701 2711 3769 qui
2740 3699 3033 3754 secundum
3060 3699 3307 3755 ordinem
3359 3700 3491 3755 Mel-

1903 3795 2190 3852 chisedech
2239 3809 2268 3848 a
2302 3794 2412 3870 Deo
2451 3792 2627 3847 factus
2666 3799 2749 3847 est
2796 3790 2954 3847 nobis
3004 3789 3267 3862 pontifex,
3311 3792 3493 3863 ibique

1904 3880 2259 3943 conﬁteantur
2317 3883 2582 3939 Domino:
2640 3883 2992 3952 dicamnsque
3027 3882 3097 3946 ei,
3144 3883 3288 3953 quod
3318 3882 3490 3954 Syrus

1905 3975 2165 4048 spiritalis
2205 3975 2297 4045 qui
2324 3976 2716 4044 interpretatur
2764 3972 3012 4029 sublimis
3039 3973 3126 4028 vel
3173 3973 3493 4030 humectans

1905 4077 2321 4139 persequeretur
2364 4074 2573 4136 patrem
2606 4074 2851 4121 nostrum
2899 4065 3273 4137 protoplaston
3303 4067 3489 4122 videli-

1906 4169 1991 4217 cet
2026 4171 2328 4232 parentem,
2370 4159 2443 4213 ita
2476 4167 2535 4214 ut
2581 4158 2855 4229 deciperet
2904 4166 3026 4214 eum
3059 4174 3157 4228 per
3186 4159 3493 4229 superbiam

1906 4261 1960 4309 et
1979 4253 2180 4324 gulam,
2199 4261 2254 4306 et
2284 4259 2744 4321 transgressorem
2775 4249 2982 4306 faciens
3013 4251 3253 4321 privaret
3281 4266 3496 4321 posses-

1908 4345 2059 4401 sione
2110 4344 2369 4416 paradisi.
2426 4343 2581 4401 Unde
2610 4326 2781 4400 incola
2830 4343 3007 4400 factus
3042 4352 3125 4400 est
3177 4344 3231 4398 in
3258 4343 3494 4415 Egypto

1911 4437 2071 4493 istius
2111 4438 2316 4505 mundi,
2368 4437 2461 4493 ubi
2511 4436 2887 4509 peregrinatus
2930 4436 2984 4492 in
3034 4436 3364 4506 paucissimo
3392 4453 3493 4493 nu-

1910 4543 2082 4594 mero,
2122 4528 2249 4599 quia
2300 4526 2483 4583 multis
2536 4526 2896 4582 idololatriam
2944 4527 3297 4597 sequentibus
3334 4528 3494 4599 pauci

1910 4626 2329 4690 permanserunt
2377 4615 2581 4673 ﬁdeles.
2616 4614 2721 4671 Sed
2749 4625 3035 4687 postquam
3065 4633 3165 4688 per
3205 4618 3339 4691 legis
3364 4635 3493 4676 con-

1910 4710 2171 4767 ditionem
2224 4709 2409 4781 plures
2434 4718 2816 4776 excrevernnt,
2846 4709 2938 4781 qui
2971 4710 3256 4766 scientiam
3285 4720 3339 4767 et
3369 4726 3493 4768 cre-

1912 4800 2192 4857 dulitatem
2218 4800 2376 4855 unius
2402 4798 2495 4855 Dei
2516 4813 2831 4869 percepere,
2864 4797 3176 4856 afﬂixerunt
3205 4815 3299 4858 eos
3324 4801 3495 4874 Egy-

1913 4890 2327 4962 ptiispiritales,
2366 4888 2587 4960 maligni
2642 4890 2850 4946 scilicet
2900 4891 3144 4961 spiritus,
3198 4892 3292 4963 qui
3319 4892 3493 4962 impo-

1917 4988 2106 5036 nentes
2159 4994 2327 5035 onera
2378 4976 2699 5051 gravissima
2734 4987 3079 5048 peccatorum
3107 4989 3501 5052 oppresserunt

1915 5088 2085 5141 genus
2122 5073 2437 5128 humanum.
2472 5070 2579 5125 Sed
2608 5072 2753 5127 Deus
2802 5071 3142 5142 omnipotens
3169 5072 3418 5129 conditor
3443 5080 3500 5127 et

1916 5174 2131 5224 creator
2166 5172 2352 5221 noster
2396 5163 2634 5235 reSpexit
2677 5164 3041 5220 humilitatem
3071 5173 3311 5221 nostram
3338 5173 3394 5222 et
3420 5165 3499 5219 lac

1916 5259 2103 5314 berem
2132 5264 2294 5327 atque
2314 5255 2642 5326 angustiam,
2689 5263 2745 5310 et
2770 5255 2919 5310 misit
2943 5254 3279 5327 unigenitum
3300 5255 3499 5313 Filium

1918 5364 2074 5404 suum
2101 5346 2194 5417 qui
2224 5362 2418 5402 manus
2446 5346 2542 5403 Dei
2591 5354 2647 5401 et
2672 5346 2955 5402 brachium
2987 5347 3208 5415 dicitur,
3238 5356 3298 5402 ut
3322 5347 3496 5416 eripe-

1916 5449 1999 5497 ret
2022 5456 2120 5495 nos
2142 5439 2209 5494 de
2233 5447 2502 5509 potestate
2529 5440 2875 5495 tenebrarum
2904 5448 2959 5495 et
2980 5438 3301 5495 transferret
3335 5440 3391 5495 in
3420 5439 3498 5494 loc

1916 5550 2041 5589 cum
2075 5532 2242 5603 pacis,
2282 5540 2551 5602 quatenus
2601 5531 2699 5588 ﬁlii
2735 5532 2874 5590 lucis
2921 5530 3298 5588 eiiiceremur:
3331 5529 3497 5585 tradi-

1916 5624 2100 5696 ditque
2126 5623 2279 5679 nobis
2326 5631 2527 5680 terram
2558 5624 2693 5680 lacte
2737 5634 2785 5680 et
2820 5623 2970 5683 melle
3018 5631 3318 5689 manantem
3348 5641 3361 5676 :
3389 5621 3495 5679 Ec-

1914 5715 2132 5771 clesiam
2156 5714 2409 5773 videlicet
2430 5724 2752 5787 prtesetttem
2777 5715 2868 5773 ubi
2891 5722 2947 5771 et
2971 5712 3055 5771 lac
3081 5721 3161 5771 est
3191 5705 3501 5772 innocentis
