3962 6180
352 324 460 386 519

992 322 1054 377 Β.
1094 318 1346 376 RABANI
1385 308 1605 372 MAURI
1643 310 1957 370 ARCHIEP.
1993 307 2300 365 MOGUNT.
2342 303 2623 363 OPERUM
2662 302 2841 360 PARS
2876 303 2941 358 ll.

3491 300 3599 356 δεῖν

354 454 413 501 et
436 441 611 498 facilis
638 439 896 495 doctrina:
924 437 1068 490 unde
1096 434 1403 489 nutriantur
1427 443 1588 485 sensu
1617 425 1845 498 parvuli,
1870 433 1926 479 et
1953 422 2002 485 Α
2030 429 2184 476 zatus
2207 427 2293 475 est
2318 418 2653 475 renuntiaret
2685 424 2740 471 et
2762 415 3088 478 ostenderet,
3130 422 3186 469 et
3213 413 3294 469 sic
3329 411 3607 484 perfectus

356 533 464 587 mel
493 520 857 598 suavis'atque
882 524 1192 595 multiplicis
1224 521 1463 578 scientiae
1491 519 1633 574 unde
1659 517 1925 572 satientur

357 619 627 675 intellectu
676 615 920 687 perfecti.
951 613 1053 680 Qui
1075 626 1205 683 ergo
1243 608 1615 680 hujuscemodi
1645 607 1785 662 dona
1815 604 1926 658 Deo

356 709 516 764 oll'crt
539 706 842 762 convivium
889 701 1133 774 spiritale
1160 702 1214 755 in
1242 699 1402 755 domo
1430 699 1524 753 Dei
1561 713 1683 753 cum
1726 695 1927 750 Levitis

358 800 502 852 veris
528 805 583 852 et
604 794 825 851 advenis
852 801 1029 863 potest
1057 791 1260 857 facere,
1282 791 1405 860 quia
1440 798 1636 843 etcum
1667 784 1927 841 ministris

358 889 453 945 Dei
477 896 533 943 et
562 887 817 941 fratribus
853 884 965 939 suis
997 893 1160 953 atque
1189 896 1310 936 cum
1337 880 1588 936 omnilms
1629 877 1722 947 qui
1751 891 1813 931 se
1840 876 1930 930 in-

356 979 605 1049 telligunt
628 978 681 1032 in
708 977 811 1031 hoc
840 975 1040 1030 mundo
1081 975 1316 1030 advenas
1359 987 1479 1027 esse
1512 980 1566 1026 et
1590 968 1925 1040 peregrinos,

357 1074 585 1145 dapibus
610 1073 870 1128 virtutum
897 1078 953 1125 et
983 1069 1222 1125 scientia:
1260 1066 1517 1137 spiritalis
1553 1064 1780 1118 feliciter
1807 1061 1930 1116 reﬁ—

358 1168 534 1222 cietur
586 1176 747 1237 atque
800 1163 1131 1234 implebitnr,
1184 1152 1371 1228 sicque
1432 1165 1552 1227 post
1604 1154 1927 1224 completum

359 1267 570 1327 tempus
598 1256 840 1312 mortalis
891 1256 1032 1320 vitae,
1064 1255 1192 1310 ‘Deo
1224 1253 1507 1323 largiente,
1558 1250 1836 1320 perveniet
1864 1248 1929 1302 ad

360 1364 586 1418 regnum
610 1348 851 1411 caeleste,
882 1346 975 1400 ubi
1020 1359 1143 1400 cum
1188 1343 1394 1400 sanctis
1436 1343 1554 1415 ejus
1582 1340 1853 1395 laetabitur
1875 1340 1929 1393 in

360 1446 619 1491 :cternnm
646 1451 660 1491 :
692 1438 805 1506 ipso
841 1442 1130 1505 praestante
1161 1432 1390 1487 Domino
1414 1437 1599 1486 nostro
1626 1428 1754 1484 Iesu
1777 1427 1931 1483 Chri-

357 1533 444 1580 sto
469 1526 560 1594 qni
593 1525 726 1579 vivit
749 1533 802 1579 et
841 1529 1028 1594 regnat
1060 1536 1182 1577 cum
1208 1520 1323 1576 Deo
1346 1520 1509 1574 Patre
1530 1518 1586 1573 in
1608 1515 1799 1573 sarcula
1826 1532 1928 1571 sa:-

359 1617 621 1672 culorum.
653 1616 843 1670 Amen.

921 1679 1199 1739 HOMILIA
1230 1678 1364 1735 XCI.

902 1787 957 1826 1N
992 1785 1169 1826 EODEM
1198 1783 1384 1824 FESTO.

824 1861 1006 1918 Lectio
1040 1861 1161 1916 libri
1197 1859 1441 1915 Levitici.

430 1952 497 2009 In
548 1954 726 2008 diebus
779 1953 881 2007 illis
922 1954 1057 2007 dixit
1108 1952 1360 2006 Dominus
1393 1950 1461 2004 ad
1510 1950 1768 2021 Moysen:
1798 1948 1855 2005 Si
1878 1951 1932 2002 in

359 2044 628 2116 pra'ccptis
664 2044 792 2097 meis
821 2042 1232 2107 ambulaveritis,
1258 2051 1307 2096 et
1337 2040 1588 2095 mandata
1619 2058 1734 2096 mea
1756 2052 1932 2095 custo-

361 2134 587 2196 dieritis,
617 2143 664 2187 et
692 2133 916 2203 feceritis
940 2150 1023 2197 ea,
1050 2132 1186 2187 dabo
1208 2132 1348 2188 vobis
1369 2130 1598 2202 pluviam
1622 2132 1933 2203 temporibus

360 2225 493 2279 suis.
519 2222 587 2276 Et
612 2233 749 2277 terra
778 2224 948 2293 gignat
976 2223 1205 2293 fructum
1243 2238 1417 2287 suum,
1442 2233 1490 2277 et
1516 2223 1680 2293 pomis
1723 2224 1934 2277 arbores

363 2312 717 2388 rapiebantur.
752 2312 815 2366 Et
866 2311 1211 2382 apprehendat
1248 2314 1495 2368 messium
1524 2315 1717 2368 tritura
1756 2314 1934 2368 vinde-

362 2404 544 2469 miam,
575 2412 623 2458 et
652 2403 908 2457 vindemia
947 2403 1217 2472 occupabit
1253 2413 1571 2458 sementem:
1601 2412 1647 2457 et
1669 2388 1943 2459 comeditis,

361 2510 546 2565 panem
569 2503 789 2547 vestrum
814 2493 867 2546 in
888 2493 1186 2558 saturitate,
1213 2502 1261 2547 et
1283 2493 1473 2562 absque
1509 2508 1698 2563 pavore
1735 2492 1938 2545 habita-

363 2583 481 2636 bitis
506 2583 723 2636 interra
764 2591 952 2635 vestra.
996 2580 1142 2635 Dabo
1182 2598 1362 2651 pacem
1394 2583 1448 2636 in
1492 2580 1685 2649 ﬁnibus
1716 2581 1937 2645 vestris;

363 2670 632 2726 dormietis
668 2680 716 2725 et
755 2688 857 2725 non
903 2672 1001 2725 erit
1043 2671 1132 2741 qui
1176 2680 1453 2726 exterreat.
1484 2670 1736 2740 Auferam
1770 2671 1936 2725 malas

363 2764 571 2825 bestias,
605 2772 651 2816 et
678 2762 883 2833 gladius
904 2779 1006 2817 non
1026 2763 1263 2816 transibit
1293 2764 1540 2816 terminos
1565 2772 1775 2817 vestros.
1806 2760 1938 2816 Per-

362 2852 647 2923 sequemini
674 2852 912 2905 inimicos
959 2861 1151 2907 vestros
1188 2862 1235 2906 et
1264 2862 1505 2908 corruent
1531 2868 1734 2908 .coram
1760 2853 1937 2917 vobis;

363 2948 732 3011 persequentur
772 2941 997 3011 quinque
1046 2941 1111 2996 de
1153 2943 1333 2997 vestris
1384 2954 1586 2997 centum
1610 2931 1861 3008 ‘alienos,
1889 2952 1939 2999 et

361 3037 566 3084 centum
587 3047 615 3085 e
644 3029 786 3084 vobis
815 3031 989 3101 decem
1028 3031 1197 3085 millia
1222 3045 1243 3084 :
1270 3032 1455 3087 cadent
1486 3032 1685 3087 inimici
1706 3034 1858 3088 vestri
1879 3034 1934 3090 in

362 3129 639 3191 conspectu
665 3130 829 3175 vestro
854 3096 1051 3191 gladio.
1083 3119 1374 3193 Respiciam
1407 3138 1492 3177 vos
1525 3133 1573 3178 et
1600 3139 1826 3179 crescere
1850 3124 1932 3194 fa—
1962 3096 2008 3159 C

361 3211 539 3276 ciam;
564 3209 1057 3282 multiplicabimini,
1085 3222 1132 3266 et
1157 3213 1379 3282 firmabo
1398 3222 1608 3284 pectunt
1648 3214 1929 3269 vobiscum.

362 3295 656 3353 Comedetis
698 3300 1047 3355 vetustissima
1088 3312 1335 3369 veterum,
1369 3311 1416 3357 et
1457 3313 1626 3357 vetera
1673 3305 1817 3359 novis
1845 3321 1936 3359 su-

360 3391 770 3462 pervenientibus
787 3393 1092 3463 projicietis.
1134 3390 1333 3448 l’onam
1350 3394 1743 3454 tabernaculum
1763 3413 1935 3452 meum

361 3483 416 3538 in
445 3484 615 3539 medio
643 3486 819 3551 vestri,
866 3495 913 3540 et
943 3501 1047 3541 non
1065 3486 1272 3557 objiciet
1302 3505 1389 3542 vos
1417 3489 1594 3542 anima
1624 3504 1759 3543 mea.
1809 3489 1936 3543 Am-

363 3566 553 3629 bulabo
595 3576 732 3630 inter
757 3594 845 3632 vos
871 3586 920 3631 et
946 3594 1035 3632 ero
1078 3588 1241 3632 vester
1267 3578 1428 3645 Deus,
1459 3597 1648 3650 vosque
1674 3580 1819 3636 eritis
1843 3599 1936 3652 po-

362 3662 518 3734 pulus
550 3681 715 3721 meus.
745 3666 859 3737 Ego
890 3666 1147 3723 Dominus
1183 3667 1320 3723 Deus
1348 3677 1528 3734 vester,
1548 3671 1639 3741 qui
1665 3671 1823 3726 educi
1848 3689 1935 3727 vos

365 3752 430 3807 de
463 3762 603 3808 terra
634 3754 1005 3827 ngyptiorum
1057 3773 1120 3811 ne
1165 3758 1423 3813 serviretis
1456 3758 1552 3825 eis,
1578 3769 1624 3813 et
1670 3761 1759 3831 qui
1807 3777 1934 3815 con-

363 3841 498 3912 fregi
521 3854 728 3899 catenas
755 3847 1010 3901 cervicum
1067 3856 1351 3903 vestrarum
1390 3858 1446 3904 ut
1486 3850 1791 3906 incederetis
1818 3868 1935 3907 ere-

362 3932 454 3997 cti,
491 3940 597 3987 etc.

433 4020 710 4089 Quomodo
736 4037 766 4076 a
794 4019 992 4079 Judteis
1020 4023 1355 4084 inveniemus
1381 4031 1690 4088 omnimodo
1713 4034 1829 4089 haec
1852 4048 1937 4090 se.

362 4111 597 4167 cundum
643 4111 876 4167 litteram
924 4112 1164 4184 impleta,
1194 4132 1315 4171 cum
1343 4118 1494 4173 multi
1522 4120 1614 4175 Dei
1659 4122 1938 4192 prophetas

361 4199 728 4256 custodientes
761 4201 877 4271 ejus
903 4203 1152 4256 mandata
1181 4212 1235 4259 et
1266 4204 1317 4259 in
1356 4208 1637 4278 pratceptis
1663 4207 1780 4278 ejus
1818 4224 1936 4264 am-

362 4290 631 4357 bulantes,
663 4290 716 4345 in
744 4292 909 4346 multa
943 4290 1162 4347 fuerunt
1203 4293 1492 4352 afﬂictione
1516 4299 1790 4354 constituti
1838 4315 1939 4356 nec

362 4397 554 4454 panem
582 4398 737 4439 suum
772 4399 894 4439 cum
924 4384 1196 4451 satietate,
1220 4385 1313 4441 sed
1348 4402 1469 4441 cum
1500 4397 1738 4458 egestate
1765 4405 1941 4446 come-

363 4474 577 4540 derunt,
602 4474 1050 4545 quemadmodum
1077 4475 1323 4532 Ezechiel
1343 4477 1431 4533 cui
1457 4480 1524 4535 ab
1547 4480 1662 4549 ipso
1706 4481 1807 4536 hoc
1827 4482 1938 4537 Deo
1964 4467 2016 4527 Ῑ)

362 4572 689 4635 praeceptum
716 4574 799 4621 est
828 4584 841 4621 :
872 4567 964 4622 sed
994 4577 1050 4622 et
1072 4567 1268 4624 Paulus
1281 4584 1375 4625 eos
1394 4571 1484 4641 qui
1507 4571 1562 4626 in
1584 4572 1701 4645 lege
1729 4582 1783 4629 et
1807 4573 1938 4630 Pro-

363 4654 541 4723 phetis
568 4652 847 4723 justilicati
879 4668 1005 4711 sunt
1032 4673 1306 4729 exponens
1340 4660 1551 4717 dicebat
1576 4679 1590 4717 :
1619 4665 1936 4719 circuierunt

364 4744 419 4796 in
466 4743 663 4798 metatis
713 4755 762 4799 et
796 4745 850 4799 in
883 4746 1103 4816 pellibus
1132 4750 1381 4820 caprinis,
1426 4751 1708 4820 humiliati,
1740 4754 1932 4825 afﬂicti,

361 4832 548 4902 quibus
576 4832 763 4903 dignus
788 4849 889 4887 non
931 4844 1042 4888 erat
1090 4838 1337 4892 mundus.
1383 4838 1515 4893 Illud
1556 4850 1735 4896 autem
1766 4843 1938 4913 magis

364 4920 644 4977 intendere
670 4922 724 4977 in
761 4922 848 4978 his
875 4938 994 4992 qua:
1023 4925 1165 4979 dicta
1192 4935 1316 4981 sunt
1340 4937 1571 4999 oportet,
1597 4932 1722 5001 quia
1748 4942 1930 4988 custo-

363 5009 632 5064 dientibus
672 5010 767 5065 De'i
820 5013 1095 5078 mandata,
1151 5016 1370 5086 triginta
1418 5019 1821 5078 benedictiones
1879 5023 1932 5078 in

365 5099 614 5169 prrcscnti
654 5101 741 5156 lex
779 5104 980 5174 posuit.
1020 5104 1111 5160 Sic
1137 5108 1279 5163 enim
1314 5123 1406 5165 eas
1444 5127 1667 5167 numero
1696 5113 1934 5171 invenies

362 5207 797 5264 unamquamque
820 5194 1243 5253 benedictionem
1274 5201 1342 5256 ab
1362 5201 1464 5256 alia
1484 5217 1580 5273 per
1604 5202 1934 5272 conjunctio-

361 5297 486 5338 nem
515 5281 570 5336 in
595 5283 932 5355 septuaginta
954 5286 1188 5343 editione
1210 5289 1537 5358 discernens,
1568 5294 1692 5362 quia
1724 5302 1803 5349 tot
1833 5311 1931 5350 an-

361 5390 552 5430 norum
567 5376 806 5432 existens
826 5378 1102 5445 Dominus,
1123 5380 1189 5437 de
1212 5397 1318 5451 quo
1343 5384 1418 5438 ait
1436 5383 1648 5452 Paulus,
1674 5397 1727 5441 ut
1761 5405 1936 5444 occur-

362 5480 540 5521 ramus
565 5481 740 5521 omnes
766 5468 820 5521 in
847 5469 1013 5523 virum
1034 5470 1318 5540 perfectum
1341 5474 1394 5527 in
1434 5491 1732 5530 mensuram
1763 5480 1934 5535 a’tatis

358 5556 695 5625 plenitudinis
716 5556 927 5623 Christi,
951 5560 1098 5615 venit
1118 5562 1184 5616 ad
1210 5561 1532 5633 baptismum
1562 5576 1826 5636 quatenus
1848 5568 1935 5623 do-

366 5645 598 5703 nationis
616 5649 999 5718 perfectionem
1020 5667 1116 5725 per
1152 5663 1363 5710 aetatem
1384 5672 1546 5727 quam
1572 5672 1737 5727 agens
1754 5658 1931 5731 bapti-

2024 509 2317 563 secundum
2338 516 2550 577 tempus
2577 505 2749 560 factus
2781 504 3076 575 pnedicare
3116 502 3462 571 Evangelium
3482 516 3602 556 cte—

2023 600 2105 669 pit
2124 599 2179 652 in
2214 612 2324 666 quo
2343 596 2522 652 omnis
2549 602 2637 650 est
2658 595 2781 648 vita:
2807 602 2864 647 et
2882 591 3186 648 donationis
3220 591 3515 661 plenitudo,
3544 598 3606 644 et

2025 686 2452 743 conversationis
2493 684 2975 752 retributionisqne
2996 697 3115 751 qua:
3143 682 3232 737 hic
3256 680 3600 751 signiﬁcavit.

2026 776 2117 831 Ait
2158 767 2322 840 enim,
2369 783 2423 830 et
2460 774 2597 829 dabo
2634 774 2778 829 vobis
2827 772 3053 842 pluviam
3102 772 3416 842 temporibus
3465 773 3606 834 suis,

2026 867 2158 922 dicit
2180 874 2358 921 autem
2385 866 2607 920 verbum
2635 865 2729 919 Dei
2757 871 2962 932 utpote
2993 861 3324 916 descendens
3366 861 3441 915 de
3459 862 3608 918 cmlo

2027 957 2235 1029 gratim,
2262 956 2330 1010 de
2351 970 2457 1024 quo
2481 953 2688 1025 Moyses
2703 954 2780 1009 sic
2800 952 2955 1017 dixit,
2971 952 3200 1016 attende,
3221 950 3425 1015 coelum,
3449 960 3499 1005 et
3526 950 3613 1006 lo—

2026 1064 2181 1118 quar,
2207 1056 2254 1101 et
2283 1047 2467 1099 audiat
2511 1055 2650 1099 terra
2696 1045 2848 1099 verba
2875 1060 2940 1098 ea:
2976 1058 3065 1098 ore
3103 1059 3217 1097 meo
3238 1059 3258 1096 :
3282 1051 3611 1112 exspectetur

2028 1137 2160 1191 sicut
2186 1135 2360 1205 pluvia
2386 1132 2650 1203 eloquium
2689 1148 2878 1186 meum.
2911 1130 2981 1185 Et
3023 1140 3164 1186 terra
3181 1131 3353 1201 gignit
3374 1132 3611 1200 fructum

2026 1242 2182 1281 suum
2208 1239 2227 1277 :
2252 1225 2305 1280 id
2345 1233 2429 1279 est
2450 1239 2646 1294 corpus
2673 1232 2916 1278 nostrum
2949 1236 2964 1276 :
2989 1220 3147 1291 hujus
3174 1221 3317 1277 enim
3344 1221 3470 1277 boni
3492 1222 3610 1277 frtr-

2029 1328 2148 1372 ctns
2180 1323 2327 1380 sunt,
2357 1317 2602 1379 castitas,
2632 1315 2920 1380 sobrietas,
2950 1314 3295 1370 abstinentia.
3331 1312 3399 1367 Et
3437 1315 3616 1384 pontis

2030 1409 2242 1462 arbores
2287 1407 2645 1477 replebantur,
2675 1407 2811 1471 sive,
2845 1416 2903 1475 ut
2928 1405 3276 1476 Septuaginta
3320 1405 3615 1461 transtule-

2032 1508 2176 1565 runt,
2220 1497 2387 1569 Ligna
2411 1498 2581 1568 campi
2605 1497 2800 1551 dabunt
2825 1498 3054 1568 fructum
3078 1513 3254 1551 suum.
3294 1496 3461 1567 Ligna
3510 1512 3621 1551 au-

2032 1601 2141 1648 tem
2171 1592 2345 1661 campi
2370 1599 2497 1646 sunt
2519 1591 2714 1645 animm
2755 1597 2950 1654 motus,
2976 1598 3185 1658 utpote
3213 1589 3308 1660 qui
3336 1597 3461 1645 sunt
3493 1604 3617 1644 me-

2033 1684 2177 1738 tibus
2205 1683 2552 1752 intelligihilis
2578 1690 2776 1737 nostra
2806 1689 2984 1748 terras,
3008 1680 3259 1741 videlicet
3302 1682 3484 1736 carnis
3511 1697 3610 1737 su-

1959 1759 2006 1819 Β
2033 1772 2326 1828 blimiores.
2358 1771 2561 1826 Horum
2587 1771 2732 1826 enim
2758 1770 2966 1826 fructus
3005 1779 3088 1826 est
3110 1773 3334 1838 veritas,
3374 1772 3619 1842 iustitia,

2034 1865 2413 1929 mansuetudo,
2445 1863 2748 1934 compassio
2779 1872 2836 1918 et
2873 1864 2958 1919 his
3000 1864 3216 1918 similia.
3249 1865 3621 1937 Apprehendes

2034 1946 2276 2008 messium
2304 1954 2495 2007 tritura
2515 1954 2852 2019 vindemiam,
2881 1963 2929 2007 et
2955 1952 3213 2008 vindemia
3245 1955 3515 2025 occupabit
3535 1958 3633 2009 se»

2035 2052 2274 2096 mentem.
2308 2041 2443 2108 Quia
2491 2042 2638 2096 enim
2689 2043 2879 2096 tritura
2934 2049 3090 2098 terra:
3134 2042 3336 2115 colligit
3384 2043 3615 2112 fruetus,

2035 2133 2301 2188 vindemia
2329 2134 2585 2188 arborum
2626 2143 2772 2189 recte
2799 2133 3005 2189 fructus
3023 2135 3266 2205 corporis
3304 2137 3382 2192 ait
3406 2137 3620 2194 fruetus

2037 2224 2228 2278 animae
2251 2223 2708 2292 comprehendere
2734 2224 2848 2277 sive
2867 2239 3131 2294 occupare
3155 2224 3283 2294 quia
3307 2225 3409 2281 boc
3434 2227 3623 2280 maxi-

2037 2329 2140 2369 ma:
2181 2312 2398 2383 quidem
2430 2312 2840 2373 benedictionis,
2888 2329 2995 2368 uno
3031 2313 3326 2384 eodemque
3370 2323 3627 2385 tempore

2038 2403 2229 2459 stabile
2257 2412 2312 2457 et
2354 2402 2639 2457 fecundum
2672 2418 2868 2473 corpus
2909 2411 3071 2473 atque
3096 2404 3330 2459 animam
3364 2406 3418 2460 in
3443 2407 3627 2462 virtu-

2039 2497 2180 2551 tibus
2206 2496 2502 2564 possidere.
2532 2494 2597 2548 Et
2627 2494 2816 2565 absque
2849 2511 3035 2565 pavore
3058 2495 3356 2572 habitabitis
3383 2499 3440 2551 in
3471 2507 3618 2551 terra

2038 2596 2225 2650 vestra,
2258 2587 2392 2639 dabo
2416 2602 2595 2655 pacem
2623 2586 2679 2638 in
2698 2586 2892 2654 ﬁnibus
2915 2586 3112 2641 vestris.
3144 2585 3202 2641 Si
3229 2587 3372 2642 enim
3413 2602 3620 2658 corpus

2038 2676 2231 2733 stabile
2260 2676 2420 2731 fuerit
2441 2684 2498 2730 et
2517 2679 2693 2731 anima
2718 2675 3024 2743 fructificet,
3057 2681 3234 2733 securi
3264 2679 3320 2733 in
3349 2688 3491 2733 terra
3516 2695 3621 2734 no—

2038 2774 2153 2822 stra
2180 2764 2563 2830 habitabimus,
2589 2766 2720 2834 quia
2745 2780 2874 2820 caro
2901 2782 3006 2822 non
3053 2768 3384 2838 concupiscit
3423 2778 3625 2824 contra

2039 2856 2308 2926 spiritum.
2354 2848 2517 2912 Unde
2559 2871 2659 2911 nec
2710 2856 2909 2912 bellum
2954 2872 3051 2928 per
3095 2867 3295 2913 terram
3343 2860 3622 2923 transibit,

2041 2962 2220 3019 neque
2247 2948 2466 3003 habebit
2493 2959 2698 3018 tempus
2730 2948 2783 3003 in
2813 2951 3208 3006 resurrectione
3231 2952 3620 3021 concupiscen-

2041 3039 2261 3101 tiarum,
2287 3038 2354 3093 de
2379 3038 2575 3107 quibus
2603 3038 2678 3093 ait
2699 3037 2950 3102 Iacobus,
2982 3040 3119 3094 unde
3163 3040 3297 3095 bella
3322 3051 3370 3094 et
3400 3042 3515 3094 lites
3556 3043 3621 3095 in

2038 3128 2200 3193 vobis,
2237 3143 2406 3182 nonne
2427 3129 2569 3191 hinc,
2592 3144 2658 3183 ex
2684 3129 3109 3199 concupiscentiis
3139 3131 3317 3185 vestris
3345 3147 3463 3201 qua:
3512 3133 3621 3185 mi-

2036 3217 2189 3274 litant
2228 3221 2287 3274 in
2315 3218 2557 3274 membris
2596 3219 2802 3283 vestris,
2844 3218 3045 3289 quibus
3085 3220 3370 3276 destructis
3396 3236 3503 3291 pax
3556 3222 3616 3277 in

2036 3316 2183 3363 terra
2208 3318 2396 3363 nostra
2421 3307 2539 3379 lege
2572 3307 2669 3363 Dei
2715 3306 2987 3364 refrenata
3032 3307 3352 3380 prodigitur.
3384 3309 3453 3364 Et
3489 3311 3620 3365 dor-

2036 3399 2229 3465 mietis,
2255 3399 2448 3468 inquit,
2482 3398 2535 3452 in
2583 3397 2951 3455 retributionis
2995 3409 3174 3455 autem
3220 3401 3401 3472 specie
3445 3401 3617 3456 etiam

2037 3490 2142 3546 hoc
2170 3488 2451 3560 Scriptura
2488 3504 2646 3545 sacra
2680 3490 2882 3559 posuit,
2912 3490 3165 3546 dormitio
3204 3492 3366 3557 enim,
3397 3498 3459 3546 ut
3490 3499 3629 3561 pote

2036 3578 2270 3648 requies,
2311 3593 2457 3633 mors
2479 3587 2788 3634 sanctorum
2814 3579 3049 3635 dicitur:
3078 3580 3147 3634 Et
3171 3596 3273 3635 non
3293 3582 3410 3645 erit,
3436 3581 3527 3651 qui
3548 3597 3622 3636 es

2035 3677 2174 3723 terra
2204 3677 2307 3722 eat.
2333 3666 2434 3735 Qui
2464 3669 2608 3723 enim
2638 3668 2718 3723 sic
2743 3669 2877 3724 vixit
2900 3669 3348 3739 quemadmodum
3378 3669 3431 3724 in
3455 3685 3623 3741 supe-

2037 3757 2272 3814 rioribus
2328 3758 2531 3814 dictum
2578 3767 2681 3824 est,
2729 3774 2836 3815 non
2886 3760 3107 3817 habebit
3145 3761 3237 3831 qui
3264 3774 3389 3816 eum
3415 3770 3624 3818 terreat

2038 3856 2281 3917 tempore
2336 3849 2547 3914 mortis,
2592 3864 2713 3920 qua:
2762 3849 2919 3906 nobis
2971 3850 3223 3906 dormitio
3264 3858 3348 3906 est
3394 3860 3624 3923 propter

2035 3956 2188 4012 spem
2216 3949 2549 3997 mortuorum
2575 3942 3005 3998 resurrectionis.
3039 3942 3155 4001 Non
3182 3942 3401 4000 habebit
3429 3952 3621 4000 autem

2036 4032 2437 4102 quiesterreat.
2463 4030 2603 4089 Nihil
2641 4034 2743 4089 sibi
2784 4035 3035 4091 conscius
3079 4034 3145 4091 de
3172 4050 3280 4105 quo
3321 4044 3622 4093 terreatur.

2038 4119 2291 4189 Auferam
2334 4120 2501 4176 malas
2547 4120 2756 4189 bestias,
2794 4123 3041 4180 videlicet
3084 4124 3373 4180 daemones.
3421 4126 3624 4185 Bestia:

2037 4210 2182 4265 enim
2209 4218 2335 4265 sunt
2357 4224 2426 4266 ex
2454 4211 2616 4266 simili
2652 4211 2856 4267 malitia
2882 4214 3118 4282 primum
3151 4214 3292 4270 sicut
3334 4214 3566 4272 latentes
3601 4235 3625 4272 ι

2039 4301 2231 4356 deinde
2273 4309 2333 4356 nt
2378 4316 2647 4358 venenum
2682 4302 3019 4373 importabile
3044 4312 3099 4359 et
3124 4303 3461 4359 mortiferum
3510 4306 3625 4361 ha-

2042 4392 2248 4448 bentes.
2276 4391 2654 4463 Persequimim'
2702 4394 2938 4450 inimicos
2968 4405 3181 4453 vestros.
3226 4395 3345 4451 Non
3389 4408 3631 4466 possunt

2038 4485 2181 4539 enim
2212 4493 2337 4541 ante
2361 4484 2557 4540 faciem
2583 4498 2791 4551 eorum,
2830 4486 2921 4555 qui
2971 4487 3267 4542 secundum
3313 4488 3489 4559 legem
3534 4492 3628 4545 vi-

2036 4580 2192 4639 vunt,
2223 4582 2389 4630 stare.
2420 4572 2491 4628 Et
2519 4583 2762 4628 corruent
2808 4591 2986 4630 coram
3034 4577 3193 4631 vobis.
3243 4576 3359 4645 Qua
3406 4582 3629 4636 morte?

2037 4682 2158 4737 qua:
2182 4675 2266 4722 est
2292 4667 2480 4737 utique
2508 4681 2604 4737 per
2622 4664 2886 4736 jejunium
2918 4676 2972 4723 et
2991 4669 3311 4734 orationem,
3342 4670 3445 4726 hoc
3468 4671 3632 4727 enim

2038 4758 2199 4814 modo
2245 4758 2421 4813 nostri
2468 4757 2829 4829 intelligihiles
2877 4760 3079 4816 inimici
3104 4761 3375 4817 daemones
3427 4761 3633 4818 interi-

2037 4854 2278 4912 muntur,
2307 4854 2367 4900 ut
2394 4861 2732 4927 nequaquam
2764 4848 2904 4903 ultra
2931 4857 3118 4904 contra
3164 4864 3265 4904 nos
3289 4849 3498 4921 possint
3526 4865 3631 4907 re-

2036 4937 2297 4992 viviscere
2325 4954 2338 4991 :
2368 4936 2747 5008 Persequentur
2766 4939 2989 5009 quinque
3011 4939 3075 4993 de
3096 4938 3235 4993 vobis
3261 4950 3461 4993 centum
3489 4938 3635 4995 alie-

2037 5044 2130 5083 nos
2162 5026 2343 5093 :sive,
2388 5035 2445 5083 ut
2483 5026 2835 5100 Septuaginta
2880 5028 3289 5093 transtulerunt,
3356 5028 3631 5100 expellens

2035 5117 2409 5188 quinquaginta
2445 5129 2650 5173 centum
2701 5118 2888 5173 millia.
2936 5118 3332 5192 Quinquaginta
3382 5120 3634 5179 dicimus

2037 5206 2334 5283 spiritalem
2377 5207 2673 5273 hominem,
2709 5208 2834 5279 quia
2863 5209 2948 5264 die
2986 5208 3333 5266 Peutecostes
3378 5209 3633 5280 Spiritus

2036 5296 2102 5350 de
2130 5296 2265 5352 cmlo
2290 5297 2587 5353 descendit.
2624 5297 2766 5368 Ergo
2790 5298 3049 5370 spiritalis
3087 5299 3174 5355 ille
3208 5298 3419 5369 qualem
3467 5298 3628 5355 Pan-

2035 5387 2118 5444 lus
2146 5388 2382 5454 dicebat,
2412 5387 2677 5459 Spiritalis
2706 5400 2879 5445 autem
2904 5391 3113 5461 judicat
3147 5392 3347 5457 omnia,
3370 5400 3421 5445 et
3444 5392 3553 5461 ipse
3588 5410 3634 5448 α

2036 5482 2239 5537 nemine
2262 5481 2543 5551 judicatur
2580 5498 2599 5537 :
2642 5481 2696 5537 id
2732 5492 2837 5549 est,
2864 5485 2954 5554 qui
2986 5485 3269 5541 scientiam
3316 5484 3637 5555 perfectam

2038 5570 2198 5625 habet
2227 5571 2293 5623 ad
2321 5570 2571 5625 subtilem
2601 5585 2787 5627 eorum
2815 5589 2936 5643 qua:
2984 5574 3190 5645 agenda
3235 5582 3371 5629 sunt
3407 5574 3637 5632 discres

2037 5663 2262 5730 tionem,
2295 5662 2381 5719 hic
2410 5664 2655 5734 quamvis
2689 5664 2924 5721 validum
2962 5667 3277 5733 (immunem,
3309 5664 3455 5722 verbi
3486 5682 3633 5739 gru-
