3962 6180
292 479 440 533 latur
460 485 686 547 propter
711 475 1107 531 multitudinem
1126 476 1495 532 obedientium
1529 478 1580 533 ei
1614 478 1880 533 malorum

294 571 590 640 spirituum
642 576 700 623 et
754 568 1160 638 cooperantium
1210 569 1351 642 valet
1401 584 1662 640 superare
1720 577 1883 638 atque

297 658 539 713 vincere.
579 655 648 710 Et
688 665 894 710 centum
926 672 955 709 ε
993 657 1134 719 vobis
1158 657 1334 712 decem
1376 656 1565 712 millia.
1607 657 1710 726 Qui
1736 659 1882 713 enim

295 764 408 805 non
448 748 623 804 solum
657 747 938 803 scientiam
977 748 1141 803 habet
1177 749 1463 816 subtilem,
1512 750 1607 806 sed
1634 758 1693 805 et
1714 750 1883 804 vitam

293 840 600 912 perfectam
640 847 803 907 atque
841 849 1266 895 consummatam
1308 859 1322 895 :
1367 840 1456 895 hic
1499 840 1696 911 duplex
1750 854 1885 911 quo-

298 928 592 984 dammodo
620 928 879 1000 spiritalis
904 937 1008 994 est,
1039 938 1094 998 et
1128 940 1412 1002 propterea
1444 931 1756 987 centenario
1786 947 1886 986 nu-

295 1036 452 1077 mero
473 1021 801 1077 horrendius
828 1030 934 1086 est,
961 1021 1103 1077 sicut
1137 1023 1402 1093 duplicem
1439 1023 1676 1079 fructum
1707 1023 1886 1079 ferens

293 1114 350 1168 in
381 1114 580 1185 spiritu
606 1125 770 1185 atque
793 1116 1113 1187 perfectum.
1139 1116 1232 1172 Ait
1258 1118 1402 1173 enim
1429 1135 1443 1171 :
1470 1117 1541 1173 Et
1570 1118 1756 1171 cadent
1783 1117 1886 1170 ini-

291 1207 418 1262 mici
454 1207 615 1268 uestri
638 1208 693 1261 in
726 1217 998 1279 conspectu
1045 1219 1210 1264 uestro
1255 1208 1453 1280 gladio.
1504 1209 1657 1264 Illum
1701 1209 1887 1265 dicens

291 1315 461 1370 quem
491 1299 691 1355 Paulus
713 1301 793 1355 sic
814 1299 1058 1356 scribens
1081 1302 1332 1371 exposuit
1361 1320 1374 1355 :
1406 1300 1541 1356 Cum
1569 1301 1714 1356 enim
1738 1300 1887 1369 prius

291 1388 529 1444 dixisset
556 1388 894 1443 inimicorum
918 1388 1106 1455 millia,
1136 1385 1188 1444 id
1220 1400 1322 1455 est,
1351 1406 1455 1454 non
1496 1399 1573 1445 est
1602 1390 1748 1444 nobis
1774 1388 1884 1443 col-

290 1477 519 1532 luctatio
545 1478 793 1533 adversus
818 1496 1027 1534 carnem
1055 1489 1104 1534 et
1131 1482 1439 1551 sanguinem
1466 1494 1484 1533 :
1514 1480 1605 1536 sed
1641 1480 1887 1535 adversus

288 1569 560 1639 principes
592 1580 639 1623 et
664 1580 966 1641 potestates,
993 1572 1243 1626 adversus
1273 1572 1455 1626 mundi
1481 1583 1703 1652 rectores
1740 1582 1887 1627 tene-

292 1660 516 1713 brarum
542 1660 756 1725 harum,
782 1662 1030 1716 adversus
1052 1661 1311 1732 spiritalia
1332 1662 1574 1732 nequitia:
1590 1663 1644 1716 in
1671 1660 1889 1720 caelesti-

1399 275 1706 334 HOMILIE
1747 276 1817 335 lN
1856 275 2108 334 EYANG.
2153 276 2240 333 ET
2279 274 2496 332 EPIST.

293 392 368 446 tia
397 387 491 459 qui
518 394 602 443 est
635 401 703 442 ex
729 385 811 441 eis
845 399 1007 456 supra
1036 393 1274 452 centum,
1305 396 1361 442 et
1387 388 1479 458 qui
1509 388 1672 458 Legio
1703 386 1881 457 appet.
1913 391 1965 449 Α

3459 277 3574 337 522

2541 383 2821 442 HOMILIA
2858 385 3012 442 XCll.

2526 491 2578 529 IS
2613 491 2791 530 εουειί
2828 493 3016 532 FESTO.

2084 564 2270 621 Lectio
2293 565 2544 636 Epistulae
2566 564 2626 619 Β.
2651 565 2802 621 Pauli
2829 566 3056 636 apostoli
3079 566 3148 621 ad
3168 565 3463 625 Romanos.

2051 656 2290 725 Fratres,
2304 658 2659 729 justiﬁcatiea:
2677 658 2802 728 ﬁde,
2814 675 2992 730 pacem
3010 659 3295 716 habeamus
3315 662 3387 715 ad
3403 660 3570 716 Deum

1981 766 2074 821 per
2100 749 2385 804 Dominum
2414 758 2649 804 nostrum
2677 749 2861 802 Iesum
2888 747 3178 815 Christum,
3215 759 3322 805 etc.

2050 840 2184 896 Cum
2242 848 2602 910 pcrtractaret
2640 838 2913 909 apostolus
2969 838 3167 894 Paulus
3215 840 3359 910 quod
3406 853 3567 897 nemo

1984 944 2052 985 ex
2076 929 2330 1000 operibus
2355 929 2553 983 veteris
2574 928 2705 998 legis
2725 928 2905 982 salvus
2926 927 3040 982 ﬁeri
3071 930 3348 998 potuisset,
3376 928 3573 999 adjuno

1983 1020 2063 1073 xit
2083 1020 2226 1089 quod
2252 1019 2305 1072 in
2330 1020 2582 1088 praesenti
2618 1018 2845 1075 lectione
2874 1019 3118 1075 audistis.
3148 1019 3435 1090 Justiﬁcati
3463 1023 3565 1093 igi-

1984 1121 2072 1166 tur
2101 1128 2166 1166 ex
2204 1110 2331 1179 ﬁde,
2374 1111 2440 1164 ad
2482 1110 2788 1180 exemplum
2827 1110 3056 1166 Abrahae
3097 1109 3249 1180 cujus
3307 1112 3403 1168 ﬁlii
3448 1129 3571 1172 esse

1985 1217 2174 1258 omnes
2206 1201 2459 1256 dicuntur
2496 1201 2714 1267 ﬁdeles,
2754 1202 2881 1271 quia
2928 1200 3205 1258 Abraham
3262 1211 3416 1272 pater
3451 1218 3568 1259 om-

1986 1295 2137 1348 nium
2165 1293 2504 1347 credentium
2544 1293 2950 1363 interpretatur.
2991 1293 3108 1361 Qua
3139 1295 3352 1351 ratione
3379 1305 3569 1352 osten-

1987 1384 2132 1439 ditur
2157 1384 2301 1455 quod
2343 1382 2487 1438 nulla
2516 1384 2733 1453 generis
2773 1384 3056 1440 nobilitate
3101 1387 3223 1455 quis
3243 1384 3570 1455 justiﬁcabi-

1988 1480 2079 1528 tur
2105 1483 2230 1529 ante
2259 1473 2450 1537 Deum,
2483 1473 2586 1528 nisi
2625 1474 2716 1544 qui
2768 1483 2916 1530 recte
2964 1476 3255 1532 crediderit
3303 1477 3356 1532 in
3398 1479 3572 1533 Deum

1988 1561 2204 1618 Patrem
2253 1572 2309 1619 et
2336 1563 2532 1618 Filium
2558 1572 2614 1617 et
2661 1563 2921 1634 Spiritum
2950 1574 3217 1634 sanctum,
3251 1577 3492 1623 sanctam
3519 1578 3576 1624 et

1990 1652 2318 1708 individuam
2355 1652 2675 1708 Trinitatem
2710 1670 2877 1709 unum
2910 1655 3079 1711 Deum
3107 1671 3228 1713 esse
3256 1659 3415 1714 unius
3439 1659 3570 1715 sub.

293 1750 419 1815 bus,
468 1748 760 1816 subinfert,
804 1760 1078 1822 propterea
1120 1750 1336 1821 accipite
1384 1761 1711 1805 armaturam
1757 1750 1886 1815 Dei,
1921 1748 1965 1807 Β
1991 1742 2203 1798 stantia:
2232 1750 2287 1797 et
2318 1742 2478 1798 unius
2505 1741 2806 1812 majestatis
2833 1745 2887 1799 in
2914 1746 3166 1803 omnibus
3198 1755 3251 1805 et
3275 1763 3371 1819 per
3389 1748 3572 1804 omnia

290 1856 463 1910 quam
501 1841 777 1913 sigillatim
803 1843 1155 1898 dinumerans
1175 1842 1286 1896 ait:
1311 1851 1359 1897 et
1388 1841 1620 1913 gladium
1651 1842 1886 1912 spiritus,

291 1930 445 1999 quod
483 1938 571 1985 est
595 1931 818 1985 verbum
843 1930 959 1986 Dei.
990 1929 1281 2001 Respiciam
1312 1947 1418 1986 vos.
1450 1930 1589 1997 Quid
1617 1938 1702 1985 est
1739 1931 1889 1986 enim

293 2017 500 2074 melius
529 2033 691 2088 quam
715 2019 909 2089 respici
939 2034 972 2074 a
1020 2019 1131 2075 Deo
1162 2036 1177 2074 :
1209 2018 1361 2089 cujus
1406 2029 1688 2090 respectus
1734 2021 1890 2077 salus

292 2116 418 2174 est,
457 2108 773 2167 adversario
811 2118 990 2165 autem
1031 2124 1179 2164 mors
1204 2117 1307 2169 est.
1341 2109 1410 2166 Et
1440 2126 1667 2165 crescere
1691 2111 1889 2181 faciam

291 2207 344 2251 et
384 2196 886 2267 aiultiplicabimini.
936 2198 1113 2271 Auget
1150 2215 1251 2255 nos
1294 2201 1510 2270 quidem
1560 2216 1681 2257 cum
1722 2216 1887 2271 parva

293 2288 443 2342 bona
468 2302 592 2357 quae
626 2287 837 2358 agimus
864 2289 1098 2343 maxima
1128 2288 1256 2344 facit
1284 2305 1565 2359 apparere.
1597 2287 1888 2346 Comedetis

293 2379 656 2432 uetustissima
681 2388 929 2444 ceterum,
958 2379 1098 2445 sive,
1127 2388 1189 2435 ut
1212 2378 1562 2451 Septuaginta
1596 2381 1887 2437 transtule-

294 2475 433 2522 runt
445 2478 496 2533 ι,
519 2468 573 2523 id
594 2478 698 2533 est,
723 2484 843 2537 quae
864 2458 1016 2524 vobis
1043 2484 1139 2540 per
1168 2470 1338 2541 legem
1364 2477 1419 2527 et
1446 2470 1741 2540 prophetas
1765 2486 1892 2541 pro-

294 2560 471 2613 missa
504 2568 649 2614 sunt.
682 2559 748 2613 Et
771 2569 948 2626 vetera
977 2568 1221 2615 veterum
1252 2577 1266 2613 :
1290 2575 1410 2630 quae
1430 2575 1528 2629 per
1550 2561 1890 2631 patriarchas

292 2651 360 2705 in
390 2665 579 2706 eorum
605 2650 1067 2706 benedictionibus
1100 2651 1364 2722 promisit.
1410 2649 1480 2704 Et
1524 2660 1694 2706 vetera
1745 2651 1889 2705 novis

290 2741 786 2812 supervenientibus
813 2741 1123 2813 projicietis.
1166 2741 1297 2809 Quae
1324 2749 1451 2797 sunt
1498 2756 1636 2798 nova
1671 2759 1685 2795 :
1714 2741 1891 2796 Evan-

292 2830 481 2902 gelica
511 2830 752 2897 scilicet;
802 2846 926 2886 nam
962 2847 1087 2887 cum
1133 2833 1373 2898 maxima
1410 2833 1521 2888 sint
1553 2848 1616 2887 ea
1645 2848 1767 2902 qua:
1793 2848 1890 2904 per

293 2922 679 2991 patriarchas,
710 2921 878 2993 legem
915 2933 969 2977 et
1006 2924 1298 2993 prophetas
1328 2923 1563 2994 pollicita
1612 2931 1760 2986 sunt,
1812 2932 1891 2978 ta-

294 3027 433 3069 men
460 3031 562 3085 per
580 3015 926 3087 Evangelium
957 3018 1221 3088 promissa
1250 3016 1453 3088 majora
1480 3026 1645 3083 sunt;
1670 3026 1890 3087 propter

1986 1834 2277 1905 coaequalis
2310 1852 2323 1889 :
2355 1850 2462 1905 qua
2490 1837 2699 1893 ratione
2723 1838 2979 1895 conclusa
3020 1854 3208 1910 pacem
3239 1857 3339 1897 nos
3369 1843 3572 1899 habere

1985 1923 2253 1990 hortatur,
2283 1925 2470 1981 dicens
2497 1941 2513 1980 :
2538 1924 2732 1982 Pacem
2759 1928 3043 1987 habeamus
3072 1931 3140 1985 ad
3162 1930 3329 1985 Deum
3349 1949 3445 2003 per
3465 1932 3571 1988 Do-

1987 2013 2187 2068 minum
2213 2024 2451 2070 nostrum
2472 2015 2655 2072 Iesum
2676 2016 2943 2073 Christum
2974 2034 2992 2072 :
3020 2021 3146 2091 quia
3174 2023 3338 2077 nullis
3369 2024 3570 2080 nostris

1985 2104 2220 2173 meritis,
2243 2105 2338 2161 sed
2362 2122 2553 2163 omnes
2575 2109 2672 2163 Dei
2702 2125 2898 2179 magna
2921 2112 3096 2183 gratia
3115 2122 3171 2168 et
3195 2114 3571 2170 misericordia

1987 2194 2153 2252 simul
2186 2196 2401 2264 salvati,
2433 2198 2556 2257 ideo
2586 2199 2815 2269 subjecti
2844 2217 2963 2259 esse
2987 2204 3247 2261 debemus
3275 2207 3386 2262 Deo
3411 2217 3576 2278 etpa-

1988 2300 2105 2343 eem
2149 2287 2246 2342 Dei
2275 2302 2383 2343 non
2418 2298 2627 2345 tantum
2667 2293 2840 2347 sancti
2892 2294 3121 2351 invicem
3172 2299 3467 2365 custodire,
3515 2308 3576 2355 et

1987 2376 2245 2432 concordi
2291 2377 2434 2433 inter
2468 2394 2568 2435 nos
2596 2380 2781 2437 vivere
2827 2383 3111 2452 charitate,
3140 2391 3274 2457 quia
3300 2405 3487 2445 omnes
3515 2390 3569 2445 in

1988 2464 2205 2522 Christo
2231 2466 2427 2523 fratres
2455 2484 2642 2527 sumus
2679 2486 2976 2543 omnesque
3014 2491 3122 2530 uno
3154 2478 3331 2549 pretio
3366 2478 3570 2537 Christi

1989 2559 2268 2628 sanguinis
2293 2559 2557 2631 redempti
2584 2575 2790 2618 sumus.
2822 2564 3077 2635 Sequitur
3101 2586 3115 2622 :

2059 2647 2167 2715 Per
2185 2665 2336 2720 quem
2362 2658 2412 2721 et
2428 2667 2691 2706 accessum
2704 2652 2952 2710 habemus
2974 2674 3067 2727 per
3084 2657 3243 2727 ﬁdem
3263 2661 3322 2717 in
3338 2661 3567 2732 gratiam

1988 2742 2145 2797 istam
2174 2742 2228 2796 in
2253 2760 2357 2814 qua
2382 2755 2604 2825 stamus.
2637 2744 2775 2813 Quia
2804 2761 2901 2817 per
2938 2750 3243 2819 passionem
3293 2751 3491 2808 Christi
3516 2762 3575 2809 et

1989 2843 2254 2899 mortem,
2293 2842 2454 2904 atque
2493 2838 2949 2893 resurrectionem
2986 2848 3040 2895 ct
3093 2844 3461 2899 ascensionem
3517 2846 3572 2899 iu

1989 2924 2228 2981 humana
2258 2941 2425 2982 carne
2472 2927 2541 2983 ad
2584 2929 2750 2989 cmlos
2778 2945 2877 2986 nos
2921 2947 3197 2987 accessum
3221 2934 3482 2991 habemus
3507 2936 3574 2992 ad

1991 3017 2161 3075 Deum
2198 3025 2253 3072 et
2292 3018 2627 3074 reconciliati
2664 3036 2851 3078 sumus
2885 3021 2994 3078 Deo
3024 3022 3255 3080 ﬁdeliter
3279 3025 3332 3081 in
3383 3028 3574 3084 eadem

299 3109 457 3179 quod
482 3108 674 3164 borum
704 3109 1104 3180 comparatione
1138 3109 1229 3165 illa
1275 3126 1304 3164 a
1325 3110 1481 3166 nobis
1512 3109 1781 3182 superﬂua
1798 3111 1888 3180 ju-
1914 3092 1961 3156 C
1988 3122 2096 3178 qua
2150 3108 2413 3179 redempti
2448 3124 2634 3166 sumus
2662 3112 2833 3182 gratia
2877 3131 2890 3167 :
2920 3113 2966 3167 si
3019 3113 3260 3185 indigua
3288 3131 3577 3174 conversa-

297 3195 581 3251 dicantur.
612 3196 750 3253 Ecce
787 3199 931 3252 enim
960 3197 1253 3267 capitulum
1279 3200 1421 3268 quod
1449 3208 1616 3255 totam
1663 3199 1889 3256 benedi-

300 3286 549 3341 ctionem
590 3286 873 3342 conﬁrmat
917 3287 1081 3342 infert
1108 3306 1121 3342 :
1158 3288 1212 3343 id
1239 3296 1342 3353 est,
1374 3303 1493 3358 qum
1525 3304 1623 3361 per
1649 3289 1892 3361 Evange-

306 3380 447 3434 lium
477 3388 596 3435 acta
631 3390 758 3436 sunt
784 3391 838 3436 et
863 3382 1200 3453 impleta'per
1223 3356 1475 3452 gratiam,
1511 3356 1701 3452 poitam
1729 3356 1894 3437 labier-

303 3470 559 3526 naculum
577 3488 744 3525 meum
766 3472 820 3526 in
840 3473 1008 3527 medio
1030 3474 1181 3528 vestri
1192 3490 1212 3538 ;
1231 3473 1313 3528 vel
1336 3473 1494 3539 sicut,
1510 3473 1891 3544 Septuaginta:

302 3565 630 3619 constituam
669 3572 1031 3619 testamentum
1065 3581 1234 3619 meum
1293 3567 1583 3629 vobiscum,
1630 3566 1771 3635 quod
1814 3572 1898 3620 est

305 3654 422 3709 hoc
451 3653 505 3706 in
527 3668 633 3722 quo
667 3669 803 3708 nova
830 3654 1106 3723 praemisit,
1138 3655 1292 3724 cujus
1321 3656 1399 3710 sic
1434 3656 1694 3726 propheta
1743 3654 1896 3711 Jere-

307 3745 458 3800 mias
496 3743 808 3798 memoriam
849 3742 995 3808 facit,
1033 3753 1082 3798 et
1122 3744 1592 3799 constituamt'obis
1621 3754 1899 3799 testamen-

307 3848 429 3890 tum
459 3851 669 3903 novum,
694 3851 798 3890 non
818 3837 1103 3891 secundum
1128 3845 1490 3895 testamentum
1536 3836 1675 3907 quod
1725 3836 1900 3906 dispo-

307 3930 405 3985 sui
450 3931 684 3999 patribus
731 3931 932 3985 vestris.
989 3929 1085 3985 His
1132 3930 1276 3986 enim
1315 3929 1601 3999 conjuncta
1648 3936 1793 3993 sunt,
1845 3935 1904 4007 et

306 4038 443 4092 quae
469 4031 767 4093 sequuntur
792 4023 1047 4078 maxime.
1084 4022 1151 4077 Et
1179 4040 1281 4077 non
1307 4022 1694 4078 abominabitur
1721 4020 1902 4075 anima

310 4129 439 4168 mea
466 4127 572 4166 vos.
595 4113 844 4168 Animam
869 4129 1022 4169 suam
1043 4112 1186 4168 Deus
1200 4112 1527 4171 voluntatem
1554 4126 1708 4166 suam
1732 4110 1899 4166 dicit:

311 4197 611 4255 Ambulabo
640 4200 775 4253 inter
796 4215 882 4254 vos
907 4208 956 4254 et
980 4216 1069 4253 ero
1114 4208 1276 4253 uester
1319 4196 1484 4262 Deus,
1525 4212 1712 4268 uosque
1756 4195 1901 4250 eritis

309 4288 546 4360 papulas
570 4305 731 4344 meus.
764 4289 966 4361 Aperte
993 4297 1172 4345 autem
1212 4289 1376 4344 etiam
1414 4289 1530 4344 ιιωο
1556 4304 1587 4343 a
1635 4286 1902 4356 Propheta

311 4381 581 4453 praedicta
617 4382 755 4437 sicut
801 4381 1151 4453 Septuaginta
1199 4380 1364 4435 editio
1414 4379 1656 4435 continet
1703 4378 1917 4447 scripta~

314 4477 472 4535 sunt,
504 4470 590 4527 hic
611 4471 753 4527 Deus
770 4480 952 4527 vester
976 4486 1082 4526 non
1108 4469 1442 4540 reputabitur
1467 4468 1604 4525 alius
1633 4467 1702 4522 ad
1750 4481 1896 4532 eum,

313 4562 562 4635 posthac
591 4562 645 4617 in
675 4570 815 4617 terra
848 4563 994 4617 visus
1025 4569 1126 4627 est,
1158 4571 1213 4615 et
1247 4576 1370 4615 cum
1412 4559 1722 4615 hominibus
1769 4574 1899 4614 con-

314 4638 574 4709 versatus
609 4662 713 4720 est,
760 4653 903 4723 quod
923 4668 1031 4707 non
1085 4652 1282 4723 egisset
1313 4650 1356 4706 si
1392 4666 1492 4706 nos
1532 4656 1895 4705 aversaretur.

318 4745 444 4800 Non
468 4760 598 4816 ergo
625 4760 724 4800 nos
752 4744 1092 4800 abominatus
1114 4751 1216 4809 est,
1265 4742 1359 4798 sed
1389 4750 1442 4798 et
1474 4738 1809 4796 inambulare
1842 4740 1898 4794 in

318 4835 483 4892 nobis
516 4850 615 4903 per
654 4846 874 4890 carnem
915 4833 1115 4911 voluit,
1159 4841 1215 4889 et
1245 4831 1361 4887 ﬁeri
1396 4840 1583 4886 noster
1606 4830 1748 4885 Deus
1776 4844 1900 4884 cum

318 4935 472 4981 esset
499 4934 553 4979 et
577 4926 765 4997 prius:
798 4925 893 4980 sed
923 4926 1133 4996 ignotus
1173 4924 1297 4995 quia
1335 4937 1436 4978 nos
1467 4921 1642 4977 errori
1680 4918 1904 4989 conjun-

316 5018 401 5074 cti
429 5032 642 5073 eramus
675 5035 689 5071 :
721 5026 908 5088 postea
944 5025 1125 5071 autem
1162 5030 1260 5086 per
1293 5015 1525 5087 gratiam
1554 5012 1673 5083 ejus
1705 5027 1736 5066 a
1771 5027 1902 5083 pec-

318 5109 466 5165 catis
486 5108 652 5164 abluti
676 5117 735 5164 et
758 5108 915 5163 donis
937 5107 1193 5162 virtutum
1205 5106 1543 5162 abundanter
1572 5103 1762 5178 repleti
1785 5118 1906 5175 per-

317 5200 607 5256 veniemus
628 5199 1023 5276 sempiternam.
1040 5197 1108 5253 ad
1144 5196 1340 5254 lucem.

1992 3198 2140 3255 tione
2186 3206 2245 3253 et
2290 3208 2435 3254 recta
2487 3200 2591 3255 ﬁde
2618 3204 2866 3273 cupimus
2915 3221 3253 3275 permanere.
3306 3208 3577 3275 Quoniam

1993 3302 2093 3342 nos
2134 3302 2323 3345 omnes
2370 3290 2462 3358 qui
2490 3304 2707 3345 eramus
2750 3292 2904 3363 longe
2934 3309 2963 3347 a
2998 3296 3107 3349 Deo
3144 3309 3577 3366 perpeccatum,

1993 3393 2091 3448 per
2116 3378 2317 3434 Christi
2360 3381 2590 3450 gratiam
2618 3380 2745 3437 facti
2775 3398 2962 3438 sumus
2984 3398 3152 3453 prope
3195 3403 3209 3439 :
3255 3395 3311 3441 et
3333 3387 3424 3455 qui
3453 3398 3580 3443 ante

1987 3467 2257 3539 jacuimus
2282 3468 2336 3523 in
2372 3478 2564 3536 morte,
2596 3483 2740 3525 nunc
2768 3472 2834 3526 ad
2866 3470 3137 3530 Christum
3181 3476 3349 3529 erecti
3392 3491 3578 3537 sumus

1994 3566 2049 3613 et
2076 3565 2284 3614 stamus
2307 3559 2362 3613 in
2390 3559 2522 3625 vita,
2548 3561 2592 3615 si
2622 3560 2675 3614 in
2701 3564 2982 3632 prreceptis
3001 3564 3118 3633 ejus
3145 3579 3576 3634 permaneamus.

2066 3648 2134 3702 Et
2157 3648 2448 3719 gloriamur
2472 3653 2525 3705 in
2547 3668 2635 3722 spe
2666 3650 2849 3722 gloria:
2877 3652 3112 3720 ﬁliorum
3142 3653 3258 3707 Dei.
3289 3653 3425 3720 Quia
3458 3670 3582 3726 spe-

1996 3759 2180 3799 ramus
2212 3758 2310 3813 per
2350 3745 2689 3814 adoptionem
2738 3745 2925 3814 gratia:
2966 3744 3059 3799 Dei
3087 3746 3212 3816 quia
3253 3761 3441 3803 sumus
3471 3747 3583 3804 Deo

1997 3836 2051 3891 in
2082 3835 2220 3909 ﬁlios
2247 3835 2574 3905 eomputati;
2605 3844 2862 3889 aeternam
2884 3834 3110 3907 gloriam
3141 3836 3301 3891 simul
3339 3853 3462 3894 cum
3517 3852 3586 3894 eo

1997 3934 2052 3982 et
2077 3927 2328 3983 omnibus
2351 3926 2554 3997 sanctis
2582 3923 2699 3995 ejus
2727 3941 2826 3983 nos
2850 3941 3243 3998 possessuros..

2077 4017 2202 4073 Non
2227 4015 2398 4071 solum
2424 4026 2622 4081 autent,
2646 4016 2738 4071 sed
2766 4025 2816 4071 et
2841 4016 3131 4088 gloriamur
3152 4018 3210 4072 in
3229 4017 3584 4074 tribulationi-

1999 4107 2113 4173 bus,
2137 4108 2356 4161 scientes
2379 4106 2518 4178 quod
2551 4107 2821 4162 tribulatio
2848 4109 3154 4178 patientiam
3187 4120 3454 4179 operatur,
3488 4128 3588 4181 pa-

1999 4197 2181 4252 tientia
2206 4207 2379 4252 autem
2398 4197 2776 4269 probationem.
2804 4199 2897 4271 Dei
2925 4215 3157 4270 namque
3185 4199 3369 4255 ﬁdeles
3401 4208 3457 4255 et
3493 4200 3588 4256 de-

2000 4290 2111 4345 voti
2156 4290 2364 4357 famuli,
2409 4306 2517 4346 non
2566 4291 2740 4347 solum
2781 4292 2835 4347 in
2857 4307 2953 4362 spe
2981 4300 3197 4347 aeterna:
3236 4291 3587 4348 beatitudinis

2003 4372 2319 4450 gloriantur,
2349 4380 2443 4435 sed
2483 4380 2649 4436 etiam
2676 4381 2731 4435 in
2755 4380 3123 4436 saluberrimis
3145 4379 3585 4437 tribulationibus

2003 4468 2426 4539 magnitudinem
2446 4468 2652 4538 praemii
2668 4467 3033 4534 considerant,
3055 4468 3193 4524 sicut
3210 4466 3443 4523 Iacobus
3463 4467 3541 4523 ait
3566 4487 3580 4523 :

2003 4557 2169 4614 Omne
2195 4558 2447 4629 gaudium
2473 4542 2783 4625 existimate,
2810 4558 3019 4628 fratres,
3050 4575 3170 4613 cum
3191 4561 3245 4615 in
3275 4561 3583 4616 tentationes

1998 4656 2054 4704 et
2075 4649 2447 4719 tribulationes
2476 4649 2647 4704 uarias
2666 4664 2765 4719 pro
2785 4647 2987 4705 Christi
3015 4651 3230 4707 nomine
3264 4652 3579 4720 incideritis,

1998 4741 2127 4810 quia
2159 4739 2504 4796 adversitatis
2530 4740 2880 4808 sustinentia,
2918 4756 3039 4812 quae
3078 4742 3137 4797 fit
3165 4753 3386 4814 propter
3410 4742 3582 4800 Deum

2003 4847 2261 4903 magnum
2290 4830 2567 4901 exspectat
2620 4833 2877 4904 gaudium
2925 4834 2982 4890 in
3024 4833 3228 4901 futuro,
3280 4837 3424 4893 unde
3455 4854 3589 4910 gau-

2002 4920 2133 4995 dere
2152 4922 2408 4978 debemus
2429 4922 2628 4992 aliquid
2655 4923 2768 4994 pati
2789 4938 2887 4994 pro
2906 4925 3124 4981 nomine
3153 4923 3247 4981 Dei
3277 4944 3290 4981 :
3316 4936 3376 4981 ut
3400 4929 3591 4998 acqui-

2004 5028 2189 5068 ramus
2215 5013 2281 5073 de
2310 5009 2656 5086 tribulatione
2683 5013 2915 5070 ﬁnienda
2960 5016 3242 5086 praemium
3293 5016 3584 5073 inﬁnitum.

2004 5101 2063 5157 In
2112 5082 2547 5158 consideratione
2588 5104 2735 5160 enim
2776 5082 3120 5175 praemiorum
3160 5106 3365 5177 nullum
3399 5123 3591 5178 possu-

2007 5213 2127 5252 mus
2151 5198 2473 5268 condignum
2511 5200 2783 5255 testimare
2831 5199 3088 5256 laborem.
3137 5199 3410 5257 Habemus
3442 5201 3588 5255 enim

2006 5291 2150 5361 quod
2195 5280 2421 5347 honeste
2474 5290 2769 5362 gloriemur
2809 5298 2874 5348 ac
2915 5291 3350 5362 sinepcriculo.
3396 5290 3590 5361 Magna

2006 5383 2151 5439 enim
2196 5384 2368 5455 gloria
2404 5392 2489 5439 est
2513 5366 2579 5441 de
2625 5386 2748 5440 imis
2772 5385 2841 5441 ad
2876 5398 3084 5440 summa
3111 5397 3378 5448 crescere,
3400 5381 3475 5436 .de
3504 5382 3589 5437 ni-

2007 5473 2119 5529 hilo
2149 5474 2217 5528 ad
2241 5473 2476 5528 maxima
2516 5473 2832 5543 pervenire;
2880 5472 3023 5543 quod
3047 5479 3104 5529 et
3122 5472 3190 5527 de
3210 5470 3338 5525 limo
3370 5467 3441 5525 ad
3469 5482 3585 5523 cm—

2008 5562 2119 5618 lum
2148 5572 2203 5620 et
2250 5565 2315 5618 de
2341 5564 2600 5625 servitute
2646 5577 2903 5621 vocamur
2928 5561 2998 5618 ad
3019 5573 3281 5631 regnum:
3309 5558 3354 5614 si
3403 5564 3587 5613 tamen

399 5681 426 5710 "
459 5680 579 5746 Hoc
608 5682 728 5738 loco
749 5680 807 5736 in
850 5681 1144 5752 exemplari
1185 5696 1285 5738 ms.
1317 5689 1586 5751 expuncta
1627 5688 1745 5757 erat
1782 5676 2051 5745 ξυιυς(
2086 5677 2442 5747 interpretum
2471 5676 2771 5733 translatio.
