3962 6180
362 342 471 424 θεέ

1005 360 1067 415 Β.
1108 354 1361 414 RABANI
1400 348 1616 407 MACRI
1653 340 1969 400 ARCIIIEP.
2010 334 2317 394 MOGUN'I‘.
2360 331 2646 388 OPERUM
2684 327 2860 384 PARS
2898 326 2959 382 II.

3508 318 3612 374 524

362 482 510 538 omni
562 476 807 534 stet-ulari
847 473 1015 545 gloria
1047 480 1098 525 et
1142 466 1479 540 jucunditate
1516 464 1841 524 contempta,
1881 453 1935 507 iu
1965 444 2011 512 Ᾰ
2039 463 2215 514 suam,
2248 445 2343 500 sed
2371 459 2495 501 cum
2521 441 2624 512 ipsi
2652 441 2719 495 ab
2746 452 2931 493 errore
2974 433 3216 507 priorum
3266 430 3459 487 inserti
3500 427 3617 483 fue-

2332 540 2343 545 -
2568 536 2581 545 .
2670 534 2684 545 .
3056 543 3083 545 ,_
3148 538 3480 545 s__s____-_
3529 522 3588 545 λ,

366 572 459 630 illo
484 570 597 627 solo
618 567 761 638 quod
794 565 949 620 nobis
980 552 1217 615 futurum
1261 554 1591 629 promittitur
1624 547 1932 618 gloriemur.

440 660 689 717 Probatio
712 671 828 711 vero
851 670 991 723 spem
1025 658 1289 721 aperatttr,
1332 660 1445 716 spes
1482 651 1653 696 autem
1681 654 1784 693 non
1817 651 1941 690 con-

370 754 563 825 fundit.
595 747 727 803 Nam
757 760 880 816 spes
905 742 1208 797 futurorum
1247 737 1513 792 bonorum
1555 742 1769 785 omnem
1814 741 1942 780 con-

369 816 632 898 ibsionem
670 834 884 906 expellit
912 848 928 888 :
958 832 1104 886 unde
1148 829 1407 899 probatur
1441 825 1588 879 hunc
1609 836 1715 875 non
1742 816 1943 872 habere

369 947 538 1005 spem,
577 928 666 1001 qui
709 927 762 982 in
793 922 1076 997 praeceptis
1115 916 1465 975 confunditur
1491 910 1714 968 Christi.
1745 907 1941 977 Sequi-

371 1036 495 1081 tur:

444 1113 581 1181 Quia
609 1111 839 1166 Charitas
886 1105 985 1161 Dei
1031 1102 1225 1173 diﬂusa
1255 1107 1329 1154 est
1365 1099 1420 1152 in
1464 1092 1706 1149 cordibus
1733 1089 1945 1144 nostris.

369 1203 679 1275 Magnitudo
718 1200 861 1256 enim
890 1197 1277 1269 promissorum
1311 1184 1692 1245 beneﬁciorum
1745 1182 1948 1238 excitat

370 1297 426 1352 in
457 1269 673 1350 homine
727 1288 1009 1347 charitatis
1056 1280 1501 1354 magnitudinem,
1542 1289 1662 1343 qua:
1707 1269 1945 1342 perfecte

372 1385 594 1442 conlidit
612 1425 626 1450 ,
658 1397 757 1438 nec
779 1382 968 1436 timere
1002 1391 1101 1431 nec
1126 1374 1418 1443 desperare
1446 1367 1613 1423 novit.

447 1472 549 1529 Per
586 1472 845 1544 Spiritum
866 1476 1121 1528 sanctum,
1157 1463 1246 1533 qui
1271 1462 1427 1515 datus
1476 1467 1550 1512 est
1596 1454 1761 1509 nobis.
1809 1450 1952 1518 Quo-

2045 551 2173 598 runt
2200 557 2266 597 ex
2295 540 2530 595 oleastro
2568 536 2623 591 in
2670 534 2867 588 bonam
2894 530 3114 592 olivam,
3146 538 3484 595 nequaquam
3525 522 3619 577 de-

2043 634 2207 688 beant
2240 630 2480 687 iuvidere
2512 626 2751 697 priorum
2801 621 2979 677 saluti.
3035 618 3283 672 Miserere
3328 614 3513 679 nostri,
3538 612 3621 681 ﬁli

2045 723 2233 779 David.
2265 723 2621 789 lncrepantur
2647 731 2675 769 a
2722 712 2897 768 turbis
2924 718 2979 765 et
3003 706 3357 765 nihilominus
3396 718 3504 759 non
3532 711 3622 758 ta-

2043 824 2190 880 cent,
2222 812 2315 869 sed
2345 810 2593 866 crebrius
2621 806 2676 861 id
2704 805 2880 876 ipsum
2911 800 3264 874 ingeminant,
3303 804 3365 851 ut
3411 794 3624 851 deside-

2046 911 2185 966 rium
2208 920 2349 963 verze
2377 905 2514 959 lucis
2539 901 2849 958 ostendant.

2119 998 2269 1054 Stetit
2294 996 2473 1060 Iesus,
2501 1003 2549 1048 et
2587 992 2785 1047 vocavit
2827 1005 2937 1053 eos,
2973 997 3020 1043 et
3052 987 3125 1041 ait
3149 1001 3168 1040 :
3195 984 3334 1052 Quid
3362 981 3517 1039 uultis
3543 981 3631 1053 [α-

2046 1091 2180 1146 ciam
2206 1088 2383 1145 vobis?
2408 1086 2597 1140 Dicunt
2627 1099 2645 1138 :
2674 1081 2914 1145 Domine,
2956 1087 3012 1133 ut
3034 1077 3343 1144 aperiantur
3363 1074 3501 1130 oculi
3526 1091 3629 1129 no-

2048 1182 2163 1236 stri.
2190 1179 2332 1235 Caeci
2375 1185 2550 1242 erant,
2602 1190 2708 1245 quo
2734 1179 3018 1244 pergerent
3067 1167 3402 1241 ignorabant.
3459 1168 3630 1237 Sequi

2051 1287 2159 1328 non
2185 1276 2436 1340 poterant
2468 1267 2823 1329 Salvatorem,
2868 1260 3049 1316 multa:
3086 1259 3252 1315 iovem
3292 1259 3349 1314 in
3388 1258 3630 1323 Iericho,

2050 1364 2233 1419 multze
2255 1376 2414 1431 rupes
2462 1367 2518 1414 et
2544 1365 2815 1429 prterupta
2854 1355 2908 1409 in
2935 1352 3256 1424 profundum
3306 1350 3582 1420 vergentia
3614 1366 3628 1403 :

2052 1454 2254 1510 idcirco
2292 1451 2551 1506 Dominus
2596 1456 2724 1511 stat,
2757 1452 2817 1500 ut
2855 1445 3039 1501 venire
3083 1442 3314 1513 possint,
3342 1449 3398 1496 et
3444 1440 3635 1496 vocari

374 1567 533 1622 modo
563 1534 660 1619 nos
682 1564 824 1618 Deus
852 1558 1027 1629 diligit
1048 1572 1114 1612 ex
1139 1555 1266 1610 hinc
1292 1547 1667 1622 cognoscimus
1690 1543 1819 1613 quia
1845 1556 1951 1629 non
2046 1548 2199 1618 jubet
2224 1557 2291 1599 ne
2322 1543 2491 1598 turba:
2516 1539 2862 1611 prohibeam,
2891 1544 2945 1593 et
2973 1537 3270 1606 interrogat
3293 1534 3449 1604 quasi
3479 1534 3639 1605 igno.

375 1656 547 1712 solum
573 1653 726 1708 nobis
748 1666 848 1723 per
877 1628 973 1703 ﬁlii
1002 1645 1086 1702 sui
1115 1651 1342 1700 mortem
1364 1646 1588 1711 peccata
1609 1633 1834 1698 dimisit,
1859 1628 1951 1686 sed

376 1756 430 1803 et
445 1744 704 1816 Spiritum
733 1719 977 1797 sanctum
1005 1737 1161 1793 nobis
1187 1734 1332 1789 dedit
1356 1730 1449 1801 qui
1477 1727 1635 1783 nobis
1660 1724 1838 1780 omnia
1866 1719 1951 1776 fu-

2056 1652 2183 1691 rans
2220 1635 2349 1706 quid
2387 1633 2555 1688 velint
2592 1638 2651 1685 ut
2687 1645 2753 1685 ex
2781 1627 3131 1698 responsione
3166 1641 3430 1681 czecorum
3459 1626 3641 1680 mani-

2059 1726 2195 1782 festa
2248 1723 2496 1781 debilitas
2534 1729 2743 1793 pereat,
2770 1727 2825 1775 et
2868 1719 3041 1773 virtus
3068 1733 3134 1772 ex
3165 1715 3406 1771 remedio
3434 1730 3637 1785 cogno-

378 1792 665 1893 turarbona
711 1833 1065 1893 demonstrat,
1113 1838 1168 1882 et
1190 1827 1246 1880 in
1275 1823 1378 1878 iide
1401 1830 1568 1884 recta,
1595 1818 1649 1872 in
1679 1831 1772 1887 spe
1799 1813 1951 1868 ﬁrma
1978 1792 2031 1851 ι)
2058 1829 2260 1877 scatur,

376 1939 433 1986 et
457 1928 720 1985 charitate
760 1921 995 1995 perfecta
1032 1918 1390 1974 corroborat:
1424 1912 1466 1969 si
1504 1926 1603 1966 nos
1644 1908 1799 1964 bonis
1827 1919 1955 1976 ope-

379 2021 529 2074 ribus
557 2017 745 2087 dignos
773 2012 887 2080 ejus
916 2009 1248 2065 habitatione
1274 2015 1658 2077 praeparemus.
1709 1996 1767 2051 Si
1811 1996 1954 2051 enim

379 2123 445 2163 ex
475 2115 585 2161 toto
614 2085 775 2159 corde
801 2100 1090 2169 diligimus,
1120 2094 1253 2151 nihil
1276 2096 1380 2149 erit
1399 2093 1450 2146 in
1475 2089 1649 2155 nobis,
1672 2085 1812 2142 unde
1832 2099 1958 2156 pec-

382 2199 488 2253 cati
520 2194 801 2252 desideriis
825 2190 1142 2247 serviamus.
1171 2186 1239 2242 Et
1279 2184 1408 2257 quid
1436 2192 1520 2238 est
1545 2181 1766 2251 diligere
1788 2178 1955 2232 Deum

382 2289 487 2345 nisi
523 2287 598 2342 illi
627 2297 891 2354 occupare
923 2282 1160 2337 animum
1190 2277 1472 2345 concipere
1521 2273 1760 2327 fruendae
1797 2269 1958 2324 visio-

382 2382 469 2437 nis
486 2379 604 2449 ejus
629 2371 1135 2444 all‘ectum,peceati
1180 2369 1382 2430 odium,
1430 2362 1612 2419 mundi
1658 2360 1957 2425 fastidium,

384 2471 607 2543 diligere
628 2470 789 2525 etiam
816 2466 1122 2538 proximum
1152 2475 1311 2531 quem
1356 2458 1470 2529 ipse
1499 2454 1709 2511 censuit
1737 2452 1961 2523 diligen-

383 2562 529 2627 dum,
563 2562 616 2616 in
643 2560 760 2631 ipso
794 2571 977 2612 amore
1006 2566 1228 2611 servare
1272 2548 1571 2620 legitimum
1601 2544 1817 2599 modum
1863 2555 1963 2611 per

384 2653 567 2709 Iesum
590 2650 864 2707 Christum
890 2646 1175 2703 Dominum
1202 2650 1469 2704 nostrum,
1497 2637 1583 2693 cui
1610 2644 1692 2691 est
1715 2635 1889 2690 honor
1908 2640 1963 2687 et

387 2741 559 2814 gloria
593 2755 714 2796 cum
742 2738 904 2794 Patre
937 2746 993 2792 et
1022 2734 1230 2806 Spiritu
1260 2737 1448 2787 sancto
1473 2741 1617 2781 nunc
1644 2733 1699 2780 et
1748 2737 1964 2793 semper

389 2833 446 2889 in
475 2831 669 2890 saecula
700 2829 1038 2886 saeculorum.
1072 2825 1263 2881 Amen.

926 2934 1207 2993 HOMILIA
1238 2931 1417 2988 XCIII.

938 3023 990 3063 IN
1028 3020 1202 3062 BODEI
1239 3017 1428 3060 FESTO.

498 3103 684 3160 Lectio
708 3100 878 3157 sancti
903 3095 1179 3178 Evangelii
1203 3093 1497 3150 secundum
1528 3089 1858 3146 Matthteum.

464 3198 532 3250 In
557 3194 648 3248 illo
674 3203 919 3263 tempore,
949 3186 1239 3259 egrediente
1257 3182 1387 3238 Iesu
1435 3181 1499 3236 ab
1532 3180 1764 3246 Iericho,
1789 3187 1967 3232 secuta

393 3295 468 3340 est
495 3299 611 3339 eum
632 3282 783 3337 turba
810 3278 973 3335 multa
998 3291 1015 3329 :
1046 3286 1094 3332 et
1124 3291 1239 3330 ecce
1266 3275 1370 3329 duo
1410 3272 1534 3328 circi
1560 3271 1793 3326 sedentes
1819 3283 1969 3324 secus

392 3376 551 3439 uiam,
576 3368 854 3426 audieram
888 3368 1010 3440 quia
1052 3366 1205 3420 Iesus
1242 3364 1508 3428 transiret,
1553 3373 1602 3417 et
1648 3360 1966 3425 clamarunt,

393 3465 662 3519 dicentes:
695 3461 935 3527 Domine,
963 3460 1206 3512 miserere
1251 3456 1436 3521 nostri,
1460 3453 1539 3525 ﬁli
1566 3453 1757 3509 David.
1794 3451 1970 3506 Turba

394 3562 567 3609 autem
611 3549 911 3623 increpabat
947 3565 1033 3604 eos
1056 3530 1115 3601 ut
1159 3555 1407 3601 tacerent.
1437 3546 1503 3599 At
1550 3543 1630 3598 illi
1661 3544 1826 3615 magis
1865 3541 1973 3596 cla-

395 3644 627 3710 mabant,
677 3640 1210 3706 dicentes:Domine,
1252 3638 1495 3694 miserere
1537 3636 1721 3701 nostri,
1753 3634 1832 3703 ﬁli
1855 3633 1970 3687 Da-

394 3739 504 3806 vid,
533 3748 665 3795 etc."

468 3830 617 3887 Multi
647 3830 884 3886 latrones
920 3835 1077 3884 erant
1107 3826 1161 3880 in
1188 3824 1401 3880 Iericho
1427 3824 1519 3896 qui
1549 3822 1890 3895 egredientes
1920 3828 1976 3874 et

398 3922 787 3981 descendentes
824 3920 889 3973 de
918 3915 1303 3988 Hierosolymis
1333 3916 1385 3969 in
1411 3912 1625 3969 Iericho
1673 3912 1977 3967 interlieere

398 4027 455 4074 et
492 4014 779 4069 vulnerare
813 4015 1207 4064 consueverant
1249 4025 1262 4060 τ
1312 4006 1516 4061 idcirco
1545 4005 1803 4061 Dominus
1832 4003 1978 4057 venit

399 4107 617 4163 Iericho
638 4118 760 4159 cum
780 4098 1074 4171 discipulis,
1087 4106 1148 4153 ut
1167 4098 1419 4152 liberaret
1439 4096 1749 4151 vulneratos
1768 4103 1823 4149 et
1838 4094 1979 4148 mul-

404 4211 513 4254 tam
557 4196 771 4252 turbam
815 4206 999 4249 secum
1043 4189 1300 4246 traheret.
1332 4189 1570 4260 Denique
1599 4196 1883 4260 postquam
1911 4188 1979 4244 ab

398 4287 618 4346 Iericho
645 4286 818 4341 voluit
839 4283 1041 4356 egredi,
1073 4290 1248 4337 secuta
1270 4290 1346 4336 est
1375 4297 1491 4335 eum
1518 4282 1670 4337 turba
1700 4279 1887 4334 multa.
1919 4278 1975 4335 Si

403 4380 690 4436 mansisset
715 4374 1102 4448 Hierosolymis
1128 4380 1183 4430 et
1217 4388 1491 4443 nunquam
1535 4373 1600 4427 ad
1638 4371 1862 4427 humilia
1890 4372 1980 4429 dc-

403 4472 723 4538 sceudisset,
753 4467 909 4525 turba
935 4479 1108 4537 usque
1154 4464 1315 4521 hodie
1340 4464 1548 4520 sederet
1579 4463 1631 4517 in
1659 4461 1897 4518 tenebris
1924 4468 1981 4518 et

405 4563 596 4618 umbra
623 4561 829 4616 mortis.
855 4558 964 4615 sed
989 4565 1044 4614 et
1088 4557 1193 4613 duo
1230 4554 1357 4611 (ξπεὶ
1411 4546 1567 4609 erant
1604 4552 1758 4626 juxta
1801 4552 1977 4620 viam;

402 4667 580 4710 caecos
620 4649 871 4720 appellat,
901 4649 991 4719 qui
1016 4647 1249 4702 necdum
1280 4645 1459 4700 dicere
1502 4650 1756 4714 poterant
1790 4641 1847 4697 in
1898 4641 1981 4696 lu-

407 4746 554 4801 mine
594 4749 686 4796 tuo
715 4739 1014 4795 videbimus
1041 4738 1241 4791 lumen.
1277 4733 1448 4791 Secus
1489 4735 1632 4789 viam
1682 4732 1807 4802 quia
1833 4731 1984 4788 vide-

408 4837 607 4891 bantur
629 4828 843 4901 quidem
871 4828 1071 4882 hahere
1096 4827 1228 4897 legis
1252 4825 1499 4881 notitiam
1525 4842 1539 4879 :
1570 4824 1666 4879 sed
1690 4823 1831 4878 viam
1862 4837 1983 4892 quze

408 4923 656 4980 Christus
683 4927 768 4974 est
814 4916 1135 4990 ignorabant
1170 4931 1187 4971 :
1222 4929 1357 4989 quos
1397 4914 1642 4985 plerique
1682 4912 1984 4969 Pharisaeos

411 5011 714 5082 intelligunt
735 5005 1145 5072 etSadducaaos,
1167 5003 1257 5058 alii
1277 5019 1406 5060 vero
1428 5011 1715 5074 utrumque
1728 5000 1982 5073 populum

409 5108 467 5157 et
490 5098 703 5155 Veteris
730 5095 1058 5151 Testamenti
1086 5101 1141 5149 et
1174 5091 1306 5148 Novi
1337 5110 1351 5157 _:
1383 5092 1525 5163 quod
1552 5092 1690 5147 alter
1726 5091 1983 5161 scriptam

411 5191 607 5264 legem,
638 5187 775 5244 alter
804 5184 1105 5241 naturalem
1131 5197 1364 5254 sequens
1390 5183 1510 5239 sine
1554 5181 1769 5238 Christo
1808 5194 1985 5238 caseus

411 5290 549 5339 erat.
575 5280 641 5337 lii
671 5279 798 5350 quia
827 5291 924 5349 per
951 5292 1011 5332 se
1035 5276 1216 5332 videre
1257 5290 1364 5330 non
1398 5282 1671 5348 poterant,
1701 5274 1987 5330 audierunt

412 5371 682 5447 praeconia
707 5369 1007 5427 Salvatoris
1031 5376 1086 5424 et
1132 5365 1364 5424 confessi
1411 5374 1539 5422 sunt
1582 5364 1751 5422 ﬁlium
1792 5364 1980 5421 David.

413 5463 509 5518 Sin
536 5470 714 5517 autem
750 5469 980 5529 uterque
1022 5472 1198 5513 caecus
1224 5456 1459 5512 refertur
1491 5458 1557 5512 ad
1583 5456 1842 5527 populum
1892 5455 1987 5513 Iu-

413 5556 651 5611 datorum
679 5574 693 5608 :
726 5552 829 5607 hoc
852 5549 995 5620 quod
1023 5548 1295 5619 sequitur,
1332 5547 1631 5619 increpabat
1673 5564 1760 5602 eos
1806 5549 1982 5613 turba,

415 5659 579 5713 super
610 5642 854 5697 ethnicos
886 5638 1310 5710 intelligendum,
1351 5652 1486 5708 quos
1534 5636 1821 5707 Apostolus
1863 5651 1981 5691 mo-

420 5741 548 5798 net,
605 5747 670 5786 ue
718 5731 1013 5802 glorientur
1049 5741 1104 5785 et
1149 5727 1465 5799 superbiant
1508 5737 1695 5782 contra
1745 5728 1983 5784 radicem

2132 1913 2376 1966 Misertus
2403 1920 2577 1965 autem
2602 1923 2780 1963 eorum
2807 1905 2982 1970 Iesus,
3006 1904 3171 1975 tetigit
3213 1901 3389 1957 oculos
3430 1917 3635 1955 eorum.

2058 2002 2126 2058 Et
2152 2000 2421 2071 confestim
2449 2000 2710 2063 viderunt,
2733 2008 2780 2050 et
2803 1996 2964 2051 secuti
2983 2004 3102 2050 sunt
3131 2010 3269 2048 eum.
3294 1990 3491 2063 Tangit
3512 2006 3643 2066 ocu-

2058 2093 2138 2149 los
2164 2112 2177 2148 :
2208 2103 2263 2148 et
2290 2098 2512 2163 prtestat
2553 2087 2749 2145 artifex
2790 2087 2933 2157 quod
2976 2093 3167 2141 natura
3213 2101 3319 2140 non
3366 2082 3638 2139 dederat:

2059 2190 2151 2237 aut
2173 2190 2320 2238 certe
2340 2182 2483 2252 quod
2511 2180 2760 2236 debilitas
2789 2178 2984 2234 tulerat
3031 2177 3197 2233 donat
3247 2173 3640 2232 misericordia.

2061 2274 2366 2344 Statimque
2395 2274 2633 2329 viderunt
2679 2282 2725 2326 et
2752 2271 3057 2326 secutisunt
3088 2286 3225 2334 eum,
3269 2269 3362 2339 qui
3406 2276 3534 2322 ante
3587 2268 3643 2321 in

2059 2362 2276 2420 Iericho
2303 2363 2569 2419 contracti
2601 2362 2861 2418 sedebant
2886 2369 2940 2415 et
2969 2360 3205 2414 clamare
3243 2366 3450 2413 tantum
3475 2372 3647 2413 nove-

2063 2464 2215 2521 rant;
2242 2463 2427 2525 postea
2450 2461 2747 2523 sequuntur
2763 2451 2947 2507 Iesum
2976 2466 3083 2505 non
3110 2459 3217 2504 tam
3233 2449 3457 2521 pedibus
3477 2465 3646 2520 quam

2061 2544 2372 2610 virtutibus,
2397 2545 2523 2615 quia
2556 2545 2668 2612 ipse
2702 2551 2777 2597 est
2803 2542 2908 2607 via,
2939 2541 3127 2595 veritas
3155 2549 3200 2594 et
3231 2541 3359 2604 vita,
3381 2537 3646 2594 Dominus

2062 2637 2315 2693 videlicet
2342 2645 2526 2692 noster
2539 2636 2695 2692 Iesus
2716 2634 2963 2690 Christus
2992 2632 3081 2703 qui
3113 2647 3234 2688 cum
3264 2633 3423 2688 Patre
3444 2640 3500 2688 et
3523 2631 3647 2704 Spi-

2065 2728 2172 2783 ritu
2203 2736 2391 2783 sancto
2419 2726 2551 2780 vivit
2593 2734 2647 2781 et
2673 2732 2861 2796 regnat
2914 2722 3057 2779 Deus
3091 2737 3189 2793 per
3224 2723 3405 2779 omnia
3449 2724 3648 2780 secula

2065 2817 2400 2874 saeculorum.
2426 2815 2616 2872 Amen.
3304 2824 3311 2830 ‘

2595 2903 2877 2961 HOMILIA
2927 2902 3111 2960 XCIV.

2348 3011 2663 3052 HEBDOMADA
2703 3008 2757 3050 IV
2802 3010 2931 3051 POST
2969 3009 3364 3051 PENTECOSTEN.

2312 3085 2496 3142 Lectio
2526 3085 2775 3156 Epistolas
2795 3085 2937 3140 beati
2975 3083 3121 3140 Petri
3148 3085 3394 3156 apostoli.

1994 3143 2041 3205 Ο
2141 3182 2470 3247 Charissimi,
2511 3179 2863 3235 humiliamini
2890 3180 2982 3235 sub
3009 3143 3206 3252 potenti
3244 3196 3402 3235 manu
3447 3178 3564 3247 Dei,
3592 3190 3652 3236 ut

2067 3291 2156 3329 vos
2186 3274 2374 3329 exultet
2401 3272 2455 3327 in
2481 3281 2708 3343 tempore
2757 3272 3069 3327 uisitationis
3101 3285 3120 3323 :
3145 3288 3347 3327 omnem
3387 3271 3654 3328 sollicitu-

2068 3364 2243 3418 dinem
2270 3375 2490 3419 vestram
2513 3364 2841 3435 proﬁcientes
2865 3364 2918 3417 in
2948 3379 3086 3431 eum,
3127 3363 3371 3433 quoniam
3396 3363 3495 3435 ipsi
3520 3382 3654 3418 cura

2070 3466 2144 3511 est
2174 3457 2237 3511 de
2265 3456 2425 3522 vobis,
2455 3463 2561 3510 etc.

2142 3547 2317 3612 Modo,
2367 3548 2562 3603 fratres
2610 3545 2934 3612 charissimi,
2963 3546 3263 3603 audivimus
3290 3536 3522 3604 beatum
3550 3547 3656 3605 Pe-

2074 3646 2216 3692 trum
2264 3635 2565 3708 apostolum
2611 3637 2677 3691 ad
2722 3635 3082 3691 humilitatem
3123 3651 3223 3692 nos
3275 3638 3653 3695 cohortantem

2072 3736 2234 3797 atque
2263 3727 2555 3792 dicentem,
2581 3725 2933 3780 humiliamini
2968 3725 3063 3780 sub
3114 3729 3309 3798 potenti
3346 3744 3506 3784 manu
3531 3728 3657 3785 Dei.

2074 3817 2262 3872 Manus
2289 3816 2381 3871 Dei
2425 3813 2815 3887 potestasejns
2854 3817 3012 3870 datur
3036 3815 3283 3887 intelligi,
3311 3818 3435 3888 quia
3466 3819 3518 3874 in
3543 3818 3663 3875 Deo

2074 3907 2472 3980 compaginatio
2497 3906 2862 3961 membrorum
2892 3922 2999 3962 non
3029 3906 3318 3973 invenitur,
3342 3910 3431 3978 qui
3453 3908 3663 3980 ubique

2076 4006 2132 4054 et
2161 3999 2215 4053 in
2246 3999 2497 4053 omnibus
2528 4004 2671 4052 tutus
2694 3994 2885 4066 plenus
2926 4004 3011 4052 est
3053 4005 3215 4068 atque
3242 3996 3530 4070 perfectus,
3557 4003 3662 4057 sed

2077 4105 2226 4147 more
2245 4089 2524 4145 hominum
2548 4088 2614 4143 de
2638 4088 2745 4145 Deo
2776 4086 3011 4159 loquitur
3030 4086 3311 4161 Scriptura
3336 4100 3395 4145 ut
3414 4093 3665 4164 apertius

2077 4180 2418 4250 majestatem
2462 4189 2624 4250 atque
2672 4181 2969 4251 potentiam
3008 4182 3088 4236 sui
3117 4183 3380 4238 creatoris
3408 4185 3665 4243 homines

2079 4273 2428 4345 intelligant:
2482 4282 2540 4328 et
2591 4272 2950 4343 intelligentes
3000 4288 3119 4344 quae
3178 4274 3249 4329 sit
3280 4274 3524 4333 voluntas
3558 4276 3665 4334 Dei

2078 4381 2240 4437 opere
2266 4365 2560 4436 adimplere
2585 4365 2931 4432 contendant,
2975 4367 3119 4423 unde
3156 4368 3347 4437 gaudia
3382 4360 3488 4425 'sibi
3513 4385 3667 4426 sem-

2006 4495 2058 4555 Β
2081 4458 2296 4528 piterna
2330 4456 2672 4526 conquirant.
2706 4455 2981 4525 Sequitur,
3030 4467 3084 4511 ut
3116 4474 3203 4513 vos
3224 4459 3415 4514 exultet
3441 4459 3496 4515 in
3521 4470 3665 4517 tent-

2081 4564 2205 4621 pore
2231 4546 2562 4615 uisitationis.
2580 4544 2715 4612 Quia
2737 4545 2982 4615 quisquis
3003 4547 3090 4602 hic
3118 4547 3170 4602 in
3186 4550 3436 4619 praesenti
3459 4553 3668 4610 szeculo

2080 4638 2196 4709 ejus
2224 4653 2282 4695 se
2308 4637 2606 4693 subdiderit
2631 4636 2894 4691 voluntati
2922 4644 2978 4692 et
3020 4639 3304 4708 praeceptis
3328 4638 3442 4708 ejus
3466 4656 3666 4698 assen-

2082 4745 2209 4817 sum‘
2251 4730 2694 4797 commodaverit,
2748 4737 2803 4784 et
2847 4743 2935 4796 ea,
2965 4738 3224 4801 quantum
3277 4732 3457 4788 divina
3482 4737 3667 4806 gratia

2083 4834 2241 4893 posse
2282 4819 2510 4884 dederit,
2533 4819 2788 4890 operibus
2839 4819 3135 4890 adimplere
3178 4824 3436 4895 sategcrit
3477 4828 3673 4884 carnis

2084 4910 2391 4981 superbiam
2431 4909 2778 4977 conterenda,
2810 4907 2866 4964 in
2906 4909 2992 4969 die
3042 4910 3245 4966 ultimae
3292 4898 3674 4975 retributionis

2083 5000 2410 5056 exaltabitur
2435 5015 2467 5054 a
2504 4999 2732 5056 Domino
2756 5010 2918 5073 atque
2970 5000 3037 5055 ad
3066 5011 3282 5060 interna:
3312 5005 3676 5067 beatitudinis

2083 5092 2303 5164 praemia
2331 5092 2696 5162 perducetur:
2737 5088 2953 5146 Omnem
2990 5091 3391 5150 sollicitudinem
3418 5109 3672 5170 vestram,

2083 5181 2415 5254 projicientes
2440 5183 2496 5236 in
2533 5197 2650 5235 eum
2672 5196 2691 5235 :
2717 5181 2963 5253 quoniam
2988 5181 3087 5253 ipsi
3125 5199 3252 5237 cura
3278 5195 3351 5238 est
3381 5186 3616 5245 debebis
3659 5206 3674 5219 ·

2085 5282 2145 5328 ut
2167 5272 2452 5327 Psalmista
2496 5286 2597 5327 nos
2631 5271 2906 5337 admonet,
2942 5271 3151 5338 dicens,
3189 5273 3339 5343 jacta
3378 5278 3678 5347 cogitatum

2090 5375 2239 5420 tuum
2266 5366 2322 5419 in
2349 5363 2517 5418 Deum
2537 5372 2585 5418 et
2610 5363 2717 5432 ipse
2742 5371 2792 5417 te
2815 5364 3059 5417 enutriet.
3092 5362 3161 5418 Et
3201 5363 3349 5429 alibi,
3374 5378 3680 5436 qumrentes

2090 5464 2264 5509 autem
2298 5453 2579 5508 Dominam
2617 5468 2721 5506 non
2766 5451 3008 5522 deﬁcient
3044 5453 3185 5508 omni
3234 5452 3386 5509 bona.
3439 5455 3507 5510 Et
3549 5456 3681 5528 ipse

2090 5547 2350 5604 Dominus
2376 5545 2430 5599 in
2458 5543 2784 5615 Evangelio:
2818 5542 2998 5599 Nolite
3023 5543 3235 5600 solliciti
3280 5562 3389 5600 esse
3435 5545 3682 5605 dicentes

2087 5637 2213 5709 quid
2236 5633 2667 5690 manducabimus
2692 5643 2783 5688 aut
2804 5634 2930 5705 quid
2954 5633 3183 5688 bibemus
3206 5650 3224 5687 :
3240 5634 3334 5688 scit
3356 5636 3493 5689 enim
3519 5646 3686 5704 pater

2088 5738 2255 5784 restcr
2272 5727 2400 5797 quia
2439 5724 2520 5779 his
2548 5724 2786 5780 omnibus
2812 5724 3074 5794 indigetis.
3116 5722 3348 5788 Qua-rite
3396 5738 3520 5791 ergo
3554 5729 3681 5794 pri.
