3962 6180
264 324 374 380 525

1386 319 1692 378 ΠΟΜιιΙτΕ
1732 321 1798 376 lN’
1838 321 2088 376 EVANG.
2135 322 2222 376 ET
2267 321 2480 379 EPIST.

3441 334 3548 390 516
3591 340 3602 348 “

265 453 418 489 mum
447 451 664 506 regnum
680 434 776 488 Dei
803 445 850 488 et
866 433 1126 504 justitiam
1159 431 1291 501 ejus,
1311 442 1358 486 ct
1381 432 1492 485 Iure
1521 432 1696 485 omnia
1721 431 1860 501 adji-
1889 436 1937 494 Α
1966 431 2293 486 vescendum
2325 431 2524 500 recepti
2549 438 2695 494 sunt,
2723 431 2866 500 quod
2895 431 3141 488 videntes
3163 434 3422 492 Phariam!
3456 449 3550 492 ue-

260 532 480 583 cientur
507 530 667 583 vobis.
1051 593 1056 601 _

337 618 523 677 Sobrii
568 629 730 674 estote
779 629 826 672 et
873 617 1101 688 rigilate.
1139 616 1364 686 Semper
1406 616 1458 669 in
1494 616 1784 672 sobrietate
1809 625 1864 671 et

265 713 544 769 modestia
575 713 828 768 habetote
857 719 1095 765 vestram
1139 711 1305 764 vitam
1354 717 1602 764 carentes
1649 721 1865 777 seraper

265 802 730 867 astutiadiaholi,
760 810 815 856 et
841 802 1056 871 vigilate
1099 800 1301 870 jugiter
1339 801 1390 854 in
1422 800 1664 855 custodia
1714 814 1865 853 man-

267 894 530 947 datorum
575 893 668 948 Dei
719 901 774 946 et
826 893 877 946 in
911 892 1155 947 custodia
1205 892 1504 946 animarum
1539 898 1862 944 vestrarum.

269 981 576 1050 Sequitur:

342 1071 487 1137 Quia
533 1071 1064 1147 adversariugvester
1091 1069 1333 1123 diabolus
1361 1079 1610 1139 tanquam
1659 1067 1739 1121 leo
1770 1084 1864 1121 ru—

268 1160 420 1230 giens
470 1161 660 1214 circuit
691 1177 930 1232 quarens
971 1177 1126 1230 quem
1153 1160 1380 1212 devoret.
1428 1157 1682 1212 Diabolus
1719 1156 1863 1211 enim

271 1265 559 1318 nunquam
592 1251 888 1314 dormiens,
929 1265 1202 1319 nunquam
1231 1251 1298 1303 ab
1339 1249 1550 1302 insidiis
1586 1248 1861 1306 hominum

269 1343 632 1409 requiescens
687 1355 899 1411 semper
930 1341 1029 1396 die
1063 1349 1118 1395 et
1153 1351 1311 1394 nocte
1360 1340 1554 1394 circuit
1603 1339 1864 1393 tentando

266 1442 324 1484 et
369 1433 605 1486 insidias
648 1435 896 1503 ponendo
923 1434 1229 1487 hominibus
1272 1432 1501 1500 qualiter
1537 1445 1862 1500 quemquam

266 1522 490 1577 illorum
525 1524 668 1592 quod
697 1523 788 1578 Dei
821 1523 1083 1578 voluntati
1121 1522 1346 1591 subjecti
1375 1530 1502 1577 sunt
1552 1537 1648 1576 sua
1690 1521 1864 1576 valeat

264 1615 622 1685 soggestione
671 1614 938 1683 decipere.
996 1613 1248 1678 Quwrens
1294 1629 1445 1684 quem
1496 1612 1719 1675 devoret,
1753 1628 1862 1666 non

263 1718 529 1772 corpore,
568 1702 662 1757 sed
710 1704 888 1757 anima
919 1717 1186 1772 quemque
1212 1703 1281 1758 ad
1310 1703 1503 1757 nociva
1551 1711 1606 1758 et
1649 1702 1860 1756 inutilia

265 1795 456 1849 valeat
497 1795 818 1864 pertrahere
847 1795 1082 1849 carnalia
1114 1795 1403 1850 desideria.

339 1882 448 1939 Cui
493 1886 716 1942 resistite
771 1885 932 1954 fortes
984 1887 1040 1939 in
1085 1886 1210 1955 ﬁde.
1269 1884 1530 1955 Exemplo
1569 1883 1770 1939 Christi
1812 1894 1868 1938 et

265 1982 592 2028 sanctorum
623 1972 1196 2041 ejus,contemnentes
1245 1973 1582 2029 dulcedinem
1634 1973 1869 2028 carnalis

267 2066 730 2135 concupiscentia:
768 2073 825 2119 et
870 2064 1216 2120 recordantes
1252 2065 1473 2136 jugiter,
1501 2066 1630 2134 quid
1662 2065 1733 2120 sit
1764 2065 1868 2119 illis

267 2155 662 2210 amaritudinis
686 2163 1047 2226 praeparatum
1091 2157 1184 2225 qui
1217 2156 1501 2212 desideriis
1525 2159 1754 2212 terrenis
1779 2159 1863 2212 in-

267 2245 546 2309 serviunt,
573 2261 670 2300 nec
693 2247 936 2300 converti
963 2262 994 2300 a
1017 2247 1221 2302 malitia
1243 2263 1338 2302 sua
1369 2261 1466 2317 per
1488 2249 1864 2317 pmnitentiam

268 2336 464 2392 volunt
494 2355 506 2390 :
535 2336 643 2391 Nos
675 2352 804 2405 ergo
828 2338 1060 2393 ﬁdeliter
1086 2340 1314 2394 Domino
1342 2343 1622 2397 adhmrere
1650 2352 1866 2413 satagu-

267 2445 419 2494 mus,
466 2427 692 2504 ejusque
738 2438 1008 2499 praecepta
1042 2430 1246 2500 jugiter
1287 2432 1632 2498 meditemur,
1685 2436 1868 2490 carnis

267 2530 478 2576 nostr-te
528 2520 794 2575 desideria
829 2530 1176 2580 conteramus
1208 2534 1263 2581 et
1293 2526 1614 2582 resistamus
1653 2526 1868 2582 fortiter

266 2613 499 2666 diabolo
525 2613 667 2666 hosti
689 2613 1040 2680 nequissimo,
1071 2617 1124 2670 in
1149 2615 1252 2672 ﬁde
1280 2626 1446 2684 recta,
1473 2619 1527 2673 in
1552 2633 1648 2689 spe
1671 2619 1825 2674 ﬁrma
1851 2638 1862 2673 :

262 2720 294 2757 a
330 2704 559 2758 Domini
589 2704 684 2758 Dei
710 2706 1094 2777 omnipotentis
1116 2709 1489 2764 misericordia
1523 2711 1576 2764 in
1597 2712 1887 2767 charitale'

264 2796 523 2866 perfecta
550 2797 616 2851 ad
643 2798 925 2853 servitium
954 2797 1072 2867 ejus
1096 2801 1456 2872 iii-operibus;
1483 2803 1870 2860 misericordiae
1882 2846 1892 2850 .-

264 2897 323 2941 et
375 2887 623 2958 pietatis,
651 2896 712 2940 ut
746 2886 863 2956 ejus
911 2888 1172 2960 largiente
1199 2892 1368 2960 gratia
1398 2908 1706 2948 mereamur
1726 2903 1782 2949 et
1804 2895 1871 2950 de

264 2979 442 3033 hoste
472 2978 801 3048 triumphum
852 2987 907 3035 et
931 2988 1147 3037 atteram
1181 2983 1532 3040 beatitudinis
1565 2986 1866 3054 praemium.

266 3067 548 3138 Sequitur
576 3085 590 3122 :

1965 519 2165 589 dignati
2197 528 2343 585 sunt,
2367 521 2492 588 quia
2526 535 2646 574 vera
2670 520 2880 589 justitia
2905 523 3332 591 compassionem
3361 526 3548 593 habet,

1966 609 2099 666 falsa
2121 609 2335 680 justitia
2359 611 2814 682 dedignationem,
2839 614 3086 682 quamvis
3107 623 3162 668 et
3173 613 3306 683 justi
3337 615 3551 673 soleant

1966 714 2112 760 recte
2153 706 2531 777 peccatoribus
2582 706 2868 776 indignari.
2919 706 3025 761 Sed
3065 715 3147 762 est
3199 708 3343 764 aliud
3404 710 3550 780 quod

1966 795 2142 866 agitur
2189 804 2314 865 typo
2363 795 2648 864 superhim,
2704 795 2846 849 aliud
2873 794 3013 864 quod
3057 797 3174 851 zelo
3226 798 3544 870 disciplinae,

1967 887 2060 942 sed
2095 887 2184 955 qui
2212 888 2340 958 :egri
2373 898 2529 942 erant
2551 888 2645 953 ita,
2677 897 2737 941 ut
2767 904 2939 956 aegros
2986 904 3045 944 se
3086 905 3207 946 esse
3239 893 3548 948 nescirent;

1967 984 2235 1045 quatenus
2273 976 2416 1045 quod
2443 986 2598 1031 erant
2639 987 2996 1045 agnoscerent
3026 978 3263 1035 cmlestis
3291 996 3385 1036 eos
3433 998 3548 1037 me-

1965 1066 2119 1121 dicus
2147 1067 2358 1122 blandis
2389 1066 2642 1122 fomentis
2695 1077 2868 1130 curat,
2921 1069 3209 1139 benignum
3238 1072 3551 1142 paradigma

1965 1159 2170 1229 objicit,
2201 1167 2257 1212 et
2308 1158 2360 1212 in
2417 1173 2604 1212 eorum
2650 1159 2812 1213 corde
2846 1159 3084 1214 vulneris
3130 1169 3399 1217 tumorem
3427 1179 3555 1235 pre-

1966 1251 2083 1303 mit.
2109 1250 2199 1302 Ait
2230 1263 2461 1317 namque
2489 1266 2500 1300 :

2037 1338 2169 1402 Quis
2206 1354 2269 1391 ea:
2296 1339 2433 1392 vobis
2463 1338 2635 1400 homo,
2666 1338 2754 1404 qui
2782 1339 2933 1402 habet
2984 1348 3188 1393 centum
3238 1357 3380 1405 oves,
3420 1351 3466 1395 et
3505 1342 3551 1395 si

1962 1407 2242 1502 perdiderit
2298 1448 2457 1484 unam
2509 1447 2573 1483 ex
2625 1430 2753 1495 illis,
2797 1448 2964 1484 nonne
3007 1432 3221 1485 dimittit
3261 1434 3549 1504 nonaginta

1964 1539 2143 1575 norem
2181 1522 2236 1574 in
2283 1521 2506 1584 deserto,
2536 1531 2582 1574 et
2622 1521 2760 1574 vadit
2783 1521 2850 1574 ad
2875 1521 3016 1574 illam
3063 1539 3179 1592 qua:
3206 1524 3428 1593 perierat
3455 1523 3554 1576 do-

1964 1632 2056 1670 nec
2090 1617 2315 1670 inveniat
2347 1616 2533 1668 illam?
2560 1615 2695 1668 Ecce
2738 1613 2875 1666 mira
2906 1612 3308 1682 dispensatione
3333 1613 3551 1682 pietatis

1966 1706 2372 1761 similitudinem
2392 1705 2604 1760 Veri-tas
2626 1704 2792 1769 dedit,
2817 1719 2978 1773 quam
3005 1713 3061 1758 et
3087 1704 3138 1757 in
3161 1719 3218 1759 se
3242 1704 3356 1774 ipse
3387 1705 3551 1758 homo

1897 1783 1942 1842 Β
1974 1807 2406 1869 recognosceret,
2441 1805 2497 1851 et
2547 1806 2724 1850 tamen
2770 1796 2886 1850 haec
2917 1794 3226 1872 specialiter
3262 1796 3330 1850 ad
3376 1796 3552 1866 ipsum

1971 1896 2250 1942 auctorem
2299 1887 2577 1941 hominum
2604 1885 2920 1954 pertineret.
2947 1882 3086 1948 Quia
3125 1884 3268 1938 enim
3299 1893 3555 1939 centena-

1971 1979 2084 2032 rius
2105 1986 2190 2032 est
2228 1991 2484 2032 numerus
2527 1974 2822 2045 perfectus,
2873 1976 2988 2043 ipse
3031 1984 3250 2029 centum
3280 1990 3410 2030 oves
3461 1976 3556 2028 ha-

1969 2065 2110 2132 buit,
2139 2081 2264 2122 cum
2292 2065 2620 2136 Angelorum
2646 2063 3004 2121 substantiam
3031 2073 3085 2117 et
3105 2065 3383 2119 hominum
3404 2079 3558 2119 crea-

1970 2159 2048 2213 vit
2103 2176 2117 2212 :
2155 2158 2247 2214 sed
2297 2174 2403 2212 una
2449 2157 2566 2212 ovis
2616 2164 2741 2210 tunc.
2785 2157 2990 2226 periit:
3025 2158 3242 2226 quando
3280 2157 3557 2228 peccando

1971 2247 2133 2303 homo
2177 2262 2378 2318 pascua
2413 2246 2536 2300 vita:
2565 2245 2868 2315 dereliquit.
2913 2245 3127 2302 Dimisit
3158 2256 3338 2300 autem
3386 2261 3559 2301 nona-

1969 2339 2120 2411 ginta
2146 2329 2337 2394 novem
2359 2354 2489 2394 oves
2518 2340 2572 2393 in
2603 2339 2836 2402 deserto,
2869 2339 2995 2409 quia
3032 2339 3150 2394 illos
3176 2355 3417 2395 summos
3441 2339 3554 2394 An-

1970 2429 2213 2500 gelorum
2254 2429 2452 2484 choros
2489 2427 2706 2498 reliquit
2738 2429 2788 2482 in
2817 2429 2975 2484 coelo.
3005 2429 3116 2484 Cur
3143 2438 3322 2484 autem
3351 2431 3550 2488 etclam

1971 2520 2242 2574 desertum
2271 2527 2517 2585 vocatur,
2560 2520 2661 2574 nisi
2690 2520 2833 2590 quod
2857 2521 3133 2575 desertum
3165 2521 3362 2576 dicitur
3401 2522 3559 2582 dere-

1971 2606 2174 2668 lictum,
2207 2616 2335 2662 tunc
2360 2616 2539 2662 autem
2561 2608 2756 2663 coelum
2785 2610 2948 2663 homo
2975 2609 3231 2673 deseruit,
3266 2625 3388 2664 cum
3428 2627 3556 2681 pec-

1971 2698 2130 2752 cavit.
2177 2697 2234 2752 lu
2267 2698 2481 2752 deserto
2508 2707 2686 2753 autem
2719 2699 3012 2770 nonaginta
3056 2715 3248 2756 novem
3303 2716 3434 2756 oves
3471 2716 3560 2756 re-

1973 2798 2304 2852 manserant,
2330 2792 2546 2860 quando
2587 2790 2638 2844 in
2672 2799 2813 2846 terra
2857 2791 3119 2847 Dominus
3147 2808 3307 2847 unam
3343 2808 3557 2863 qumre-

1973 2883 2067 2937 bat
2105 2901 2116 2936 :
2156 2883 2283 2952 quia
2333 2883 2611 2939 rationalis
2639 2892 2902 2940 creatum
2949 2900 3210 2941 numerus
3242 2887 3556 2957 angelorum

1971 2971 2225 3026 videlicet
2255 2981 2310 3027 et
2337 2972 2638 3036 hominum,
2680 2973 2770 3042 qui
2801 2973 2869 3028 ad
2913 2974 3201 3028 videndum
3241 2976 3409 3030 Deum
3431 2991 3562 3031 con-

1973 3064 2072 3118 diti
2119 3063 2332 3118 fuerant
2359 3073 2619 3134 pereunte
2653 3065 2871 3135 homine
2897 3073 3018 3120 erat
3052 3065 3393 3131 imminutus,
3420 3077 3475 3120 et
3500 3076 3561 3122 ut

343 3157 499 3212 Deus
529 3167 701 3212 autem
744 3159 913 3213 omnis
935 3160 1141 3229 gratim,
1170 3163 1259 3232 qui
1289 3165 1487 3218 vocavit
1516 3182 1608 3220 nos
1638 3166 1694 3220 in
1716 3176 1867 3222 aeter-

1975 3155 2259 3225 perl‘ectius
2278 3171 2487 3210 summa
2513 3156 2693 3209 ovium
2721 3155 3084 3228 integraretur
3103 3157 3159 3211 in
3181 3156 3319 3213 coal-0
3351 3175 3364 3208 :
3399 3157 3561 3212 homo

267 3267 406 3303 nam
459 3266 611 3301 suout
657 3249 880 3318 gloriam
929 3251 983 3303 in
1013 3249 1243 3316 Christo,
1297 3269 1396 3322 per
1441 3256 1868 3313 incarnationem

267 3340 549 3411 unigeniti
597 3338 690 3393 lilii
725 3340 810 3394 sui
866 3354 1028 3410 quem
1067 3356 1164 3410 pro
1213 3344 1397 3398 mundi
1439 3345 1588 3400 misit
1617 3349 1755 3402 mori
1785 3363 1872 3402 sa—

268 3429 420 3484 lute.
712 3487 720 3494 ,

347 3518 628 3574 Modicum
651 3537 858 3590 passus.
881 3520 983 3588 Qui
1014 3522 1067 3576 in
1097 3523 1202 3578 hoc
1244 3524 1445 3580 mundo
1471 3527 1722 3595 quamvis
1749 3543 1869 3585 mo-

271 3612 388 3668 dici
415 3612 687 3681 temporis,
711 3613 911 3667 multas
938 3615 1199 3669 sustinuit
1221 3631 1319 3686 pro
1347 3618 1505 3672 nobis
1529 3618 1777 3688 injurias,
1801 3619 1870 3674 ad

268 3707 534 3760 ultimum
583 3705 745 3760 etiam
780 3706 1072 3762 cruciﬁxus
1119 3716 1206 3763 est
1254 3718 1312 3763 et
1366 3710 1582 3765 occisus
1616 3719 1721 3776 est,
1771 3727 1870 3781 pro

271 3796 654 3866 redemptione
707 3805 894 3852 nostra
930 3814 945 3853 :
979 3807 1035 3852 et
1072 3799 1210 3854 mori
1253 3799 1504 3869 dignatus
1534 3808 1618 3855 est
1647 3815 1746 3870 pro
1776 3816 1871 3856 no-

265 3888 386 3953 bis,
416 3887 791 3957 modicumque
819 3889 1079 3957 temporis
1104 3897 1348 3945 retentus
1369 3905 1400 3945 a
1429 3899 1626 3956 morte,
1658 3893 1869 3946 statim-

265 3995 388 4051 que
424 3979 511 4034 die
561 3982 859 4036 resurrexit
904 3982 1088 4048 tertia,
1136 3983 1252 4052 ipse
1278 3981 1528 4054 perﬁciet
1568 3985 1770 4039 bonum
1812 3985 1869 4039 in

266 4068 443 4125 nobis
467 4069 610 4138 quod
641 4079 880 4140 cmperat
929 4089 942 4125 :
984 4085 1190 4143 nosque
1216 4073 1272 4128 in
1307 4089 1404 4128 sua
1441 4089 1658 4142 semper
1683 4075 1872 4129 volun-

269 4167 398 4215 tate
429 4160 557 4214 etin
582 4160 761 4216 divina
784 4162 1045 4234 religione
1067 4164 1356 4220 conﬁrmet
1376 4173 1431 4221 et
1451 4165 1787 4232 corroboret,
1815 4174 1871 4223 et

267 4252 329 4305 in
363 4253 772 4319 perseverantia
795 4253 1060 4308 bonorum
1087 4270 1311 4325 operum
1339 4256 1441 4326 ipsi
1471 4257 1641 4328 gloria
1680 4267 1736 4313 et
1756 4245 1868 4313 im-

265 4343 516 4414 perium,
535 4341 652 4399 laus
672 4353 728 4400 et
745 4345 1040 4416 gratiarum
1064 4347 1204 4401 actio
1227 4347 1280 4401 in
1302 4348 1498 4403 saacula
1525 4348 1865 4404 saeculorum.

269 4436 477 4487 Amen.

775 4548 1125 4606 HOMILIA
1164 4551 1352 4608 XCV.

859 4681 991 4720 ιτεκ
1017 4682 1086 4721 UT
1113 4681 1300 4722 ΒΗΜΛ.

425 4773 612 4830 Lectio
645 4775 819 4830 sancti
849 4775 1124 4846 Evangelii
1161 4777 1458 4832 secundum
1497 4777 1720 4833 Lucam.

349 4882 423 4938 In
457 4883 550 4938 ilio
603 4894 831 4955 tempore
872 4895 1022 4940 erant
1063 4888 1540 4958 appmpinquantes
1583 4888 1652 4941 ad
1687 4888 1868 4943 Jesum

269 4974 546 5046 publicani
568 4989 616 5030 et
655 4986 952 5046 peccatores
974 4988 1029 5030 ut
1060 4977 1302 5031 audirent
1329 4977 1500 5031 illum.
1537 4977 1606 5032 Et
1631 4995 1868 5033 murmu-

272 5071 467 5124 rabant
503 5069 763 5125 Phor-imi
802 5079 849 5123 et
891 5069 1112 5137 Scriba',
1152 5071 1401 5137 dicentes,
1431 5073 1557 5143 quia
1579 5073 1664 5127 hic
1689 5090 1870 5145 pecca-

271 5175 418 5218 tores
449 5161 625 5231 recipit
650 5171 698 5215 et
730 5161 1015 5216 manduca!
1044 5179 1164 5216 cum
1187 5163 1315 5218 illis.

345 5251 488 5318 Quia
534 5267 640 5306 non
673 5253 848 5307 solum
883 5251 1064 5321 justus
1097 5269 1324 5322 peccare
1350 5269 1447 5324 per
1468 5255 1741 5322 inertiam,
1775 5255 1869 5311 sed

267 5351 330 5398 et
373 5352 630 5411 peccator
665 5344 986 5413 resipiscere
1014 5359 1112 5413 per
1158 5345 1433 5400 solertiam
1463 5355 1664 5416 potest,
1714 5355 1867 5417 post-

268 5450 442 5506 quam
485 5434 565 5490 ea!
594 5433 920 5490 infatuatum
971 5436 1126 5491 foras
1168 5437 1308 5491 mitti
1339 5436 1537 5493 debere
1587 5447 1865 5492 narratum

267 5532 382 5587 est,
423 5538 551 5578 mox
575 5525 956 5595 penitentiam
987 5525 1182 5581 cohors
1230 5526 1377 5581 intus
1403 5527 1638 5584 admissa
1666 5527 1868 5582 deseri-

269 5615 439 5680 bitur,
469 5615 564 5685 qui
597 5614 664 5670 ad
694 5614 1023 5670 audiendum
1054 5615 1148 5671 Dei
1168 5616 1396 5672 verbum
1429 5618 1867 5688 appropinquan-

272 5715 376 5771 tes,
406 5722 516 5762 non
547 5706 721 5764 solum
746 5707 815 5762 ad
841 5706 1278 5777 colloquendum,
1313 5709 1409 5767 sed
1442 5711 1605 5766 etiam
1635 5709 1702 5765 ad
1731 5726 1862 5766 con-

1892 4497 1947 4558 D

1968 3245 2210 3315 perditus
2235 3247 2582 3314 quzerebatur
2606 3245 2659 3300 in
2682 3253 2846 3302 terra.

2044 3344 2111 3398 Et
2138 3362 2256 3398 cum
2305 3344 2556 3398 invenerit
2599 3343 2746 3398 illam
2801 3345 3020 3415 imponit
3068 3346 3122 3399 in
3151 3346 3397 3400 humeros
3437 3362 3560 3402 suos

1971 3436 2226 3506 gaudens.
2276 3434 2442 3490 Ovem
2475 3435 2530 3489 in
2573 3435 2816 3492 humeris
2844 3437 2956 3491 suis
2991 3438 3246 3508 imposuit
3282 3438 3411 3508 quia
3463 3439 3563 3493 hu-

1972 3541 2190 3580 manam
2226 3535 2478 3580 naturam
2505 3525 2802 3598 suscipiens
2828 3536 3049 3598 peccata
3083 3535 3268 3582 nostra
3299 3528 3411 3599 ipse
3439 3545 3564 3599 por-

1972 3615 2125 3668 tavit.

2041 3704 2110 3759 Et
2136 3706 2341 3760 veniens
2369 3707 2607 3771 domum,
2637 3714 2884 3761 convocat
2914 3708 3110 3761 amicos
3134 3719 3185 3761 et
3219 3707 3437 3772 vicinos,
3474 3709 3564 3761 di-

1945 3811 2089 3871 .cens
2134 3792 2239 3848 illis
2287 3809 2304 3845 :
2350 3793 2804 3864 Congratulamini
2834 3796 2981 3862 mihi,
3012 3798 3137 3867 quia
3190 3798 3363 3852 inveni
3417 3815 3561 3852 ovem

1970 3902 2088 3956 qua:
2141 3886 2386 3955 perierat.
2431 3884 2650 3940 Inventa
2700 3899 2801 3940 ove
2856 3888 2924 3942 ad
2981 3887 3202 3942 domum
3232 3888 3391 3943 rediit
3434 3889 3564 3958 quia

1973 3985 2161 4045 pastor
2185 3984 2371 4029 noster
2401 3984 2653 4045 reparato
2683 3977 2902 4032 homine
2927 3977 2996 4032 ad
3035 3994 3262 4049 regnum
3289 3980 3470 4044 rediit,
3490 3981 3562 4036 ibi

1973 4065 2180 4120 amicos
2224 4073 2277 4119 et
2306 4065 2514 4120 vicinos
2546 4065 2773 4132 invenit,
2807 4067 2925 4123 illos
2948 4068 3200 4125 videlicet
3249 4071 3564 4142 angelorum

1971 4155 2190 4220 choros,
2245 4156 2336 4226 qui
2366 4156 2526 4210 amici
2575 4157 2694 4227 ejus
2740 4169 2886 4223 sunt,
2915 4160 3043 4230 quia
3078 4161 3410 4218 voluntatem
3447 4163 3566 4233 ejus

1972 4250 2226 4304 continue
2249 4249 2303 4302 in
2330 4264 2426 4304 sua
2457 4250 2753 4306 stabilitate
2779 4253 3091 4308 custodiunt
3114 4271 3128 4307 :
3154 4255 3314 4308 vicini
3343 4269 3567 4324 quoque

1972 4339 2088 4408 ejus
2111 4349 2237 4394 sunt
2268 4339 2395 4411 quia
2427 4339 2675 4396 claritate
2706 4341 2930 4399 visionis
2956 4341 3099 4397 illius
3122 4357 3220 4400 sua
3240 4343 3562 4398 assiduitate

1973 4431 2343 4502 perfruuntur,
2373 4440 2428 4486 et
2473 4433 2770 4486 notandum
2805 4434 2948 4504 quod
2982 4450 3091 4489 non
3143 4435 3304 4500 dicat,
3333 4451 3563 4507 congra-

1976 4523 2220 4578 tulamini
2263 4524 2351 4578 ovi
2382 4524 2634 4590 inventae,
2687 4525 2784 4578 sed
2833 4525 2962 4577 mihi
2992 4525 3120 4593 quia
3165 4525 3416 4582 videlicet
3443 4529 3565 4598 ejus

1974 4624 2059 4670 est
2085 4615 2338 4687 gaudium
2381 4616 2491 4682 vita
2527 4624 2735 4680 nostra,
2765 4623 2822 4669 et
2865 4631 2991 4670 cum
3021 4632 3120 4673 nos
3151 4617 3218 4672 ad
3240 4619 3440 4675 coelum
3474 4637 3562 4677 re—

1974 4704 2245 4772 ducimur,
2269 4704 2669 4760 solemnitatem
2695 4705 2895 4760 laetitite
2917 4705 3063 4762 illius
3093 4707 3402 4778 implemus.

2044 4797 2176 4852 Dico
2202 4795 2339 4852 vobis
2363 4798 2503 4868 quod
2527 4799 2600 4852 ita
2629 4799 3004 4869 gaudiumerit
3038 4799 3094 4854 in
3119 4800 3248 4856 ctelo
3277 4817 3436 4871 super
3455 4818 3561 4856 uno

1975 4901 2243 4962 peccatore
2266 4892 2623 4960 paenitentiam
2661 4900 2844 4960 agente
2871 4907 3027 4961 quam
3061 4907 3217 4962 super
3274 4893 3560 4962 nonaginta

1971 5000 2151 5039 novem
2190 4983 2354 5054 justis
2398 4984 2489 5054 qui
2546 5000 2650 5038 non
2693 4983 2924 5054 indigent
2972 4985 3296 5054 paenitentia.
3333 4983 3462 5040 Plus
3491 4985 3562 5039 de

1970 5076 2249 5133 conversis
2308 5076 2708 5148 peccatoribus,
2765 5091 2928 5145 quam
2983 5077 3050 5131 de
3102 5077 3376 5132 stantibus
3397 5075 3564 5145 justas

1970 5164 2222 5239 gaudium
2268 5168 2376 5222 erit
2404 5168 2457 5222 in
2489 5167 2648 5230 coelo,
2679 5167 2806 5236 quia
2833 5168 3153 5238 plerumque
3193 5169 3251 5223 hi
3273 5169 3365 5238 qui
3396 5169 3562 5224 nullis

1972 5275 2030 5315 se
2053 5274 2343 5330 oppressos
2383 5267 2730 5329 peccatorum
2772 5259 3003 5314 molibus
3026 5261 3226 5327 sciunt,
3269 5269 3416 5316 stant
3435 5259 3568 5328 qui-

1975 5351 2096 5405 dem
2132 5351 2184 5404 in
2216 5350 2300 5404 via
2337 5349 2586 5419 iustitiae,
2617 5349 2758 5403 nulla
2781 5349 2963 5404 illicita
2989 5359 3324 5421 perpetrant,
3354 5348 3449 5404 sed
3480 5361 3560 5401 ta-

1975 5457 2097 5496 men
2128 5443 2195 5498 ad
2223 5441 2501 5497 caelestem
2530 5442 2760 5511 patriam
2785 5441 2946 5496 anxie
2985 5457 3090 5496 non
3114 5443 3388 5508 anhelant,
3435 5449 3562 5494 Ian-

1978 5541 2138 5602 toque
2164 5530 2265 5589 sibi
2308 5531 2364 5586 ln
2397 5533 2557 5588 rebus
2585 5531 2749 5587 licitis
2792 5547 2948 5587 usum
2978 5533 3239 5602 praabent,
3269 5540 3471 5602 quanto
3500 5543 3564 5583 se

1974 5635 2315 5695 perpetrasse
2345 5624 2531 5682 illicita
2568 5625 2715 5681 nulla
2743 5626 3123 5681 meminerunt.
3153 5624 3222 5679 Et
3247 5624 3563 5694 pler-nmque

1975 5715 2112 5787 pigri
2148 5725 2436 5774 remanent
2486 5717 2556 5773 ad
2601 5717 2906 5775 exercenda
2957 5714 3095 5771 bona
3122 5713 3560 5787 praecipua,quia
