  <div class='ocr_page' id='page_1' title='image "/cluster/home/n/w/nwhite01/storage/ocr_20150623/110/hvd.32044054759758/169.png"; bbox 0 0 3962 6180; ppageno 0'>
   <div class='ocr_carea' id='block_1_1' title="bbox 457 339 562 396">
    <p class='ocr_par' dir='ltr' id='par_1_1' title="bbox 457 339 562 396">
     <span class='ocr_line' id='line_1_1' title="bbox 457 339 562 396; baseline -0.038 0"><span class='ocrx_word' id='word_1_1' title='bbox 457 339 562 396; x_wconf 75' lang='lat'><strong><em>327</em></strong></span> 
     </span>
    </p>
   </div>
   <div class='ocr_carea' id='block_1_2' title="bbox 1121 332 3080 394">
    <p class='ocr_par' dir='ltr' id='par_1_2' title="bbox 1121 332 3080 394">
     <span class='ocr_line' id='line_1_2' title="bbox 1121 332 3080 394; baseline -0.001 -4"><span class='ocrx_word' id='word_1_2' title='bbox 1121 336 1182 390; x_wconf 85' lang='grc' dir='ltr'><strong>Β.</strong></span> <span class='ocrx_word' id='word_1_3' title='bbox 1226 335 1477 390; x_wconf 71' lang='lat' dir='ltr'><strong><em>RABANI</em></strong></span> <span class='ocrx_word' id='word_1_4' title='bbox 1517 334 1734 392; x_wconf 77' lang='lat' dir='ltr'><strong><em>MAURI</em></strong></span> <span class='ocrx_word' id='word_1_5' title='bbox 1773 334 2089 392; x_wconf 81' lang='lat' dir='ltr'><strong><em>ARCHIEP.</em></strong></span> <span class='ocrx_word' id='word_1_6' title='bbox 2133 335 2439 394; x_wconf 78' lang='lat' dir='ltr'><strong><em>MOGUNT.</em></strong></span> <span class='ocrx_word' id='word_1_7' title='bbox 2477 335 2764 394; x_wconf 81' lang='lat' dir='ltr'><strong><em>OPERUM</em></strong></span> <span class='ocrx_word' id='word_1_8' title='bbox 2803 334 2980 391; x_wconf 81' lang='lat' dir='ltr'><strong><em>PARS</em></strong></span> <span class='ocrx_word' id='word_1_9' title='bbox 3018 332 3080 389; x_wconf 88' lang='lat' dir='ltr'><strong><em>ll.</em></strong></span> 
     </span>
    </p>
   </div>
   <div class='ocr_carea' id='block_1_3' title="bbox 3608 333 3713 390">
    <p class='ocr_par' dir='ltr' id='par_1_3' title="bbox 3608 333 3713 390">
     <span class='ocr_line' id='line_1_3' title="bbox 3608 333 3713 390; baseline 0.029 -3"><span class='ocrx_word' id='word_1_10' title='bbox 3608 333 3713 390; x_wconf 65' lang='grc'><strong><em>’518</em></strong></span> 
     </span>
    </p>
   </div>
   <div class='ocr_carea' id='block_1_4' title="bbox 457 445 3715 518">
    <p class='ocr_par' dir='ltr' id='par_1_4' title="bbox 457 445 3715 518">
     <span class='ocr_line' id='line_1_4' title="bbox 457 445 3715 518; baseline -0 -14"><span class='ocrx_word' id='word_1_11' title='bbox 457 449 615 504; x_wconf 88' lang='lat' dir='ltr'><strong><em>valde</em></strong></span> <span class='ocrx_word' id='word_1_12' title='bbox 635 448 810 504; x_wconf 79' lang='lat' dir='ltr'><strong><em>securi</em></strong></span> <span class='ocrx_word' id='word_1_13' title='bbox 839 454 983 511; x_wconf 89' lang='lat' dir='ltr'><strong><em>sunt,</em></strong></span> <span class='ocrx_word' id='word_1_14' title='bbox 1007 447 1150 516; x_wconf 91' lang='lat' dir='ltr'><strong><em>quod</em></strong></span> <span class='ocrx_word' id='word_1_15' title='bbox 1177 446 1320 501; x_wconf 91' lang='lat' dir='ltr'><strong><em>nulla</em></strong></span> <span class='ocrx_word' id='word_1_16' title='bbox 1345 447 1717 502; x_wconf 90' lang='lat' dir='ltr'><strong><em>commiserint</em></strong></span> <span class='ocrx_word' id='word_1_17' title='bbox 1747 446 1882 502; x_wconf 87' lang='lat' dir='ltr'><strong><em>mala</em></strong></span> <span class='ocrx_word' id='word_1_18' title='bbox 1907 463 2030 518; x_wconf 86' lang='lat' dir='ltr'><strong><em>gra-</em></strong></span> <span class='ocrx_word' id='word_1_19' title='bbox 2061 454 2107 512; x_wconf 74' lang='grc' dir='ltr'><strong>Α</strong></span> <span class='ocrx_word' id='word_1_20' title='bbox 2136 465 2307 518; x_wconf 83' lang='lat' dir='ltr'><strong><em>opere,</em></strong></span> <span class='ocrx_word' id='word_1_21' title='bbox 2335 451 2512 502; x_wconf 90' lang='lat' dir='ltr'><strong><em>omnia</em></strong></span> <span class='ocrx_word' id='word_1_22' title='bbox 2556 451 2611 503; x_wconf 91' lang='lat' dir='ltr'><strong><em>in</em></strong></span> <span class='ocrx_word' id='word_1_23' title='bbox 2643 451 2850 502; x_wconf 80' lang='lat' dir='ltr'><strong><em>nomine</em></strong></span> <span class='ocrx_word' id='word_1_24' title='bbox 2880 447 3089 502; x_wconf 77' lang='lat' dir='ltr'><strong><em>Domini</em></strong></span> <span class='ocrx_word' id='word_1_25' title='bbox 3117 445 3267 512; x_wconf 85' lang='lat' dir='ltr'><strong><em>.lesu,</em></strong></span> <span class='ocrx_word' id='word_1_26' title='bbox 3290 447 3487 517; x_wconf 87' lang='lat' dir='ltr'><strong><em>gratias</em></strong></span> <span class='ocrx_word' id='word_1_27' title='bbox 3509 458 3715 516; x_wconf 83' lang='lat' dir='ltr'><strong><em>agentes</em></strong></span> 
     </span>
    </p>
   </div>
   <div class='ocr_carea' id='block_1_5' title="bbox 457 554 2036 700">
    <p class='ocr_par' dir='ltr' id='par_1_5' title="bbox 457 554 2036 700">
     <span class='ocr_line' id='line_1_5' title="bbox 457 554 2036 700; baseline 0 -17"><span class='ocrx_word' id='word_1_28' title='bbox 457 554 634 683; x_wconf 44' lang='lat' dir='ltr'><strong><em>“fit:</em></strong></span> <span class='ocrx_word' id='word_1_29' title='bbox 654 647 770 700; x_wconf 74' lang='lat' dir='ltr'><strong><em>qua!</em></strong></span> <span class='ocrx_word' id='word_1_30' title='bbox 789 628 978 682; x_wconf 77' lang='lat' dir='ltr'><strong><em>mulier</em></strong></span> <span class='ocrx_word' id='word_1_31' title='bbox 1004 627 1197 681; x_wconf 80' lang='lat' dir='ltr'><strong><em>habens</em></strong></span> <span class='ocrx_word' id='word_1_32' title='bbox 1219 626 1498 681; x_wconf 82' lang='lat' dir='ltr'><strong><em>drachmas</em></strong></span> <span class='ocrx_word' id='word_1_33' title='bbox 1519 629 1714 694; x_wconf 84' lang='lat' dir='ltr'><strong><em>decem,</em></strong></span> <span class='ocrx_word' id='word_1_34' title='bbox 1736 629 1783 682; x_wconf 90' lang='lat' dir='ltr'><strong><em>si</em></strong></span> <span class='ocrx_word' id='word_1_35' title='bbox 1800 629 2036 698; x_wconf 85' lang='lat' dir='ltr'><strong><em>perdide-</em></strong></span> 
     </span>
    </p>
   </div>
   <div class='ocr_carea' id='block_1_6' title="bbox 461 720 2036 783">
    <p class='ocr_par' dir='ltr' id='par_1_6' title="bbox 461 720 2036 783">
     <span class='ocr_line' id='line_1_6' title="bbox 461 720 2036 783; baseline -0.001 -7"><span class='ocrx_word' id='word_1_36' title='bbox 461 723 530 776; x_wconf 85' lang='lat' dir='ltr'><strong><em>rit</em></strong></span> <span class='ocrx_word' id='word_1_37' title='bbox 551 721 851 775; x_wconf 83' lang='lat' dir='ltr'><strong><em>drachmam</em></strong></span> <span class='ocrx_word' id='word_1_38' title='bbox 880 737 1059 783; x_wconf 86' lang='lat' dir='ltr'><strong><em>unum,</em></strong></span> <span class='ocrx_word' id='word_1_39' title='bbox 1084 735 1252 773; x_wconf 86' lang='lat' dir='ltr'><strong><em>nonne</em></strong></span> <span class='ocrx_word' id='word_1_40' title='bbox 1271 721 1508 774; x_wconf 87' lang='lat' dir='ltr'><strong><em>accendit</em></strong></span> <span class='ocrx_word' id='word_1_41' title='bbox 1529 720 1796 775; x_wconf 88' lang='lat' dir='ltr'><strong><em>lucernam</em></strong></span> <span class='ocrx_word' id='word_1_42' title='bbox 1819 730 1866 775; x_wconf 90' lang='lat' dir='ltr'><strong><em>et</em></strong></span> <span class='ocrx_word' id='word_1_43' title='bbox 1895 739 2036 776; x_wconf 88' lang='lat' dir='ltr'><strong><em>ever-</em></strong></span> 
     </span>
    </p>
   </div>
   <div class='ocr_carea' id='block_1_7' title="bbox 461 811 2032 882">
    <p class='ocr_par' dir='ltr' id='par_1_7' title="bbox 461 811 2032 882">
     <span class='ocr_line' id='line_1_7' title="bbox 461 811 2032 882; baseline 0.001 -16"><span class='ocrx_word' id='word_1_44' title='bbox 461 814 528 866; x_wconf 86' lang='lat' dir='ltr'><strong><em>rit</em></strong></span> <span class='ocrx_word' id='word_1_45' title='bbox 556 814 790 876; x_wconf 84' lang='lat' dir='ltr'><strong><em>domum,</em></strong></span> <span class='ocrx_word' id='word_1_46' title='bbox 817 821 862 865; x_wconf 90' lang='lat' dir='ltr'><strong><em>et</em></strong></span> <span class='ocrx_word' id='word_1_47' title='bbox 895 813 1082 882; x_wconf 70' lang='lat' dir='ltr'><strong><em>quierit</em></strong></span> <span class='ocrx_word' id='word_1_48' title='bbox 1110 811 1403 882; x_wconf 79' lang='lat' dir='ltr'><strong><em>diligenter,</em></strong></span> <span class='ocrx_word' id='word_1_49' title='bbox 1432 813 1595 867; x_wconf 89' lang='lat' dir='ltr'><strong><em>donec</em></strong></span> <span class='ocrx_word' id='word_1_50' title='bbox 1640 814 1905 868; x_wconf 80' lang='lat' dir='ltr'><strong><em>inveniat?</em></strong></span> <span class='ocrx_word' id='word_1_51' title='bbox 1931 812 2032 880; x_wconf 86' lang='lat' dir='ltr'><strong><em>Qui</em></strong></span> 
     </span>
    </p>
   </div>
   <div class='ocr_carea' id='block_1_8' title="bbox 460 907 2034 978">
    <p class='ocr_par' dir='ltr' id='par_1_8' title="bbox 460 907 2034 978">
     <span class='ocr_line' id='line_1_8' title="bbox 460 907 2034 978; baseline 0.001 -16"><span class='ocrx_word' id='word_1_52' title='bbox 460 909 707 978; x_wconf 87' lang='lat' dir='ltr'><strong><em>signatur</em></strong></span> <span class='ocrx_word' id='word_1_53' title='bbox 753 921 851 976; x_wconf 87' lang='lat' dir='ltr'><strong><em>per</em></strong></span> <span class='ocrx_word' id='word_1_54' title='bbox 902 914 1172 975; x_wconf 97' lang='lat' dir='ltr'><strong><em>pastorem</em></strong></span> <span class='ocrx_word' id='word_1_55' title='bbox 1224 907 1338 976; x_wconf 90' lang='lat' dir='ltr'><strong><em>ipse</em></strong></span> <span class='ocrx_word' id='word_1_56' title='bbox 1365 915 1419 961; x_wconf 90' lang='lat' dir='ltr'><strong><em>et</em></strong></span> <span class='ocrx_word' id='word_1_57' title='bbox 1464 921 1556 976; x_wconf 88' lang='lat' dir='ltr'><strong><em>per</em></strong></span> <span class='ocrx_word' id='word_1_58' title='bbox 1584 908 1885 962; x_wconf 83' lang='lat' dir='ltr'><strong><em>mulierem.</em></strong></span> <span class='ocrx_word' id='word_1_59' title='bbox 1917 909 2034 977; x_wconf 83' lang='lat' dir='ltr'><strong><em>ipse</em></strong></span> 
     </span>
    </p>
   </div>
   <div class='ocr_carea' id='block_1_9' title="bbox 459 997 2034 1071">
    <p class='ocr_par' dir='ltr' id='par_1_9' title="bbox 459 997 2034 1071">
     <span class='ocr_line' id='line_1_9' title="bbox 459 997 2034 1071; baseline 0.001 -17"><span class='ocrx_word' id='word_1_60' title='bbox 459 1001 603 1054; x_wconf 86' lang='lat' dir='ltr'><strong><em>enim</em></strong></span> <span class='ocrx_word' id='word_1_61' title='bbox 659 1000 800 1052; x_wconf 88' lang='lat' dir='ltr'><strong><em>Deus</em></strong></span> <span class='ocrx_word' id='word_1_62' title='bbox 854 999 967 1067; x_wconf 89' lang='lat' dir='ltr'><strong><em>ipse</em></strong></span> <span class='ocrx_word' id='word_1_63' title='bbox 1020 1007 1074 1053; x_wconf 90' lang='lat' dir='ltr'><strong><em>et</em></strong></span> <span class='ocrx_word' id='word_1_64' title='bbox 1110 997 1206 1052; x_wconf 92' lang='lat' dir='ltr'><strong><em>Dei</em></strong></span> <span class='ocrx_word' id='word_1_65' title='bbox 1263 999 1548 1068; x_wconf 74' lang='lat' dir='ltr'><strong><em>sapientia.</em></strong></span> <span class='ocrx_word' id='word_1_66' title='bbox 1608 999 1672 1053; x_wconf 88' lang='lat' dir='ltr'><strong><em>Et</em></strong></span> <span class='ocrx_word' id='word_1_67' title='bbox 1703 1000 1827 1069; x_wconf 83' lang='lat' dir='ltr'><strong>quia</strong></span> <span class='ocrx_word' id='word_1_68' title='bbox 1860 1001 2034 1071; x_wconf 86' lang='lat' dir='ltr'><strong><em>imago</em></strong></span> 
     </span>
    </p>
   </div>
   <div class='ocr_carea' id='block_1_10' title="bbox 458 1090 2027 1162">
    <p class='ocr_par' dir='ltr' id='par_1_10' title="bbox 458 1090 2027 1162">
     <span class='ocr_line' id='line_1_10' title="bbox 458 1090 2027 1162; baseline -0.001 -17"><span class='ocrx_word' id='word_1_69' title='bbox 458 1091 778 1162; x_wconf 78' lang='lat' dir='ltr'><strong><em>exprimitur</em></strong></span> <span class='ocrx_word' id='word_1_70' title='bbox 805 1091 858 1143; x_wconf 91' lang='lat' dir='ltr'><strong><em>in</em></strong></span> <span class='ocrx_word' id='word_1_71' title='bbox 889 1091 1144 1144; x_wconf 80' lang='lat' dir='ltr'><strong><em>drachma</em></strong></span> <span class='ocrx_word' id='word_1_72' title='bbox 1178 1090 1370 1144; x_wconf 87' lang='lat' dir='ltr'><strong><em>mulier</em></strong></span> <span class='ocrx_word' id='word_1_73' title='bbox 1399 1090 1730 1154; x_wconf 82' lang='lat' dir='ltr'><strong><em>drachmam,</em></strong></span> <span class='ocrx_word' id='word_1_74' title='bbox 1771 1091 2027 1160; x_wconf 79' lang='lat' dir='ltr'><strong><em>perdidit,</em></strong></span> 
     </span>
    </p>
   </div>
   <div class='ocr_carea' id='block_1_11' title="bbox 457 1180 2035 1252">
    <p class='ocr_par' dir='ltr' id='par_1_11' title="bbox 457 1180 2035 1252">
     <span class='ocr_line' id='line_1_11' title="bbox 457 1180 2035 1252; baseline 0.001 -18"><span class='ocrx_word' id='word_1_75' title='bbox 457 1181 673 1252; x_wconf 87' lang='lat' dir='ltr'><strong><em>quando</em></strong></span> <span class='ocrx_word' id='word_1_76' title='bbox 700 1182 859 1234; x_wconf 92' lang='lat' dir='ltr'><strong><em>homo</em></strong></span> <span class='ocrx_word' id='word_1_77' title='bbox 891 1180 979 1248; x_wconf 86' lang='lat' dir='ltr'><strong><em>qui</em></strong></span> <span class='ocrx_word' id='word_1_78' title='bbox 1017 1180 1262 1234; x_wconf 87' lang='lat' dir='ltr'><strong><em>conditus</em></strong></span> <span class='ocrx_word' id='word_1_79' title='bbox 1291 1180 1358 1234; x_wconf 91' lang='lat' dir='ltr'><strong><em>ad</em></strong></span> <span class='ocrx_word' id='word_1_80' title='bbox 1387 1181 1676 1250; x_wconf 87' lang='lat' dir='ltr'><strong><em>imaginem</em></strong></span> <span class='ocrx_word' id='word_1_81' title='bbox 1717 1181 1810 1234; x_wconf 90' lang='lat' dir='ltr'><strong><em>Dei</em></strong></span> <span class='ocrx_word' id='word_1_82' title='bbox 1861 1181 2035 1235; x_wconf 84' lang='lat' dir='ltr'><strong><em>fuerat</em></strong></span> 
     </span>
    </p>
   </div>
   <div class='ocr_carea' id='block_1_12' title="bbox 459 1271 2034 1342">
    <p class='ocr_par' dir='ltr' id='par_1_12' title="bbox 459 1271 2034 1342">
     <span class='ocr_line' id='line_1_12' title="bbox 459 1271 2034 1342; baseline 0.001 -15"><span class='ocrx_word' id='word_1_83' title='bbox 459 1272 734 1342; x_wconf 80' lang='lat' dir='ltr'><strong><em>peccando</em></strong></span> <span class='ocrx_word' id='word_1_84' title='bbox 778 1286 807 1324; x_wconf 90' lang='lat' dir='ltr'><strong><em>a</em></strong></span> <span class='ocrx_word' id='word_1_85' title='bbox 837 1271 1184 1325; x_wconf 73' lang='lat' dir='ltr'><strong><em>similitudine</em></strong></span> <span class='ocrx_word' id='word_1_86' title='bbox 1219 1271 1298 1325; x_wconf 91' lang='lat' dir='ltr'><strong><em>sui</em></strong></span> <span class='ocrx_word' id='word_1_87' title='bbox 1327 1271 1624 1326; x_wconf 87' lang='lat' dir='ltr'><strong><em>conditoris</em></strong></span> <span class='ocrx_word' id='word_1_88' title='bbox 1652 1273 1895 1327; x_wconf 84' lang='lat' dir='ltr'><strong><em>recessit.</em></strong></span> <span class='ocrx_word' id='word_1_89' title='bbox 1927 1273 2034 1328; x_wconf 91' lang='lat' dir='ltr'><strong><em>Sed</em></strong></span> 
     </span>
    </p>
   </div>
   <div class='ocr_carea' id='block_1_13' title="bbox 460 1360 2033 1432">
    <p class='ocr_par' dir='ltr' id='par_1_13' title="bbox 460 1360 2033 1432">
     <span class='ocr_line' id='line_1_13' title="bbox 460 1360 2033 1432; baseline 0 -16"><span class='ocrx_word' id='word_1_90' title='bbox 460 1362 706 1416; x_wconf 86' lang='lat' dir='ltr'><strong><em>accendit</em></strong></span> <span class='ocrx_word' id='word_1_91' title='bbox 751 1361 941 1415; x_wconf 88' lang='lat' dir='ltr'><strong><em>mulier</em></strong></span> <span class='ocrx_word' id='word_1_92' title='bbox 967 1360 1239 1415; x_wconf 88' lang='lat' dir='ltr'><strong><em>lucernam</em></strong></span> <span class='ocrx_word' id='word_1_93' title='bbox 1269 1362 1393 1430; x_wconf 85' lang='lat' dir='ltr'><strong><em>quia</em></strong></span> <span class='ocrx_word' id='word_1_94' title='bbox 1421 1363 1686 1431; x_wconf 87' lang='lat' dir='ltr'><strong><em>sapientia</em></strong></span> <span class='ocrx_word' id='word_1_95' title='bbox 1735 1362 1829 1416; x_wconf 87' lang='lat' dir='ltr'><strong><em>Dei</em></strong></span> <span class='ocrx_word' id='word_1_96' title='bbox 1866 1378 2033 1432; x_wconf 89' lang='lat' dir='ltr'><strong><em>appa-</em></strong></span> 
     </span>
    </p>
   </div>
   <div class='ocr_carea' id='block_1_14' title="bbox 461 1451 2034 1521">
    <p class='ocr_par' dir='ltr' id='par_1_14' title="bbox 461 1451 2034 1521">
     <span class='ocr_line' id='line_1_14' title="bbox 461 1451 2034 1521; baseline 0.001 -16"><span class='ocrx_word' id='word_1_97' title='bbox 461 1453 567 1506; x_wconf 91' lang='lat' dir='ltr'><strong><em>ruit</em></strong></span> <span class='ocrx_word' id='word_1_98' title='bbox 608 1452 659 1505; x_wconf 90' lang='lat' dir='ltr'><strong><em>in</em></strong></span> <span class='ocrx_word' id='word_1_99' title='bbox 711 1451 1064 1505; x_wconf 83' lang='lat' dir='ltr'><strong><em>humanitate.</em></strong></span> <span class='ocrx_word' id='word_1_100' title='bbox 1093 1451 1336 1504; x_wconf 87' lang='lat' dir='ltr'><strong><em>Lucerna</em></strong></span> <span class='ocrx_word' id='word_1_101' title='bbox 1369 1452 1567 1521; x_wconf 89' lang='lat' dir='ltr'><strong><em>quippe</em></strong></span> <span class='ocrx_word' id='word_1_102' title='bbox 1595 1451 1774 1506; x_wconf 89' lang='lat' dir='ltr'><strong><em>lumen</em></strong></span> <span class='ocrx_word' id='word_1_103' title='bbox 1813 1453 1866 1507; x_wconf 92' lang='lat' dir='ltr'><strong><em>in</em></strong></span> <span class='ocrx_word' id='word_1_104' title='bbox 1897 1462 2034 1507; x_wconf 87' lang='lat' dir='ltr'><strong><em>testa</em></strong></span> 
     </span>
    </p>
   </div>
   <div class='ocr_carea' id='block_1_15' title="bbox 458 1541 2034 1610">
    <p class='ocr_par' dir='ltr' id='par_1_15' title="bbox 458 1541 2034 1610">
     <span class='ocr_line' id='line_1_15' title="bbox 458 1541 2034 1610; baseline 0.001 -14"><span class='ocrx_word' id='word_1_105' title='bbox 458 1548 562 1604; x_wconf 90' lang='lat' dir='ltr'><strong><em>est,</em></strong></span> <span class='ocrx_word' id='word_1_106' title='bbox 598 1541 776 1595; x_wconf 88' lang='lat' dir='ltr'><strong><em>lumen</em></strong></span> <span class='ocrx_word' id='word_1_107' title='bbox 805 1554 934 1594; x_wconf 90' lang='lat' dir='ltr'><strong><em>vero</em></strong></span> <span class='ocrx_word' id='word_1_108' title='bbox 963 1541 1015 1595; x_wconf 93' lang='lat' dir='ltr'><strong><em>in</em></strong></span> <span class='ocrx_word' id='word_1_109' title='bbox 1048 1549 1186 1595; x_wconf 89' lang='lat' dir='ltr'><strong><em>testa</em></strong></span> <span class='ocrx_word' id='word_1_110' title='bbox 1227 1550 1309 1595; x_wconf 91' lang='lat' dir='ltr'><strong><em>est</em></strong></span> <span class='ocrx_word' id='word_1_111' title='bbox 1343 1542 1596 1597; x_wconf 84' lang='lat' dir='ltr'><strong><em>divinitas</em></strong></span> <span class='ocrx_word' id='word_1_112' title='bbox 1643 1543 1696 1596; x_wconf 91' lang='lat' dir='ltr'><strong><em>in</em></strong></span> <span class='ocrx_word' id='word_1_113' title='bbox 1731 1557 1912 1610; x_wconf 89' lang='lat' dir='ltr'><strong><em>carne,</em></strong></span> <span class='ocrx_word' id='word_1_114' title='bbox 1941 1559 2034 1598; x_wconf 90' lang='lat' dir='ltr'><strong><em>ac-</em></strong></span> 
     </span>
    </p>
   </div>
   <div class='ocr_carea' id='block_1_16' title="bbox 459 1629 2037 1701">
    <p class='ocr_par' dir='ltr' id='par_1_16' title="bbox 459 1629 2037 1701">
     <span class='ocr_line' id='line_1_16' title="bbox 459 1629 2037 1701; baseline 0.003 -17"><span class='ocrx_word' id='word_1_115' title='bbox 459 1645 622 1684; x_wconf 85' lang='lat' dir='ltr'><strong><em>censa</em></strong></span> <span class='ocrx_word' id='word_1_116' title='bbox 651 1639 828 1684; x_wconf 90' lang='lat' dir='ltr'><strong><em>autem</em></strong></span> <span class='ocrx_word' id='word_1_117' title='bbox 860 1629 1074 1684; x_wconf 91' lang='lat' dir='ltr'><strong><em>lucerna</em></strong></span> <span class='ocrx_word' id='word_1_118' title='bbox 1124 1630 1324 1685; x_wconf 85' lang='lat' dir='ltr'><strong><em>everrit</em></strong></span> <span class='ocrx_word' id='word_1_119' title='bbox 1371 1630 1587 1684; x_wconf 89' lang='lat' dir='ltr'><strong><em>domum</em></strong></span> <span class='ocrx_word' id='word_1_120' title='bbox 1627 1632 1751 1701; x_wconf 88' lang='lat' dir='ltr'><strong><em>quia</em></strong></span> <span class='ocrx_word' id='word_1_121' title='bbox 1803 1648 1928 1688; x_wconf 80' lang='lat' dir='ltr'><strong><em>mox</em></strong></span> <span class='ocrx_word' id='word_1_122' title='bbox 1979 1644 2037 1689; x_wconf 93' lang='lat' dir='ltr'><strong><em>ut</em></strong></span> 
     </span>
    </p>
   </div>
   <div class='ocr_carea' id='block_1_17' title="bbox 457 1719 2033 1789">
    <p class='ocr_par' dir='ltr' id='par_1_17' title="bbox 457 1719 2033 1789">
     <span class='ocr_line' id='line_1_17' title="bbox 457 1719 2033 1789; baseline 0.004 -16"><span class='ocrx_word' id='word_1_123' title='bbox 457 1719 574 1787; x_wconf 85' lang='lat' dir='ltr'><strong><em>ejus</em></strong></span> <span class='ocrx_word' id='word_1_124' title='bbox 619 1720 873 1774; x_wconf 86' lang='lat' dir='ltr'><strong><em>divinitas</em></strong></span> <span class='ocrx_word' id='word_1_125' title='bbox 916 1735 1012 1789; x_wconf 90' lang='lat' dir='ltr'><strong><em>per</em></strong></span> <span class='ocrx_word' id='word_1_126' title='bbox 1040 1735 1255 1774; x_wconf 87' lang='lat' dir='ltr'><strong><em>carnem</em></strong></span> <span class='ocrx_word' id='word_1_127' title='bbox 1283 1720 1494 1787; x_wconf 87' lang='lat' dir='ltr'><strong><em>claruit,</em></strong></span> <span class='ocrx_word' id='word_1_128' title='bbox 1533 1724 1709 1778; x_wconf 89' lang='lat' dir='ltr'><strong><em>omnis</em></strong></span> <span class='ocrx_word' id='word_1_129' title='bbox 1741 1740 1800 1779; x_wconf 89' lang='lat' dir='ltr'><strong><em>se</em></strong></span> <span class='ocrx_word' id='word_1_130' title='bbox 1849 1735 2033 1780; x_wconf 89' lang='lat' dir='ltr'><strong><em>nostra</em></strong></span> 
     </span>
    </p>
   </div>
   <div class='ocr_carea' id='block_1_18' title="bbox 2142 537 2976 608">
    <p class='ocr_par' dir='ltr' id='par_1_18' title="bbox 2142 537 2976 608">
     <span class='ocr_line' id='line_1_18' title="bbox 2142 537 2976 608; baseline -0.001 -16"><span class='ocrx_word' id='word_1_131' title='bbox 2142 538 2250 593; x_wconf 87' lang='lat' dir='ltr'><strong><em>Deo</em></strong></span> <span class='ocrx_word' id='word_1_132' title='bbox 2277 548 2326 593; x_wconf 87' lang='lat' dir='ltr'><strong><em>et</em></strong></span> <span class='ocrx_word' id='word_1_133' title='bbox 2355 537 2508 592; x_wconf 89' lang='lat' dir='ltr'><strong><em>Patri</em></strong></span> <span class='ocrx_word' id='word_1_134' title='bbox 2527 556 2620 608; x_wconf 86' lang='lat' dir='ltr'><strong><em>per</em></strong></span> <span class='ocrx_word' id='word_1_135' title='bbox 2652 539 2846 608; x_wconf 90' lang='lat' dir='ltr'><strong><em>ipsum,</em></strong></span> <span class='ocrx_word' id='word_1_136' title='bbox 2869 548 2976 594; x_wconf 88' lang='lat' dir='ltr'><strong><em>etc.</em></strong></span> 
     </span>
    </p>
   </div>
   <div class='ocr_carea' id='block_1_19' title="bbox 2207 627 3715 699">
    <p class='ocr_par' dir='ltr' id='par_1_19' title="bbox 2207 627 3715 699">
     <span class='ocr_line' id='line_1_19' title="bbox 2207 627 3715 699; baseline 0.001 -16"><span class='ocrx_word' id='word_1_137' title='bbox 2207 629 2596 699; x_wconf 80' lang='lat' dir='ltr'><strong><em>Quodcunque,</em></strong></span> <span class='ocrx_word' id='word_1_138' title='bbox 2653 630 2851 699; x_wconf 89' lang='lat' dir='ltr'><strong><em>inquit,</em></strong></span> <span class='ocrx_word' id='word_1_139' title='bbox 2912 635 3007 683; x_wconf 90' lang='lat' dir='ltr'><strong><em>aut</em></strong></span> <span class='ocrx_word' id='word_1_140' title='bbox 3057 627 3238 683; x_wconf 80' lang='lat' dir='ltr'><strong><em>dicitis</em></strong></span> <span class='ocrx_word' id='word_1_141' title='bbox 3275 636 3366 681; x_wconf 78' lang='lat' dir='ltr'><strong><em>aut</em></strong></span> <span class='ocrx_word' id='word_1_142' title='bbox 3397 627 3586 698; x_wconf 84' lang='lat' dir='ltr'><strong><em>agitis,</em></strong></span> <span class='ocrx_word' id='word_1_143' title='bbox 3627 628 3715 685; x_wconf 86' lang='lat' dir='ltr'><strong><em>in-</em></strong></span> 
     </span>
    </p>
   </div>
   <div class='ocr_carea' id='block_1_20' title="bbox 2137 719 3722 788">
    <p class='ocr_par' dir='ltr' id='par_1_20' title="bbox 2137 719 3722 788">
     <span class='ocr_line' id='line_1_20' title="bbox 2137 719 3722 788; baseline 0.002 -14"><span class='ocrx_word' id='word_1_144' title='bbox 2137 727 2351 776; x_wconf 84' lang='lat' dir='ltr'><strong><em>tuentes</em></strong></span> <span class='ocrx_word' id='word_1_145' title='bbox 2375 720 2431 776; x_wconf 91' lang='lat' dir='ltr'><strong><em>in</em></strong></span> <span class='ocrx_word' id='word_1_146' title='bbox 2455 719 2695 786; x_wconf 88' lang='lat' dir='ltr'><strong><em>Christo,</em></strong></span> <span class='ocrx_word' id='word_1_147' title='bbox 2718 720 2954 774; x_wconf 86' lang='lat' dir='ltr'><strong><em>debitam</em></strong></span> <span class='ocrx_word' id='word_1_148' title='bbox 2981 719 3280 788; x_wconf 80' lang='lat' dir='ltr'><strong><em>gratiarum</em></strong></span> <span class='ocrx_word' id='word_1_149' title='bbox 3307 720 3575 774; x_wconf 87' lang='lat' dir='ltr'><strong><em>actionem</em></strong></span> <span class='ocrx_word' id='word_1_150' title='bbox 3605 721 3722 777; x_wconf 85' lang='lat' dir='ltr'><strong><em>Deo</em></strong></span> 
     </span>
    </p>
   </div>
   <div class='ocr_carea' id='block_1_21' title="bbox 2135 807 3719 880">
    <p class='ocr_par' dir='ltr' id='par_1_21' title="bbox 2135 807 3719 880">
     <span class='ocr_line' id='line_1_21' title="bbox 2135 807 3719 880; baseline 0 -16"><span class='ocrx_word' id='word_1_151' title='bbox 2135 818 2190 865; x_wconf 91' lang='lat' dir='ltr'><strong><em>et</em></strong></span> <span class='ocrx_word' id='word_1_152' title='bbox 2238 811 2379 880; x_wconf 90' lang='lat' dir='ltr'><strong><em>patri</em></strong></span> <span class='ocrx_word' id='word_1_153' title='bbox 2425 810 2629 865; x_wconf 76' lang='lat' dir='ltr'><strong><em>referre</em></strong></span> <span class='ocrx_word' id='word_1_154' title='bbox 2679 818 2967 880; x_wconf 85' lang='lat' dir='ltr'><strong><em>properate</em></strong></span> <span class='ocrx_word' id='word_1_155' title='bbox 3000 825 3100 880; x_wconf 88' lang='lat' dir='ltr'><strong><em>pro</em></strong></span> <span class='ocrx_word' id='word_1_156' title='bbox 3124 807 3250 873; x_wconf 78' lang='lat' dir='ltr'><strong><em>illis,</em></strong></span> <span class='ocrx_word' id='word_1_157' title='bbox 3275 823 3398 878; x_wconf 75' lang='lat' dir='ltr'><strong><em>qua:</em></strong></span> <span class='ocrx_word' id='word_1_158' title='bbox 3425 823 3522 879; x_wconf 89' lang='lat' dir='ltr'><strong><em>per</em></strong></span> <span class='ocrx_word' id='word_1_159' title='bbox 3555 808 3719 864; x_wconf 84' lang='lat' dir='ltr'><strong><em>Chri-</em></strong></span> 
     </span>
    </p>
   </div>
   <div class='ocr_carea' id='block_1_22' title="bbox 2137 903 3720 974">
    <p class='ocr_par' dir='ltr' id='par_1_22' title="bbox 2137 903 3720 974">
     <span class='ocr_line' id='line_1_22' title="bbox 2137 903 3720 974; baseline 0.001 -16"><span class='ocrx_word' id='word_1_160' title='bbox 2137 910 2279 958; x_wconf 86' lang='lat' dir='ltr'><strong><em>stum</em></strong></span> <span class='ocrx_word' id='word_1_161' title='bbox 2303 905 2454 958; x_wconf 83' lang='lat' dir='ltr'><strong>vobis</strong></span> <span class='ocrx_word' id='word_1_162' title='bbox 2483 911 2610 958; x_wconf 90' lang='lat' dir='ltr'><strong><em>sunt</em></strong></span> <span class='ocrx_word' id='word_1_163' title='bbox 2637 904 2899 974; x_wconf 84' lang='lat' dir='ltr'><strong><em>praestita.</em></strong></span> <span class='ocrx_word' id='word_1_164' title='bbox 2927 903 3140 958; x_wconf 79' lang='lat' dir='ltr'><strong><em>Etenim</em></strong></span> <span class='ocrx_word' id='word_1_165' title='bbox 3165 903 3388 972; x_wconf 89' lang='lat' dir='ltr'><strong><em>psalmis</em></strong></span> <span class='ocrx_word' id='word_1_166' title='bbox 3408 912 3464 957; x_wconf 91' lang='lat' dir='ltr'><strong><em>et</em></strong></span> <span class='ocrx_word' id='word_1_167' title='bbox 3499 903 3720 974; x_wconf 81' lang='lat' dir='ltr'><strong><em>hymnis</em></strong></span> 
     </span>
    </p>
   </div>
   <div class='ocr_carea' id='block_1_23' title="bbox 2135 993 3722 1063">
    <p class='ocr_par' dir='ltr' id='par_1_23' title="bbox 2135 993 3722 1063">
     <span class='ocr_line' id='line_1_23' title="bbox 2135 993 3722 1063; baseline 0.001 -17"><span class='ocrx_word' id='word_1_168' title='bbox 2135 1000 2191 1046; x_wconf 91' lang='lat' dir='ltr'><strong><em>et</em></strong></span> <span class='ocrx_word' id='word_1_169' title='bbox 2215 993 2440 1048; x_wconf 91' lang='lat' dir='ltr'><strong><em>canticis</em></strong></span> <span class='ocrx_word' id='word_1_170' title='bbox 2481 994 2852 1063; x_wconf 88' lang='lat' dir='ltr'><strong><em>spiritualibus</em></strong></span> <span class='ocrx_word' id='word_1_171' title='bbox 2884 994 3180 1062; x_wconf 79' lang='lat' dir='ltr'><strong><em>gratiarum</em></strong></span> <span class='ocrx_word' id='word_1_172' title='bbox 3207 993 3475 1048; x_wconf 87' lang='lat' dir='ltr'><strong><em>actionem</em></strong></span> <span class='ocrx_word' id='word_1_173' title='bbox 3501 996 3722 1048; x_wconf 89' lang='lat' dir='ltr'><strong><em>vocavit</em></strong></span> 
     </span>
    </p>
   </div>
   <div class='ocr_carea' id='block_1_24' title="bbox 2137 1082 3720 1154">
    <p class='ocr_par' dir='ltr' id='par_1_24' title="bbox 2137 1082 3720 1154">
     <span class='ocr_line' id='line_1_24' title="bbox 2137 1082 3720 1154; baseline 0.001 -17"><span class='ocrx_word' id='word_1_174' title='bbox 2137 1082 2239 1138; x_wconf 93' lang='lat' dir='ltr'><strong><em>hoc</em></strong></span> <span class='ocrx_word' id='word_1_175' title='bbox 2261 1083 2446 1137; x_wconf 88' lang='lat' dir='ltr'><strong><em>dicens</em></strong></span> <span class='ocrx_word' id='word_1_176' title='bbox 2467 1084 2720 1152; x_wconf 87' lang='lat' dir='ltr'><strong><em>quoniam</em></strong></span> <span class='ocrx_word' id='word_1_177' title='bbox 2757 1084 2811 1137; x_wconf 93' lang='lat' dir='ltr'><strong><em>in</em></strong></span> <span class='ocrx_word' id='word_1_178' title='bbox 2842 1083 3092 1138; x_wconf 85' lang='lat' dir='ltr'><strong><em>cordibus</em></strong></span> <span class='ocrx_word' id='word_1_179' title='bbox 3113 1083 3309 1142; x_wconf 64' lang='lat' dir='ltr'><strong><em>vestris</em></strong></span> <span class='ocrx_word' id='word_1_180' title='bbox 3338 1083 3542 1153; x_wconf 85' lang='lat' dir='ltr'><strong><em>gratias</em></strong></span> <span class='ocrx_word' id='word_1_181' title='bbox 3572 1085 3720 1154; x_wconf 84' lang='lat' dir='ltr'><strong><em>agite</em></strong></span> 
     </span>
    </p>
   </div>
   <div class='ocr_carea' id='block_1_25' title="bbox 2138 1173 3718 1244">
    <p class='ocr_par' dir='ltr' id='par_1_25' title="bbox 2138 1173 3718 1244">
     <span class='ocr_line' id='line_1_25' title="bbox 2138 1173 3718 1244; baseline 0.001 -16"><span class='ocrx_word' id='word_1_182' title='bbox 2138 1175 2267 1238; x_wconf 89' lang='lat' dir='ltr'><strong><em>Deo,</em></strong></span> <span class='ocrx_word' id='word_1_183' title='bbox 2297 1175 2671 1244; x_wconf 88' lang='lat' dir='ltr'><strong><em>quodcunque,</em></strong></span> <span class='ocrx_word' id='word_1_184' title='bbox 2695 1184 2788 1228; x_wconf 88' lang='lat' dir='ltr'><strong><em>aut</em></strong></span> <span class='ocrx_word' id='word_1_185' title='bbox 2817 1174 3014 1238; x_wconf 88' lang='lat' dir='ltr'><strong><em>dicitis,</em></strong></span> <span class='ocrx_word' id='word_1_186' title='bbox 3044 1182 3138 1227; x_wconf 85' lang='lat' dir='ltr'><strong><em>aut</em></strong></span> <span class='ocrx_word' id='word_1_187' title='bbox 3159 1174 3342 1242; x_wconf 79' lang='lat' dir='ltr'><strong><em>agitis,</em></strong></span> <span class='ocrx_word' id='word_1_188' title='bbox 3371 1173 3449 1228; x_wconf 92' lang='lat' dir='ltr'><strong><em>sic</em></strong></span> <span class='ocrx_word' id='word_1_189' title='bbox 3471 1183 3526 1229; x_wconf 90' lang='lat' dir='ltr'><strong><em>et</em></strong></span> <span class='ocrx_word' id='word_1_190' title='bbox 3552 1176 3718 1230; x_wconf 83' lang='lat' dir='ltr'><strong><em>dicite</em></strong></span> 
     </span>
    </p>
   </div>
   <div class='ocr_carea' id='block_1_26' title="bbox 2135 1263 3717 1334">
    <p class='ocr_par' dir='ltr' id='par_1_26' title="bbox 2135 1263 3717 1334">
     <span class='ocr_line' id='line_1_26' title="bbox 2135 1263 3717 1334; baseline 0.001 -17"><span class='ocrx_word' id='word_1_191' title='bbox 2135 1271 2190 1317; x_wconf 89' lang='lat' dir='ltr'><strong><em>et</em></strong></span> <span class='ocrx_word' id='word_1_192' title='bbox 2224 1265 2366 1333; x_wconf 77' lang='lat' dir='ltr'><strong><em>agite</em></strong></span> <span class='ocrx_word' id='word_1_193' title='bbox 2391 1264 2531 1318; x_wconf 89' lang='lat' dir='ltr'><strong><em>sicut</em></strong></span> <span class='ocrx_word' id='word_1_194' title='bbox 2549 1263 2752 1331; x_wconf 86' lang='lat' dir='ltr'><strong><em>justum</em></strong></span> <span class='ocrx_word' id='word_1_195' title='bbox 2775 1265 3059 1318; x_wconf 91' lang='lat' dir='ltr'><strong><em>estdicere</em></strong></span> <span class='ocrx_word' id='word_1_196' title='bbox 3085 1264 3204 1318; x_wconf 90' lang='lat' dir='ltr'><strong><em>illos</em></strong></span> <span class='ocrx_word' id='word_1_197' title='bbox 3233 1263 3324 1332; x_wconf 90' lang='lat' dir='ltr'><strong><em>qui</em></strong></span> <span class='ocrx_word' id='word_1_198' title='bbox 3350 1263 3474 1318; x_wconf 84' lang='lat' dir='ltr'><strong><em>talia</em></strong></span> <span class='ocrx_word' id='word_1_199' title='bbox 3498 1267 3717 1334; x_wconf 89' lang='lat' dir='ltr'><strong><em>assequi</em></strong></span> 
     </span>
    </p>
   </div>
   <div class='ocr_carea' id='block_1_27' title="bbox 2135 1355 3717 1426">
    <p class='ocr_par' dir='ltr' id='par_1_27' title="bbox 2135 1355 3717 1426">
     <span class='ocr_line' id='line_1_27' title="bbox 2135 1355 3717 1426; baseline 0.001 -16"><span class='ocrx_word' id='word_1_200' title='bbox 2135 1355 2427 1424; x_wconf 75' lang='lat' dir='ltr'><strong><em>digui&#39;sunt</em></strong></span> <span class='ocrx_word' id='word_1_201' title='bbox 2450 1355 2639 1408; x_wconf 86' lang='lat' dir='ltr'><strong><em>habiti.</em></strong></span> <span class='ocrx_word' id='word_1_202' title='bbox 2665 1355 2789 1410; x_wconf 69' lang='lat' dir='ltr'><strong><em>lltcc</em></strong></span> <span class='ocrx_word' id='word_1_203' title='bbox 2813 1356 2957 1409; x_wconf 89' lang='lat' dir='ltr'><strong><em>enim</em></strong></span> <span class='ocrx_word' id='word_1_204' title='bbox 2979 1364 3064 1409; x_wconf 89' lang='lat' dir='ltr'><strong><em>est</em></strong></span> <span class='ocrx_word' id='word_1_205' title='bbox 3087 1371 3213 1410; x_wconf 81' lang='lat' dir='ltr'><strong><em>vera</em></strong></span> <span class='ocrx_word' id='word_1_206' title='bbox 3237 1357 3530 1426; x_wconf 88' lang='lat' dir='ltr'><strong><em>gratiarum</em></strong></span> <span class='ocrx_word' id='word_1_207' title='bbox 3553 1358 3717 1421; x_wconf 83' lang='lat' dir='ltr'><strong><em>actio,</em></strong></span> 
     </span>
    </p>
   </div>
   <div class='ocr_carea' id='block_1_28' title="bbox 2136 1446 3720 1519">
    <p class='ocr_par' dir='ltr' id='par_1_28' title="bbox 2136 1446 3720 1519">
     <span class='ocr_line' id='line_1_28' title="bbox 2136 1446 3720 1519; baseline 0.003 -18"><span class='ocrx_word' id='word_1_208' title='bbox 2136 1447 2328 1501; x_wconf 88' lang='lat' dir='ltr'><strong><em>deinde</em></strong></span> <span class='ocrx_word' id='word_1_209' title='bbox 2357 1454 2411 1500; x_wconf 91' lang='lat' dir='ltr'><strong><em>et</em></strong></span> <span class='ocrx_word' id='word_1_210' title='bbox 2437 1446 2489 1500; x_wconf 93' lang='lat' dir='ltr'><strong><em>in</em></strong></span> <span class='ocrx_word' id='word_1_211' title='bbox 2519 1447 2618 1500; x_wconf 89' lang='lat' dir='ltr'><strong><em>hac</em></strong></span> <span class='ocrx_word' id='word_1_212' title='bbox 2656 1454 2812 1515; x_wconf 90' lang='lat' dir='ltr'><strong><em>parte</em></strong></span> <span class='ocrx_word' id='word_1_213' title='bbox 2855 1447 3072 1501; x_wconf 89' lang='lat' dir='ltr'><strong><em>imitans</em></strong></span> <span class='ocrx_word' id='word_1_214' title='bbox 3097 1447 3185 1501; x_wconf 88' lang='lat' dir='ltr'><strong><em>illa</em></strong></span> <span class='ocrx_word' id='word_1_215' title='bbox 3212 1463 3332 1517; x_wconf 74' lang='lat' dir='ltr'><strong><em>qua:</em></strong></span> <span class='ocrx_word' id='word_1_216' title='bbox 3356 1449 3422 1503; x_wconf 87' lang='lat' dir='ltr'><strong><em>ad</em></strong></span> <span class='ocrx_word' id='word_1_217' title='bbox 3456 1449 3720 1519; x_wconf 86' lang='lat' dir='ltr'><strong><em>Ephesios</em></strong></span> 
     </span>
    </p>
   </div>
   <div class='ocr_carea' id='block_1_29' title="bbox 2137 1537 3718 1608">
    <p class='ocr_par' dir='ltr' id='par_1_29' title="bbox 2137 1537 3718 1608">
     <span class='ocr_line' id='line_1_29' title="bbox 2137 1537 3718 1608; baseline 0.003 -16"><span class='ocrx_word' id='word_1_218' title='bbox 2137 1537 2448 1607; x_wconf 88' lang='lat' dir='ltr'><strong><em>scripserat,</em></strong></span> <span class='ocrx_word' id='word_1_219' title='bbox 2493 1538 2723 1592; x_wconf 85' lang='lat' dir='ltr'><strong><em>vertitur</em></strong></span> <span class='ocrx_word' id='word_1_220' title='bbox 2749 1537 2816 1592; x_wconf 86' lang='lat' dir='ltr'><strong><em>ad</em></strong></span> <span class='ocrx_word' id='word_1_221' title='bbox 2863 1539 3151 1608; x_wconf 88' lang='lat' dir='ltr'><strong><em>specialem</em></strong></span> <span class='ocrx_word' id='word_1_222' title='bbox 3180 1540 3603 1596; x_wconf 88' lang='lat' dir='ltr'><strong><em>consolationem</em></strong></span> <span class='ocrx_word' id='word_1_223' title='bbox 3631 1541 3718 1596; x_wconf 87' lang='lat' dir='ltr'><strong><em>di-</em></strong></span> 
     </span>
    </p>
   </div>
   <div class='ocr_carea' id='block_1_30' title="bbox 2136 1642 2315 1682">
    <p class='ocr_par' dir='ltr' id='par_1_30' title="bbox 2136 1642 2315 1682">
     <span class='ocr_line' id='line_1_30' title="bbox 2136 1642 2315 1682; baseline 0.006 -1"><span class='ocrx_word' id='word_1_224' title='bbox 2136 1642 2265 1682; x_wconf 90' lang='lat' dir='ltr'><strong><em>cens</em></strong></span> <span class='ocrx_word' id='word_1_225' title='bbox 2299 1643 2315 1682; x_wconf 69' lang='grc' dir='ltr'><strong>ἓ</strong></span> 
     </span>
    </p>
   </div>
   <div class='ocr_carea' id='block_1_31' title="bbox 2208 1717 3716 1794">
    <p class='ocr_par' dir='ltr' id='par_1_31' title="bbox 2208 1717 3716 1794">
     <span class='ocr_line' id='line_1_31' title="bbox 2208 1717 3716 1794; baseline 0.008 -23"><span class='ocrx_word' id='word_1_226' title='bbox 2208 1717 2477 1782; x_wconf 80' lang='lat' dir='ltr'><strong><em>Mulieres,</em></strong></span> <span class='ocrx_word' id='word_1_227' title='bbox 2516 1720 2737 1773; x_wconf 78' lang='lat' dir='ltr'><strong><em>subdita:</em></strong></span> <span class='ocrx_word' id='word_1_228' title='bbox 2765 1730 2924 1774; x_wconf 85' lang='lat' dir='ltr'><strong><em>estote</em></strong></span> <span class='ocrx_word' id='word_1_229' title='bbox 2948 1721 3095 1787; x_wconf 81' lang='lat' dir='ltr'><strong><em>viris,</em></strong></span> <span class='ocrx_word' id='word_1_230' title='bbox 3118 1724 3250 1777; x_wconf 85' lang='lat' dir='ltr'><strong><em>sicut</em></strong></span> <span class='ocrx_word' id='word_1_231' title='bbox 3281 1735 3500 1794; x_wconf 75' lang='lat' dir='ltr'><strong><em>oportet,</em></strong></span> <span class='ocrx_word' id='word_1_232' title='bbox 3524 1727 3581 1782; x_wconf 89' lang='lat' dir='ltr'><strong><em>in</em></strong></span> <span class='ocrx_word' id='word_1_233' title='bbox 3612 1727 3716 1783; x_wconf 89' lang='lat' dir='ltr'><strong><em>Do-</em></strong></span> 
     </span>
    </p>
   </div>
   <div class='ocr_carea' id='block_1_32' title="bbox 459 1803 3394 1882">
    <p class='ocr_par' dir='ltr' id='par_1_32' title="bbox 459 1803 3394 1882">
     <span class='ocr_line' id='line_1_32' title="bbox 459 1803 3394 1882; baseline 0.008 -18"><span class='ocrx_word' id='word_1_234' title='bbox 459 1811 789 1865; x_wconf 88' lang='lat' dir='ltr'><strong><em>conscientia</em></strong></span> <span class='ocrx_word' id='word_1_235' title='bbox 817 1811 1107 1873; x_wconf 89' lang='lat' dir='ltr'><strong><em>concussit,</em></strong></span> <span class='ocrx_word' id='word_1_236' title='bbox 1139 1811 1328 1866; x_wconf 89' lang='lat' dir='ltr'><strong><em>domus</em></strong></span> <span class='ocrx_word' id='word_1_237' title='bbox 1363 1828 1594 1882; x_wconf 85' lang='lat' dir='ltr'><strong><em>namque</em></strong></span> <span class='ocrx_word' id='word_1_238' title='bbox 1619 1815 1886 1868; x_wconf 89' lang='lat' dir='ltr'><strong><em>everritur</em></strong></span> <span class='ocrx_word' id='word_1_239' title='bbox 1910 1830 2033 1870; x_wconf 85' lang='lat' dir='ltr'><strong><em>cum</em></strong></span> <span class='ocrx_word' id='word_1_240' title='bbox 2064 1803 2107 1861; x_wconf 83' lang='grc' dir='ltr'><strong>Β</strong></span> <span class='ocrx_word' id='word_1_241' title='bbox 2137 1808 2296 1860; x_wconf 71' lang='grc' dir='ltr'><strong><em>ηιίηο-</em></strong></span> <span class='ocrx_word' id='word_1_242' title='bbox 2328 1808 2532 1864; x_wconf 63' lang='lat' dir='ltr'><strong><em>Uxores</em></strong></span> <span class='ocrx_word' id='word_1_243' title='bbox 2574 1809 2728 1878; x_wconf 70' lang='grc' dir='ltr'><strong><em>Ῑιιδθῑ</em></strong></span> <span class='ocrx_word' id='word_1_244' title='bbox 2755 1811 2998 1866; x_wconf 61' lang='lat' dir='ltr'><strong><em>summas</em></strong></span> <span class='ocrx_word' id='word_1_245' title='bbox 3022 1826 3141 1867; x_wconf 70' lang='lat' dir='ltr'><strong><em>esse</em></strong></span> <span class='ocrx_word' id='word_1_246' title='bbox 3165 1815 3394 1870; x_wconf 53' lang='lat' dir='ltr'><strong><em>maritis-</em></strong></span> 
     </span>
    </p>
   </div>
   <div class='ocr_carea' id='block_1_33' title="bbox 458 1900 2033 1975">
    <p class='ocr_par' dir='ltr' id='par_1_33' title="bbox 458 1900 2033 1975">
     <span class='ocr_line' id='line_1_33' title="bbox 458 1900 2033 1975; baseline 0.004 -21"><span class='ocrx_word' id='word_1_247' title='bbox 458 1900 889 1954; x_wconf 86' lang='lat' dir='ltr'><strong><em>oonsideratione</em></strong></span> <span class='ocrx_word' id='word_1_248' title='bbox 924 1909 1104 1954; x_wconf 89' lang='lat' dir='ltr'><strong><em>reatus</em></strong></span> <span class='ocrx_word' id='word_1_249' title='bbox 1139 1901 1222 1955; x_wconf 90' lang='lat' dir='ltr'><strong><em>sui</em></strong></span> <span class='ocrx_word' id='word_1_250' title='bbox 1269 1901 1503 1956; x_wconf 89' lang='lat' dir='ltr'><strong><em>humana</em></strong></span> <span class='ocrx_word' id='word_1_251' title='bbox 1542 1905 1871 1958; x_wconf 88' lang='lat' dir='ltr'><strong><em>conscientia</em></strong></span> <span class='ocrx_word' id='word_1_252' title='bbox 1906 1921 2033 1975; x_wconf 82' lang='lat' dir='ltr'><strong><em>per-</em></strong></span> 
     </span>
    </p>
   </div>
   <div class='ocr_carea' id='block_1_34' title="bbox 461 1991 2032 2069">
    <p class='ocr_par' dir='ltr' id='par_1_34' title="bbox 461 1991 2032 2069">
     <span class='ocr_line' id='line_1_34' title="bbox 461 1991 2032 2069; baseline 0.005 -25"><span class='ocrx_word' id='word_1_253' title='bbox 461 1991 728 2045; x_wconf 80' lang='lat' dir='ltr'><strong><em>turbatur.</em></strong></span> <span class='ocrx_word' id='word_1_254' title='bbox 752 1991 950 2045; x_wconf 81' lang='lat' dir='ltr'><strong><em>Eversa</em></strong></span> <span class='ocrx_word' id='word_1_255' title='bbox 978 2006 1106 2046; x_wconf 90' lang='lat' dir='ltr'><strong><em>vero</em></strong></span> <span class='ocrx_word' id='word_1_256' title='bbox 1125 1991 1285 2048; x_wconf 88' lang='lat' dir='ltr'><strong><em>domo</em></strong></span> <span class='ocrx_word' id='word_1_257' title='bbox 1312 1993 1580 2048; x_wconf 80' lang='lat' dir='ltr'><strong><em>invenitur</em></strong></span> <span class='ocrx_word' id='word_1_258' title='bbox 1601 1996 1878 2063; x_wconf 84' lang='lat' dir='ltr'><strong><em>drachma,</em></strong></span> <span class='ocrx_word' id='word_1_259' title='bbox 1908 1999 2032 2069; x_wconf 88' lang='lat' dir='ltr'><strong><em>quia</em></strong></span> 
     </span>
    </p>
   </div>
   <div class='ocr_carea' id='block_1_35' title="bbox 463 2083 2033 2158">
    <p class='ocr_par' dir='ltr' id='par_1_35' title="bbox 463 2083 2033 2158">
     <span class='ocr_line' id='line_1_35' title="bbox 463 2083 2033 2158; baseline 0.004 -20"><span class='ocrx_word' id='word_1_260' title='bbox 463 2083 587 2138; x_wconf 87' lang='lat' dir='ltr'><strong><em>dum</em></strong></span> <span class='ocrx_word' id='word_1_261' title='bbox 626 2085 973 2153; x_wconf 86' lang='lat' dir='ltr'><strong><em>perturbatur</em></strong></span> <span class='ocrx_word' id='word_1_262' title='bbox 1012 2087 1344 2141; x_wconf 85' lang='lat' dir='ltr'><strong><em>conscientia</em></strong></span> <span class='ocrx_word' id='word_1_263' title='bbox 1387 2087 1623 2144; x_wconf 89' lang='lat' dir='ltr'><strong><em>hominis</em></strong></span> <span class='ocrx_word' id='word_1_264' title='bbox 1653 2099 1935 2158; x_wconf 88' lang='lat' dir='ltr'><strong><em>reparatur</em></strong></span> <span class='ocrx_word' id='word_1_265' title='bbox 1977 2091 2033 2145; x_wconf 89' lang='lat' dir='ltr'><strong><em>in</em></strong></span> 
     </span>
    </p>
   </div>
   <div class='ocr_carea' id='block_1_36' title="bbox 460 2173 1324 2232">
    <p class='ocr_par' dir='ltr' id='par_1_36' title="bbox 460 2173 1324 2232">
     <span class='ocr_line' id='line_1_36' title="bbox 460 2173 1324 2232; baseline 0.005 -6"><span class='ocrx_word' id='word_1_266' title='bbox 460 2173 677 2228; x_wconf 89' lang='lat' dir='ltr'><strong><em>nomine</em></strong></span> <span class='ocrx_word' id='word_1_267' title='bbox 700 2174 993 2230; x_wconf 89' lang='lat' dir='ltr'><strong><em>similitudo</em></strong></span> <span class='ocrx_word' id='word_1_268' title='bbox 1012 2176 1324 2232; x_wconf 91' lang='lat' dir='ltr'><strong><em>conditoris.</em></strong></span> 
     </span>
    </p>
   </div>
   <div class='ocr_carea' id='block_1_37' title="bbox 538 2262 2031 2338">
    <p class='ocr_par' dir='ltr' id='par_1_37' title="bbox 538 2262 2031 2338">
     <span class='ocr_line' id='line_1_37' title="bbox 538 2262 2031 2338; baseline 0.007 -22"><span class='ocrx_word' id='word_1_269' title='bbox 538 2262 606 2316; x_wconf 83' lang='lat' dir='ltr'><strong><em>Et</em></strong></span> <span class='ocrx_word' id='word_1_270' title='bbox 635 2281 753 2318; x_wconf 88' lang='lat' dir='ltr'><strong><em>cum</em></strong></span> <span class='ocrx_word' id='word_1_271' title='bbox 793 2266 1063 2332; x_wconf 74' lang='lat' dir='ltr'><strong><em>invenerit,</em></strong></span> <span class='ocrx_word' id='word_1_272' title='bbox 1103 2279 1346 2322; x_wconf 87' lang='lat' dir='ltr'><strong><em>convocat</em></strong></span> <span class='ocrx_word' id='word_1_273' title='bbox 1376 2271 1573 2323; x_wconf 88' lang='lat' dir='ltr'><strong><em>amicas</em></strong></span> <span class='ocrx_word' id='word_1_274' title='bbox 1602 2280 1651 2324; x_wconf 87' lang='lat' dir='ltr'><strong><em>et</em></strong></span> <span class='ocrx_word' id='word_1_275' title='bbox 1694 2271 1914 2338; x_wconf 80' lang='lat' dir='ltr'><strong><em>vicinas,</em></strong></span> <span class='ocrx_word' id='word_1_276' title='bbox 1944 2273 2031 2326; x_wconf 88' lang='lat' dir='ltr'><strong><em>di-</em></strong></span> 
     </span>
    </p>
   </div>
   <div class='ocr_carea' id='block_1_38' title="bbox 461 2350 2030 2428">
    <p class='ocr_par' dir='ltr' id='par_1_38' title="bbox 461 2350 2030 2428">
     <span class='ocr_line' id='line_1_38' title="bbox 461 2350 2030 2428; baseline 0.008 -23"><span class='ocrx_word' id='word_1_277' title='bbox 461 2367 582 2406; x_wconf 85' lang='lat' dir='ltr'><strong><em>cens</em></strong></span> <span class='ocrx_word' id='word_1_278' title='bbox 617 2365 636 2404; x_wconf 90' lang='lat'><strong><em>:</em></strong></span> <span class='ocrx_word' id='word_1_279' title='bbox 666 2350 1116 2422; x_wconf 85' lang='lat' dir='ltr'><strong><em>Congratulamini</em></strong></span> <span class='ocrx_word' id='word_1_280' title='bbox 1158 2357 1306 2421; x_wconf 89' lang='lat' dir='ltr'><strong><em>mihi,</em></strong></span> <span class='ocrx_word' id='word_1_281' title='bbox 1344 2358 1465 2428; x_wconf 83' lang='lat' dir='ltr'><strong><em>quia</em></strong></span> <span class='ocrx_word' id='word_1_282' title='bbox 1512 2359 1682 2414; x_wconf 85' lang='lat' dir='ltr'><strong><em>inveni</em></strong></span> <span class='ocrx_word' id='word_1_283' title='bbox 1726 2361 2030 2418; x_wconf 80' lang='lat' dir='ltr'><strong><em>drachmam</em></strong></span> 
     </span>
    </p>
   </div>
   <div class='ocr_carea' id='block_1_39' title="bbox 455 2443 2032 2512">
    <p class='ocr_par' dir='ltr' id='par_1_39' title="bbox 455 2443 2032 2512">
     <span class='ocr_line' id='line_1_39' title="bbox 455 2443 2032 2512; baseline 0.01 -19"><span class='ocrx_word' id='word_1_284' title='bbox 455 2456 613 2512; x_wconf 80' lang='lat' dir='ltr'><strong><em>quam</em></strong></span> <span class='ocrx_word' id='word_1_285' title='bbox 655 2443 1004 2512; x_wconf 83' lang='lat' dir='ltr'><strong><em>perdideram.</em></strong></span> <span class='ocrx_word' id='word_1_286' title='bbox 1053 2444 1182 2511; x_wconf 62' lang='lat' dir='ltr'><strong><em>Quae</em></strong></span> <span class='ocrx_word' id='word_1_287' title='bbox 1226 2448 1416 2503; x_wconf 66' lang='lat' dir='ltr'><strong><em>amica:</em></strong></span> <span class='ocrx_word' id='word_1_288' title='bbox 1454 2449 1539 2504; x_wconf 91' lang='lat' dir='ltr'><strong><em>vel</em></strong></span> <span class='ocrx_word' id='word_1_289' title='bbox 1566 2450 1756 2506; x_wconf 69' lang='lat' dir='ltr'><strong><em>vicina:</em></strong></span> <span class='ocrx_word' id='word_1_290' title='bbox 1795 2452 1899 2508; x_wconf 90' lang='lat' dir='ltr'><strong><em>nisi</em></strong></span> <span class='ocrx_word' id='word_1_291' title='bbox 1930 2453 2032 2508; x_wconf 62' lang='lat' dir='ltr'><strong><em>illa:</em></strong></span> 
     </span>
    </p>
   </div>
   <div class='ocr_carea' id='block_1_40' title="bbox 455 2536 2031 2616">
    <p class='ocr_par' dir='ltr' id='par_1_40' title="bbox 455 2536 2031 2616">
     <span class='ocr_line' id='line_1_40' title="bbox 455 2536 2031 2616; baseline 0.011 -31"><span class='ocrx_word' id='word_1_292' title='bbox 455 2540 754 2601; x_wconf 82' lang='lat' dir='ltr'><strong><em>potestates</em></strong></span> <span class='ocrx_word' id='word_1_293' title='bbox 795 2544 919 2588; x_wconf 89' lang='lat' dir='ltr'><strong><em>sunt</em></strong></span> <span class='ocrx_word' id='word_1_294' title='bbox 963 2536 1229 2611; x_wconf 73' lang='lat' dir='ltr'><strong><em>cmlesles,</em></strong></span> <span class='ocrx_word' id='word_1_295' title='bbox 1271 2539 1384 2608; x_wconf 90' lang='lat' dir='ltr'><strong><em>jam</em></strong></span> <span class='ocrx_word' id='word_1_296' title='bbox 1428 2542 1675 2612; x_wconf 88' lang='lat' dir='ltr'><strong><em>superius</em></strong></span> <span class='ocrx_word' id='word_1_297' title='bbox 1704 2543 1880 2610; x_wconf 64' lang='lat' dir='ltr'><strong><em>dictio,</em></strong></span> <span class='ocrx_word' id='word_1_298' title='bbox 1911 2561 2031 2616; x_wconf 64' lang='lat' dir='ltr'><strong><em>quae</em></strong></span> 
     </span>
    </p>
   </div>
   <div class='ocr_carea' id='block_1_41' title="bbox 458 2627 2031 2708">
    <p class='ocr_par' dir='ltr' id='par_1_41' title="bbox 458 2627 2031 2708">
     <span class='ocr_line' id='line_1_41' title="bbox 458 2627 2031 2708; baseline 0.011 -33"><span class='ocrx_word' id='word_1_299' title='bbox 458 2631 608 2677; x_wconf 91' lang='lat' dir='ltr'><strong><em>tanto</em></strong></span> <span class='ocrx_word' id='word_1_300' title='bbox 654 2637 897 2694; x_wconf 71' lang='lat' dir='ltr'><strong><em>superna:</em></strong></span> <span class='ocrx_word' id='word_1_301' title='bbox 931 2627 1205 2696; x_wconf 66' lang='lat' dir='ltr'><strong><em>sapientiae</em></strong></span> <span class='ocrx_word' id='word_1_302' title='bbox 1247 2628 1402 2698; x_wconf 80' lang='lat' dir='ltr'><strong><em>juxta</em></strong></span> <span class='ocrx_word' id='word_1_303' title='bbox 1429 2643 1575 2699; x_wconf 91' lang='lat' dir='ltr'><strong><em>sunt,</em></strong></span> <span class='ocrx_word' id='word_1_304' title='bbox 1623 2645 1828 2705; x_wconf 89' lang='lat' dir='ltr'><strong><em>quanto</em></strong></span> <span class='ocrx_word' id='word_1_305' title='bbox 1851 2636 1900 2692; x_wconf 92' lang='lat' dir='ltr'><strong><em>ei</em></strong></span> <span class='ocrx_word' id='word_1_306' title='bbox 1929 2653 2031 2708; x_wconf 91' lang='lat' dir='ltr'><strong><em>per</em></strong></span> 
     </span>
    </p>
   </div>
   <div class='ocr_carea' id='block_1_42' title="bbox 454 2713 2031 2794">
    <p class='ocr_par' dir='ltr' id='par_1_42' title="bbox 454 2713 2031 2794">
     <span class='ocr_line' id='line_1_42' title="bbox 454 2713 2031 2794; baseline 0.013 -30"><span class='ocrx_word' id='word_1_307' title='bbox 454 2713 683 2783; x_wconf 79' lang='lat' dir='ltr'><strong><em>gratiam</em></strong></span> <span class='ocrx_word' id='word_1_308' title='bbox 737 2715 1006 2770; x_wconf 74' lang='lat' dir='ltr'><strong><em>continua:</em></strong></span> <span class='ocrx_word' id='word_1_309' title='bbox 1051 2718 1277 2775; x_wconf 88' lang='lat' dir='ltr'><strong><em>visionis</em></strong></span> <span class='ocrx_word' id='word_1_310' title='bbox 1322 2724 1772 2794; x_wconf 86' lang='lat' dir='ltr'><strong><em>appropinquant,</em></strong></span> <span class='ocrx_word' id='word_1_311' title='bbox 1811 2729 1906 2784; x_wconf 87' lang='lat' dir='ltr'><strong><em>sed</em></strong></span> <span class='ocrx_word' id='word_1_312' title='bbox 1952 2730 2031 2783; x_wconf 85' lang='lat' dir='ltr'><strong><em>in-</em></strong></span> 
     </span>
    </p>
   </div>
   <div class='ocr_carea' id='block_1_43' title="bbox 458 2804 2029 2876">
    <p class='ocr_par' dir='ltr' id='par_1_43' title="bbox 458 2804 2029 2876">
     <span class='ocr_line' id='line_1_43' title="bbox 458 2804 2029 2876; baseline 0.013 -21"><span class='ocrx_word' id='word_1_313' title='bbox 458 2804 712 2858; x_wconf 91' lang='lat' dir='ltr'><strong><em>tuendum</em></strong></span> <span class='ocrx_word' id='word_1_314' title='bbox 759 2820 856 2859; x_wconf 90' lang='lat' dir='ltr'><strong><em>cur</em></strong></span> <span class='ocrx_word' id='word_1_315' title='bbox 881 2807 983 2860; x_wconf 89' lang='lat' dir='ltr'><strong><em>ista</em></strong></span> <span class='ocrx_word' id='word_1_316' title='bbox 1013 2809 1205 2864; x_wconf 90' lang='lat' dir='ltr'><strong><em>mulier</em></strong></span> <span class='ocrx_word' id='word_1_317' title='bbox 1250 2811 1434 2867; x_wconf 89' lang='lat' dir='ltr'><strong><em>decem</em></strong></span> <span class='ocrx_word' id='word_1_318' title='bbox 1461 2815 1749 2872; x_wconf 87' lang='lat' dir='ltr'><strong><em>drachmas</em></strong></span> <span class='ocrx_word' id='word_1_319' title='bbox 1778 2817 2029 2876; x_wconf 87' lang='lat' dir='ltr'><strong><em>habuisse</em></strong></span> 
     </span>
    </p>
   </div>
   <div class='ocr_carea' id='block_1_44' title="bbox 457 2893 2026 2968">
    <p class='ocr_par' dir='ltr' id='par_1_44' title="bbox 457 2893 2026 2968">
     <span class='ocr_line' id='line_1_44' title="bbox 457 2893 2026 2968; baseline 0.013 -24"><span class='ocrx_word' id='word_1_320' title='bbox 457 2893 792 2962; x_wconf 88' lang='lat' dir='ltr'><strong><em>perhibetur,</em></strong></span> <span class='ocrx_word' id='word_1_321' title='bbox 820 2895 1131 2963; x_wconf 81' lang='lat' dir='ltr'><strong><em>angelorum</em></strong></span> <span class='ocrx_word' id='word_1_322' title='bbox 1160 2897 1357 2968; x_wconf 92' lang='lat' dir='ltr'><strong><em>quippe</em></strong></span> <span class='ocrx_word' id='word_1_323' title='bbox 1386 2909 1442 2956; x_wconf 90' lang='lat' dir='ltr'><strong><em>et</em></strong></span> <span class='ocrx_word' id='word_1_324' title='bbox 1467 2903 1744 2959; x_wconf 88' lang='lat' dir='ltr'><strong><em>hominum</em></strong></span> <span class='ocrx_word' id='word_1_325' title='bbox 1777 2915 2026 2964; x_wconf 90' lang='lat' dir='ltr'><strong><em>naturam</em></strong></span> 
     </span>
    </p>
   </div>
   <div class='ocr_carea' id='block_1_45' title="bbox 459 2982 2026 3065">
    <p class='ocr_par' dir='ltr' id='par_1_45' title="bbox 459 2982 2026 3065">
     <span class='ocr_line' id='line_1_45' title="bbox 459 2982 2026 3065; baseline 0.012 -31"><span class='ocrx_word' id='word_1_326' title='bbox 459 2982 524 3035; x_wconf 87' lang='lat' dir='ltr'><strong><em>ad</em></strong></span> <span class='ocrx_word' id='word_1_327' title='bbox 550 2986 979 3054; x_wconf 86' lang='lat' dir='ltr'><strong><em>cognoscendum</em></strong></span> <span class='ocrx_word' id='word_1_328' title='bbox 1013 3001 1071 3040; x_wconf 90' lang='lat' dir='ltr'><strong><em>se</em></strong></span> <span class='ocrx_word' id='word_1_329' title='bbox 1121 2986 1378 3045; x_wconf 91' lang='lat' dir='ltr'><strong><em>Dominus</em></strong></span> <span class='ocrx_word' id='word_1_330' title='bbox 1405 2993 1661 3060; x_wconf 88' lang='lat' dir='ltr'><strong><em>condidit,</em></strong></span> <span class='ocrx_word' id='word_1_331' title='bbox 1707 3011 1866 3065; x_wconf 90' lang='lat' dir='ltr'><strong><em>quam</em></strong></span> <span class='ocrx_word' id='word_1_332' title='bbox 1898 2997 2026 3053; x_wconf 91' lang='lat' dir='ltr'><strong><em>dum</em></strong></span> 
     </span>
    </p>
   </div>
   <div class='ocr_carea' id='block_1_46' title="bbox 457 3073 2026 3154">
    <p class='ocr_par' dir='ltr' id='par_1_46' title="bbox 457 3073 2026 3154">
     <span class='ocr_line' id='line_1_46' title="bbox 457 3073 2026 3154; baseline 0.012 -29"><span class='ocrx_word' id='word_1_333' title='bbox 457 3073 758 3128; x_wconf 88' lang='lat' dir='ltr'><strong><em>consistere</em></strong></span> <span class='ocrx_word' id='word_1_334' title='bbox 799 3073 864 3127; x_wconf 91' lang='lat' dir='ltr'><strong><em>ad</em></strong></span> <span class='ocrx_word' id='word_1_335' title='bbox 893 3075 1251 3134; x_wconf 82' lang='lat' dir='ltr'><strong><em>aeternitatem</em></strong></span> <span class='ocrx_word' id='word_1_336' title='bbox 1293 3078 1481 3146; x_wconf 91' lang='lat' dir='ltr'><strong><em>voluit,</em></strong></span> <span class='ocrx_word' id='word_1_337' title='bbox 1509 3097 1626 3137; x_wconf 89' lang='lat' dir='ltr'><strong><em>eam</em></strong></span> <span class='ocrx_word' id='word_1_338' title='bbox 1651 3087 1837 3154; x_wconf 85' lang='lat' dir='ltr'><strong><em>procul</em></strong></span> <span class='ocrx_word' id='word_1_339' title='bbox 1865 3088 2026 3145; x_wconf 91' lang='lat' dir='ltr'><strong><em>dubio</em></strong></span> 
     </span>
    </p>
   </div>
   <div class='ocr_carea' id='block_1_47' title="bbox 2213 1895 3722 1968">
    <p class='ocr_par' dir='ltr' id='par_1_47' title="bbox 2213 1895 3722 1968">
     <span class='ocr_line' id='line_1_47' title="bbox 2213 1895 3722 1968; baseline 0.01 -20"><span class='ocrx_word' id='word_1_340' title='bbox 2213 1895 2354 1961; x_wconf 79' lang='lat' dir='ltr'><strong><em>Viri,</em></strong></span> <span class='ocrx_word' id='word_1_341' title='bbox 2371 1897 2574 1968; x_wconf 85' lang='lat' dir='ltr'><strong><em>diligite</em></strong></span> <span class='ocrx_word' id='word_1_342' title='bbox 2599 1915 2789 1953; x_wconf 74' lang='lat' dir='ltr'><strong><em>uxores</em></strong></span> <span class='ocrx_word' id='word_1_343' title='bbox 2811 1910 3025 1962; x_wconf 82' lang='lat' dir='ltr'><strong><em>vestras,</em></strong></span> <span class='ocrx_word' id='word_1_344' title='bbox 3062 1910 3109 1955; x_wconf 90' lang='lat' dir='ltr'><strong><em>et</em></strong></span> <span class='ocrx_word' id='word_1_345' title='bbox 3138 1903 3295 1958; x_wconf 85' lang='lat' dir='ltr'><strong><em>nolite</em></strong></span> <span class='ocrx_word' id='word_1_346' title='bbox 3314 1906 3486 1959; x_wconf 87' lang='lat' dir='ltr'><strong><em>amari</em></strong></span> <span class='ocrx_word' id='word_1_347' title='bbox 3513 1923 3625 1962; x_wconf 84' lang='lat' dir='ltr'><strong><em>esse</em></strong></span> <span class='ocrx_word' id='word_1_348' title='bbox 3649 1908 3722 1962; x_wconf 85' lang='lat' dir='ltr'><strong><em>ad</em></strong></span> 
     </span>
    </p>
   </div>
   <div class='ocr_carea' id='block_1_48' title="bbox 2133 1985 3724 2063">
    <p class='ocr_par' dir='ltr' id='par_1_48' title="bbox 2133 1985 3724 2063">
     <span class='ocr_line' id='line_1_48' title="bbox 2133 1985 3724 2063; baseline 0.009 -24"><span class='ocrx_word' id='word_1_349' title='bbox 2133 1985 2274 2040; x_wconf 88' lang='lat' dir='ltr'><strong><em>illas.</em></strong></span> <span class='ocrx_word' id='word_1_350' title='bbox 2308 1987 2464 2042; x_wconf 85' lang='lat' dir='ltr'><strong><em>Viros</em></strong></span> <span class='ocrx_word' id='word_1_351' title='bbox 2495 1989 2745 2043; x_wconf 89' lang='lat' dir='ltr'><strong><em>admonet</em></strong></span> <span class='ocrx_word' id='word_1_352' title='bbox 2774 1989 2996 2062; x_wconf 86' lang='lat' dir='ltr'><strong><em>diligere</em></strong></span> <span class='ocrx_word' id='word_1_353' title='bbox 3039 2008 3164 2048; x_wconf 90' lang='lat' dir='ltr'><strong><em>suas</em></strong></span> <span class='ocrx_word' id='word_1_354' title='bbox 3209 2010 3427 2063; x_wconf 79' lang='lat' dir='ltr'><strong><em>uxores,</em></strong></span> <span class='ocrx_word' id='word_1_355' title='bbox 3473 2012 3574 2052; x_wconf 89' lang='lat' dir='ltr'><strong><em>nec</em></strong></span> <span class='ocrx_word' id='word_1_356' title='bbox 3605 2011 3724 2053; x_wconf 83' lang='lat' dir='ltr'><strong><em>mo-</em></strong></span> 
     </span>
    </p>
   </div>
   <div class='ocr_carea' id='block_1_49' title="bbox 2132 2074 2822 2147">
    <p class='ocr_par' dir='ltr' id='par_1_49' title="bbox 2132 2074 2822 2147">
     <span class='ocr_line' id='line_1_49' title="bbox 2132 2074 2822 2147; baseline 0.006 -18"><span class='ocrx_word' id='word_1_357' title='bbox 2132 2074 2265 2130; x_wconf 89' lang='lat' dir='ltr'><strong><em>leste</em></strong></span> <span class='ocrx_word' id='word_1_358' title='bbox 2290 2092 2417 2147; x_wconf 84' lang='lat' dir='ltr'><strong><em>erga</em></strong></span> <span class='ocrx_word' id='word_1_359' title='bbox 2446 2076 2566 2134; x_wconf 91' lang='lat' dir='ltr'><strong><em>illas</em></strong></span> <span class='ocrx_word' id='word_1_360' title='bbox 2597 2081 2822 2134; x_wconf 91' lang='lat' dir='ltr'><strong><em>versari.</em></strong></span> 
     </span>
    </p>
   </div>
   <div class='ocr_carea' id='block_1_50' title="bbox 2204 2162 3720 2248">
    <p class='ocr_par' dir='ltr' id='par_1_50' title="bbox 2204 2162 3720 2248">
     <span class='ocr_line' id='line_1_50' title="bbox 2204 2162 3720 2248; baseline 0.011 -32"><span class='ocrx_word' id='word_1_361' title='bbox 2204 2162 2356 2231; x_wconf 84' lang='lat' dir='ltr'><strong><em>Filii,</em></strong></span> <span class='ocrx_word' id='word_1_362' title='bbox 2387 2166 2588 2220; x_wconf 88' lang='lat' dir='ltr'><strong><em>obedite</em></strong></span> <span class='ocrx_word' id='word_1_363' title='bbox 2603 2170 2899 2237; x_wconf 84' lang='lat' dir='ltr'><strong><em>parentibus</em></strong></span> <span class='ocrx_word' id='word_1_364' title='bbox 2920 2187 3012 2240; x_wconf 86' lang='lat' dir='ltr'><strong><em>per</em></strong></span> <span class='ocrx_word' id='word_1_365' title='bbox 3036 2174 3244 2228; x_wconf 86' lang='lat' dir='ltr'><strong><em>omnia:</em></strong></span> <span class='ocrx_word' id='word_1_366' title='bbox 3265 2175 3361 2228; x_wconf 84' lang='lat' dir='ltr'><strong><em>hoc</em></strong></span> <span class='ocrx_word' id='word_1_367' title='bbox 3380 2178 3518 2230; x_wconf 88' lang='lat' dir='ltr'><strong><em>enim</em></strong></span> <span class='ocrx_word' id='word_1_368' title='bbox 3547 2177 3720 2248; x_wconf 85' lang='lat' dir='ltr'><strong><em>placi-</em></strong></span> 
     </span>
    </p>
   </div>
   <div class='ocr_carea' id='block_1_51' title="bbox 2132 2255 3719 2337">
    <p class='ocr_par' dir='ltr' id='par_1_51' title="bbox 2132 2255 3719 2337">
     <span class='ocr_line' id='line_1_51' title="bbox 2132 2255 3719 2337; baseline 0.01 -29"><span class='ocrx_word' id='word_1_369' title='bbox 2132 2265 2242 2308; x_wconf 86' lang='lat' dir='ltr'><strong><em>tum</em></strong></span> <span class='ocrx_word' id='word_1_370' title='bbox 2287 2266 2362 2309; x_wconf 90' lang='lat' dir='ltr'><strong><em>est</em></strong></span> <span class='ocrx_word' id='word_1_371' title='bbox 2410 2255 2656 2311; x_wconf 89' lang='lat' dir='ltr'><strong><em>Domino.</em></strong></span> <span class='ocrx_word' id='word_1_372' title='bbox 2710 2257 2912 2314; x_wconf 89' lang='lat' dir='ltr'><strong><em>Suadet</em></strong></span> <span class='ocrx_word' id='word_1_373' title='bbox 2953 2260 3079 2316; x_wconf 90' lang='lat' dir='ltr'><strong><em>ﬁliis</em></strong></span> <span class='ocrx_word' id='word_1_374' title='bbox 3119 2272 3178 2318; x_wconf 89' lang='lat' dir='ltr'><strong><em>nt</em></strong></span> <span class='ocrx_word' id='word_1_375' title='bbox 3224 2265 3480 2322; x_wconf 88' lang='lat' dir='ltr'><strong><em>obediant</em></strong></span> <span class='ocrx_word' id='word_1_376' title='bbox 3519 2283 3719 2337; x_wconf 87' lang='lat' dir='ltr'><strong><em>paren-</em></strong></span> 
     </span>
    </p>
   </div>
   <div class='ocr_carea' id='block_1_52' title="bbox 2133 2345 2298 2402">
    <p class='ocr_par' dir='ltr' id='par_1_52' title="bbox 2133 2345 2298 2402">
     <span class='ocr_line' id='line_1_52' title="bbox 2133 2345 2298 2402; baseline 0.006 -3"><span class='ocrx_word' id='word_1_377' title='bbox 2133 2345 2298 2402; x_wconf 88' lang='lat' dir='ltr'><strong><em>tibus.</em></strong></span> 
     </span>
    </p>
   </div>
   <div class='ocr_carea' id='block_1_53' title="bbox 2202 2435 3718 2517">
    <p class='ocr_par' dir='ltr' id='par_1_53' title="bbox 2202 2435 3718 2517">
     <span class='ocr_line' id='line_1_53' title="bbox 2202 2435 3718 2517; baseline 0.008 -28"><span class='ocrx_word' id='word_1_378' title='bbox 2202 2435 2408 2502; x_wconf 84' lang='lat' dir='ltr'><strong><em>Patres,</em></strong></span> <span class='ocrx_word' id='word_1_379' title='bbox 2465 2438 2623 2494; x_wconf 86' lang='lat' dir='ltr'><strong><em>nolite</em></strong></span> <span class='ocrx_word' id='word_1_380' title='bbox 2681 2441 2750 2495; x_wconf 88' lang='lat' dir='ltr'><strong><em>ad</em></strong></span> <span class='ocrx_word' id='word_1_381' title='bbox 2803 2442 3214 2513; x_wconf 82' lang='lat' dir='ltr'><strong><em>indignationem</em></strong></span> <span class='ocrx_word' id='word_1_382' title='bbox 3262 2462 3542 2517; x_wconf 81' lang='lat' dir='ltr'><strong><em>provocare</em></strong></span> <span class='ocrx_word' id='word_1_383' title='bbox 3574 2447 3718 2516; x_wconf 77' lang='lat' dir='ltr'><strong><em>ﬁlios</em></strong></span> 
     </span>
    </p>
   </div>
   <div class='ocr_carea' id='block_1_54' title="bbox 2130 2531 3718 2604">
    <p class='ocr_par' dir='ltr' id='par_1_54' title="bbox 2130 2531 3718 2604">
     <span class='ocr_line' id='line_1_54' title="bbox 2130 2531 3718 2604; baseline 0.009 -24"><span class='ocrx_word' id='word_1_384' title='bbox 2130 2536 2322 2581; x_wconf 75' lang='lat' dir='ltr'><strong><em>uestros</em></strong></span> <span class='ocrx_word' id='word_1_385' title='bbox 2372 2537 2426 2582; x_wconf 87' lang='lat' dir='ltr'><strong><em>ut</em></strong></span> <span class='ocrx_word' id='word_1_386' title='bbox 2457 2545 2559 2583; x_wconf 89' lang='lat' dir='ltr'><strong><em>non</em></strong></span> <span class='ocrx_word' id='word_1_387' title='bbox 2593 2531 2785 2600; x_wconf 83' lang='lat' dir='ltr'><strong><em>pusillo</em></strong></span> <span class='ocrx_word' id='word_1_388' title='bbox 2811 2533 2988 2587; x_wconf 88' lang='lat' dir='ltr'><strong><em>animo</em></strong></span> <span class='ocrx_word' id='word_1_389' title='bbox 3034 2535 3184 2604; x_wconf 79' lang='lat' dir='ltr'><strong><em>ﬁant.</em></strong></span> <span class='ocrx_word' id='word_1_390' title='bbox 3237 2536 3491 2593; x_wconf 82' lang='lat' dir='ltr'><strong><em>Patribus</em></strong></span> <span class='ocrx_word' id='word_1_391' title='bbox 3521 2539 3718 2595; x_wconf 82' lang='lat' dir='ltr'><strong><em>suadet</em></strong></span> 
     </span>
    </p>
   </div>
   <div class='ocr_carea' id='block_1_55' title="bbox 2129 2618 3211 2688">
    <p class='ocr_par' dir='ltr' id='par_1_55' title="bbox 2129 2618 3211 2688">
     <span class='ocr_line' id='line_1_55' title="bbox 2129 2618 3211 2688; baseline 0.007 -18"><span class='ocrx_word' id='word_1_392' title='bbox 2129 2624 2189 2671; x_wconf 91' lang='lat' dir='ltr'><strong><em>ut</em></strong></span> <span class='ocrx_word' id='word_1_393' title='bbox 2214 2633 2320 2672; x_wconf 92' lang='lat' dir='ltr'><strong><em>non</em></strong></span> <span class='ocrx_word' id='word_1_394' title='bbox 2346 2618 2614 2688; x_wconf 84' lang='lat' dir='ltr'><strong><em>superﬂue</em></strong></span> <span class='ocrx_word' id='word_1_395' title='bbox 2652 2621 2868 2676; x_wconf 90' lang='lat' dir='ltr'><strong><em>lristeut</em></strong></span> <span class='ocrx_word' id='word_1_396' title='bbox 2898 2623 3036 2678; x_wconf 90' lang='lat' dir='ltr'><strong><em>ﬁlios</em></strong></span> <span class='ocrx_word' id='word_1_397' title='bbox 3064 2640 3211 2680; x_wconf 88' lang='lat' dir='ltr'><strong><em>suos.</em></strong></span> 
     </span>
    </p>
   </div>
   <div class='ocr_carea' id='block_1_56' title="bbox 2201 2709 3714 2786">
    <p class='ocr_par' dir='ltr' id='par_1_56' title="bbox 2201 2709 3714 2786">
     <span class='ocr_line' id='line_1_56' title="bbox 2201 2709 3714 2786; baseline 0.009 -21"><span class='ocrx_word' id='word_1_398' title='bbox 2201 2709 2368 2775; x_wconf 86' lang='lat' dir='ltr'><strong><em>Servi,</em></strong></span> <span class='ocrx_word' id='word_1_399' title='bbox 2400 2711 2598 2766; x_wconf 86' lang='lat' dir='ltr'><strong><em>obedite</em></strong></span> <span class='ocrx_word' id='word_1_400' title='bbox 2641 2729 2733 2782; x_wconf 85' lang='lat' dir='ltr'><strong><em>per</em></strong></span> <span class='ocrx_word' id='word_1_401' title='bbox 2759 2714 2935 2769; x_wconf 89' lang='lat' dir='ltr'><strong><em>omnia</em></strong></span> <span class='ocrx_word' id='word_1_402' title='bbox 2969 2716 3194 2772; x_wconf 88' lang='lat' dir='ltr'><strong><em>dominis</em></strong></span> <span class='ocrx_word' id='word_1_403' title='bbox 3246 2718 3570 2786; x_wconf 85' lang='lat' dir='ltr'><strong><em>carnalibus,</em></strong></span> <span class='ocrx_word' id='word_1_404' title='bbox 3604 2737 3714 2777; x_wconf 73' lang='lat' dir='ltr'><strong><em>non</em></strong></span> 
     </span>
    </p>
   </div>
   <div class='ocr_carea' id='block_1_57' title="bbox 2128 2797 3716 2877">
    <p class='ocr_par' dir='ltr' id='par_1_57' title="bbox 2128 2797 3716 2877">
     <span class='ocr_line' id='line_1_57' title="bbox 2128 2797 3716 2877; baseline 0.008 -25"><span class='ocrx_word' id='word_1_405' title='bbox 2128 2798 2196 2852; x_wconf 89' lang='lat' dir='ltr'><strong><em>ad</em></strong></span> <span class='ocrx_word' id='word_1_406' title='bbox 2223 2797 2432 2854; x_wconf 82' lang='lat' dir='ltr'><strong><em>oculum</em></strong></span> <span class='ocrx_word' id='word_1_407' title='bbox 2475 2803 2772 2868; x_wconf 82' lang='lat' dir='ltr'><strong><em>seruientes,</em></strong></span> <span class='ocrx_word' id='word_1_408' title='bbox 2809 2805 2961 2873; x_wconf 87' lang='lat' dir='ltr'><strong><em>quasi</em></strong></span> <span class='ocrx_word' id='word_1_409' title='bbox 2985 2805 3280 2861; x_wconf 85' lang='lat' dir='ltr'><strong><em>hominibus</em></strong></span> <span class='ocrx_word' id='word_1_410' title='bbox 3303 2807 3584 2877; x_wconf 82' lang='lat' dir='ltr'><strong><em>placentes,</em></strong></span> <span class='ocrx_word' id='word_1_411' title='bbox 3619 2809 3716 2864; x_wconf 85' lang='lat' dir='ltr'><strong><em>sed</em></strong></span> 
     </span>
    </p>
   </div>
   <div class='ocr_carea' id='block_1_58' title="bbox 2127 2888 3718 2972">
    <p class='ocr_par' dir='ltr' id='par_1_58' title="bbox 2127 2888 3718 2972">
     <span class='ocr_line' id='line_1_58' title="bbox 2127 2888 3718 2972; baseline 0.01 -32"><span class='ocrx_word' id='word_1_412' title='bbox 2127 2888 2182 2942; x_wconf 89' lang='lat' dir='ltr'><strong><em>in</em></strong></span> <span class='ocrx_word' id='word_1_413' title='bbox 2209 2888 2540 2958; x_wconf 84' lang='lat' dir='ltr'><strong><em>simplicitate</em></strong></span> <span class='ocrx_word' id='word_1_414' title='bbox 2587 2892 2780 2959; x_wconf 83' lang='lat' dir='ltr'><strong><em>cordis,</em></strong></span> <span class='ocrx_word' id='word_1_415' title='bbox 2827 2895 3082 2951; x_wconf 84' lang='lat' dir='ltr'><strong><em>timentes‘</em></strong></span> <span class='ocrx_word' id='word_1_416' title='bbox 3115 2896 3304 2953; x_wconf 86' lang='lat' dir='ltr'><strong><em>Deum.</em></strong></span> <span class='ocrx_word' id='word_1_417' title='bbox 3353 2898 3718 2972; x_wconf 78' lang='lat' dir='ltr'><strong><em>Quodcunque</em></strong></span> 
     </span>
    </p>
   </div>
   <div class='ocr_carea' id='block_1_59' title="bbox 2128 2979 3715 3056">
    <p class='ocr_par' dir='ltr' id='par_1_59' title="bbox 2128 2979 3715 3056">
     <span class='ocr_line' id='line_1_59' title="bbox 2128 2979 3715 3056; baseline 0.011 -25"><span class='ocrx_word' id='word_1_418' title='bbox 2128 2979 2324 3048; x_wconf 76' lang='lat' dir='ltr'><strong><em>facitis,</em></strong></span> <span class='ocrx_word' id='word_1_419' title='bbox 2363 2996 2426 3034; x_wconf 80' lang='lat' dir='ltr'><strong><em>ea:</em></strong></span> <span class='ocrx_word' id='word_1_420' title='bbox 2466 2982 2642 3036; x_wconf 88' lang='lat' dir='ltr'><strong><em>animo</em></strong></span> <span class='ocrx_word' id='word_1_421' title='bbox 2695 2986 3004 3055; x_wconf 83' lang='lat' dir='ltr'><strong><em>operamini,</em></strong></span> <span class='ocrx_word' id='word_1_422' title='bbox 3062 2988 3197 3041; x_wconf 89' lang='lat' dir='ltr'><strong><em>sicut</em></strong></span> <span class='ocrx_word' id='word_1_423' title='bbox 3241 2987 3490 3056; x_wconf 86' lang='lat' dir='ltr'><strong><em>Domino,</em></strong></span> <span class='ocrx_word' id='word_1_424' title='bbox 3527 3001 3574 3046; x_wconf 86' lang='lat' dir='ltr'><strong><em>et</em></strong></span> <span class='ocrx_word' id='word_1_425' title='bbox 3605 3009 3715 3048; x_wconf 76' lang='lat' dir='ltr'><strong><em>non</em></strong></span> 
     </span>
    </p>
   </div>
   <div class='ocr_carea' id='block_1_60' title="bbox 2128 3067 3718 3148">
    <p class='ocr_par' dir='ltr' id='par_1_60' title="bbox 2128 3067 3718 3148">
     <span class='ocr_line' id='line_1_60' title="bbox 2128 3067 3718 3148; baseline 0.011 -30"><span class='ocrx_word' id='word_1_426' title='bbox 2128 3067 2467 3124; x_wconf 84' lang='lat' dir='ltr'><strong><em>hominibus:</em></strong></span> <span class='ocrx_word' id='word_1_427' title='bbox 2496 3072 2712 3126; x_wconf 86' lang='lat' dir='ltr'><strong><em>scientes</em></strong></span> <span class='ocrx_word' id='word_1_428' title='bbox 2753 3073 2892 3143; x_wconf 82' lang='lat' dir='ltr'><strong><em>quod</em></strong></span> <span class='ocrx_word' id='word_1_429' title='bbox 2922 3091 2954 3128; x_wconf 92' lang='lat' dir='ltr'><strong><em>a</em></strong></span> <span class='ocrx_word' id='word_1_430' title='bbox 2992 3074 3215 3130; x_wconf 89' lang='lat' dir='ltr'><strong><em>Domino</em></strong></span> <span class='ocrx_word' id='word_1_431' title='bbox 3254 3079 3516 3148; x_wconf 86' lang='lat' dir='ltr'><strong><em>accipietis</em></strong></span> <span class='ocrx_word' id='word_1_432' title='bbox 3559 3083 3718 3135; x_wconf 85' lang='lat' dir='ltr'><strong><em>retri-</em></strong></span> 
     </span>
    </p>
   </div>
   <div class='ocr_carea' id='block_1_61' title="bbox 458 3153 3718 3238">
    <p class='ocr_par' dir='ltr' id='par_1_61' title="bbox 458 3153 3718 3238">
     <span class='ocr_line' id='line_1_61' title="bbox 458 3153 3718 3238; baseline 0.011 -21"><span class='ocrx_word' id='word_1_433' title='bbox 458 3163 524 3217; x_wconf 89' lang='lat' dir='ltr'><strong><em>ad</em></strong></span> <span class='ocrx_word' id='word_1_434' title='bbox 541 3179 692 3218; x_wconf 90' lang='lat' dir='ltr'><strong><em>suam</em></strong></span> <span class='ocrx_word' id='word_1_435' title='bbox 714 3165 1120 3222; x_wconf 89' lang='lat' dir='ltr'><strong><em>similitudinem</em></strong></span> <span class='ocrx_word' id='word_1_436' title='bbox 1137 3171 1358 3225; x_wconf 89' lang='lat' dir='ltr'><strong><em>creavit.</em></strong></span> <span class='ocrx_word' id='word_1_437' title='bbox 1384 3171 1576 3228; x_wconf 90' lang='lat' dir='ltr'><strong><em>Decem</em></strong></span> <span class='ocrx_word' id='word_1_438' title='bbox 1592 3153 1720 3230; x_wconf 82' lang='lat' dir='ltr'><strong><em>vero</em></strong></span> <span class='ocrx_word' id='word_1_439' title='bbox 1741 3179 2026 3238; x_wconf 90' lang='lat' dir='ltr'><strong><em>drachmas</em></strong></span> <span class='ocrx_word' id='word_1_440' title='bbox 2055 3153 2099 3214; x_wconf 67' lang='grc' dir='ltr'>Ο</span> <span class='ocrx_word' id='word_1_441' title='bbox 2131 3156 2389 3211; x_wconf 52' lang='lat' dir='ltr'><strong><em>(&quot;munem</em></strong></span> <span class='ocrx_word' id='word_1_442' title='bbox 2429 3159 2769 3216; x_wconf 51' lang='grc' dir='ltr'><strong><em>θωνεάίωίίδ</em></strong></span> <span class='ocrx_word' id='word_1_443' title='bbox 2798 3162 3020 3218; x_wconf 51' lang='lat' dir='ltr'><strong><em>Domino</em></strong></span> <span class='ocrx_word' id='word_1_444' title='bbox 3054 3165 3260 3220; x_wconf 63' lang='grc' dir='ltr'><strong><em>δ¹²ή³¹⁰</em></strong></span> <span class='ocrx_word' id='word_1_445' title='bbox 3298 3167 3502 3222; x_wconf 48' lang='lat' dir='ltr'><strong><em>“mm</em></strong></span> <span class='ocrx_word' id='word_1_446' title='bbox 3550 3168 3718 3226; x_wconf 52' lang='lat' dir='ltr'><strong><em>lubet</em></strong></span> 
     </span>
    </p>
   </div>
   <div class='ocr_carea' id='block_1_62' title="bbox 456 3255 2024 3342">
    <p class='ocr_par' dir='ltr' id='par_1_62' title="bbox 456 3255 2024 3342">
     <span class='ocr_line' id='line_1_62' title="bbox 456 3255 2024 3342; baseline 0.013 -33"><span class='ocrx_word' id='word_1_447' title='bbox 456 3255 645 3310; x_wconf 86' lang='lat' dir='ltr'><strong><em>habuit</em></strong></span> <span class='ocrx_word' id='word_1_448' title='bbox 672 3256 885 3323; x_wconf 86' lang='lat' dir='ltr'><strong><em>mulier,</em></strong></span> <span class='ocrx_word' id='word_1_449' title='bbox 914 3259 1038 3328; x_wconf 87' lang='lat' dir='ltr'><strong><em>quia</em></strong></span> <span class='ocrx_word' id='word_1_450' title='bbox 1066 3275 1260 3316; x_wconf 90' lang='lat' dir='ltr'><strong><em>novem</em></strong></span> <span class='ocrx_word' id='word_1_451' title='bbox 1291 3272 1418 3319; x_wconf 91' lang='lat' dir='ltr'><strong><em>sunt</em></strong></span> <span class='ocrx_word' id='word_1_452' title='bbox 1445 3267 1665 3324; x_wconf 90' lang='lat' dir='ltr'><strong><em>ordines</em></strong></span> <span class='ocrx_word' id='word_1_453' title='bbox 1686 3271 2024 3342; x_wconf 78' lang='lat' dir='ltr'><strong><em>angelorum,</em></strong></span> 
     </span>
    </p>
   </div>
   <div class='ocr_carea' id='block_1_63' title="bbox 456 3347 2026 3425">
    <p class='ocr_par' dir='ltr' id='par_1_63' title="bbox 456 3347 2026 3425">
     <span class='ocr_line' id='line_1_63' title="bbox 456 3347 2026 3425; baseline 0.014 -27"><span class='ocrx_word' id='word_1_454' title='bbox 456 3347 551 3401; x_wconf 89' lang='lat' dir='ltr'><strong><em>sed</em></strong></span> <span class='ocrx_word' id='word_1_455' title='bbox 584 3356 643 3400; x_wconf 90' lang='lat' dir='ltr'><strong><em>ut</em></strong></span> <span class='ocrx_word' id='word_1_456' title='bbox 668 3347 1029 3417; x_wconf 90' lang='lat' dir='ltr'><strong><em>compleretur</em></strong></span> <span class='ocrx_word' id='word_1_457' title='bbox 1065 3350 1358 3408; x_wconf 88' lang='lat' dir='ltr'><strong><em>electorum</em></strong></span> <span class='ocrx_word' id='word_1_458' title='bbox 1391 3371 1666 3425; x_wconf 88' lang='lat' dir='ltr'><strong><em>numerus,</em></strong></span> <span class='ocrx_word' id='word_1_459' title='bbox 1693 3361 1856 3418; x_wconf 91' lang='lat' dir='ltr'><strong><em>homo</em></strong></span> <span class='ocrx_word' id='word_1_460' title='bbox 1880 3365 2026 3419; x_wconf 85' lang='lat' dir='ltr'><strong><em>deci-</em></strong></span> 
     </span>
    </p>
   </div>
   <div class='ocr_carea' id='block_1_64' title="bbox 457 3441 2025 3524">
    <p class='ocr_par' dir='ltr' id='par_1_64' title="bbox 457 3441 2025 3524">
     <span class='ocr_line' id='line_1_64' title="bbox 457 3441 2025 3524; baseline 0.012 -32"><span class='ocrx_word' id='word_1_461' title='bbox 457 3453 576 3492; x_wconf 89' lang='lat' dir='ltr'><strong><em>mus</em></strong></span> <span class='ocrx_word' id='word_1_462' title='bbox 594 3448 808 3494; x_wconf 89' lang='lat' dir='ltr'><strong><em>creatus</em></strong></span> <span class='ocrx_word' id='word_1_463' title='bbox 827 3449 909 3494; x_wconf 89' lang='lat' dir='ltr'><strong><em>est</em></strong></span> <span class='ocrx_word' id='word_1_464' title='bbox 930 3441 1020 3510; x_wconf 85' lang='lat' dir='ltr'><strong><em>qui</em></strong></span> <span class='ocrx_word' id='word_1_465' title='bbox 1045 3457 1076 3495; x_wconf 90' lang='lat' dir='ltr'><strong><em>a</em></strong></span> <span class='ocrx_word' id='word_1_466' title='bbox 1099 3445 1374 3501; x_wconf 89' lang='lat' dir='ltr'><strong><em>conditore</em></strong></span> <span class='ocrx_word' id='word_1_467' title='bbox 1403 3462 1500 3504; x_wconf 93' lang='lat' dir='ltr'><strong><em>suo</em></strong></span> <span class='ocrx_word' id='word_1_468' title='bbox 1527 3465 1626 3505; x_wconf 90' lang='lat' dir='ltr'><strong><em>nec</em></strong></span> <span class='ocrx_word' id='word_1_469' title='bbox 1653 3463 1775 3522; x_wconf 90' lang='lat' dir='ltr'><strong><em>post</em></strong></span> <span class='ocrx_word' id='word_1_470' title='bbox 1811 3454 2025 3524; x_wconf 90' lang='lat' dir='ltr'><strong><em>culpam</em></strong></span> 
     </span>
    </p>
   </div>
   <div class='ocr_carea' id='block_1_65' title="bbox 456 3532 2026 3612">
    <p class='ocr_par' dir='ltr' id='par_1_65' title="bbox 456 3532 2026 3612">
     <span class='ocr_line' id='line_1_65' title="bbox 456 3532 2026 3612; baseline 0.013 -29"><span class='ocrx_word' id='word_1_471' title='bbox 456 3532 636 3600; x_wconf 86' lang='lat' dir='ltr'><strong><em>periit,</em></strong></span> <span class='ocrx_word' id='word_1_472' title='bbox 667 3533 790 3601; x_wconf 91' lang='lat' dir='ltr'><strong><em>quia</em></strong></span> <span class='ocrx_word' id='word_1_473' title='bbox 823 3535 964 3589; x_wconf 88' lang='lat' dir='ltr'><strong><em>hunc</em></strong></span> <span class='ocrx_word' id='word_1_474' title='bbox 992 3545 1193 3592; x_wconf 70' lang='lat' dir='ltr'><strong><em>aeterna</em></strong></span> <span class='ocrx_word' id='word_1_475' title='bbox 1239 3541 1502 3610; x_wconf 85' lang='lat' dir='ltr'><strong><em>sapientia</em></strong></span> <span class='ocrx_word' id='word_1_476' title='bbox 1531 3557 1627 3612; x_wconf 90' lang='lat' dir='ltr'><strong><em>per</em></strong></span> <span class='ocrx_word' id='word_1_477' title='bbox 1660 3560 1879 3601; x_wconf 90' lang='lat' dir='ltr'><strong><em>carnem</em></strong></span> <span class='ocrx_word' id='word_1_478' title='bbox 1925 3549 2026 3603; x_wconf 90' lang='lat' dir='ltr'><strong><em>mi-</em></strong></span> 
     </span>
    </p>
   </div>
   <div class='ocr_carea' id='block_1_66' title="bbox 455 3623 2024 3704">
    <p class='ocr_par' dir='ltr' id='par_1_66' title="bbox 455 3623 2024 3704">
     <span class='ocr_line' id='line_1_66' title="bbox 455 3623 2024 3704; baseline 0.013 -28"><span class='ocrx_word' id='word_1_479' title='bbox 455 3623 650 3678; x_wconf 87' lang='lat' dir='ltr'><strong><em>raculis</em></strong></span> <span class='ocrx_word' id='word_1_480' title='bbox 671 3640 959 3682; x_wconf 87' lang='lat' dir='ltr'><strong><em>coruscans</em></strong></span> <span class='ocrx_word' id='word_1_481' title='bbox 985 3643 1051 3681; x_wconf 79' lang='lat' dir='ltr'><strong><em>ex</em></strong></span> <span class='ocrx_word' id='word_1_482' title='bbox 1079 3628 1276 3685; x_wconf 89' lang='lat' dir='ltr'><strong><em>lumine</em></strong></span> <span class='ocrx_word' id='word_1_483' title='bbox 1305 3641 1456 3688; x_wconf 73' lang='lat' dir='ltr'><strong><em>testa:</em></strong></span> <span class='ocrx_word' id='word_1_484' title='bbox 1479 3637 1767 3704; x_wconf 85' lang='lat' dir='ltr'><strong><em>reparavit.</em></strong></span> <span class='ocrx_word' id='word_1_485' title='bbox 1799 3638 1886 3692; x_wconf 86' lang='lat' dir='ltr'><strong><em>Ita</em></strong></span> <span class='ocrx_word' id='word_1_486' title='bbox 1909 3640 2024 3696; x_wconf 75' lang='lat' dir='ltr'><strong><em>dico</em></strong></span> 
     </span>
    </p>
   </div>
   <div class='ocr_carea' id='block_1_67' title="bbox 454 3715 2025 3800">
    <p class='ocr_par' dir='ltr' id='par_1_67' title="bbox 454 3715 2025 3800">
     <span class='ocr_line' id='line_1_67' title="bbox 454 3715 2025 3800; baseline 0.012 -32"><span class='ocrx_word' id='word_1_487' title='bbox 454 3715 595 3769; x_wconf 80' lang='lat' dir='ltr'><strong><em>vobis</em></strong></span> <span class='ocrx_word' id='word_1_488' title='bbox 643 3730 662 3768; x_wconf 89' lang='lat'><strong><em>:</em></strong></span> <span class='ocrx_word' id='word_1_489' title='bbox 701 3716 966 3772; x_wconf 83' lang='lat' dir='ltr'><strong><em>Gaudium</em></strong></span> <span class='ocrx_word' id='word_1_490' title='bbox 1015 3723 1110 3774; x_wconf 90' lang='lat' dir='ltr'><strong><em>erit</em></strong></span> <span class='ocrx_word' id='word_1_491' title='bbox 1152 3738 1328 3776; x_wconf 86' lang='lat' dir='ltr'><strong><em>coram</em></strong></span> <span class='ocrx_word' id='word_1_492' title='bbox 1372 3727 1569 3795; x_wconf 87' lang='lat' dir='ltr'><strong><em>angelis</em></strong></span> <span class='ocrx_word' id='word_1_493' title='bbox 1614 3727 1711 3782; x_wconf 88' lang='lat' dir='ltr'><strong><em>Dei</em></strong></span> <span class='ocrx_word' id='word_1_494' title='bbox 1739 3747 1895 3800; x_wconf 88' lang='lat' dir='ltr'><strong><em>super</em></strong></span> <span class='ocrx_word' id='word_1_495' title='bbox 1921 3749 2025 3787; x_wconf 90' lang='lat' dir='ltr'><strong><em>uno</em></strong></span> 
     </span>
    </p>
   </div>
   <div class='ocr_carea' id='block_1_68' title="bbox 451 3811 2027 3892">
    <p class='ocr_par' dir='ltr' id='par_1_68' title="bbox 451 3811 2027 3892">
     <span class='ocr_line' id='line_1_68' title="bbox 451 3811 2027 3892; baseline 0.014 -35"><span class='ocrx_word' id='word_1_496' title='bbox 451 3817 720 3875; x_wconf 85' lang='lat' dir='ltr'><strong><em>peccatore</em></strong></span> <span class='ocrx_word' id='word_1_497' title='bbox 743 3811 1094 3878; x_wconf 73' lang='lat' dir='ltr'><strong><em>paenitentiam</em></strong></span> <span class='ocrx_word' id='word_1_498' title='bbox 1125 3824 1326 3884; x_wconf 87' lang='lat' dir='ltr'><strong><em>agente.</em></strong></span> <span class='ocrx_word' id='word_1_499' title='bbox 1351 3816 1732 3874; x_wconf 64' lang='lat' dir='ltr'><strong><em>Paenitentiam</em></strong></span> <span class='ocrx_word' id='word_1_500' title='bbox 1761 3837 1919 3892; x_wconf 87' lang='lat' dir='ltr'><strong><em>agere</em></strong></span> <span class='ocrx_word' id='word_1_501' title='bbox 1942 3833 2027 3878; x_wconf 90' lang='lat' dir='ltr'><strong><em>est</em></strong></span> 
     </span>
    </p>
   </div>
   <div class='ocr_carea' id='block_1_69' title="bbox 454 3899 2026 3982">
    <p class='ocr_par' dir='ltr' id='par_1_69' title="bbox 454 3899 2026 3982">
     <span class='ocr_line' id='line_1_69' title="bbox 454 3899 2026 3982; baseline 0.015 -36"><span class='ocrx_word' id='word_1_502' title='bbox 454 3904 507 3947; x_wconf 86' lang='lat' dir='ltr'><strong><em>et</em></strong></span> <span class='ocrx_word' id='word_1_503' title='bbox 543 3904 849 3963; x_wconf 88' lang='lat' dir='ltr'><strong><em>perpetrata</em></strong></span> <span class='ocrx_word' id='word_1_504' title='bbox 898 3899 1036 3952; x_wconf 88' lang='lat' dir='ltr'><strong><em>mala</em></strong></span> <span class='ocrx_word' id='word_1_505' title='bbox 1063 3901 1315 3972; x_wconf 87' lang='lat' dir='ltr'><strong><em>plangere</em></strong></span> <span class='ocrx_word' id='word_1_506' title='bbox 1345 3914 1398 3960; x_wconf 88' lang='lat' dir='ltr'><strong><em>et</em></strong></span> <span class='ocrx_word' id='word_1_507' title='bbox 1439 3907 1736 3979; x_wconf 88' lang='lat' dir='ltr'><strong><em>plangenda</em></strong></span> <span class='ocrx_word' id='word_1_508' title='bbox 1765 3927 1870 3966; x_wconf 92' lang='lat' dir='ltr'><strong><em>non</em></strong></span> <span class='ocrx_word' id='word_1_509' title='bbox 1904 3929 2026 3982; x_wconf 86' lang='lat' dir='ltr'><strong><em>per-</em></strong></span> 
     </span>
    </p>
   </div>
   <div class='ocr_carea' id='block_1_70' title="bbox 453 3985 2025 4064">
    <p class='ocr_par' dir='ltr' id='par_1_70' title="bbox 453 3985 2025 4064">
     <span class='ocr_line' id='line_1_70' title="bbox 453 3985 2025 4064; baseline 0.016 -29"><span class='ocrx_word' id='word_1_510' title='bbox 453 3993 686 4052; x_wconf 88' lang='lat' dir='ltr'><strong><em>petrare.</em></strong></span> <span class='ocrx_word' id='word_1_511' title='bbox 721 3985 856 4040; x_wconf 87' lang='lat' dir='ltr'><strong><em>Nam</em></strong></span> <span class='ocrx_word' id='word_1_512' title='bbox 885 3989 974 4057; x_wconf 88' lang='lat' dir='ltr'><strong><em>qui</em></strong></span> <span class='ocrx_word' id='word_1_513' title='bbox 1029 3990 1108 4043; x_wconf 91' lang='lat' dir='ltr'><strong><em>sic</em></strong></span> <span class='ocrx_word' id='word_1_514' title='bbox 1139 3991 1242 4044; x_wconf 90' lang='lat' dir='ltr'><strong><em>alia</em></strong></span> <span class='ocrx_word' id='word_1_515' title='bbox 1289 3995 1548 4064; x_wconf 90' lang='lat' dir='ltr'><strong><em>deplorat,</em></strong></span> <span class='ocrx_word' id='word_1_516' title='bbox 1606 4008 1665 4053; x_wconf 93' lang='lat' dir='ltr'><strong><em>ut</em></strong></span> <span class='ocrx_word' id='word_1_517' title='bbox 1718 4011 1892 4057; x_wconf 86' lang='lat' dir='ltr'><strong><em>tamen</em></strong></span> <span class='ocrx_word' id='word_1_518' title='bbox 1921 4004 2025 4060; x_wconf 89' lang='lat' dir='ltr'><strong><em>alia</em></strong></span> 
     </span>
    </p>
   </div>
   <div class='ocr_carea' id='block_1_71' title="bbox 451 4075 2025 4161">
    <p class='ocr_par' dir='ltr' id='par_1_71' title="bbox 451 4075 2025 4161">
     <span class='ocr_line' id='line_1_71' title="bbox 451 4075 2025 4161; baseline 0.015 -35"><span class='ocrx_word' id='word_1_519' title='bbox 451 4075 778 4142; x_wconf 82' lang='lat' dir='ltr'><strong><em>committat,</em></strong></span> <span class='ocrx_word' id='word_1_520' title='bbox 802 4076 977 4131; x_wconf 90' lang='lat' dir='ltr'><strong><em>adhuc</em></strong></span> <span class='ocrx_word' id='word_1_521' title='bbox 1003 4080 1372 4146; x_wconf 65' lang='lat' dir='ltr'><strong><em>paenitentiam</em></strong></span> <span class='ocrx_word' id='word_1_522' title='bbox 1397 4100 1556 4156; x_wconf 90' lang='lat' dir='ltr'><strong><em>agere</em></strong></span> <span class='ocrx_word' id='word_1_523' title='bbox 1579 4100 1671 4142; x_wconf 90' lang='lat' dir='ltr'><strong><em>aut</em></strong></span> <span class='ocrx_word' id='word_1_524' title='bbox 1700 4090 1908 4161; x_wconf 85' lang='lat' dir='ltr'><strong><em>ignorat</em></strong></span> <span class='ocrx_word' id='word_1_525' title='bbox 1933 4105 2025 4150; x_wconf 90' lang='lat' dir='ltr'><strong><em>aut</em></strong></span> 
     </span>
    </p>
   </div>
   <div class='ocr_carea' id='block_1_72' title="bbox 450 4163 2025 4248">
    <p class='ocr_par' dir='ltr' id='par_1_72' title="bbox 450 4163 2025 4248">
     <span class='ocr_line' id='line_1_72' title="bbox 450 4163 2025 4248; baseline 0.016 -31"><span class='ocrx_word' id='word_1_526' title='bbox 450 4163 772 4220; x_wconf 84' lang='lat' dir='ltr'><strong><em>dissimulat.</em></strong></span> <span class='ocrx_word' id='word_1_527' title='bbox 811 4167 949 4234; x_wconf 85' lang='lat' dir='ltr'><strong><em>Quid</em></strong></span> <span class='ocrx_word' id='word_1_528' title='bbox 995 4168 1139 4223; x_wconf 88' lang='lat' dir='ltr'><strong><em>enim</em></strong></span> <span class='ocrx_word' id='word_1_529' title='bbox 1177 4172 1416 4241; x_wconf 88' lang='lat' dir='ltr'><strong><em>prodest,</em></strong></span> <span class='ocrx_word' id='word_1_530' title='bbox 1455 4176 1500 4230; x_wconf 91' lang='lat' dir='ltr'><strong><em>si</em></strong></span> <span class='ocrx_word' id='word_1_531' title='bbox 1543 4191 1761 4248; x_wconf 90' lang='lat' dir='ltr'><strong><em>peccata</em></strong></span> <span class='ocrx_word' id='word_1_532' title='bbox 1800 4183 2025 4242; x_wconf 64' lang='lat' dir='ltr'><strong><em>luxuriae</em></strong></span> 
     </span>
    </p>
   </div>
   <div class='ocr_carea' id='block_1_73' title="bbox 449 4253 2025 4332">
    <p class='ocr_par' dir='ltr' id='par_1_73' title="bbox 449 4253 2025 4332">
     <span class='ocr_line' id='line_1_73' title="bbox 449 4253 2025 4332; baseline 0.017 -27"><span class='ocrx_word' id='word_1_533' title='bbox 449 4254 573 4321; x_wconf 88' lang='lat' dir='ltr'><strong><em>quis</em></strong></span> <span class='ocrx_word' id='word_1_534' title='bbox 599 4253 792 4309; x_wconf 82' lang='lat' dir='ltr'><strong><em>deﬂeat</em></strong></span> <span class='ocrx_word' id='word_1_535' title='bbox 821 4265 876 4311; x_wconf 91' lang='lat' dir='ltr'><strong><em>et</em></strong></span> <span class='ocrx_word' id='word_1_536' title='bbox 900 4267 1078 4312; x_wconf 88' lang='lat' dir='ltr'><strong><em>tamen</em></strong></span> <span class='ocrx_word' id='word_1_537' title='bbox 1115 4260 1301 4318; x_wconf 82' lang='lat' dir='ltr'><strong><em>adhuc</em></strong></span> <span class='ocrx_word' id='word_1_538' title='bbox 1329 4265 1568 4322; x_wconf 73' lang='lat' dir='ltr'><strong><em>avaritia:</em></strong></span> <span class='ocrx_word' id='word_1_539' title='bbox 1612 4271 1831 4328; x_wconf 59' lang='lat' dir='ltr'><strong><em>aestibus</em></strong></span> <span class='ocrx_word' id='word_1_540' title='bbox 1860 4275 2025 4332; x_wconf 85' lang='lat' dir='ltr'><strong><em>anhe-</em></strong></span> 
     </span>
    </p>
   </div>
   <div class='ocr_carea' id='block_1_74' title="bbox 447 4344 2020 4429">
    <p class='ocr_par' dir='ltr' id='par_1_74' title="bbox 447 4344 2020 4429">
     <span class='ocr_line' id='line_1_74' title="bbox 447 4344 2020 4429; baseline 0.017 -32"><span class='ocrx_word' id='word_1_541' title='bbox 447 4344 555 4399; x_wconf 81' lang='lat' dir='ltr'><strong><em>let?</em></strong></span> <span class='ocrx_word' id='word_1_542' title='bbox 607 4355 700 4401; x_wconf 89' lang='lat' dir='ltr'><strong><em>aut</em></strong></span> <span class='ocrx_word' id='word_1_543' title='bbox 724 4349 852 4417; x_wconf 90' lang='lat' dir='ltr'><strong><em>quid</em></strong></span> <span class='ocrx_word' id='word_1_544' title='bbox 901 4350 944 4404; x_wconf 89' lang='lat' dir='ltr'><strong><em>si</em></strong></span> <span class='ocrx_word' id='word_1_545' title='bbox 984 4350 1076 4406; x_wconf 75' lang='lat' dir='ltr'><strong><em>ira:</em></strong></span> <span class='ocrx_word' id='word_1_546' title='bbox 1119 4353 1304 4424; x_wconf 90' lang='lat' dir='ltr'><strong><em>culpas</em></strong></span> <span class='ocrx_word' id='word_1_547' title='bbox 1343 4354 1455 4424; x_wconf 87' lang='lat' dir='ltr'><strong><em>jam</em></strong></span> <span class='ocrx_word' id='word_1_548' title='bbox 1501 4357 1703 4429; x_wconf 85' lang='lat' dir='ltr'><strong><em>lugeat,</em></strong></span> <span class='ocrx_word' id='word_1_549' title='bbox 1739 4373 1793 4418; x_wconf 90' lang='lat' dir='ltr'><strong><em>et</em></strong></span> <span class='ocrx_word' id='word_1_550' title='bbox 1843 4373 2020 4423; x_wconf 89' lang='lat' dir='ltr'><strong><em>tamen</em></strong></span> 
     </span>
    </p>
   </div>
   <div class='ocr_carea' id='block_1_75' title="bbox 449 4438 2100 4552">
    <p class='ocr_par' dir='ltr' id='par_1_75' title="bbox 449 4438 2100 4552">
     <span class='ocr_line' id='line_1_75' title="bbox 449 4438 2100 4552; baseline 0.014 -61"><span class='ocrx_word' id='word_1_551' title='bbox 449 4438 624 4494; x_wconf 89' lang='lat' dir='ltr'><strong><em>adhuc</em></strong></span> <span class='ocrx_word' id='word_1_552' title='bbox 651 4440 860 4495; x_wconf 72' lang='lat' dir='ltr'><strong><em>inviditn</em></strong></span> <span class='ocrx_word' id='word_1_553' title='bbox 889 4441 1094 4499; x_wconf 83' lang='lat' dir='ltr'><strong><em>facibus</em></strong></span> <span class='ocrx_word' id='word_1_554' title='bbox 1116 4445 1394 4502; x_wconf 86' lang='lat' dir='ltr'><strong><em>tabescat?</em></strong></span> <span class='ocrx_word' id='word_1_555' title='bbox 1421 4450 1526 4506; x_wconf 89' lang='lat' dir='ltr'><strong><em>Sed</em></strong></span> <span class='ocrx_word' id='word_1_556' title='bbox 1554 4453 1729 4510; x_wconf 89' lang='lat' dir='ltr'><strong><em>minus</em></strong></span> <span class='ocrx_word' id='word_1_557' title='bbox 1758 4465 1842 4511; x_wconf 90' lang='lat' dir='ltr'><strong><em>est</em></strong></span> <span class='ocrx_word' id='word_1_558' title='bbox 1871 4459 2022 4516; x_wconf 90' lang='lat' dir='ltr'><strong><em>valde</em></strong></span> <span class='ocrx_word' id='word_1_559' title='bbox 2047 4493 2100 4552; x_wconf 67' lang='grc' dir='ltr'>Β</span> 
     </span>
     <span class='ocr_line' id='line_1_76' title="bbox 450 4527 1857 4552; baseline 0.005 -6"><span class='ocrx_word' id='word_1_560' title='bbox 450 4527 586 4552; x_wconf 38' lang='lat' dir='ltr'><strong><em>ML.</em></strong></span> <span class='ocrx_word' id='word_1_561' title='bbox 616 4529 833 4552; x_wconf 40' lang='grc' dir='ltr'><strong><em>λωψη</em></strong></span> <span class='ocrx_word' id='word_1_562' title='bbox 981 4535 1060 4552; x_wconf 31' lang='grc' dir='ltr'><strong><em>μ.</em></strong></span> <span class='ocrx_word' id='word_1_563' title='bbox 1108 4551 1113 4552; x_wconf 22' lang='grc' dir='ltr'>ί</span> <span class='ocrx_word' id='word_1_564' title='bbox 1261 4547 1271 4552; x_wconf 84' lang='grc'><strong><em>,</em></strong></span> <span class='ocrx_word' id='word_1_565' title='bbox 1371 4540 1384 4552; x_wconf 90' lang='grc'><strong>.</strong></span> <span class='ocrx_word' id='word_1_566' title='bbox 1459 4541 1470 4552; x_wconf 94' lang='grc'><em>.</em></span> <span class='ocrx_word' id='word_1_567' title='bbox 1673 4545 1687 4552; x_wconf 90' lang='grc'><strong><em>-</em></strong></span> <span class='ocrx_word' id='word_1_568' title='bbox 1844 4548 1857 4552; x_wconf 88' lang='grc'><strong><em>-</em></strong></span> 
     </span>
    </p>
   </div>
   <div class='ocr_carea' id='block_1_76' title="bbox 446 4527 2020 4615">
    <p class='ocr_par' dir='ltr' id='par_1_76' title="bbox 446 4527 2020 4615">
     <span class='ocr_line' id='line_1_77' title="bbox 446 4527 2020 4615; baseline 0.017 -36"><span class='ocrx_word' id='word_1_569' title='bbox 446 4527 587 4596; x_wconf 89' lang='lat' dir='ltr'><strong><em>quod</em></strong></span> <span class='ocrx_word' id='word_1_570' title='bbox 611 4529 859 4597; x_wconf 91' lang='lat' dir='ltr'><strong><em>dicimus,</em></strong></span> <span class='ocrx_word' id='word_1_571' title='bbox 886 4540 945 4586; x_wconf 94' lang='lat' dir='ltr'><strong><em>ut</em></strong></span> <span class='ocrx_word' id='word_1_572' title='bbox 972 4535 1061 4604; x_wconf 92' lang='lat' dir='ltr'><strong><em>qui</em></strong></span> <span class='ocrx_word' id='word_1_573' title='bbox 1091 4547 1310 4604; x_wconf 84' lang='lat' dir='ltr'><strong><em>peccata</em></strong></span> <span class='ocrx_word' id='word_1_574' title='bbox 1353 4540 1596 4610; x_wconf 89' lang='lat' dir='ltr'><strong><em>deplorat</em></strong></span> <span class='ocrx_word' id='word_1_575' title='bbox 1635 4545 1892 4615; x_wconf 86' lang='lat' dir='ltr'><strong><em>ploranda</em></strong></span> <span class='ocrx_word' id='word_1_576' title='bbox 1920 4552 2020 4605; x_wconf 90' lang='lat' dir='ltr'><strong><em>mi-</em></strong></span> 
     </span>
    </p>
   </div>
   <div class='ocr_carea' id='block_1_77' title="bbox 448 4615 2016 4706">
    <p class='ocr_par' dir='ltr' id='par_1_77' title="bbox 448 4615 2016 4706">
     <span class='ocr_line' id='line_1_78' title="bbox 448 4615 2016 4706; baseline 0.018 -39"><span class='ocrx_word' id='word_1_577' title='bbox 448 4615 594 4670; x_wconf 88' lang='lat' dir='ltr'><strong><em>nime</em></strong></span> <span class='ocrx_word' id='word_1_578' title='bbox 619 4620 944 4672; x_wconf 89' lang='lat' dir='ltr'><strong><em>committat.</em></strong></span> <span class='ocrx_word' id='word_1_579' title='bbox 983 4620 1115 4676; x_wconf 82' lang='lat' dir='ltr'><strong><em>Nam</em></strong></span> <span class='ocrx_word' id='word_1_580' title='bbox 1157 4627 1498 4696; x_wconf 87' lang='lat' dir='ltr'><strong><em>cogitandum</em></strong></span> <span class='ocrx_word' id='word_1_581' title='bbox 1545 4647 1887 4706; x_wconf 87' lang='lat' dir='ltr'><strong><em>summopere</em></strong></span> <span class='ocrx_word' id='word_1_582' title='bbox 1911 4649 2016 4706; x_wconf 89' lang='lat' dir='ltr'><strong><em>est,</em></strong></span> 
     </span>
    </p>
   </div>
   <div class='ocr_carea' id='block_1_78' title="bbox 449 4706 2014 4795">
    <p class='ocr_par' dir='ltr' id='par_1_78' title="bbox 449 4706 2014 4795">
     <span class='ocr_line' id='line_1_79' title="bbox 449 4706 2014 4795; baseline 0.019 -39"><span class='ocrx_word' id='word_1_583' title='bbox 449 4713 509 4758; x_wconf 91' lang='lat' dir='ltr'><strong><em>ut</em></strong></span> <span class='ocrx_word' id='word_1_584' title='bbox 533 4706 624 4775; x_wconf 91' lang='lat' dir='ltr'><strong><em>qui</em></strong></span> <span class='ocrx_word' id='word_1_585' title='bbox 656 4721 714 4761; x_wconf 86' lang='lat' dir='ltr'><strong><em>se</em></strong></span> <span class='ocrx_word' id='word_1_586' title='bbox 740 4707 923 4763; x_wconf 86' lang='lat' dir='ltr'><strong><em>illicita</em></strong></span> <span class='ocrx_word' id='word_1_587' title='bbox 954 4714 1197 4768; x_wconf 90' lang='lat' dir='ltr'><strong><em>meminit</em></strong></span> <span class='ocrx_word' id='word_1_588' title='bbox 1238 4720 1576 4778; x_wconf 87' lang='lat' dir='ltr'><strong><em>commisisse</em></strong></span> <span class='ocrx_word' id='word_1_589' title='bbox 1618 4740 1650 4779; x_wconf 90' lang='lat' dir='ltr'><strong><em>a</em></strong></span> <span class='ocrx_word' id='word_1_590' title='bbox 1695 4727 2014 4795; x_wconf 89' lang='lat' dir='ltr'><strong><em>quibusdam</em></strong></span> 
     </span>
    </p>
   </div>
   <div class='ocr_carea' id='block_1_79' title="bbox 447 4795 2016 4887">
    <p class='ocr_par' dir='ltr' id='par_1_79' title="bbox 447 4795 2016 4887">
     <span class='ocr_line' id='line_1_80' title="bbox 447 4795 2016 4887; baseline 0.017 -38"><span class='ocrx_word' id='word_1_591' title='bbox 447 4795 611 4850; x_wconf 89' lang='lat' dir='ltr'><strong><em>ctiam</em></strong></span> <span class='ocrx_word' id='word_1_592' title='bbox 660 4796 821 4852; x_wconf 89' lang='lat' dir='ltr'><strong><em>licitis</em></strong></span> <span class='ocrx_word' id='word_1_593' title='bbox 867 4801 1080 4856; x_wconf 88' lang='lat' dir='ltr'><strong><em>studeat</em></strong></span> <span class='ocrx_word' id='word_1_594' title='bbox 1128 4805 1401 4864; x_wconf 88' lang='lat' dir='ltr'><strong><em>abstinere</em></strong></span> <span class='ocrx_word' id='word_1_595' title='bbox 1453 4822 1722 4882; x_wconf 87' lang='lat' dir='ltr'><strong><em>quatenus</em></strong></span> <span class='ocrx_word' id='word_1_596' title='bbox 1764 4833 1861 4887; x_wconf 90' lang='lat' dir='ltr'><strong><em>per</em></strong></span> <span class='ocrx_word' id='word_1_597' title='bbox 1913 4821 2016 4876; x_wconf 93' lang='lat' dir='ltr'><strong><em>hoc</em></strong></span> 
     </span>
    </p>
   </div>
   <div class='ocr_carea' id='block_1_80' title="bbox 448 4885 2012 4979">
    <p class='ocr_par' dir='ltr' id='par_1_80' title="bbox 448 4885 2012 4979">
     <span class='ocr_line' id='line_1_81' title="bbox 448 4885 2012 4979; baseline 0.02 -40"><span class='ocrx_word' id='word_1_598' title='bbox 448 4885 712 4940; x_wconf 87' lang='lat' dir='ltr'><strong><em>conditori</em></strong></span> <span class='ocrx_word' id='word_1_599' title='bbox 759 4903 859 4943; x_wconf 93' lang='lat' dir='ltr'><strong><em>suo</em></strong></span> <span class='ocrx_word' id='word_1_600' title='bbox 887 4892 1184 4949; x_wconf 79' lang='lat' dir='ltr'><strong><em>satisfaciat</em></strong></span> <span class='ocrx_word' id='word_1_601' title='bbox 1209 4915 1224 4950; x_wconf 75' lang='grc' dir='ltr'>ε</span> <span class='ocrx_word' id='word_1_602' title='bbox 1249 4907 1307 4952; x_wconf 91' lang='lat' dir='ltr'><strong><em>ut</em></strong></span> <span class='ocrx_word' id='word_1_603' title='bbox 1339 4901 1430 4970; x_wconf 94' lang='lat' dir='ltr'><strong><em>qui</em></strong></span> <span class='ocrx_word' id='word_1_604' title='bbox 1455 4907 1720 4962; x_wconf 83' lang='lat' dir='ltr'><strong><em>commisit</em></strong></span> <span class='ocrx_word' id='word_1_605' title='bbox 1742 4885 2012 4979; x_wconf 81' lang='lat' dir='ltr'><strong><em>prohibita</em></strong></span> 
     </span>
    </p>
   </div>
   <div class='ocr_carea' id='block_1_81' title="bbox 443 4975 2016 5077">
    <p class='ocr_par' dir='ltr' id='par_1_81' title="bbox 443 4975 2016 5077">
     <span class='ocr_line' id='line_1_82' title="bbox 443 4975 2016 5077; baseline 0.019 -45"><span class='ocrx_word' id='word_1_606' title='bbox 443 4975 547 5032; x_wconf 87' lang='lat' dir='ltr'><strong><em>sibi</em></strong></span> <span class='ocrx_word' id='word_1_607' title='bbox 555 4977 767 5044; x_wconf 80' lang='lat' dir='ltr'><strong><em>metipsi</em></strong></span> <span class='ocrx_word' id='word_1_608' title='bbox 783 4979 1104 5039; x_wconf 86' lang='lat' dir='ltr'><strong><em>abscindere</em></strong></span> <span class='ocrx_word' id='word_1_609' title='bbox 1117 4985 1312 5044; x_wconf 86' lang='lat' dir='ltr'><strong><em>debeat</em></strong></span> <span class='ocrx_word' id='word_1_610' title='bbox 1338 4993 1501 5048; x_wconf 89' lang='lat' dir='ltr'><strong><em>etiam</em></strong></span> <span class='ocrx_word' id='word_1_611' title='bbox 1528 4975 1812 5056; x_wconf 77' lang='lat' dir='ltr'><strong><em>commissa</em></strong></span> <span class='ocrx_word' id='word_1_612' title='bbox 1832 5003 2016 5077; x_wconf 84' lang='lat' dir='ltr'><strong><em>[Forte</em></strong></span> 
     </span>
    </p>
   </div>
   <div class='ocr_carea' id='block_1_82' title="bbox 446 5064 2017 5164">
    <p class='ocr_par' dir='ltr' id='par_1_82' title="bbox 446 5064 2017 5164">
     <span class='ocr_line' id='line_1_83' title="bbox 446 5064 2017 5164; baseline 0.024 -47"><span class='ocrx_word' id='word_1_613' title='bbox 446 5064 547 5164; x_wconf 59' lang='lat' dir='ltr'><strong><em>leg.</em></strong></span> <span class='ocrx_word' id='word_1_614' title='bbox 579 5072 890 5164; x_wconf 73' lang='lat' dir='ltr'><strong><em>concessa].</em></strong></span> <span class='ocrx_word' id='word_1_615' title='bbox 914 5073 1098 5143; x_wconf 83' lang='lat' dir='ltr'><strong><em>sicque</em></strong></span> <span class='ocrx_word' id='word_1_616' title='bbox 1121 5077 1175 5131; x_wconf 92' lang='lat' dir='ltr'><strong><em>in</em></strong></span> <span class='ocrx_word' id='word_1_617' title='bbox 1200 5091 1347 5136; x_wconf 87' lang='lat' dir='ltr'><strong><em>recta</em></strong></span> <span class='ocrx_word' id='word_1_618' title='bbox 1376 5085 1480 5141; x_wconf 90' lang='lat' dir='ltr'><strong><em>ﬁde</em></strong></span> <span class='ocrx_word' id='word_1_619' title='bbox 1504 5096 1562 5142; x_wconf 93' lang='lat' dir='ltr'><strong><em>et</em></strong></span> <span class='ocrx_word' id='word_1_620' title='bbox 1587 5091 1742 5148; x_wconf 83' lang='lat' dir='ltr'><strong><em>bonis</em></strong></span> <span class='ocrx_word' id='word_1_621' title='bbox 1763 5064 2017 5164; x_wconf 70' lang='lat' dir='ltr'><strong><em>operibus</em></strong></span> 
     </span>
    </p>
   </div>
   <div class='ocr_carea' id='block_1_83' title="bbox 449 5155 2016 5260">
    <p class='ocr_par' dir='ltr' id='par_1_83' title="bbox 449 5155 2016 5260">
     <span class='ocr_line' id='line_1_84' title="bbox 449 5155 2016 5260; baseline 0.027 -55"><span class='ocrx_word' id='word_1_622' title='bbox 449 5155 698 5255; x_wconf 77' lang='lat' dir='ltr'><strong><em>religiose</em></strong></span> <span class='ocrx_word' id='word_1_623' title='bbox 740 5158 950 5258; x_wconf 68' lang='lat' dir='ltr'><strong><em>vivens,</em></strong></span> <span class='ocrx_word' id='word_1_624' title='bbox 985 5168 1050 5222; x_wconf 81' lang='lat' dir='ltr'><strong><em>sd</em></strong></span> <span class='ocrx_word' id='word_1_625' title='bbox 1098 5168 1320 5240; x_wconf 84' lang='lat' dir='ltr'><strong><em>gloriam</em></strong></span> <span class='ocrx_word' id='word_1_626' title='bbox 1369 5177 1481 5235; x_wconf 88' lang='lat' dir='ltr'><strong><em>Deo</em></strong></span> <span class='ocrx_word' id='word_1_627' title='bbox 1503 5155 2016 5260; x_wconf 43' lang='lat' dir='ltr'><strong><em>opitulante-parve-</em></strong></span> 
     </span>
    </p>
   </div>
   <div class='ocr_carea' id='block_1_84' title="bbox 450 5243 995 5318">
    <p class='ocr_par' dir='ltr' id='par_1_84' title="bbox 450 5243 995 5318">
     <span class='ocr_line' id='line_1_85' title="bbox 450 5243 995 5318; baseline 0.02 -22"><span class='ocrx_word' id='word_1_628' title='bbox 450 5243 561 5298; x_wconf 88' lang='lat' dir='ltr'><strong><em>nict</em></strong></span> <span class='ocrx_word' id='word_1_629' title='bbox 587 5245 995 5318; x_wconf 82' lang='lat' dir='ltr'><strong><em>sempiternam.</em></strong></span> 
     </span>
    </p>
   </div>
   <div class='ocr_carea' id='block_1_85' title="bbox 976 5386 1484 5456">
    <p class='ocr_par' dir='ltr' id='par_1_85' title="bbox 976 5386 1484 5456">
     <span class='ocr_line' id='line_1_86' title="bbox 976 5386 1484 5456; baseline 0.031 -16"><span class='ocrx_word' id='word_1_630' title='bbox 976 5386 1253 5448; x_wconf 50' lang='lat' dir='ltr'><strong><em>l&#39;lOMIL-lA</em></strong></span> <span class='ocrx_word' id='word_1_631' title='bbox 1308 5397 1484 5456; x_wconf 56' lang='lat' dir='ltr'><strong><em>XCVI.</em></strong></span> 
     </span>
    </p>
   </div>
   <div class='ocr_carea' id='block_1_86' title="bbox 1102 5522 1362 5567">
    <p class='ocr_par' dir='ltr' id='par_1_86' title="bbox 1102 5522 1362 5567">
     <span class='ocr_line' id='line_1_87' title="bbox 1102 5522 1362 5567; baseline 0.027 -7"><span class='ocrx_word' id='word_1_632' title='bbox 1102 5522 1256 5566; x_wconf 68' lang='grc' dir='ltr'><strong><em>ιἐιίιλ</em></strong></span> <span class='ocrx_word' id='word_1_633' title='bbox 1289 5527 1362 5567; x_wconf 64' lang='grc' dir='ltr'><strong><em>ιν.</em></strong></span> 
     </span>
    </p>
   </div>
   <div class='ocr_carea' id='block_1_87' title="bbox 443 5601 2009 5698">
    <p class='ocr_par' dir='ltr' id='par_1_87' title="bbox 443 5601 2009 5698">
     <span class='ocr_line' id='line_1_88' title="bbox 443 5601 2009 5698; baseline 0.027 -42"><span class='ocrx_word' id='word_1_634' title='bbox 443 5601 628 5698; x_wconf 64' lang='lat' dir='ltr'><strong><em>l.ec_tio</em></strong></span> <span class='ocrx_word' id='word_1_635' title='bbox 658 5607 909 5680; x_wconf 77' lang='lat' dir='ltr'><strong><em>Epistolie</em></strong></span> <span class='ocrx_word' id='word_1_636' title='bbox 939 5615 1079 5672; x_wconf 88' lang='lat' dir='ltr'><strong><em>beati</em></strong></span> <span class='ocrx_word' id='word_1_637' title='bbox 1108 5618 1253 5678; x_wconf 87' lang='lat' dir='ltr'><strong><em>Petri</em></strong></span> <span class='ocrx_word' id='word_1_638' title='bbox 1294 5630 1517 5696; x_wconf 89' lang='lat' dir='ltr'><strong><em>apostoli</em></strong></span> <span class='ocrx_word' id='word_1_639' title='bbox 1548 5634 1614 5688; x_wconf 88' lang='lat' dir='ltr'><strong><em>ad</em></strong></span> <span class='ocrx_word' id='word_1_640' title='bbox 1645 5635 2009 5698; x_wconf 88' lang='lat' dir='ltr'><strong><em>Colossenses.</em></strong></span> 
     </span>
    </p>
   </div>
   <div class='ocr_carea' id='block_1_88' title="bbox 517 5693 2011 5790">
    <p class='ocr_par' dir='ltr' id='par_1_88' title="bbox 517 5693 2011 5790">
     <span class='ocr_line' id='line_1_89' title="bbox 517 5693 2011 5790; baseline 0.031 -46"><span class='ocrx_word' id='word_1_641' title='bbox 517 5693 753 5766; x_wconf 84' lang='lat' dir='ltr'><strong><em>Fratres,</em></strong></span> <span class='ocrx_word' id='word_1_642' title='bbox 777 5720 927 5761; x_wconf 86' lang='lat' dir='ltr'><strong><em>omne</em></strong></span> <span class='ocrx_word' id='word_1_643' title='bbox 974 5693 1527 5785; x_wconf 42' lang='lat' dir='ltr'><strong><em>quodcunque—facitis</em></strong></span> <span class='ocrx_word' id='word_1_644' title='bbox 1576 5725 1630 5778; x_wconf 87' lang='lat' dir='ltr'><strong><em>in</em></strong></span> <span class='ocrx_word' id='word_1_645' title='bbox 1656 5729 1804 5785; x_wconf 81' lang='lat' dir='ltr'><strong><em>verbo</em></strong></span> <span class='ocrx_word' id='word_1_646' title='bbox 1837 5745 1929 5788; x_wconf 90' lang='lat' dir='ltr'><strong><em>aut</em></strong></span> <span class='ocrx_word' id='word_1_647' title='bbox 1957 5737 2011 5790; x_wconf 87' lang='lat' dir='ltr'><strong><em>in</em></strong></span> 
     </span>
    </p>
   </div>
   <div class='ocr_carea' id='block_1_89' title="bbox 2128 3240 3713 3329">
    <p class='ocr_par' dir='ltr' id='par_1_89' title="bbox 2128 3240 3713 3329">
     <span class='ocr_line' id='line_1_90' title="bbox 2128 3240 3713 3329; baseline 0.009 -26"><span class='ocrx_word' id='word_1_648' title='bbox 2128 3255 2186 3303; x_wconf 90' lang='lat' dir='ltr'><strong><em>et</em></strong></span> <span class='ocrx_word' id='word_1_649' title='bbox 2209 3263 2395 3305; x_wconf 88' lang='lat' dir='ltr'><strong><em>servos</em></strong></span> <span class='ocrx_word' id='word_1_650' title='bbox 2416 3240 2644 3306; x_wconf 84' lang='lat' dir='ltr'><strong><em>obedire</em></strong></span> <span class='ocrx_word' id='word_1_651' title='bbox 2665 3255 2778 3309; x_wconf 89' lang='lat' dir='ltr'><strong><em>suis</em></strong></span> <span class='ocrx_word' id='word_1_652' title='bbox 2807 3255 3038 3310; x_wconf 88' lang='lat' dir='ltr'><strong><em>dominis</em></strong></span> <span class='ocrx_word' id='word_1_653' title='bbox 3087 3258 3433 3329; x_wconf 88' lang='lat' dir='ltr'><strong><em>inspicientes</em></strong></span> <span class='ocrx_word' id='word_1_654' title='bbox 3465 3261 3517 3316; x_wconf 93' lang='lat' dir='ltr'><strong><em>in</em></strong></span> <span class='ocrx_word' id='word_1_655' title='bbox 3560 3263 3713 3318; x_wconf 88' lang='lat' dir='ltr'><strong><em>illam</em></strong></span> 
     </span>
    </p>
   </div>
   <div class='ocr_carea' id='block_1_90' title="bbox 2127 3342 3715 3417">
    <p class='ocr_par' dir='ltr' id='par_1_90' title="bbox 2127 3342 3715 3417">
     <span class='ocr_line' id='line_1_91' title="bbox 2127 3342 3715 3417; baseline 0.011 -24"><span class='ocrx_word' id='word_1_656' title='bbox 2127 3342 2390 3396; x_wconf 81' lang='lat' dir='ltr'><strong><em>mercedis</em></strong></span> <span class='ocrx_word' id='word_1_657' title='bbox 2417 3345 2930 3412; x_wconf 86' lang='lat' dir='ltr'><strong><em>remunerationem,</em></strong></span> <span class='ocrx_word' id='word_1_658' title='bbox 2961 3363 3080 3417; x_wconf 73' lang='lat' dir='ltr'><strong><em>quae</em></strong></span> <span class='ocrx_word' id='word_1_659' title='bbox 3108 3365 3136 3403; x_wconf 89' lang='lat' dir='ltr'><strong><em>a</em></strong></span> <span class='ocrx_word' id='word_1_660' title='bbox 3165 3351 3274 3406; x_wconf 90' lang='lat' dir='ltr'><strong><em>Deo</em></strong></span> <span class='ocrx_word' id='word_1_661' title='bbox 3301 3352 3406 3408; x_wconf 92' lang='lat' dir='ltr'><strong><em>illis</em></strong></span> <span class='ocrx_word' id='word_1_662' title='bbox 3439 3355 3715 3410; x_wconf 89' lang='lat' dir='ltr'><strong><em>retribue-</em></strong></span> 
     </span>
    </p>
   </div>
   <div class='ocr_carea' id='block_1_91' title="bbox 2127 3432 3710 3513">
    <p class='ocr_par' dir='ltr' id='par_1_91' title="bbox 2127 3432 3710 3513">
     <span class='ocr_line' id='line_1_92' title="bbox 2127 3432 3710 3513; baseline 0.01 -27"><span class='ocrx_word' id='word_1_663' title='bbox 2127 3439 2221 3486; x_wconf 93' lang='lat' dir='ltr'><strong><em>tur</em></strong></span> <span class='ocrx_word' id='word_1_664' title='bbox 2254 3448 2351 3502; x_wconf 89' lang='lat' dir='ltr'><strong><em>pro</em></strong></span> <span class='ocrx_word' id='word_1_665' title='bbox 2379 3432 2520 3488; x_wconf 71' lang='lat' dir='ltr'><strong><em>ﬁdeli</em></strong></span> <span class='ocrx_word' id='word_1_666' title='bbox 2557 3437 2800 3500; x_wconf 87' lang='lat' dir='ltr'><strong><em>servitio,</em></strong></span> <span class='ocrx_word' id='word_1_667' title='bbox 2839 3445 2894 3492; x_wconf 89' lang='lat' dir='ltr'><strong><em>et</em></strong></span> <span class='ocrx_word' id='word_1_668' title='bbox 2925 3437 2997 3491; x_wconf 92' lang='lat' dir='ltr'><strong><em>ita</em></strong></span> <span class='ocrx_word' id='word_1_669' title='bbox 3029 3437 3190 3495; x_wconf 80' lang='lat' dir='ltr'><strong><em>facite</em></strong></span> <span class='ocrx_word' id='word_1_670' title='bbox 3223 3442 3366 3498; x_wconf 92' lang='lat' dir='ltr'><strong><em>sicut</em></strong></span> <span class='ocrx_word' id='word_1_671' title='bbox 3403 3453 3458 3498; x_wconf 84' lang='lat' dir='ltr'><strong><em>et</em></strong></span> <span class='ocrx_word' id='word_1_672' title='bbox 3496 3443 3710 3513; x_wconf 87' lang='lat' dir='ltr'><strong><em>justum</em></strong></span> 
     </span>
    </p>
   </div>
   <div class='ocr_carea' id='block_1_92' title="bbox 2125 3513 3715 3596">
    <p class='ocr_par' dir='ltr' id='par_1_92' title="bbox 2125 3513 3715 3596">
     <span class='ocr_line' id='line_1_93' title="bbox 2125 3513 3715 3596; baseline 0.01 -21"><span class='ocrx_word' id='word_1_673' title='bbox 2125 3529 2210 3576; x_wconf 88' lang='lat' dir='ltr'><strong><em>est</em></strong></span> <span class='ocrx_word' id='word_1_674' title='bbox 2256 3521 2434 3579; x_wconf 78' lang='lat' dir='ltr'><strong><em>facere</em></strong></span> <span class='ocrx_word' id='word_1_675' title='bbox 2467 3513 2566 3579; x_wconf 86' lang='lat' dir='ltr'><strong><em>eos</em></strong></span> <span class='ocrx_word' id='word_1_676' title='bbox 2591 3525 2682 3596; x_wconf 92' lang='lat' dir='ltr'><strong><em>qui</em></strong></span> <span class='ocrx_word' id='word_1_677' title='bbox 2709 3540 2742 3579; x_wconf 89' lang='lat' dir='ltr'><strong><em>a</em></strong></span> <span class='ocrx_word' id='word_1_678' title='bbox 2794 3525 2904 3580; x_wconf 89' lang='lat' dir='ltr'><strong><em>Deo</em></strong></span> <span class='ocrx_word' id='word_1_679' title='bbox 2931 3527 3032 3582; x_wconf 88' lang='lat' dir='ltr'><strong><em>sibi</em></strong></span> <span class='ocrx_word' id='word_1_680' title='bbox 3063 3531 3365 3586; x_wconf 87' lang='lat' dir='ltr'><strong><em>mercedem</em></strong></span> <span class='ocrx_word' id='word_1_681' title='bbox 3393 3534 3556 3589; x_wconf 91' lang='lat' dir='ltr'><strong><em>tribui</em></strong></span> <span class='ocrx_word' id='word_1_682' title='bbox 3609 3551 3715 3590; x_wconf 80' lang='lat' dir='ltr'><strong><em>ex-</em></strong></span> 
     </span>
    </p>
   </div>
   <div class='ocr_carea' id='block_1_93' title="bbox 2126 3611 3717 3687">
    <p class='ocr_par' dir='ltr' id='par_1_93' title="bbox 2126 3611 3717 3687">
     <span class='ocr_line' id='line_1_94' title="bbox 2126 3611 3717 3687; baseline 0.011 -24"><span class='ocrx_word' id='word_1_683' title='bbox 2126 3620 2394 3679; x_wconf 86' lang='lat' dir='ltr'><strong><em>spectant,</em></strong></span> <span class='ocrx_word' id='word_1_684' title='bbox 2440 3628 2546 3668; x_wconf 90' lang='lat' dir='ltr'><strong><em>non</em></strong></span> <span class='ocrx_word' id='word_1_685' title='bbox 2573 3614 2712 3668; x_wconf 90' lang='lat' dir='ltr'><strong><em>sicut</em></strong></span> <span class='ocrx_word' id='word_1_686' title='bbox 2738 3611 3046 3671; x_wconf 88' lang='lat' dir='ltr'><strong><em>hominibus</em></strong></span> <span class='ocrx_word' id='word_1_687' title='bbox 3070 3619 3387 3687; x_wconf 89' lang='lat' dir='ltr'><strong><em>servientes,</em></strong></span> <span class='ocrx_word' id='word_1_688' title='bbox 3437 3623 3533 3678; x_wconf 89' lang='lat' dir='ltr'><strong><em>sed</em></strong></span> <span class='ocrx_word' id='word_1_689' title='bbox 3565 3625 3717 3681; x_wconf 88' lang='lat' dir='ltr'><strong><em>sicut</em></strong></span> 
     </span>
    </p>
   </div>
   <div class='ocr_carea' id='block_1_94' title="bbox 2127 3698 3707 3780">
    <p class='ocr_par' dir='ltr' id='par_1_94' title="bbox 2127 3698 3707 3780">
     <span class='ocr_line' id='line_1_95' title="bbox 2127 3698 3707 3780; baseline 0.009 -28"><span class='ocrx_word' id='word_1_690' title='bbox 2127 3698 2202 3754; x_wconf 85' lang='lat' dir='ltr'><strong><em>illi</em></strong></span> <span class='ocrx_word' id='word_1_691' title='bbox 2231 3715 2260 3753; x_wconf 91' lang='lat' dir='ltr'><strong><em>a</em></strong></span> <span class='ocrx_word' id='word_1_692' title='bbox 2311 3715 2419 3769; x_wconf 92' lang='lat' dir='ltr'><strong><em>quo</em></strong></span> <span class='ocrx_word' id='word_1_693' title='bbox 2461 3711 2517 3756; x_wconf 90' lang='lat' dir='ltr'><strong><em>et</em></strong></span> <span class='ocrx_word' id='word_1_694' title='bbox 2546 3703 2810 3758; x_wconf 81' lang='lat' dir='ltr'><strong><em>mercedis</em></strong></span> <span class='ocrx_word' id='word_1_695' title='bbox 2838 3705 3012 3760; x_wconf 88' lang='lat' dir='ltr'><strong><em>vicem</em></strong></span> <span class='ocrx_word' id='word_1_696' title='bbox 3045 3706 3144 3761; x_wconf 92' lang='lat' dir='ltr'><strong><em>sibi</em></strong></span> <span class='ocrx_word' id='word_1_697' title='bbox 3175 3709 3336 3763; x_wconf 91' lang='lat' dir='ltr'><strong><em>tribui</em></strong></span> <span class='ocrx_word' id='word_1_698' title='bbox 3365 3720 3707 3780; x_wconf 78' lang='lat' dir='ltr'><strong><em>exspectant.</em></strong></span> 
     </span>
    </p>
   </div>
   <div class='ocr_carea' id='block_1_95' title="bbox 2127 3793 3706 3870">
    <p class='ocr_par' dir='ltr' id='par_1_95' title="bbox 2127 3793 3706 3870">
     <span class='ocr_line' id='line_1_96' title="bbox 2127 3793 3706 3870; baseline 0.009 -25"><span class='ocrx_word' id='word_1_699' title='bbox 2127 3793 2444 3862; x_wconf 83' lang='lat' dir='ltr'><strong><em>Quicunque</em></strong></span> <span class='ocrx_word' id='word_1_700' title='bbox 2467 3794 2610 3848; x_wconf 85' lang='lat' dir='ltr'><strong><em>enim</em></strong></span> <span class='ocrx_word' id='word_1_701' title='bbox 2635 3805 2902 3866; x_wconf 69' lang='lat' dir='ltr'><strong><em>praecepta</em></strong></span> <span class='ocrx_word' id='word_1_702' title='bbox 2930 3798 3221 3866; x_wconf 88' lang='lat' dir='ltr'><strong><em>apostolica</em></strong></span> <span class='ocrx_word' id='word_1_703' title='bbox 3249 3801 3351 3856; x_wconf 89' lang='lat' dir='ltr'><strong><em>rite</em></strong></span> <span class='ocrx_word' id='word_1_704' title='bbox 3377 3804 3706 3870; x_wconf 85' lang='lat' dir='ltr'><strong><em>servaverit,</em></strong></span> 
     </span>
    </p>
   </div>
   <div class='ocr_carea' id='block_1_96' title="bbox 2125 3885 3707 3962">
    <p class='ocr_par' dir='ltr' id='par_1_96' title="bbox 2125 3885 3707 3962">
     <span class='ocr_line' id='line_1_97' title="bbox 2125 3885 3707 3962; baseline 0.009 -24"><span class='ocrx_word' id='word_1_705' title='bbox 2125 3893 2180 3938; x_wconf 89' lang='lat' dir='ltr'><strong><em>et</em></strong></span> <span class='ocrx_word' id='word_1_706' title='bbox 2209 3885 2320 3938; x_wconf 90' lang='lat' dir='ltr'><strong><em>Deo</em></strong></span> <span class='ocrx_word' id='word_1_707' title='bbox 2366 3900 2463 3954; x_wconf 87' lang='lat' dir='ltr'><strong><em>per</em></strong></span> <span class='ocrx_word' id='word_1_708' title='bbox 2508 3886 2667 3941; x_wconf 86' lang='lat' dir='ltr'><strong><em>ﬁdem</em></strong></span> <span class='ocrx_word' id='word_1_709' title='bbox 2695 3896 2751 3942; x_wconf 90' lang='lat' dir='ltr'><strong><em>et</em></strong></span> <span class='ocrx_word' id='word_1_710' title='bbox 2787 3887 2927 3943; x_wconf 89' lang='lat' dir='ltr'><strong><em>bona</em></strong></span> <span class='ocrx_word' id='word_1_711' title='bbox 2960 3905 3123 3959; x_wconf 91' lang='lat' dir='ltr'><strong><em>opera</em></strong></span> <span class='ocrx_word' id='word_1_712' title='bbox 3153 3891 3366 3962; x_wconf 89' lang='lat' dir='ltr'><strong><em>placere</em></strong></span> <span class='ocrx_word' id='word_1_713' title='bbox 3413 3895 3707 3962; x_wconf 89' lang='lat' dir='ltr'><strong><em>studuerit,</em></strong></span> 
     </span>
    </p>
   </div>
   <div class='ocr_carea' id='block_1_97' title="bbox 2126 3975 3706 4057">
    <p class='ocr_par' dir='ltr' id='par_1_97' title="bbox 2126 3975 3706 4057">
     <span class='ocr_line' id='line_1_98' title="bbox 2126 3975 3706 4057; baseline 0.009 -27"><span class='ocrx_word' id='word_1_714' title='bbox 2126 3975 2244 4030; x_wconf 90' lang='lat' dir='ltr'><strong><em>sine</em></strong></span> <span class='ocrx_word' id='word_1_715' title='bbox 2287 3976 2448 4030; x_wconf 91' lang='lat' dir='ltr'><strong><em>dubio</em></strong></span> <span class='ocrx_word' id='word_1_716' title='bbox 2489 3980 2944 4036; x_wconf 87' lang='lat' dir='ltr'><strong><em>remunerationis</em></strong></span> <span class='ocrx_word' id='word_1_717' title='bbox 2988 3983 3227 4039; x_wconf 73' lang='lat' dir='ltr'><strong><em>ctelestis</em></strong></span> <span class='ocrx_word' id='word_1_718' title='bbox 3258 3987 3532 4057; x_wconf 88' lang='lat' dir='ltr'><strong><em>particeps</em></strong></span> <span class='ocrx_word' id='word_1_719' title='bbox 3575 3991 3706 4054; x_wconf 87' lang='lat' dir='ltr'><strong><em>erit,</em></strong></span> 
     </span>
    </p>
   </div>
   <div class='ocr_carea' id='block_1_98' title="bbox 2125 4065 3709 4148">
    <p class='ocr_par' dir='ltr' id='par_1_98' title="bbox 2125 4065 3709 4148">
     <span class='ocr_line' id='line_1_99' title="bbox 2125 4065 3709 4148; baseline 0.012 -32"><span class='ocrx_word' id='word_1_720' title='bbox 2125 4073 2416 4133; x_wconf 64' lang='lat' dir='ltr'><strong><em>praestante</em></strong></span> <span class='ocrx_word' id='word_1_721' title='bbox 2460 4065 2687 4123; x_wconf 89' lang='lat' dir='ltr'><strong><em>Domino</em></strong></span> <span class='ocrx_word' id='word_1_722' title='bbox 2731 4079 2918 4127; x_wconf 85' lang='lat' dir='ltr'><strong><em>nostro</em></strong></span> <span class='ocrx_word' id='word_1_723' title='bbox 2969 4071 3098 4128; x_wconf 80' lang='lat' dir='ltr'><strong><em>Jesu</em></strong></span> <span class='ocrx_word' id='word_1_724' title='bbox 3150 4073 3386 4142; x_wconf 86' lang='lat' dir='ltr'><strong><em>Christo,</em></strong></span> <span class='ocrx_word' id='word_1_725' title='bbox 3442 4079 3535 4148; x_wconf 92' lang='lat' dir='ltr'><strong><em>qui</em></strong></span> <span class='ocrx_word' id='word_1_726' title='bbox 3580 4095 3709 4136; x_wconf 90' lang='lat' dir='ltr'><strong><em>cum</em></strong></span> 
     </span>
    </p>
   </div>
   <div class='ocr_carea' id='block_1_99' title="bbox 2126 4155 3707 4240">
    <p class='ocr_par' dir='ltr' id='par_1_99' title="bbox 2126 4155 3707 4240">
     <span class='ocr_line' id='line_1_100' title="bbox 2126 4155 3707 4240; baseline 0.011 -31"><span class='ocrx_word' id='word_1_727' title='bbox 2126 4155 2284 4212; x_wconf 86' lang='lat' dir='ltr'><strong><em>Patre</em></strong></span> <span class='ocrx_word' id='word_1_728' title='bbox 2309 4171 2364 4212; x_wconf 86' lang='lat' dir='ltr'><strong><em>et</em></strong></span> <span class='ocrx_word' id='word_1_729' title='bbox 2387 4157 2590 4228; x_wconf 86' lang='lat' dir='ltr'><strong><em>Spiritu</em></strong></span> <span class='ocrx_word' id='word_1_730' title='bbox 2620 4171 2808 4217; x_wconf 90' lang='lat' dir='ltr'><strong><em>sancto</em></strong></span> <span class='ocrx_word' id='word_1_731' title='bbox 2837 4164 2969 4218; x_wconf 90' lang='lat' dir='ltr'><strong><em>vivit</em></strong></span> <span class='ocrx_word' id='word_1_732' title='bbox 2988 4172 3042 4219; x_wconf 91' lang='lat' dir='ltr'><strong><em>et</em></strong></span> <span class='ocrx_word' id='word_1_733' title='bbox 3075 4176 3264 4237; x_wconf 82' lang='lat' dir='ltr'><strong><em>regnat</em></strong></span> <span class='ocrx_word' id='word_1_734' title='bbox 3286 4167 3426 4223; x_wconf 87' lang='lat' dir='ltr'><strong><em>Deus</em></strong></span> <span class='ocrx_word' id='word_1_735' title='bbox 3454 4184 3554 4240; x_wconf 90' lang='lat' dir='ltr'><strong><em>per</em></strong></span> <span class='ocrx_word' id='word_1_736' title='bbox 3581 4185 3707 4226; x_wconf 86' lang='lat' dir='ltr'><strong><em>om-</em></strong></span> 
     </span>
    </p>
   </div>
   <div class='ocr_carea' id='block_1_100' title="bbox 2126 4249 3034 4312">
    <p class='ocr_par' dir='ltr' id='par_1_100' title="bbox 2126 4249 3034 4312">
     <span class='ocr_line' id='line_1_101' title="bbox 2126 4249 3034 4312; baseline 0.01 -9"><span class='ocrx_word' id='word_1_737' title='bbox 2126 4249 2217 4304; x_wconf 89' lang='lat' dir='ltr'><strong><em>nia</em></strong></span> <span class='ocrx_word' id='word_1_738' title='bbox 2244 4250 2439 4306; x_wconf 71' lang='lat' dir='ltr'><strong><em>smcula</em></strong></span> <span class='ocrx_word' id='word_1_739' title='bbox 2469 4253 2806 4308; x_wconf 61' lang='lat' dir='ltr'><strong><em>saeculorum.</em></strong></span> <span class='ocrx_word' id='word_1_740' title='bbox 2842 4256 3034 4312; x_wconf 82' lang='lat' dir='ltr'><strong><em>Amen.</em></strong></span> 
     </span>
    </p>
   </div>
   <div class='ocr_carea' id='block_1_101' title="bbox 2569 4366 3254 4430">
    <p class='ocr_par' dir='ltr' id='par_1_101' title="bbox 2569 4366 3254 4430">
     <span class='ocr_line' id='line_1_102' title="bbox 2569 4366 3254 4430; baseline 0.013 -10"><span class='ocrx_word' id='word_1_741' title='bbox 2569 4366 2925 4424; x_wconf 77' lang='lat' dir='ltr'><strong><em>llOMlLIA</em></strong></span> <span class='ocrx_word' id='word_1_742' title='bbox 2990 4370 3254 4430; x_wconf 77' lang='lat' dir='ltr'><strong>XCVII.</strong></span> 
     </span>
    </p>
   </div>
   <div class='ocr_carea' id='block_1_102' title="bbox 2686 4474 3125 4519">
    <p class='ocr_par' dir='ltr' id='par_1_102' title="bbox 2686 4474 3125 4519">
     <span class='ocr_line' id='line_1_103' title="bbox 2686 4474 3125 4519; baseline 0.018 -8"><span class='ocrx_word' id='word_1_743' title='bbox 2686 4474 2817 4513; x_wconf 71' lang='lat' dir='ltr'><strong><em>ITEU</em></strong></span> <span class='ocrx_word' id='word_1_744' title='bbox 2857 4477 3012 4517; x_wconf 73' lang='lat' dir='ltr'><strong><em>FEBIA</em></strong></span> <span class='ocrx_word' id='word_1_745' title='bbox 3054 4479 3125 4519; x_wconf 72' lang='lat' dir='ltr'><strong><em>IV.</em></strong></span> 
     </span>
    </p>
   </div>
   <div class='ocr_carea' id='block_1_103' title="bbox 2229 4558 3588 4638">
    <p class='ocr_par' dir='ltr' id='par_1_103' title="bbox 2229 4558 3588 4638">
     <span class='ocr_line' id='line_1_104' title="bbox 2229 4558 3588 4638; baseline 0.016 -24"><span class='ocrx_word' id='word_1_746' title='bbox 2229 4558 2412 4617; x_wconf 88' lang='lat' dir='ltr'><strong><em>Lectio</em></strong></span> <span class='ocrx_word' id='word_1_747' title='bbox 2440 4565 2610 4619; x_wconf 89' lang='lat' dir='ltr'><strong><em>sancti</em></strong></span> <span class='ocrx_word' id='word_1_748' title='bbox 2637 4565 2908 4638; x_wconf 87' lang='lat' dir='ltr'><strong><em>Evangelii</em></strong></span> <span class='ocrx_word' id='word_1_749' title='bbox 2939 4575 3233 4630; x_wconf 90' lang='lat' dir='ltr'><strong><em>secundum</em></strong></span> <span class='ocrx_word' id='word_1_750' title='bbox 3257 4576 3588 4635; x_wconf 78' lang='lat' dir='ltr'><strong><em>Matthieum.</em></strong></span> 
     </span>
    </p>
   </div>
   <div class='ocr_carea' id='block_1_104' title="bbox 2193 4669 3522 4758">
    <p class='ocr_par' dir='ltr' id='par_1_104' title="bbox 2193 4669 3522 4758">
     <span class='ocr_line' id='line_1_105' title="bbox 2193 4669 3522 4758; baseline 0.019 -35"><span class='ocrx_word' id='word_1_751' title='bbox 2193 4669 2261 4724; x_wconf 86' lang='lat' dir='ltr'><strong><em>In</em></strong></span> <span class='ocrx_word' id='word_1_752' title='bbox 2311 4671 2402 4727; x_wconf 90' lang='lat' dir='ltr'><strong><em>illo</em></strong></span> <span class='ocrx_word' id='word_1_753' title='bbox 2439 4683 2665 4745; x_wconf 85' lang='lat' dir='ltr'><strong><em>tempore</em></strong></span> <span class='ocrx_word' id='word_1_754' title='bbox 2709 4679 2842 4734; x_wconf 73' lang='lat' dir='ltr'><strong><em>dixit</em></strong></span> <span class='ocrx_word' id='word_1_755' title='bbox 2869 4681 3026 4738; x_wconf 72' lang='lat' dir='ltr'><strong><em>Iesus</em></strong></span> <span class='ocrx_word' id='word_1_756' title='bbox 3055 4687 3323 4758; x_wconf 86' lang='lat' dir='ltr'><strong><em>discipulis</em></strong></span> <span class='ocrx_word' id='word_1_757' title='bbox 3353 4695 3462 4748; x_wconf 85' lang='lat' dir='ltr'><strong><em>suis</em></strong></span> <span class='ocrx_word' id='word_1_758' title='bbox 3501 4708 3522 4748; x_wconf 85' lang='lat'><strong><em>.&#39;</em></strong></span> 
     </span>
    </p>
   </div>
   <div class='ocr_carea' id='block_1_105' title="bbox 2123 4761 3704 4854">
    <p class='ocr_par' dir='ltr' id='par_1_105' title="bbox 2123 4761 3704 4854">
     <span class='ocr_line' id='line_1_106' title="bbox 2123 4761 3704 4854; baseline 0.018 -41"><span class='ocrx_word' id='word_1_759' title='bbox 2123 4762 2444 4817; x_wconf 84' lang='lat' dir='ltr'><strong><em>consentiens</em></strong></span> <span class='ocrx_word' id='word_1_760' title='bbox 2467 4761 2767 4823; x_wconf 83' lang='lat' dir='ltr'><strong><em>adversario</em></strong></span> <span class='ocrx_word' id='word_1_761' title='bbox 2791 4781 2878 4825; x_wconf 87' lang='lat' dir='ltr'><strong><em>tuo</em></strong></span> <span class='ocrx_word' id='word_1_762' title='bbox 2909 4773 3011 4828; x_wconf 87' lang='lat' dir='ltr'><strong><em>cito</em></strong></span> <span class='ocrx_word' id='word_1_763' title='bbox 3042 4777 3166 4830; x_wconf 90' lang='lat' dir='ltr'><strong><em>dum</em></strong></span> <span class='ocrx_word' id='word_1_764' title='bbox 3191 4795 3243 4833; x_wconf 87' lang='lat' dir='ltr'><strong><em>es</em></strong></span> <span class='ocrx_word' id='word_1_765' title='bbox 3273 4781 3325 4834; x_wconf 90' lang='lat' dir='ltr'><strong><em>in</em></strong></span> <span class='ocrx_word' id='word_1_766' title='bbox 3365 4785 3446 4836; x_wconf 81' lang='lat' dir='ltr'><strong><em>ria</em></strong></span> <span class='ocrx_word' id='word_1_767' title='bbox 3467 4801 3588 4838; x_wconf 87' lang='lat' dir='ltr'><strong><em>cum</em></strong></span> <span class='ocrx_word' id='word_1_768' title='bbox 3615 4804 3704 4854; x_wconf 88' lang='lat' dir='ltr'><strong><em>eo,</em></strong></span> 
     </span>
    </p>
   </div>
   <div class='ocr_carea' id='block_1_106' title="bbox 2121 4851 3707 4940">
    <p class='ocr_par' dir='ltr' id='par_1_106' title="bbox 2121 4851 3707 4940">
     <span class='ocr_line' id='line_1_107' title="bbox 2121 4851 3707 4940; baseline 0.018 -38"><span class='ocrx_word' id='word_1_769' title='bbox 2121 4865 2184 4904; x_wconf 89' lang='lat' dir='ltr'><strong><em>ne</em></strong></span> <span class='ocrx_word' id='word_1_770' title='bbox 2224 4851 2359 4920; x_wconf 79' lang='lat' dir='ltr'><strong><em>forte</em></strong></span> <span class='ocrx_word' id='word_1_771' title='bbox 2383 4854 2558 4907; x_wconf 87' lang='lat' dir='ltr'><strong><em>tradat</em></strong></span> <span class='ocrx_word' id='word_1_772' title='bbox 2585 4865 2634 4909; x_wconf 88' lang='lat' dir='ltr'><strong><em>te</em></strong></span> <span class='ocrx_word' id='word_1_773' title='bbox 2664 4859 2993 4917; x_wconf 85' lang='lat' dir='ltr'><strong><em>adversarius</em></strong></span> <span class='ocrx_word' id='word_1_774' title='bbox 3015 4865 3210 4934; x_wconf 85' lang='lat' dir='ltr'><strong><em>judici,</em></strong></span> <span class='ocrx_word' id='word_1_775' title='bbox 3242 4879 3288 4922; x_wconf 88' lang='lat' dir='ltr'><strong><em>et</em></strong></span> <span class='ocrx_word' id='word_1_776' title='bbox 3324 4871 3493 4940; x_wconf 80' lang='lat' dir='ltr'><strong><em>judea:</em></strong></span> <span class='ocrx_word' id='word_1_777' title='bbox 3518 4851 3707 4930; x_wconf 77' lang='lat' dir='ltr'><strong><em>tradat</em></strong></span> 
     </span>
    </p>
   </div>
   <div class='ocr_carea' id='block_1_107' title="bbox 2119 4941 3705 5028">
    <p class='ocr_par' dir='ltr' id='par_1_107' title="bbox 2119 4941 3705 5028">
     <span class='ocr_line' id='line_1_108' title="bbox 2119 4941 3705 5028; baseline 0.021 -38"><span class='ocrx_word' id='word_1_778' title='bbox 2119 4949 2168 4992; x_wconf 87' lang='lat' dir='ltr'><strong><em>te</em></strong></span> <span class='ocrx_word' id='word_1_779' title='bbox 2209 4941 2445 4996; x_wconf 88' lang='lat' dir='ltr'><strong><em>ministro</em></strong></span> <span class='ocrx_word' id='word_1_780' title='bbox 2471 4954 2517 4997; x_wconf 87' lang='lat' dir='ltr'><strong><em>et</em></strong></span> <span class='ocrx_word' id='word_1_781' title='bbox 2555 4946 2608 4999; x_wconf 92' lang='lat' dir='ltr'><strong><em>in</em></strong></span> <span class='ocrx_word' id='word_1_782' title='bbox 2636 4965 2894 5005; x_wconf 87' lang='lat' dir='ltr'><strong><em>carcerem</em></strong></span> <span class='ocrx_word' id='word_1_783' title='bbox 2933 4957 3179 5012; x_wconf 88' lang='lat' dir='ltr'><strong><em>mittaris.</em></strong></span> <span class='ocrx_word' id='word_1_784' title='bbox 3230 4961 3416 5028; x_wconf 76' lang='lat' dir='ltr'><strong><em>Amen,</em></strong></span> <span class='ocrx_word' id='word_1_785' title='bbox 3441 4965 3560 5020; x_wconf 87' lang='lat' dir='ltr'><strong><em>dico</em></strong></span> <span class='ocrx_word' id='word_1_786' title='bbox 3604 4971 3705 5025; x_wconf 85' lang='lat' dir='ltr'><strong><em>tibi</em></strong></span> 
     </span>
    </p>
   </div>
   <div class='ocr_carea' id='block_1_108' title="bbox 2117 5031 3710 5125">
    <p class='ocr_par' dir='ltr' id='par_1_108' title="bbox 2117 5031 3710 5125">
     <span class='ocr_line' id='line_1_109' title="bbox 2117 5031 3710 5125; baseline 0.021 -45"><span class='ocrx_word' id='word_1_787' title='bbox 2117 5045 2222 5083; x_wconf 89' lang='lat' dir='ltr'><strong><em>non</em></strong></span> <span class='ocrx_word' id='word_1_788' title='bbox 2271 5031 2411 5086; x_wconf 73' lang='lat' dir='ltr'><strong><em>exies</em></strong></span> <span class='ocrx_word' id='word_1_789' title='bbox 2453 5034 2572 5089; x_wconf 87' lang='lat' dir='ltr'><strong><em>inde</em></strong></span> <span class='ocrx_word' id='word_1_790' title='bbox 2611 5037 2773 5094; x_wconf 89' lang='lat' dir='ltr'><strong><em>donec</em></strong></span> <span class='ocrx_word' id='word_1_791' title='bbox 2828 5044 3014 5098; x_wconf 86' lang='lat' dir='ltr'><strong><em>reddas</em></strong></span> <span class='ocrx_word' id='word_1_792' title='bbox 3067 5050 3402 5108; x_wconf 81' lang='lat' dir='ltr'><strong><em>novissimum</em></strong></span> <span class='ocrx_word' id='word_1_793' title='bbox 3427 5057 3710 5125; x_wconf 62' lang='lat' dir='ltr'><strong><em>quadram</em></strong></span> 
     </span>
    </p>
   </div>
   <div class='ocr_carea' id='block_1_109' title="bbox 2118 5125 2374 5180">
    <p class='ocr_par' dir='ltr' id='par_1_109' title="bbox 2118 5125 2374 5180">
     <span class='ocr_line' id='line_1_110' title="bbox 2118 5125 2374 5180; baseline 0.02 -13"><span class='ocrx_word' id='word_1_794' title='bbox 2118 5125 2237 5180; x_wconf 87' lang='lat' dir='ltr'><strong><em>tem,</em></strong></span> <span class='ocrx_word' id='word_1_795' title='bbox 2269 5127 2374 5176; x_wconf 85' lang='lat' dir='ltr'><strong><em>etc.</em></strong></span> 
     </span>
    </p>
   </div>
   <div class='ocr_carea' id='block_1_110' title="bbox 2189 5208 3705 5297">
    <p class='ocr_par' dir='ltr' id='par_1_110' title="bbox 2189 5208 3705 5297">
     <span class='ocr_line' id='line_1_111' title="bbox 2189 5208 3705 5297; baseline 0.024 -37"><span class='ocrx_word' id='word_1_796' title='bbox 2189 5208 2265 5261; x_wconf 80' lang='lat' dir='ltr'><strong><em>Ex</em></strong></span> <span class='ocrx_word' id='word_1_797' title='bbox 2313 5214 2739 5278; x_wconf 65' lang='lat' dir='ltr'><strong><em>prmedentibus</em></strong></span> <span class='ocrx_word' id='word_1_798' title='bbox 2789 5229 2843 5274; x_wconf 91' lang='lat' dir='ltr'><strong><em>et</em></strong></span> <span class='ocrx_word' id='word_1_799' title='bbox 2881 5232 3334 5297; x_wconf 86' lang='lat' dir='ltr'><strong><em>consequentibus</em></strong></span> <span class='ocrx_word' id='word_1_800' title='bbox 3371 5235 3705 5297; x_wconf 79' lang='lat' dir='ltr'><strong><em>manifestus</em></strong></span> 
     </span>
    </p>
   </div>
   <div class='ocr_carea' id='block_1_111' title="bbox 2119 5309 3706 5396">
    <p class='ocr_par' dir='ltr' id='par_1_111' title="bbox 2119 5309 3706 5396">
     <span class='ocr_line' id='line_1_112' title="bbox 2119 5309 3706 5396; baseline 0.026 -46"><span class='ocrx_word' id='word_1_801' title='bbox 2119 5309 2202 5352; x_wconf 78' lang='lat' dir='ltr'><strong><em>est</em></strong></span> <span class='ocrx_word' id='word_1_802' title='bbox 2246 5316 2457 5369; x_wconf 86' lang='lat' dir='ltr'><strong><em>sensus,</em></strong></span> <span class='ocrx_word' id='word_1_803' title='bbox 2486 5311 2626 5375; x_wconf 91' lang='lat' dir='ltr'><strong><em>quod</em></strong></span> <span class='ocrx_word' id='word_1_804' title='bbox 2654 5327 2750 5366; x_wconf 91' lang='lat' dir='ltr'><strong><em>uos</em></strong></span> <span class='ocrx_word' id='word_1_805' title='bbox 2778 5315 3036 5373; x_wconf 87' lang='lat' dir='ltr'><strong><em>Dominus</em></strong></span> <span class='ocrx_word' id='word_1_806' title='bbox 3066 5330 3229 5391; x_wconf 88' lang='lat' dir='ltr'><strong><em>atque</em></strong></span> <span class='ocrx_word' id='word_1_807' title='bbox 3260 5326 3529 5396; x_wconf 83' lang='lat' dir='ltr'><strong><em>Salvator,</em></strong></span> <span class='ocrx_word' id='word_1_808' title='bbox 3560 5329 3706 5392; x_wconf 82' lang='lat' dir='ltr'><strong><em>dum</em></strong></span> 
     </span>
    </p>
   </div>
   <div class='ocr_carea' id='block_1_112' title="bbox 2121 5389 3700 5482">
    <p class='ocr_par' dir='ltr' id='par_1_112' title="bbox 2121 5389 3700 5482">
     <span class='ocr_line' id='line_1_113' title="bbox 2121 5389 3700 5482; baseline 0.025 -40"><span class='ocrx_word' id='word_1_809' title='bbox 2121 5389 2174 5443; x_wconf 91' lang='lat' dir='ltr'><strong><em>in</em></strong></span> <span class='ocrx_word' id='word_1_810' title='bbox 2198 5390 2352 5448; x_wconf 73' lang='lat' dir='ltr'><strong><em>istius</em></strong></span> <span class='ocrx_word' id='word_1_811' title='bbox 2373 5399 2551 5452; x_wconf 82' lang='lat' dir='ltr'><strong><em>saeculi</em></strong></span> <span class='ocrx_word' id='word_1_812' title='bbox 2581 5401 2665 5455; x_wconf 88' lang='lat' dir='ltr'><strong><em>via</em></strong></span> <span class='ocrx_word' id='word_1_813' title='bbox 2688 5405 2976 5474; x_wconf 89' lang='lat' dir='ltr'><strong><em>currimus,</em></strong></span> <span class='ocrx_word' id='word_1_814' title='bbox 3001 5412 3067 5464; x_wconf 87' lang='lat' dir='ltr'><strong><em>ad</em></strong></span> <span class='ocrx_word' id='word_1_815' title='bbox 3089 5389 3276 5482; x_wconf 78' lang='lat' dir='ltr'><strong><em>pacem</em></strong></span> <span class='ocrx_word' id='word_1_816' title='bbox 3301 5428 3354 5472; x_wconf 89' lang='lat' dir='ltr'><strong><em>et</em></strong></span> <span class='ocrx_word' id='word_1_817' title='bbox 3374 5419 3440 5474; x_wconf 88' lang='lat' dir='ltr'><strong><em>ad</em></strong></span> <span class='ocrx_word' id='word_1_818' title='bbox 3461 5389 3700 5482; x_wconf 69' lang='lat' dir='ltr'><strong><em>concer—</em></strong></span> 
     </span>
    </p>
   </div>
   <div class='ocr_carea' id='block_1_113' title="bbox 2118 5475 3708 5572">
    <p class='ocr_par' dir='ltr' id='par_1_113' title="bbox 2118 5475 3708 5572">
     <span class='ocr_line' id='line_1_114' title="bbox 2118 5475 3708 5572; baseline 0.027 -44"><span class='ocrx_word' id='word_1_819' title='bbox 2118 5475 2261 5572; x_wconf 77' lang='lat' dir='ltr'><strong><em>diam</em></strong></span> <span class='ocrx_word' id='word_1_820' title='bbox 2309 5483 2652 5553; x_wconf 74' lang='lat' dir='ltr'><strong><em>cohortatur,</em></strong></span> <span class='ocrx_word' id='word_1_821' title='bbox 2704 5490 2861 5559; x_wconf 76' lang='lat' dir='ltr'><strong><em>juxta</em></strong></span> <span class='ocrx_word' id='word_1_822' title='bbox 2891 5475 3205 5567; x_wconf 75' lang='lat' dir='ltr'><strong><em>Apostolum</em></strong></span> <span class='ocrx_word' id='word_1_823' title='bbox 3265 5475 3708 5572; x_wconf 22' lang='lat' dir='ltr'><strong><em>dicenteﬁiﬂSi</em></strong></span> 
     </span>
    </p>
   </div>
   <div class='ocr_carea' id='block_1_114' title="bbox 2117 5566 3708 5659">
    <p class='ocr_par' dir='ltr' id='par_1_114' title="bbox 2117 5566 3708 5659">
     <span class='ocr_line' id='line_1_115' title="bbox 2117 5566 3708 5659; baseline 0.028 -43"><span class='ocrx_word' id='word_1_824' title='bbox 2117 5566 2232 5659; x_wconf 77' lang='lat' dir='ltr'><strong><em>ﬁeri</em></strong></span> <span class='ocrx_word' id='word_1_825' title='bbox 2252 5581 2436 5637; x_wconf 84' lang='lat' dir='ltr'><strong><em>potest,</em></strong></span> <span class='ocrx_word' id='word_1_826' title='bbox 2464 5588 2716 5644; x_wconf 84' lang='lat' dir='ltr'><strong><em>quantum</em></strong></span> <span class='ocrx_word' id='word_1_827' title='bbox 2741 5599 2806 5636; x_wconf 78' lang='lat' dir='ltr'><strong><em>ea;</em></strong></span> <span class='ocrx_word' id='word_1_828' title='bbox 2832 5566 2968 5642; x_wconf 83' lang='lat' dir='ltr'><strong><em>vobis</em></strong></span> <span class='ocrx_word' id='word_1_829' title='bbox 2996 5601 3094 5658; x_wconf 88' lang='lat' dir='ltr'><strong><em>est,</em></strong></span> <span class='ocrx_word' id='word_1_830' title='bbox 3120 5610 3238 5648; x_wconf 89' lang='lat' dir='ltr'><strong><em>cum</em></strong></span> <span class='ocrx_word' id='word_1_831' title='bbox 3263 5601 3502 5654; x_wconf 86' lang='lat' dir='ltr'><strong><em>omnibus</em></strong></span> <span class='ocrx_word' id='word_1_832' title='bbox 3524 5603 3708 5659; x_wconf 80' lang='lat' dir='ltr'><strong><em>homi-</em></strong></span> 
     </span>
    </p>
   </div>
   <div class='ocr_carea' id='block_1_115' title="bbox 2117 5656 3708 5760">
    <p class='ocr_par' dir='ltr' id='par_1_115' title="bbox 2117 5656 3708 5760">
     <span class='ocr_line' id='line_1_116' title="bbox 2117 5656 3708 5760; baseline 0.028 -53"><span class='ocrx_word' id='word_1_833' title='bbox 2117 5656 2267 5760; x_wconf 73' lang='lat' dir='ltr'><strong><em>nibus</em></strong></span> <span class='ocrx_word' id='word_1_834' title='bbox 2281 5677 2467 5730; x_wconf 77' lang='lat' dir='ltr'><strong><em>pacem</em></strong></span> <span class='ocrx_word' id='word_1_835' title='bbox 2502 5666 2765 5725; x_wconf 83' lang='lat' dir='ltr'><strong><em>habentes.</em></strong></span> <span class='ocrx_word' id='word_1_836' title='bbox 2795 5673 2928 5730; x_wconf 85' lang='lat' dir='ltr'><strong><em>Nam</em></strong></span> <span class='ocrx_word' id='word_1_837' title='bbox 2951 5688 3005 5733; x_wconf 89' lang='lat' dir='ltr'><strong><em>et</em></strong></span> <span class='ocrx_word' id='word_1_838' title='bbox 3024 5656 3086 5735; x_wconf 90' lang='lat' dir='ltr'><strong><em>in</em></strong></span> <span class='ocrx_word' id='word_1_839' title='bbox 3105 5687 3425 5752; x_wconf 70' lang='lat' dir='ltr'><strong><em>praecedenti</em></strong></span> <span class='ocrx_word' id='word_1_840' title='bbox 3454 5656 3708 5760; x_wconf 75' lang='lat' dir='ltr'><strong><em>capitulo</em></strong></span> 
     </span>
    </p>
   </div>
   <div class='ocr_carea' id='block_1_116' title="bbox 2115 5744 3730 5840">
    <p class='ocr_par' dir='ltr' id='par_1_116' title="bbox 2115 5744 3730 5840">
     <span class='ocr_line' id='line_1_117' title="bbox 2115 5744 3730 5840; baseline 0.024 -41"><span class='ocrx_word' id='word_1_841' title='bbox 2115 5744 2321 5805; x_wconf 81' lang='lat' dir='ltr'><strong><em>dixerat</em></strong></span> <span class='ocrx_word' id='word_1_842' title='bbox 2357 5767 2370 5804; x_wconf 91' lang='lat'><strong><em>:</em></strong></span> <span class='ocrx_word' id='word_1_843' title='bbox 2405 5751 2463 5809; x_wconf 85' lang='lat' dir='ltr'><strong><em>Si</em></strong></span> <span class='ocrx_word' id='word_1_844' title='bbox 2492 5757 2677 5825; x_wconf 73' lang='lat' dir='ltr'><strong><em>oﬁ’ercs</em></strong></span> <span class='ocrx_word' id='word_1_845' title='bbox 2722 5779 2910 5822; x_wconf 84' lang='lat' dir='ltr'><strong><em>munus</em></strong></span> <span class='ocrx_word' id='word_1_846' title='bbox 2947 5744 3200 5827; x_wconf 49' lang='lat' dir='ltr'><strong><em>tuum-ad</em></strong></span> <span class='ocrx_word' id='word_1_847' title='bbox 3233 5775 3401 5833; x_wconf 88' lang='lat' dir='ltr'><strong><em>altare</em></strong></span> <span class='ocrx_word' id='word_1_848' title='bbox 3425 5791 3472 5835; x_wconf 84' lang='lat' dir='ltr'><strong><em>et</em></strong></span> <span class='ocrx_word' id='word_1_849' title='bbox 3503 5744 3576 5836; x_wconf 73' lang='lat' dir='ltr'><strong><em>ibi</em></strong></span> <span class='ocrx_word' id='word_1_850' title='bbox 3619 5801 3730 5840; x_wconf 45' lang='lat' dir='ltr'><strong><em>rem</em></strong></span> 
     </span>
    </p>
   </div>
  </div>
