3962 6180
299 226 411 284 529

1404 222 1711 282 HOMIIJJE
1742 222 1810 280 IN
1848 219 2105 278 EVANG.
2144 218 2232 274 ET
2269 216 2486 274 EPIST.

3465 217 3572 275 3'50

300 337 555 403 cordatus
582 335 747 406 fueris
786 336 911 405 quia
938 335 1099 404 frater
1127 345 1246 389 tuus
1271 336 1423 390 liabet
1463 337 1668 408 aliquid
1712 337 1893 391 adver-
1917 335 2050 399 Ain
2093 333 2304 388 David:
2336 333 2669 389 transierunt
2699 333 2752 388 in
2802 332 3055 391 allectum
3109 334 3309 402 cordis,
3354 336 3420 394 de
3453 354 3581 408 pro-

295 446 420 484 sum
450 438 519 482 te.
548 427 616 483 Et
645 428 749 482 hoc
781 427 992 482 intinito
1018 426 1198 480 statim
1233 426 1417 489 infert,
1451 438 1570 480 esto
1598 424 1890 481 benevolus

294 531 395 577 aut
437 521 704 592 benignus
729 518 1042 575 adversario
1089 528 1201 580 tuo,
1232 528 1287 575 et
1317 519 1542 588 reliqua.
1576 518 1642 572 Et
1673 519 1723 571 in
1762 532 1892 572 con-

294 613 653 683 sequentibus
676 611 853 680 jubet,
883 610 1096 680 Diligite
1144 611 1387 666 inimicos
1436 619 1626 664 vestros
1653 619 1702 663 et
1737 608 1891 663 bene-

292 706 458 774 facite
493 705 575 758 his
611 705 701 773 qui
728 720 815 758 vos
840 703 1080 766 oderunt,
1110 714 1159 757 et
1188 712 1335 759 orate
1360 718 1454 773 pro
1480 701 1895 771 persecutoribus

294 794 504 846 vestris.
546 790 795 847 Judicem
827 791 1072 861 intelligo
1123 790 1426 855 Christum,
1457 787 1621 843 Pater
1661 806 1763 844 non
1794 788 1893 858 ju-

293 887 437 938 dicat
464 898 804 954 quemquam,
848 880 938 935 sed
970 897 1120 935 omne
1134 881 1403 951 judicium
1425 880 1568 934 dedit
1596 877 1761 933 Filio.
1797 878 1896 932 lili-

294 977 533 1031 nistrum
566 974 806 1044 intelligo
831 972 1079 1042 angi-lum
1108 989 1121 1025 :
1154 971 1220 1025 Et
1248 970 1442 1041 angeli,
1493 970 1689 1041 inquit,
1736 970 1897 1023 mini-

294 1067 541 1120 strabant
566 1065 651 1128 ei;
682 1072 738 1118 et
766 1078 887 1118 cmn
919 1061 1125 1132 angelis
1154 1061 1267 1116 suis
1296 1069 1581 1115 venturum
1627 1061 1899 1115 credimus

296 1162 367 1216 ad
394 1160 722 1231 judicandos
756 1158 909 1212 vivos
937 1171 1003 1211 ac
1028 1164 1292 1211 mortuos.
1326 1155 1617 1210 Carcerem
1658 1152 1901 1222 intelligo

293 1264 501 1320 poenas
527 1247 784 1303 videlicet
815 1246 1182 1311 tenebrarum,
1216 1259 1356 1314 quas
1385 1244 1491 1298 alio
1516 1244 1636 1298 loco
1661 1242 1902 1297 exterio-

298 1355 399 1395 res
426 1347 607 1394 vocat.
629 1336 803 1392 Credo
831 1340 1128 1406 prepterea‘
1150 1334 1295 1404 quod
1342 1334 1670 1388 intrinsecus
1714 1332 1822 1387 sint
1849 1331 1901 1385 in

299 1432 429 1500 ipso
457 1436 759 1491 manentes,
802 1426 886 1481 vel
931 1427 976 1482 si
1005 1425 1169 1482 etiam
1197 1425 1327 1495 quid
1370 1424 1631 1481 secretius
1674 1421 1902 1493 cogitari

300 1529 494 1591 potest
520 1518 777 1592 gaudium
807 1516 1113 1571 divinorum
1148 1514 1516 1585 praemiorum,
1572 1514 1637 1567 de
1674 1528 1781 1583 quo
1823 1511 1905 1565 di-

214 1648 215 1657 η
303 1621 470 1666 catur
516 1625 674 1665 servo
703 1609 842 1665 bene
889 1607 1108 1672 merito,
1136 1605 1289 1659 Intra
1315 1606 1371 1660 in
1395 1604 1647 1674 gaudium
1694 1602 1905 1656 Domini

1992 424 2244 495 passione
2288 422 2538 477 transivit
2568 423 2635 478 ad
2663 424 2991 492 passionem.
3021 425 3087 480 Et
3108 426 3235 481 huic
3256 442 3362 481 non
3390 428 3572 483 volun-

1995 525 2078 571 tas
2104 515 2312 586 peccati
2343 515 2515 580 deest,
2542 514 2635 570 sed
2658 516 2893 571 occasio.
2917 516 3226 589 Quicunque
3252 520 3414 590 igitur
3439 520 3578 575 ride-

1994 605 2063 658 rit
2093 605 2363 658 mulierem
2391 603 2459 658 ad
2491 606 2985 676 concupiscendum,
3016 609 3068 662 id
3095 619 3221 673 est,»
3249 611 3294 663 si
3316 611 3397 666 sic
3424 625 3581 681 θεμε-

1995 695 2138 749 xerit
2181 703 2240 748 ut
2269 695 2618 764 concupiscat
2659 704 2713 750 et
2754 697 2931 754 facere
2966 700 3235 770 disponat,
3285 702 3387 757 iste
3432 712 3580 760 recte

1997 784 2279 839 moechatus
2308 776 2423 839 eam
2452 785 2651 840 dicitur
2676 787 2730 841 in
2762 788 2919 842 corde
2965 805 3084 843 suo.

2072 873 2224 939 Quod
2277 876 2322 928 si
2368 874 2549 929 oculus
2597 884 2716 930 tuus
2746 877 2925 931 dexter
2971 880 3297 934 scandalizat
3346 891 3414 946 te,
3459 898 3583 936 erue

1999 978 2114 1015 eum
2162 973 2207 1015 et
2244 963 2442 1033 projice
2493 965 2584 1018 abs
2615 975 2662 1019 te
2690 980 2708 1016 :
2735 968 2940 1037 expedit
2985 971 3119 1023 enim
3167 972 3260 1024 tibi
3310 983 3363 1025 ut
3405 983 3583 1043 pereat

2001 1068 2163 1104 unum
2188 1055 2537 1108 membrorum
2578 1064 2812 1122 tuorum,
2844 1075 2999 1129 quant
3032 1069 3194 1113 ιοιιιηι
3218 1078 3404 1132 corpus
3433 1073 3583 1117 tuum

2001 1146 2241 1199 mittatur
2267 1147 2320 1201 in
2347 1148 2656 1217 gehennam.
2685 1148 2820 1216 Quia
2857 1166 3021 1221 supra
3054 1152 3119 1207 de
3145 1155 3581 1225 concupiscentia

2003 1233 2241 1289 mulieris
2264 1235 2494 1302 dixerat,
2540 1247 2692 1293 recte
2717 1255 2861 1295 nunc
2882 1242 3259 1311 cogitationem
3283 1254 3341 1297 et
3367 1258 3585 1299 sensum

2004 1330 2057 1385 in
2081 1328 2291 1386 diversa
2314 1331 2640 1389 volutantem
2663 1336 2992 1405 nuncupavit
3012 1337 3246 1392 oculum.
3276 1338 3378 1393 Per
3396 1340 3584 1395 deste-

2005 1443 2118 1481 ram
2150 1437 2331 1482 autem
2385 1435 2440 1483 et
2475 1438 2702 1484 caeteras
2747 1432 2993 1501 corporis
3043 1441 3247 1502 partes,
3294 1433 3588 1489 voluntatis

2005 1529 2167 1589 atque
2215 1522 2503 1578 allectuum
2555 1524 2707 1578 initia
2789 1526 3230 1583 demonstrantur
3274 1547 3290 1582 :
3338 1536 3401 1583 ut
3446 1531 3589 1598 quod

2008 1620 2189 1665 mente
2229 1614 2594 1683 concepimus,
2630 1628 2697 1669 ne
2740 1629 2905 1684 opere
2933 1617 3300 1686 compleamus
3331 1636 3344 1672 :
3387 1634 3591 1675 caven-

302 1705 414 1758 tni.
466 1700 934 1770 Quemadmodum
987 1700 1150 1754 etiam
1207 1707 1263 1752 et
1315 1697 1367 1751 in
1422 1697 1525 1751 hac
1564 1693 1906 1749 ordinatione
1936 1693 1981 1752 Β
2010 1701 2136 1755 dum
2185 1702 2348 1773 igitur
2391 1712 2495 1769 est,
2539 1719 2607 1759 ne
2634 1705 2777 1773 quod
2808 1706 2860 1760 in
2897 1706 3052 1761 nobis
3086 1706 3346 1776 optimum
3374 1715 3458 1762 est
3478 1708 3592 1763 cito

306 1794 629 1863 reipublicte
672 1791 760 1846 vel
797 1806 829 1844 a
879 1790 1176 1845 secretario
1225 1787 1307 1842 vel
1359 1803 1388 1840 a
1422 1786 1678 1855 prretorio
1709 1783 1907 1853 judicis

305 1896 476 1941 extra
522 1883 757 1938 mittitur
786 1882 877 1951 qui
913 1881 966 1935 in
1013 1893 1287 1935 carcerem
1334 1877 1586 1930 truditur.
1626 1874 1910 1942 Quadrans

307 1992 493 2049 genus
541 1974 747 2030 nummi
775 1982 879 2038 est,
908 1972 1000 2041 qui
1038 1970 1203 2025 habet
1240 1956 1345 2023 duo
1390 1969 1615 2032 minuta,
1667 1964 1809 2020 unde
1856 1964 1909 2017 in

309 2070 427 2123 alio
457 2065 755 2137 Evangelio
793 2063 986 2119 mulier
1028 2062 1117 2117 illa
1146 2059 1473 2130 paupercula
1501 2067 1557 2113 et
1587 2059 1746 2112 vidua
1775 2056 1911 2112 dici-

315 2170 413 2215 tur
460 2159 676 2215 misisse
716 2157 772 2211 in
801 2156 1094 2212 corbonam
1138 2154 1517 2224 quadrantem,
1563 2152 1618 2206 in
1663 2151 1770 2206 alio
1806 2149 1913 2204 duo

312 2248 560 2314 minuta,
583 2261 690 2302 non
713 2246 855 2315 quod
873 2245 1152 2300 dissonent
1168 2242 1477 2313 Evangelia,
1494 2242 1586 2297 sed
1610 2242 1753 2313 quod
1774 2256 1914 2296 unus

315 2337 602 2406 quadrans
647 2335 784 2389 duos
825 2333 1064 2388 minutos
1100 2346 1353 2386 nummos
1395 2331 1613 2386 habeat.
1664 2329 1778 2384 Hoc
1830 2335 1916 2383 est

314 2441 459 2496 ergo
487 2424 628 2496 quod
672 2423 807 2478 dicit
844 2440 859 2477 :
894 2420 1015 2477 Non
1044 2421 1340 2492 egredieris
1385 2420 1450 2474 de
1478 2434 1701 2474 carcere
1744 2418 1916 2473 donec

316 2516 496 2571 etiam
540 2514 746 2569 minuta
785 2519 1008 2582 peccata
1066 2518 1157 2564 tua
1204 2509 1496 2579 persolvas.
1535 2510 1610 2564 De
1659 2507 1916 2563 solvendo

319 2615 514 2661 autem
540 2604 832 2659 novissimo
873 2600 1171 2671 quadrante
1204 2607 1383 2669 potest
1419 2615 1526 2653 non
1569 2597 1800 2654 absurde
1829 2598 1914 2651 in-

324 2694 499 2766 telligi
527 2702 616 2747 aut
639 2707 741 2762 pro
762 2706 828 2746 eo
851 2689 1083 2760 positqu
1111 2688 1252 2758 quod
1282 2687 1415 2742 nihil
1449 2686 1784 2757 relinquatur
1810 2684 1915 2739 im-

316 2789 600 2860 punitum,
639 2786 781 2840 sicut
832 2783 1115 2853 loquentes
1169 2782 1335 2836 etiam
1375 2781 1604 2836 dicimus
1648 2794 1818 2850 usque
1849 2779 1917 2833 ad

317 2878 539 2941 {wn},
586 2890 709 2929 cum
750 2873 996 2928 volmnus
1028 2872 1331 2943 exprimere
1366 2870 1569 2941 aliquid
1616 2872 1690 2925 ita
1714 2871 1918 2926 exhau-

322 2978 480 3026 stum
508 2976 566 3022 ut
602 2966 737 3021 nihil
782 2964 1193 3035 relinqueretur,
1240 2962 1326 3018 vel
1374 2970 1434 3016 ut
1477 2961 1917 3033 signiﬁcarentur

2008 1792 2223 1873 labatur
2261 1794 2316 1848 in
2339 1795 2552 1848 vitium.
2598 1793 2655 1849 Si
2686 1795 2830 1850 enim
2861 1796 3054 1851 dexter
3076 1796 3263 1851 oculus
3288 1805 3347 1853 et
3368 1798 3592 1852 dextera

2009 1896 2204 1936 manus
2227 1883 2617 1949 scandalizant,
2648 1895 2852 1954 quanto
2887 1886 3058 1957 magis
3086 1901 3150 1940 ea
3189 1902 3309 1955 quae
3333 1888 3385 1941 in
3409 1888 3497 1942 his
3519 1888 3594 1942 si-

2012 1972 2180 2026 nistra
2220 1957 2347 2027 soni
2376 1966 2453 2028 lsi
2500 1975 2678 2028 anima
2714 1974 2934 2040 labitur,
2973 1984 3177 2045 quanto
3218 1976 3338 2047 plus
3371 1992 3591 2047 corpus,

2011 2062 2155 2130 quod
2183 2069 2267 2117 est
2295 2062 2364 2118 ad
2390 2071 2669 2132 peccatum
2692 2064 3019 2134 proclivius!

2083 2154 2151 2207 Et
2173 2155 2219 2208 si
2242 2155 2429 2208 dextra
2450 2171 2637 2209 manus
2658 2166 2751 2209 tua
2769 2155 3099 2210 scandalizat
3120 2166 3186 2223 le,
3214 2158 3456 2214 abscinde
3480 2176 3596 2213 eam

2012 2254 2058 2298 et
2108 2244 2307 2314 projicc
2353 2244 2445 2299 abs
2489 2254 2570 2311 te;
2600 2246 2804 2316 expedit
2851 2247 2990 2301 enim
3014 2247 3111 2301 tibi
3135 2258 3192 2302 ut
3225 2259 3399 2316 pereat
3433 2267 3597 2304 unum

2013 2333 2365 2389 membrorum
2394 2344 2626 2400 tuorum,
2649 2353 2804 2407 quam
2834 2346 3000 2391 totum
3028 2354 3215 2409 corpus
3247 2348 3396 2393 tuum
3431 2349 3514 2394 eat
3541 2342 3598 2395 in

2013 2424 2323 2494 gehennam.
2369 2424 2510 2495 Ergo
2537 2434 2592 2480 et
2629 2426 2820 2481 dextra
2858 2441 3053 2482 manus
3076 2428 3343 2503 accipitur
3367 2429 3599 2486 dilectus

2015 2514 2231 2584 adjutor
2251 2523 2306 2568 et
2353 2514 2602 2570 minister
2631 2516 2685 2570 in
2717 2517 2910 2572 divinis
2938 2516 3211 2587 Operibus.
3244 2517 3378 2573 Nam
3409 2534 3600 2589 quem-

2015 2604 2303 2659 admodum
2344 2603 2398 2658 in
2427 2606 2583 2660 oculo
2612 2607 3015 2677 contemplatio,
3049 2607 3131 2664 sic
3170 2608 3224 2663 in
3262 2625 3427 2664 manu
3451 2610 3595 2665 actio

2016 2701 2161 2748 recte
2208 2693 2547 2765 intelligitur,
2581 2705 2641 2751 ut
2688 2697 2906 2753 sinistra
2945 2715 3138 2754 manus
3179 2700 3508 2769 intelligatur
3538 2702 3594 2756 in

2017 2785 2271 2854 operibus
2322 2800 2442 2853 quae
2494 2787 2621 2842 huic
2663 2789 2789 2843 vita:
2836 2798 2964 2844 sunt
3028 2791 3354 2856 necessaria,
3406 2792 3597 2847 dextra

2017 2887 2147 2926 vero
2173 2874 2227 2927 in
2256 2873 2361 2930 illis
2388 2876 2601 2932 actibus
2631 2878 2685 2931 in
2709 2877 2904 2947 quibus
2935 2878 3090 2934 electi
3128 2879 3226 2933 Dei
3268 2881 3320 2935 in
3343 2882 3600 2951 prmseuti

2020 2962 2270 3020 laborant
2291 2967 2421 3033 vita,
2451 2976 2511 3023 ut
2540 2967 2711 3039 gloria
2750 2969 2855 3025 illis
2884 2985 2981 3040 per
3008 2971 3113 3026 hoc
3144 2972 3199 3025 in
3232 2970 3414 3027 futuro
3444 2974 3603 3027 retri-

322 3059 552 3115 nomine
579 3056 893 3127 quadrantis
920 3053 1195 3110 novissimi
1222 3061 1434 3108 terrena
1475 3061 1719 3124 peccata.
1747 3053 1916 3121 Quar-
1942 3040 1985 3101 Ο
2018 3054 2213 3111 buatur
2243 3059 2594 3129 sempiterna,
2628 3076 2723 3130 per
2751 3062 3082 3117 conditorem
3112 3069 3169 3116 et
3207 3062 3603 3133 redemptorem

324 3164 387 3210 ta
416 3153 563 3208 enim
588 3167 716 3223 pars
734 3150 1113 3206 distiuctorum
1141 3148 1507 3203 membrorum
1546 3146 1706 3216 hujus
1728 3147 1911 3203 mundi

322 3253 391 3299 et
412 3257 476 3298 ea
517 3241 808 3298 novissima
833 3248 977 3295 terra
1005 3236 1301 3302 invenitur,
1332 3245 1392 3291 ut
1421 3236 1687 3307 incipiens
1710 3251 1743 3290 a
1776 3236 1915 3292 cmlo

324 3335 627 3390 secundam
663 3346 848 3387 aerem
878 3343 1153 3396 numeres,
1179 3342 1375 3398 aquam
1397 3327 1637 3392 tertiam,
1666 3334 1914 3396 quartam

327 3435 558 3479 terram.

403 3513 638 3569 Audistis
664 3513 789 3585 quia
818 3512 1016 3567 dictum
1055 3519 1129 3567 est
1158 3511 1388 3582 antiquis
1431 3522 1450 3562 .'
1479 3506 1602 3563 Non
1631 3509 1916 3564 mmehabe-

322 3607 428 3662 ris.
464 3606 577 3677 Ego
609 3616 784 3659 autem
810 3604 924 3658 dico
962 3602 1101 3658 vobis
1127 3602 1374 3674 quoniam
1416 3600 1584 3656 omnis
1617 3601 1709 3672 qui
1736 3601 1915 3655 viderit

323 3699 603 3756 mulierem
653 3697 722 3751 ad
766 3694 1233 3765 concupiscendum
1284 3709 1421 3758 eam,
1461 3692 1581 3762 jam
1631 3692 1916 3746 mmo/tatus

325 3801 409 3845 est
440 3804 553 3842 eam
604 3788 661 3840 in
703 3785 857 3839 corde
883 3801 998 3838 suo.
1041 3782 1260 3839 Justitia
1291 3798 1422 3852 ergo
1449 3783 1628 3837 minor
1647 3793 1729 3838 est
1763 3783 1915 3853 regni

325 3880 429 3936 Dei
474 3894 582 3933 non
624 3875 884 3931 mmehari
926 3889 1211 3944 corporum
1261 3874 1658 3943 conjunctione,
1707 3872 1916 3944 justilia

325 3984 465 4039 ergo
514 3965 687 4035 major
735 3973 820 4020 est
864 3963 1015 4035 regni
1047 3963 1141 4018 Dei
1176 3978 1284 4017 non
1330 3963 1591 4017 mtechari
1634 3963 1687 4016 in
1733 3961 1914 4017 corde.

323 4057 500 4114 Multo
534 4055 743 4111 facilius
798 4053 1031 4109 custodit
1086 4066 1151 4107 ne
1201 4054 1508 4107 moechatur
1564 4053 1616 4106 in
1686 4068 1916 4123 corpore

326 4168 367 4222 q
393 4151 579 4219 sisquis
628 4164 737 4223 nop
766 4147 1064 4201 tumebatur
1092 4147 1147 4200 in
1179 4146 1377 4212 corde;
1409 4146 1538 4227 illud
1563 4161 1695 4217 ergo
1721 4147 1917 4203 conﬁr-

324 4240 503 4295 mavit
530 4238 621 4308 qui
668 4237 771 4291 hoc
800 4236 1071 4305 pneccpit,
1097 4253 1201 4291 non
1230 4239 1345 4289 veni
1384 4235 1579 4290 solvere
1617 4238 1798 4307 legem,
1828 4239 1917 4293 scd

325 4327 638 4398 adiiitplere.
684 4326 826 4380 Sane
869 4326 1316 4380 considerandum
1345 4326 1594 4395 estquod
1625 4342 1731 4381 non
1781 4328 1915 4383 dixit

2017 3152 2261 3199 nostrum
2310 3144 2496 3202 Iesum
2526 3146 2823 3219 Christum,
2858 3150 2948 3219 qui
2974 3151 3106 3205 vivit
3144 3157 3200 3204 et
3247 3163 3438 3222 regnat
3475 3169 3600 3209 cum

2018 3232 2135 3309 Deo.
2154 3233 2316 3290 Patre
2342 3236 2395 3290 in
2438 3236 2644 3291 unitate
2669 3235 2910 3306 ejusdem
2938 3238 3173 3310 Spiritus
3207 3243 3384 3298 sancti
3432 3243 3600 3311 Deus,

2016 3338 2113 3392 per
2137 3323 2320 3379 omnia
2347 3325 2542 3382 saecula
2560 3327 2908 3384 ’sazculorum.
2931 3331 3129 3386 Amen.

2525 3437 2808 3495 HOMlLlA
2848 3440 3073 3497 XCVIII.

2673 3528 2830 3566 FEBIA
2868 3527 2944 3566 νι.

2124 3598 2309 3656 Lectio
2353 3603 2521 3659 sancti
2579 3602 2857 3672 Evangelii
2898 3603 3192 3658 secundum
3231 3604 3493 3661 Marcum.

2087 3681 2154 3736 1η
2177 3682 2267 3737 illo
2293 3694 2538 3757 tempore,
2560 3704 2677 3741 cum
2699 3688 2958 3742 introisset
2988 3686 3145 3743 Iesus
3174 3688 3600 3763 Hierosolymam

2016 3770 2069 3822 in
2100 3771 2369 3841 templum,
2395 3783 2501 3829 etc.

2088 3860 2243 3925 Quod
2268 3862 2542 3933 ingressus
2565 3864 2839 3922 civitatem
2866 3867 3125 3926 Dominus
3145 3871 3323 3941 primo
3346 3873 3601 3944 templum

2018 3948 2149 4003 adiit
2180 3949 2407 4006 formam
2441 3954 2597 4010 nobis
2632 3957 2924 4028 religionis,
2957 3975 3117 4029 quam
3148 3976 3439 4033 sequamur
3465 3980 3603 4035 pra:-

2021 4053 2309 4111 monstrat,
2339 4055 2397 4100 ut
2425 4063 2547 4102 eum
2577 4048 2713 4104 forte
2740 4051 2924 4107 villam
2949 4062 3044 4108 aut
3087 4055 3362 4125 Oppidum,
3391 4065 3487 4111 aut
3519 4057 3607 4111 al-

2022 4142 2134 4188 tum
2166 4136 2475 4205 quemlibet
2506 4138 2705 4224 locum,
2740 4140 2794 4195 in
2841 4157 2948 4213 quo
2997 4144 3067 4198 sit
3116 4146 3304 4200 domus
3340 4147 3606 4203 orationis

2020 4225 2131 4279 Deo
2153 4236 2467 4283 consecrata
2496 4229 2781 4298 intramus,
2798 4234 2974 4302 primo
2997 4234 3063 4289 ad
3092 4236 3233 4291 hanc
3250 4236 3602 4304 divertamus,

2023 4324 2079 4371 et
2107 4326 2390 4388 postquam
2422 4337 2520 4375 nos
2561 4322 2784 4378 Domino
2807 4339 2906 4393 per
2927 4326 3230 4382 orationum
3251 4330 3426 4384 studia
3450 4345 3601 4386 com-

324 4388 522 4471 Omnis
546 4415 638 4487 qui
666 4415 999 4483 concupierit
1019 4414 1320 4481 mulierem,
1343 4415 1438 4470 sed
1461 4415 1563 4482 Qui
1584 4416 1779 4471 viderit
1806 4434 1917 4470 mu-
1944 4388 1995 4446 Ῐ)
2021 4410 2476 4475 ηιεηόίινθτίιηυε,
2501 4411 2579 4466 sic
2608 4413 2799 4467 deinde
2833 4416 2900 4468 ad
2927 4417 3132 4485 agenda
3156 4432 3221 4472 ea
3244 4429 3464 4489 propter
3482 4437 3605 4492 quae

325 4514 521 4568 lierem
546 4511 614 4567 ad
642 4510 1126 4579 concupiscendam
1155 4525 1298 4574 eam,
1347 4510 1399 4564 id
1429 4521 1533 4575 est,
1567 4511 1669 4564 hoc
1716 4511 1820 4565 line
1860 4521 1915 4566 et

325 4605 436 4659 hoc
461 4602 642 4656 animo
672 4601 965 4655 attenderit
990 4609 1045 4654 ut
1097 4614 1215 4654 eam
1257 4602 1607 4672 concupiscat
1636 4603 1776 4671 quod
1800 4603 1912 4671 jam

325 4710 437 4750 non
480 4704 564 4749 est
594 4693 794 4748 titillari
825 4693 1178 4749 delectatione
1218 4696 1417 4758 carnis,
1457 4695 1548 4749 sed
1600 4695 1756 4765 plane
1786 4714 1914 4751 eon-

323 4784 532 4839 sentire
563 4783 796 4847 libidini,
839 4784 912 4837 ita
937 4793 997 4837 ut
1030 4798 1135 4838 non
1182 4782 1483 4838 refrenetur
1508 4784 1725 4839 illicitos
1753 4800 1915 4855 appe-

325 4878 485 4940 titus,
508 4874 605 4930 sed
630 4875 675 4929 si
697 4873 931 4929 facultas
952 4875 1075 4929 data
1097 4873 1261 4930 fuerit
1279 4876 1522 4930 satietur.
1546 4876 1602 4930 In
1627 4876 1713 4931 his
1739 4886 1916 4932 autem

322 4968 557 5031 duobus,
611 4963 776 5020 talem
823 4962 1186 5019 dill‘erentiam
1213 4973 1425 5019 veteres
1465 4965 1916 5035 volueruntquod

324 5059 560 5112 alterum
591 5057 1019 5126 propassionem,
1059 5056 1292 5111 alterum
1337 5072 1463 5111 vero
1490 5057 1793 5127 passionem
1822 5073 1919 5112 no-

322 5149 685 5211 minaverint;
715 5149 859 5202 inter
876 5148 1183 5218 passionem
1211 5156 1390 5202 autem
1426 5157 1479 5201 et
1509 5148 1916 5218 propassionem

324 5239 433 5293 hoc
455 5239 681 5293 interest
706 5239 850 5307 quod
870 5237 1051 5308 passio
1076 5246 1357 5308 reputatur
1381 5236 1434 5291 in
1458 5238 1611 5303 vitio,
1634 5239 1916 5308 propassio

332 5327 462 5381 licet
494 5328 705 5398 culpam
749 5328 960 5391 habeat,
989 5336 1166 5383 tamen
1199 5345 1303 5384 non
1330 5338 1545 5385 tenetur
1579 5329 1632 5384 in
1656 5331 1915 5395 crimine;

332 5434 466 5488 ergo
485 5421 576 5488 qui
592 5420 1079 5475 videritmulierem
1098 5429 1153 5475 et
1170 5422 1348 5476 anima
1370 5421 1486 5491 ejus
1504 5421 1662 5478 luerit
1680 5423 1917 5489 titillata,

333 5509 421 5565 hic
450 5511 799 5581 propassione
841 5525 1132 5581 percussus
1155 5521 1268 5579 est;
1301 5514 1348 5569 si
1391 5529 1522 5570 vero
1557 5515 1916 5580 consenserit,

329 5602 479 5659 etde
506 5602 832 5674 cogitatione
859 5601 1110 5659 aﬂ‘cctum
1137 5603 1343 5671 fecerit,
1375 5607 1514 5662 sicut
1541 5607 1804 5677 scriptum
1835 5615 1920 5663 est

653 5698 928 5758 PATBOL.
973 5698 1106 5763 CX.

2018 4500 2265 4554 venimus
2293 4501 2608 4570 temporalia
2645 4504 2859 4572 negotia
2892 4507 3226 4563 recedamus.

2089 4592 2158 4646 Et
2181 4594 2567 4664 circumspectis
2587 4596 2848 4661 omnibus,
2865 4613 2982 4651 cum
2995 4596 3115 4668 jam
3138 4617 3343 4671 uespera
3365 4615 3497 4659 esset
3518 4607 3608 4660 Ito-

2019 4687 2269 4749 ra,e;rivit
2291 4687 2346 4740 in
2366 4684 2677 4741 Bel/lanium
2702 4703 2819 4741 cum
2846 4689 3141 4745 duodecim.
3169 4692 3282 4748 Non
3313 4695 3414 4751 hoc
3438 4700 3606 4754 semel

2019 4776 2166 4841 fecit,
2196 4778 2288 4832 sed
2319 4793 2413 4846 per
2440 4793 2630 4832 omnes
2660 4778 2898 4850 quinque
2929 4781 3045 4837 dies
3065 4799 3131 4838 ex
3161 4800 3267 4854 quo
3298 4786 3606 4861 Hierosoly-

2021 4885 2167 4925 mam
2214 4871 2531 4926 ascenderat
2580 4885 2751 4941 usque
2794 4872 2863 4927 ad
2908 4884 3118 4945 tempus
3169 4879 3457 4947 passionis,
3504 4883 3607 4938 hoc

2020 4962 2197 5031 ipsum
2229 4975 2442 5031 semper
2466 4977 2628 5033 agere
2656 4962 2887 5030 solebat,
2920 4975 2980 5021 ut
3003 4982 3100 5036 per
3128 4969 3270 5023 diem
3307 4969 3361 5025 iu
3409 4974 3606 5043 templo

2021 5053 2262 5117 doceret,
2293 5052 2538 5108 noctibus
2567 5068 2697 5108 vero
2741 5054 2928 5110 exiens
2968 5068 3273 5114 moraretur
3319 5060 3372 5115 in
3424 5073 3606 5117 monte

2019 5142 2235 5207 Oliveti,
2266 5144 2405 5198 sicut
2432 5143 2486 5197 iu
2515 5142 2659 5199 Luca
2696 5144 2942 5217 legimus.
2981 5148 3231 5204 Docendo
3259 5151 3400 5205 enim
3432 5152 3604 5205 incre-

2022 5235 2165 5289 dulis
2186 5233 2422 5289 ollicium
2451 5235 2807 5290 correctionis
2831 5236 3050 5293 sedulus
3080 5239 3441 5308 impendebat,
3456 5254 3606 5295 com-

2023 5325 2291 5381 manendo
2320 5332 2498 5380 autem
2533 5326 2673 5395 apud
2696 5324 2882 5382 ﬁdeles
2907 5328 3134 5399 gratiam
3166 5329 3211 5383 is
3246 5330 3326 5384 eis
3363 5329 3607 5399 benigni-

2023 5418 2149 5471 tatis
2178 5416 2442 5486 propitius
2470 5416 2778 5472 exhibebat.
2820 5415 2966 5473 Bene
3009 5427 3189 5472 autem
3232 5418 3449 5481 dicitur,
3479 5420 3605 5488 quia

2021 5508 2406 5577 circumspectis
2435 5509 2673 5562 omnibus
2715 5509 2869 5563 exivit
2899 5509 2955 5562 in
3011 5507 3337 5562 Bethaninm.
3384 5506 3607 5577 Inspicit

2022 5605 2219 5674 quippe
2271 5605 2511 5660 internus
2549 5606 2764 5661 arbiter
2795 5606 3035 5659 omnium
3084 5604 3271 5667 corda,
3301 5611 3358 5657 et
3393 5617 3516 5658 cum
3553 5602 3605 5660 iu
3630 5598 3645 5605 ’
