3962 6180
386 279 486 337 351

1068 283 1126 338 n.
1168 242 1417 339 animi
1456 283 1671 340 unum
1714 281 1987 339 ARCHIEI

2092 279 2388 339 HOGUNT.
2420 278 2702 338 OPERUM
2743 275 2922 333 PARS
2954 275 3023 333 ll.

3565 270 3677 328 332

385 396 885 454 contradicentibus
922 410 988 453 ac
1018 398 1398 454 resistentibus
1426 397 1670 461 veritati,
1695 410 1802 450 non
1830 395 1984 451 lnve-
2010 397 2062 459 Α
2088 407 2188 449 nec
2208 393 2261 447 in
2288 402 2399 448 uno
2423 389 2809 461 Hierosolyma:
2836 386 2991 442 urbis
3020 384 3159 451 loco,
3183 383 3277 440 sed
3304 383 3360 438 in
3387 391 3502 438 toto
3537 385 3674 439 orbe

385 497 469 552 nit
500 495 592 551 ubi
638 504 800 566 caput
830 494 1081 560 reclinet,
1105 494 1312 551 secedit
1342 494 1410 549 ad
1459 492 1667 555 ﬁdeles.
1703 500 1760 546 et
1807 491 1860 545 in
1898 490 1980 546 eis

387 586 482 657 qui
513 586 773 642 obediunt
796 584 983 651 verbo,
1017 585 1349 643 mansionem
1379 584 1481 640 sibi
1516 598 1622 639 una
1655 598 1777 638 cum
1818 581 1980 637 Patre

389 677 565 732 facere
594 676 811 748 gaudet,
835 674 1099 731 Bethania
1140 689 1377 745 namque
1414 674 1609 729 domus
1640 673 1980 735 ,obedientia:

391 767 612 820 dicitur.

459 855 526 908 Et
549 854 657 907 alia
696 854 780 908 die
816 870 936 909 cum
966 854 1167 908 exirent
1209 871 1241 908 a
1277 853 1564 920 Bethania,
1594 856 1800 910 esuriit.
1844 855 1979 910 Esne

390 944 481 999 riit
506 943 589 999 vel
621 943 904 999 veritatem
935 944 1186 999 humana:
1208 945 1391 999 carnis
1414 945 1729 1011 ostendens,
1746 945 1830 1000 vel
1858 960 1981 1000 esu-

390 1034 536 1091 riens
568 1034 798 1091 salutem
829 1035 1164 1091 credentium
1194 1044 1251 1091 et
1274 1044 1511 1092 aestuans
1534 1038 1601 1093 ad
1626 1036 1980 1092 incredulita—

392 1139 499 1186 tem
528 1129 764 1186 lsraelis.

462 1222 697 1293 Cumque
720 1221 927 1277 vidisset
948 1238 981 1275 a
1006 1220 1155 1292 longe
1173 1221 1333 1291 ﬁcum
1357 1221 1628 1276 habentem
1654 1220 1982 1291 folia,renit,

388 1315 437 1368 si
462 1313 591 1385 quid
617 1314 751 1384 forte
787 1314 1037 1368 inveniret
1065 1314 1121 1367 in
1147 1330 1244 1377 ea;
1270 1324 1316 1369 et
1341 1331 1459 1369 cum
1499 1315 1721 1368 uenisset
1749 1313 1818 1367 ad
1845 1329 1981 1377 eam,

391 1402 523 1459 nihil
549 1404 744 1458 invenit
787 1412 982 1473 preter
1008 1402 1137 1473 folia
1158 1417 1177 1455 :
1202 1419 1305 1457 non
1329 1403 1465 1459 enim
1487 1413 1599 1458 erat
1626 1413 1833 1473 tempus
1858 1401 1987 1471 ﬁco-

390 1511 528 1548 tum.
562 1494 631 1549 Et
658 1494 970 1567 respondens
1002 1492 1160 1549 Iesus
1188 1495 1321 1550 dixit
1349 1495 1397 1549 ei
1425 1511 1452 1549 ιε
1477 1494 1601 1550 Ιαηι
1626 1510 1729 1549 non
1760 1492 1986 1564 amplius

389 1586 446 1639 in
483 1595 736 1640 internum
762 1585 1036 1657 quisquam
1068 1601 1133 1640 ea:
1160 1594 1211 1640 te
1250 1584 1483 1655 fructum
1508 1584 1808 1638 manducet.
1841 1583 1987 1651 Quo-

393 1675 558 1730 modo
583 1675 846 1730 Dominus
876 1674 1044 1730 multa
1074 1676 1130 1730 in
1164 1675 1436 1746 parabolis
1473 1675 1674 1737 dicere,
1706 1674 1780 1729 ita
1817 1675 1982 1729 etiam

2079 489 2461 546 terrarum,‘et
2498 494 2840 551 nequaquam
2867 487 3148 533 taurorum
3191 486 3248 530 et
3298 474 3596 538 hircorum,
3621 482 3679 528 et

2080 572 2334 637 arietum,
2362 574 2456 627 sed
2485 570 2771 627 orationis.

2162 662 2262 718 Vos
2292 672 2465 717 autem
2490 662 2685 733 fecistis
2710 676 2825 715 eam
2848 658 3152 731 speluncam
3178 653 3465 711 latronum.
3482 655 3585 723 Qui
3608 656 3677 710 ad

2081 752 2390 822 accipienda
2429 766 2657 807 munera
2714 750 2769 805 in
2824 748 3025 819 templo
3072 748 3403 808 residebant,
3435 746 3680 817 profecto

2081 844 2207 915 quia
2238 842 2564 913 quibusdam
2595 856 2703 895 non
2746 839 3002 895 dantibus
3036 837 3285 893 la-siones
3323 837 3680 906 exquirerent

2083 933 2305 987 dubium
2339 947 2449 987 non
2485 942 2628 987 erat.
2684 931 2888 985 Domus
2932 943 3064 1000 ergo
3110 928 3374 984 orationis
3419 926 3677 997 spelunca

2084 1024 2352 1080 latronum
2378 1022 2521 1080 facta
2548 1022 2747 1088 fuerat,
2779 1022 2906 1092 quia
2931 1021 2999 1075 ad
3042 1022 3147 1076 hoe
3191 1021 3247 1075 in
3295 1019 3493 1089 templo
3540 1020 3681 1073 assi-

2084 1124 2229 1169 stere
2257 1120 2543 1179 noverant,
2570 1120 2749 1167 utaut
2778 1127 2885 1167 non
2914 1111 3107 1167 dantes
3131 1124 3353 1165 munera
3393 1109 3681 1165 studerent

2084 1204 2439 1275 corporaliter
2465 1204 2739 1275 persequi,
2766 1209 2860 1257 aut
2888 1202 3080 1257 dantes
3108 1199 3427 1272 spiritaliter
3458 1214 3676 1254 necare.

2157 1294 2228 1349 Et
2254 1311 2371 1349 cum
2396 1311 2547 1350 mane
2567 1294 2873 1358 transirent,
2898 1293 3136 1347 viderunt
3160 1294 3321 1364 ficum
3349 1291 3561 1345 aridam
3599 1291 3682 1362 fa-

2086 1397 2224 1441 ctam
2250 1404 2282 1440 a
2314 1386 2599 1440 radicibus.
2648 1384 2764 1441 Non
2795 1386 2929 1440 rami
2958 1392 3166 1439 tantum
3191 1390 3285 1438 aut
3309 1383 3477 1452 stipes
3506 1381 3681 1437 infru-

2087 1488 2290 1535 ctuosae
2311 1478 2419 1545 tici,
2448 1478 2541 1534 sed
2564 1478 2681 1549 ipsa
2734 1478 2902 1533 etiam
2952 1476 3100 1531 radix
3148 1474 3513 1540 arefaciendo,
3553 1489 3680 1530 sen-

2091 1571 2318 1627 tentiam
2380 1570 2575 1625 divina:
2632 1569 2688 1623 in
2751 1583 2812 1623 se
2868 1566 3263 1638 reprobatiouis
3306 1566 3577 1630 ostendit,
3621 1574 3679 1620 et

2087 1661 2325 1717 Joannes
2346 1660 2442 1725 ait,
2471 1659 2595 1730 quia
2623 1659 2821 1713 securis
2851 1656 2921 1711 ad
2949 1657 3179 1711 radicem
3218 1654 3467 1710 arborum
3504 1655 3681 1725 posita

392 1764 654 1820 nonnulla
705 1764 759 1820 in
817 1764 1088 1836 parabolis
1143 1741 1327 1822 facere
1374 1764 1618 1825 solebat.,
1647 1763 1788 1831 Quid
1835 1763 1982 1819 enim
2012 1741 2059 1800 Β
2085 1760 2182 1810 εει·
2205 1749 2458 1806 Arche”
2494 1758 2581 1805 εει
2609 1748 2792 1818 itaque
2828 1746 2962 1803 ﬁcus
2988 1761 3019 1801 ³
3066 1745 3357 1811 “ditibus.
3383 1753 3446 1799 ιη
3489 1753 3682 1799 03‘0"-

398 1873 575 1913 causa:
599 1866 721 1914 erat
758 1864 820 1912 ut
843 1858 1093 1912 esuriens
1117 1856 1328 1913 fructus
1352 1857 1404 1912 in
1436 1855 1663 1912 ﬁculnea
1692 1864 1985 1927 quaereret,

395 1964 626 2021 quorum
656 1958 870 2021 tempus
889 1950 1126 2004 nondum
1148 1964 1289 2015 esse,
1306 1948 1533 2019 quilibet
1553 1949 1715 2003 homo
1740 1955 1988 2012 noverat,

394 2040 756 2108 arboremque
776 2039 902 2111 quia
931 2038 1168 2095 fructum
1192 2053 1291 2108 per
1320 2039 1370 2093 id
1398 2039 1661 2110 temporis
1684 2053 1790 2093 non
1821 2038 1989 2092 babe-

395 2140 503 2192 rct.
531 2140 746 2187 aeternae
791 2130 1095 2186 sterilitatis
1139 2128 1517 2185 maledictione
1553 2129 1858 2194 damnaret,
1882 2128 1987 2184 nisi

397 2222 526 2292 quia
558 2220 767 2291 plebem
795 2235 957 2291 quam
994 2220 1161 2274 verbo
1205 2220 1455 2286 docebat,
1484 2221 1588 2275 hoc
1635 2219 1799 2275 etiam
1846 2212 1991 2276 facto

399 2311 658 2373 terrebat,
688 2324 757 2363 ne
784 2309 909 2379 quis
939 2308 1188 2364 habendo
1211 2307 1337 2363 folia
1365 2318 1419 2365 et
1452 2307 1687 2364 fructum
1734 2325 1840 2364 non
1887 2311 1987 2365 ha-

397 2400 598 2464 bendo,
633 2400 736 2454 hoc
764 2407 848 2454 est
875 2401 1042 2454 verba
1075 2399 1303 2470 iustitia:
1329 2400 1535 2471 absque
1569 2400 1826 2471 operibus
1853 2416 1991 2470 pra:~

399 2490 896 2562 tendendn,exeidi,
913 2498 968 2544 ct
994 2491 1047 2544 in
1075 2491 1252 2560 ignem
1281 2499 1583 2547 mereretur
1606 2491 1989 2563 projici.?Una-

398 2595 624 2651 quicque
645 2583 788 2637 enim
816 2580 983 2637 arbor
1023 2596 1130 2636 non
1181 2581 1248 2637 de
1292 2581 1533 2648 ﬂoribus,
1566 2598 1673 2637 non
1711 2583 1777 2638 de
1822 2583 1987 2650 loliis,

398 2673 493 2728 sed
520 2671 696 2729 fructu
721 2687 822 2729 suo
852 2673 1215 2744 cognoscitur,
1233 2673 1286 2729 id
1313 2682 1414 2737 est,
1434 2675 1804 2746 unusquisque
1827 2677 1990 2731 homo

400 2779 505 2818 non
545 2763 612 2817 de
644 2763 1007 2818 aestimatione
1055 2762 1211 2818 famae
1255 2763 1340 2819 vel
1387 2779 1698 2820 sermonum
1743 2781 1937 2837 pompa
1972 2785 1985 2821 :

398 2852 494 2908 sed
525 2852 593 2907 de
613 2867 835 2908 suarum
867 2854 1176 2909 testimonio
1204 2854 1464 2923 probatur
1493 2856 1786 2910 actionum.

472 2943 540 2997 Et
564 2943 775 2999 veniunt
810 2943 1252 3016 Hierosolymam,
1274 2955 1323 2999 et
1350 2961 1469 3000 cum
1494 2946 1756 3000 introisset
1781 2946 1834 3000 in
1863 2956 1992 3000 tent-

2086 1844 2305 1900 deretur
2330 1858 2465 1916 gens
2495 1841 2658 1911 impia
2695 1854 2801 1895 non
2830 1839 2899 1895 ad
2926 1847 3169 1908 tempus,
3200 1844 3256 1892 et
3278 1853 3344 1893 ex
3372 1845 3525 1908 parte
3551 1851 3679 1892 cor-

2088 1936 2309 2008 rigenda
2347 1944 2697 1991 externorum
2746 1929 3074 1994 incursibus,
3108 1937 3165 1983 et
3208 1941 3334 1981 mox
3382 1926 3683 1981 miserante

2087 2026 2317 2083 Domino
2343 2033 2465 2097 post
2492 2031 2671 2081 actam
2705 2022 3082 2094 paenitentiam
3117 2022 3311 2092 prisca:
3339 2021 3681 2075 restituenda

2086 2118 2342 2183 libertati,
2370 2125 2430 2171 ut
2470 2130 2612 2187 saepe
2656 2112 2856 2170 factum
2901 2126 3057 2168 sacra
3100 2110 3329 2166 historia
3371 2109 3682 2176 reiert,sed

2086 2217 2288 2265 aeterna
2330 2206 2511 2279 potius
2535 2205 2884 2261 damnatione
2910 2202 3178 2269 ferienda,
3202 2200 3440 2257 arefacta
3466 2210 3553 2257 est
3589 2218 3681 2256 ra-

2088 2299 2312 2364 dicitus,
2341 2306 2400 2352 ut
2426 2298 2770 2352 intimaretur
2799 2294 3031 2350 nefanda
3062 2294 3214 2364 plebs
3239 2310 3347 2349 non
3373 2294 3548 2349 solum
3577 2295 3682 2348 hu-

2089 2407 2250 2446 mana
2278 2390 2447 2462 gloria
2495 2389 2823 2455 forinsecus,
2845 2403 3035 2444 verum
3076 2387 3240 2443 etiam
3305 2387 3488 2443 divino
3534 2386 3685 2443 intus

2088 2482 2273 2538 favore
2303 2482 2543 2536 funditus
2565 2494 2685 2536 esse
2713 2479 3074 2534 destituenda.

2162 2572 2230 2627 Et
2262 2571 2572 2642 respondens
2593 2568 2752 2625 Iesus
2780 2570 2855 2623 ait
2883 2568 2989 2623 illis
3032 2584 3050 2624 :
3097 2566 3299 2624 (iubete
3340 2569 3499 2638 [idem
3550 2568 3679 2624 Deo.

2089 2663 2253 2716 Amen
2282 2661 2400 2716 dico
2429 2659 2567 2715 vobis
2594 2662 2718 2732 quia
2744 2660 3033 2732 quicunque
3074 2659 3269 2713 dixerit
3308 2660 3432 2714 huic
3460 2661 3626 2713 monti
3661 2676 3681 2714 :

2092 2752 2293 2807 Tollere
2318 2762 2365 2807 et
2390 2754 2594 2807 mittere
2621 2754 2675 2807 in
2698 2767 2877 2816 mare;
2911 2761 2958 2805 et
2989 2767 3090 2805 non
3108 2750 3421 2805 hmsitarerit
3449 2751 3504 2805 in
3527 2752 3685 2804 corde

2090 2862 2205 2911 suo,
2222 2844 2313 2899 sed
2337 2843 2614 2899 crediderit
2640 2845 2763 2916 quia
2782 2842 3126 2915 quodcunque
3146 2843 3341 2897 dixerit
3360 2843 3475 2911 ﬁat,
3492 2842 3583 2911 ﬁet
3612 2843 3682 2895 ci.

2092 2933 2282 2991 Solent
2300 2934 2528 3005 gentiles
2556 2935 2647 3004 qui
2671 2942 2860 2989 contra
2889 2932 3187 2988 Ecclesiam
3235 2931 3523 2987 maledicta
3549 2933 3685 2986 scri-

398 3032 566 3105 ptum,
593 3034 743 3105 caepa
768 3034 955 3106 ejicere
978 3034 1247 3089 uendentes
1275 3044 1322 3089 et
1350 3046 1574 3090 ementes
1615 3037 1670 3090 in
1709 3037 1918 3106 templo,
1941 3047 1988 3091 et
2032 3103 2057 3106 ᾼ
2091 3040 2274 3097 psere.
2306 3026 2677 3096 impropemre‘
2702 3025 2905 3080 nostris
2935 3024 3079 3095 quod
3109 3038 3216 3079 non
3242 3022 3532 3079 habuerim
3561 3023 3682 3093 plc-

400 3138 608 3177 mensas
637 3122 1132 3191 nummulariorum,
1163 3134 1211 3181 et
1241 3126 1519 3180 cathedras
1548 3126 1873 3181 vendentium
1909 3145 1987 3183 co.

2093 3131 2219 3170 nam
2246 3114 2406 3169 ﬁdem
2454 3114 2581 3180 Dei,
2612 3114 2738 3185 quia
2783 3128 3058 3183 nunquam
3116 3121 3331 3168 montes
3381 3112 3682 3177 transferre

398 3213 605 3267 lumbos
627 3214 824 3269 evertit.
844 3214 996 3282 Quod
1022 3213 1390 3272 maledicendo
1413 3215 1571 3271 ﬂcum
1600 3215 1989 3274 infructuosam

397 3320 497 3375 per
522 3304 749 3376 figuram
785 3305 974 3362 fecerit
1004 3307 1281 3376 Dominus,
1311 3309 1412 3366 hoc
1456 3310 1598 3365 idem
1653 3326 1779 3367 mox
1828 3327 1990 3381 aper-

403 3399 508 3452 tius
541 3397 777 3452 ostendit
822 3397 1088 3469 ejiciendo
1133 3398 1407 3469 improbos
1455 3415 1487 3455 e
1534 3401 1752 3471 templo.
1807 3400 1991 3473 Neque

397 3488 545 3543 enim
571 3488 773 3559 aliquid
801 3488 1045 3560 peccavit
1071 3490 1250 3555 arbor,
1284 3506 1405 3562 qua:
1441 3493 1718 3548 esuriente
1763 3495 1991 3551 Domino

402 3594 561 3648 poma
597 3594 704 3633 non
733 3579 957 3645 habuit,
987 3594 1218 3650 quorum
1252 3581 1484 3637 necdum
1518 3590 1728 3653 tempus
1755 3581 1989 3639 advene-

399 3677 505 3734 rat,
531 3669 624 3724 sed
652 3684 946 3740 peccavere
975 3672 1287 3727 sacerdotes
1329 3672 1420 3741 qui
1468 3672 1520 3727 in
1570 3673 1730 3728 domo
1777 3673 1989 3729 Domini

399 3758 679 3813 mularia
707 3759 923 3831 negotia
945 3761 1227 3829 gerebant,
1250 3769 1307 3816 et
1326 3759 1558 3816 fructum
1585 3762 1803 3833 pietatis
1827 3779 1989 3834 quem

399 3849 702 3904 debuerant
730 3863 999 3919 quemque
1023 3849 1077 3904 in
1117 3850 1196 3905 eis
1221 3850 1482 3906 Dominus
1523 3852 1819 3919 esuriebat,
1848 3853 1991 3909 ferre

398 3940 837 4010 supersederant.
852 3939 1093 3995 Arefecit
1112 3941 1374 3996 Dominus
1399 3945 1651 3999 arborem
1679 3946 1987 4012 maledicto,

399 4042 459 4089 nt
483 4031 735 4087 homines
754 4032 870 4087 haec
896 4031 1140 4087 videntes
1167 4032 1282 4086 sive
1312 4033 1595 4089 audientes
1626 4035 1794 4090 multo
1821 4039 1992 4106 magis

400 4121 764 4195 intelligerent
793 4135 915 4178 sese
936 4121 1121 4177 divino
1149 4120 1588 4179 condemnandos
1619 4140 1740 4181 esse
1759 4124 1987 4193 judicio,

399 4212 445 4269 si
470 4213 680 4284 absque
704 4227 929 4284 operum
952 4210 1130 4267 fructu
1154 4211 1222 4267 de
1246 4212 1437 4282 plausu
1466 4222 1673 4270 tantum
1711 4218 1815 4273 sibi
1860 4218 1987 4274 reli-

398 4306 534 4377 giosi
561 4306 827 4362 sermonis
864 4303 1009 4359 velut
1032 4303 1097 4359 de
1124 4304 1321 4370 sonitu,
1346 4312 1403 4360 et
1428 4312 1743 4379 tegumenta
1772 4309 1989 4364 blandi-

316 4430 327 4435 ι
400 4407 588 4471 rentur
614 4398 962 4455 viridantium
988 4395 1265 4453 foliorum.

472 4487 539 4540 Et
562 4503 663 4541 non
684 4489 884 4542 sinebat
910 4496 966 4541 ut
983 4487 1257 4557 quisquam
1289 4486 1598 4558 transferret
1622 4505 1712 4545 vas
1739 4506 1833 4562 per
1859 4501 1988 4546 tem-

398 4575 563 4646 plum.
595 4575 670 4631 De
694 4578 839 4631 vasis
865 4576 998 4631 dicit
1022 4576 1127 4631 illis
1150 4592 1270 4646 qua:
1297 4577 1571 4632 mercandi
1598 4578 1772 4649 gratia
1797 4579 1991 4637 inferc-

397 4667 613 4732 bantur,
642 4675 899 4724 cretei-um
927 4668 1068 4722 absit
1097 4676 1156 4722 ut
1182 4682 1308 4723 vasa
1352 4668 1461 4723 Deo
1503 4668 1680 4723 dicata
1730 4668 1991 4726 Dominus

398 4760 622 4830 ejiceret
648 4759 714 4817 de
738 4758 957 4829 templo,
989 4759 1073 4813 vel
1117 4759 1394 4815 introierri
1426 4759 1741 4830 prohiberet
1771 4762 1823 4815 in
1855 4772 1989 4817 tent-

399 4850 579 4921 plum,
631 4850 722 4906 ubi
773 4849 939 4905 futuri
993 4850 1074 4904 sui
1131 4851 1397 4906 examinis
1448 4851 1658 4923 insigne
1703 4854 1990 4925 praetendit

399 4941 728 5022 exemplum.
762 4942 866 4997 Sed
916 4942 1096 5013 potius
1126 4942 1400 4998 immunda
1434 4953 1489 4998 et
1541 4945 1770 5016 profana
1814 4947 1990 5004 elimi-

396 5034 496 5087 nat
523 5047 648 5088 vasa
672 5033 740 5087 de
770 5032 990 5102 templo,
1022 5047 1087 5087 ac
1122 5049 1189 5088 ne
1215 5034 1447 5103 amplius
1470 5035 1777 5093 inferantur
1799 5041 1953 5111 probi
1970 5072 1987 5081 -

399 5122 513 5191 bet,
539 5125 755 5195 quando
787 5139 896 5179 non
928 5124 1101 5179 solum
1142 5125 1209 5179 de
1252 5125 1496 5182 Ecclesia
1542 5142 1734 5184 omnes
1779 5131 1990 5200 repellit

400 5230 466 5272 ac
488 5214 737 5272 deturbat
765 5215 1047 5286 reprobus,
1080 5230 1264 5269 verum
1293 5216 1460 5271 etiam
1488 5232 1557 5272 ne
1583 5219 1728 5273 ultra
1764 5220 1831 5274 ad
1876 5229 1989 5275 tur-

399 5305 636 5363 bandam
663 5305 960 5365 Ecclesiam
988 5305 1212 5374 intrent,
1244 5317 1448 5365 aeterno
1468 5324 1563 5367 eos
1589 5313 1812 5368 verbere
1833 5328 1984 5369 com-

402 5401 596 5471 pcscit.

474 5489 543 5544 Et
572 5491 805 5556 docebat,
834 5490 1015 5547 dicens
1051 5490 1125 5546 cis
1158 5506 1178 5545 :
1225 5490 1417 5546 Nonne
1454 5493 1703 5563 scriptum
1749 5502 1823 5549 est
1862 5496 1989 5566 quia

402 5581 587 5636 demus
610 5598 723 5636 nica
747 5584 936 5637 domus
965 5582 1220 5638 orationis
1250 5583 1522 5638 vocabitur
1555 5586 1794 5640 omnibus
1822 5589 1990 5659 genti-

403 5666 498 5720 bus
514 5668 542 5719 7
555 5670 834 5736 Omnibus,
854 5671 1048 5742 inquit,
1064 5669 1345 5739 Gentibus,
1369 5687 1474 5728 non
1496 5674 1586 5728 uni
1604 5674 1750 5745 genti
1771 5672 1989 5746 indicta,

2016 4455 2066 4516 D

2087 3208 2383 3280 potuerint.
2410 3206 2616 3273 Quibus
2642 3208 3104 3278 respondendum,
3121 3222 3228 3263 non
3258 3207 3439 3263 omnia
3477 3209 3683 3277 scripta

2089 3316 2211 3358 esse
2235 3316 2355 3370 quae
2383 3301 2436 3355 in
2466 3300 2704 3356 Ecclesia
2735 3307 2861 3356 sunt
2899 3308 3047 3372 gesta
3069 3341 3084 3367 ,
3116 3300 3258 3355 sicut
3296 3301 3460 3356 etiam
3501 3302 3569 3355 de
3598 3300 3683 3355 fa-

2090 3394 2192 3450 ctis
2223 3393 2391 3465 ipsius
2415 3391 2645 3458 Christi,
2688 3391 2781 3447 Dei
2833 3399 2888 3447 et
2939 3391 3152 3445 Domini
3183 3391 3354 3445 nostri
3400 3388 3685 3461 Scriptura

2089 3494 2276 3542 nostra
2300 3493 2545 3550 testatur,
2573 3485 2714 3539 unde
2738 3491 2793 3538 et
2821 3484 2922 3538 hoc
2944 3497 3159 3553 quoque
3185 3482 3302 3538 ﬁeri
3330 3483 3596 3552 potuisse,
3628 3489 3686 3535 ut

2090 3595 2248 3635 mons
2271 3579 2483 3634 ablatus
2505 3581 2571 3633 de
2604 3587 2744 3632 terra
2776 3576 3084 3631 mitteretur
3112 3576 3166 3630 in
3193 3588 3373 3639 mare,
3402 3574 3447 3628 si
3486 3588 3685 3628 neces-

2089 3672 2225 3727 sitas
2251 3671 2368 3725 tleri
2415 3671 2469 3725 id
2512 3669 2867 3740 peposcisset,
2911 3666 3180 3737 quomodo
3226 3665 3456 3736 legimus
3476 3664 3683 3718 [auum

2089 3763 2343 3834 precibus
2371 3760 2431 3815 Β.
2457 3760 2635 3815 Patris
2662 3758 2935 3830 Gregorii,
2959 3756 3355 3813 Neo-Caesarius
3388 3755 3550 3811 Ponti
3579 3772 3681 3810 an-

2090 3852 2276 3909 tistitis
2304 3852 2404 3906 viri
2445 3852 2654 3906 meritis
2676 3860 2733 3905 et
2759 3849 3049 3904 virtutibus
3079 3848 3282 3912 eximii,
3315 3854 3375 3901 ut
3418 3861 3579 3901 mons
3625 3846 3681 3899 in

2089 3951 2238 4000 terra
2268 3950 2477 3997 tantum
2506 3941 2625 3997 loco
2664 3938 2899 4005 cederet,
2930 3948 3189 4009 quantum
3224 3937 3411 3992 incola:
3441 3937 3687 3992 civitatis

2089 4050 2225 4108 opus
2251 4035 2540 4091 habebant.
2569 4034 2769 4088 Verum
2799 4032 2925 4102 quia
2957 4031 3158 4086 montis
3185 4028 3404 4084 nomine
3432 4044 3689 4083 nonnun-

2089 4145 2251 4200 quam
2276 4126 2523 4183 diabolus
2552 4123 2910 4197 signiﬁcatur,
2949 4121 3193 4177 videlicet
3232 4129 3455 4191 propter
3487 4135 3687 4189 snper-

2089 4221 2234 4276 biam
2262 4235 2367 4289 qua
2403 4233 2461 4273 se
2484 4226 2671 4273 contra
2703 4214 2872 4271 Deum
2898 4215 3078 4287 erigit,
3109 4223 3163 4269 et
3196 4228 3316 4268 esse
3347 4212 3459 4267 vult
3487 4212 3689 4269 similis

2089 4310 2390 4376 Altissimo,
2423 4324 2577 4365 mons
2601 4307 2666 4363 ad
2687 4314 3012 4377 prmceptnm
3039 4319 3225 4360 eorum
3247 4302 3340 4373 qui
3371 4302 3545 4358 fortes
3576 4301 3687 4357 [ide

2091 4409 2218 4458 sunt
2248 4401 2452 4457 tollitur
2485 4399 2551 4455 de
2590 4407 2758 4465 terra,
2788 4408 2843 4453 et
2898 4397 2949 4452 in
3006 4409 3155 4450 mare
3201 4392 3523 4463 projicitur,
3555 4408 3685 4448 cum

2091 4488 2508 4563 praedicantibus
2536 4488 2762 4543 verbum
2791 4486 3098 4542 doctoribus
3125 4485 3345 4547 sanctis,
3367 4483 3692 4539 immundus

2092 4583 2315 4654 spiritus
2351 4582 2419 4636 ab
2464 4593 2651 4635 eorum
2697 4578 2858 4634 corde
2901 4575 3200 4648 repellitur,
3250 4573 3342 4644 qui
3395 4574 3463 4627 ad
3513 4574 3690 4628 vitam

2092 4683 2217 4729 sunt
2245 4673 2612 4745 praeordinati,
2641 4680 2696 4726 et
2727 4672 2779 4726 in
2810 4668 3136 4726 turbulentis
3162 4668 3469 4737 amarisque
3495 4666 3704 4721 intide-

2091 4765 2223 4819 lium
2270 4765 2560 4828 mentibus,
2588 4762 2866 4817 vesaniam
2918 4775 3029 4815 sua:
3071 4759 3374 4830 tyrannidis
3419 4771 3697 4813 exercere

2092 4855 2448 4927 permittitur,
2479 4870 2583 4908 non
2612 4854 2754 4923 quod
2782 4852 2855 4907 ibi
2892 4860 2947 4906 et
2978 4858 3105 4907 ante
3130 4850 3313 4905 sedem
3342 4863 3699 4919 regnumque

2092 4962 2199 5001 non
2237 4945 2505 5011 habuerit,
2528 4945 2623 4999 sed
2654 4945 2797 5013 quod
2827 4951 2975 4998 tanto
2997 4942 3176 4996 acrius
3212 4941 3264 4995 in
3293 4956 3385 4995 eos
3409 4940 3703 5010 quoslibet

2091 5037 2332 5103 deszevit,
2367 5043 2568 5105 quanto
2598 5035 2833 5105 amplius
2859 5050 2917 5089 se
2948 5033 3094 5088 dolet
3129 5048 3159 5085 a
3189 5032 3409 5086 laesione
3462 5031 3698 5101 piorum

2088 5128 2256 5183 fuisse
2308 5128 2620 5197 depulsum,
2653 5142 2815 5195 quem
2872 5134 3052 5180 tamen
3100 5123 3327 5177 victoria
3376 5121 3701 5179 Salvatoris

2090 5222 2265 5275 nostri
2298 5220 2510 5274 Domini
2536 5216 2662 5274 Jesu
2694 5217 2932 5283 Christi,
2959 5216 3197 5271 liberans
3224 5215 3425 5270 electos
3453 5229 3588 5268 suos
3619 5215 3707 5270 de

2091 5312 2548 5381 manibus,ipsum
2578 5311 2791 5366 hostem
2819 5308 3037 5364 humani
3062 5307 3276 5378 generis
3304 5319 3404 5376 pro
3434 5304 3703 5375 nequitia

2089 5418 2187 5460 sua
2209 5401 2462 5459 claustris
2490 5399 2683 5456 inferni
2715 5399 2990 5455 damnabit
3018 5399 3072 5453 in
3094 5405 3434 5469 perpetuum.

2777 5601 2993 5618 ῃ
