3962 6180
298 316 406 378 535

834 414 1109 477 llOMlLlA
1161 413 1345 470 XCIX.

616 527 866 571 DOIIINICA
902 525 938 564 ν
983 521 1115 562 POS'I'
1157 520 1555 561 PENTECOSTEN.

648 602 836 663 Laelio
862 600 1110 673 Epistolas
1132 599 1199 655 ad
1226 599 1517 654 Romanos.

358 695 608 762 Fratres,
623 695 865 750 existimo
882 689 1023 763 quod
1048 705 1150 743 non
1172 698 1292 742 sunt
1315 686 1588 757 condignae
1614 686 1884 756 passiones

295 785 451 853 hujus
476 780 725 852 temporis
744 782 813 835 ad
836 780 1073 851 futuram
1099 777 1324 850 gloriam
1351 793 1471 849 qua:
1491 775 1802 837 revelabitur
1828 776 1885 829 in

298 874 463 937 nobis,
496 882 608 928 etc.
788 872 793 876 ’

362 967 519 1035 Quod
573 965 644 1022 ad
692 962 1155 1035 comparationem
1209 940 1427 1017 aeternae
1465 959 1669 1031 gloriae,
1724 972 1885 1029 quam

297 1058 502 1113 sanctis
528 1057 644 1113 suis
675 1056 820 1111 Deus
844 1063 970 1111 ante
1000 1052 1195 1109 saacula
1211 1051 1568 1123 prmparavit,
1594 1050 1728 1106 nihil
1760 1063 1890 1104 con-

296 1151 517 1220 dignum
536 1149 659 1219 quis
686 1148 740 1203 in
768 1148 871 1203 hoc
892 1144 1090 1202 saeculo
1109 1145 1282 1215 possit
1302 1143 1570 1214 passionis
1589 1142 1885 1206 sustinere;

298 1241 350 1294 in
380 1238 637 1309 pnnsenti
666 1237 899 1295 lectione
927 1236 1203 1308 apostolus
1237 1234 1438 1289 Paulus
1481 1233 1717 1289 breviter
1764 1230 1894 1285 inti-

298 1331 466 1385 mavit
495 1331 721 1385 dicens:
751 1328 1010 1383 Existimo
1038 1327 1184 1382 enim
1208 1326 1365 1398 quod'
1399 1340 1504 1379 non
1545 1334 1670 1378 sunt
1713 1322 1895 1377 condi-

298 1437 413 1490 gna:
434 1419 704 1491 passiones
727 1418 887 1489 hujus
909 1417 1175 1489 temporis,
1189 1415 1507 1486 adfuturam
1536 1413 1758 1485 gloriam
1778 1430 1896 1485 qua:

303 1512 617 1566 revelabitur
641 1510 694 1565 in
724 1509 895 1564 nobis.
925 1507 985 1563 ιη
1030 1522 1140 1578 quo
1177 1507 1324 1563 enim
1374 1506 1602 1561 mortale
1635 1505 1763 1576 quid
1790 1504 1894 1559 im-

302 1603 518 1658 mortali
546 1610 726 1674 potest
750 1601 1076 1671 comparari,
1104 1608 1198 1655 aut
1242 1598 1499 1655 invisibili
1549 1597 1780 1664 visibilc,
1804 1605 1899 1653 aut

301 1694 523 1750 aeternis
565 1690 919 1764 temporalia?
965 1691 1023 1747 Si
1051 1705 1158 1762 qua
1202 1699 1381 1747 tamen
1418 1690 1471 1745 iu
1501 1690 1757 1760 praesenti
1786 1690 1896 1744 vita

1397 300 1703 358 ΠΟΜιΙΜΞ
1738 300 1804 354 IN
1848 297 2100 354 EV’ANG.
2144 297 2232 353 ET
2275 296 2492 355 EPIST.

1590 406 1594 410 “
1909 442 1954 499 Α
1985 412 2243 485 nequitia,
2273 427 2370 483 per
2395 412 2629 468 lidemin
2657 411 2944 469 libertate»:
2972 412 3155 485 gloria:
3182 413 3564 485 filiorum‘Det,

3457 298 3563 355 53-5

1986 505 2058 558 ita
2089 512 2147 558 ut
2168 501 2280 572 jam
2310 517 2415 560 non
2447 503 2618 569 carni,
2648 516 2750 559 nec
2775 505 3005 560 terrenis
3034 503 3237 559 serviat
3263 505 3568 573 desideriis,

1985 612 2091 651 non
2118 595 2332 651 diabolo
2361 596 2455 652 sed
2482 594 2726 661 Christo,
2764 596 2918 667 cujus
2967 596 3154 669 gloria:
3195 599 3473 671 particeps
3515 609 3569 655 et

1985 685 2227 740 cohmres
2265 684 2434 756 ipsius
2465 685 2637 755 gratia
2666 684 2954 739 elliciatur.

2058 774 2268 831 Scimus
2294 776 2432 829 enim
2453 775 2592 851 quod
2617 775 2787 828 omnis
2813 784 3055 831 creatura
3085 777 3395 849 ingemisrit.
3418 779 3570 851 Quod

1987 863 2120 919 dicit
2146 863 2324 919 omnis
2351 842 2625 929 crealura,
2658 879 2801 919 nunc
2837 866 3150 937 angelorum
3196 879 3252 925 et
3293 842 3575 930 hominum

1990 964 2240 1011 naturam
2268 955 2417 1019 dicit,
2447 948 2576 1026 quia
2624 964 2686 1011 ut
2732 956 2787 1011 in
2835 957 3125 1032 Evangelio
3170 961 3429 1021 Dominus
3458 967 3571 1022 ait:

1991 1049 2134 1104 sicut
2167 1048 2346 1119 angeli
2382 1050 2612 1119 gaudent
2639 1064 2804 1119 super
2832 1052 3177 1121 ptenitentcs,
3205 1054 3278 1110 ita
3315 1057 3496 1114 dolent
3520 1068 3579 1116 et

1993 1138 2353 1211 ingemiscunt
2376 1153 2542 1210 super
2568 1141 2811 1196 converti
2847 1140 3113 1209 nolentes,
3131 1153 3189 1200 et
3215 1147 3455 1216 quotidie
3480 1164 3578 1206 no~

1993 1236 2105 1282 stra
2135 1237 2444 1298 spectantes
2465 1230 2788 1295 certamina,
2818 1230 3002 1287 dolent
3028 1233 3183 1290 valde
3200 1250 3323 1291 cum
3351 1238 3579 1293 com-in-

1995 1319 2168 1374 cimur
2211 1335 2245 1374 a
2291 1319 2538 1387 diabolo;
2571 1336 2697 1377 cum
2741 1338 2875 1380 vero
2921 1325 3188 1382 vincimus
3234 1328 3403 1385 multo
3457 1330 3581 1401 plus

1995 1410 2251 1482 gaudent.
2277 1410 2620 1485 Quapropter
2645 1414 2692 1469 si
2719 1428 2843 1470 cum
2872 1416 3081 1473 sanctis
3115 1417 3337 1490 Angelis
3365 1420 3420 1476 in
3441 1423 3582 1479 caelo

1997 1503 2235 1573 gaudere
2259 1504 2508 1575 cupimus
2524 1541 2541 1572 ,
2573 1520 2764 1561 eorum
2794 1522 2941 1564 nunc
2960 1509 3217 1582 gaudium
3241 1510 3298 1565 in
3324 1513 3465 1568 bona
3484 1528 3585 1570 no-

1997 1603 2109 1650 stra
2141 1597 2575 1665 conversatione,
2599 1598 2778 1669 dignis
2804 1601 3048 1657 moribus
3088 1602 3143 1657 in
3182 1604 3437 1661 castitate
3459 1605 3585 1661 vita:

1999 1700 2197 1758 inagno
2226 1688 2407 1775 studio
2428 1689 2693 1759 perﬁcere
2716 1690 2975 1747 debemus
2990 1730 3006 1757 ,
3030 1698 3090 1746 ut
3116 1707 3240 1748 cum
3264 1693 3586 1752 deﬁciamus

300 1786 449 1842 velut
473 1787 724 1856 quaedam
752 1785 962 1856 possint
1000 1785 1207 1841 semina
1247 1782 1431 1855 gloria:
1471 1781 1670 1853 colligi,
1714 1780 1896 1837 futura
1927 1793 1971 1851 Β
1997 1780 2068 1837 ab
2097 1780 2201 1837 hac
2226 1781 2335 1837 vita
2360 1781 2588 1849 carnali,
2614 1783 2865 1854 recipiant
2893 1799 2986 1839 nos
3012 1783 3069 1839 in
3102 1794 3300 1841 teterna
3344 1787 3586 1844 taberna-

302 1876 405 1931 ista
438 1876 652 1931 semina
690 1889 759 1930 ex
794 1873 1229 1930 tribulationibus
1257 1880 1313 1928 et
1352 1872 1713 1944 passionibus,
1744 1884 1892 1942 qua:-

302 1980 408 2036 que
445 1966 731 2036 patiuntur
756 1972 977 2036 propter
1007 1964 1296 2020 Dominum
1342 1963 1692 2034 colliguntur.
1744 1961 1898 2018 Sicut

302 2056 432 2111 alibi
481 2056 624 2111 idem
681 2056 813 2111 dicit
859 2054 1177 2127 Apostolus,
1205 2055 1350 2127 quod
1385 2069 1532 2110 enim
1559 2055 1614 2110 in
1643 2055 1897 2125 praesenti

304 2159 747 2206 momentaneum
796 2155 912 2212 est,
945 2156 1000 2203 et
1035 2146 1172 2213 leve,
1230 2148 1554 2203 immensum
1610 2154 1697 2202 est
1751 2144 1897 2202 enim

303 2240 518 2310 pondus
554 2237 742 2310 gloria:
773 2237 989 2306 futurae,
1020 2253 1182 2308 quam
1231 2249 1610 2308 exspectamus
1646 2237 1739 2308 qui
1788 2252 1899 2292 non

306 2330 633 2400 respicimus
661 2331 729 2386 ad
753 2344 818 2385 ea
847 2345 969 2400 qum
989 2330 1266 2397 videntur,
1292 2330 1386 2385 sed
1413 2343 1477 2386 ea
1502 2344 1622 2399 quae
1654 2343 1763 2384 non
1816 2328 1898 2384 vi-

305 2419 501 2474 dentur
526 2427 582 2473 et
604 2426 805 2475 aeterna
832 2428 981 2485 sunt,
999 2419 1224 2489 proinde
1250 2419 1396 2473 enim
1425 2420 1603 2474 omnis
1628 2417 1902 2474 tribulatio

305 2509 719 2580 qualiscumque
781 2510 883 2576 sit,
934 2524 1055 2581 qua:
1104 2508 1386 2575 acciderit,
1432 2507 1683 2579 quamvis
1735 2522 1903 2578 saeva,

307 2599 560 2670 quamvis
604 2600 762 2671 longa
811 2600 1081 2664 videatur,
1135 2599 1292 2670 quasi
1344 2605 1782 2653 momentancum
1835 2611 1904 2655 ac

309 2689 424 2745 leve
444 2704 569 2745 esse
595 2680 778 2760 putari
811 2697 1047 2762 oportet.
1082 2689 1422 2759 Quicumque
1470 2687 1615 2743 enim
1645 2688 1714 2742 ad
1754 2685 1901 2742 futu-

310 2794 426 2835 ram
453 2780 653 2851 aspicit
678 2780 924 2852 gloriam,
962 2795 1083 2851 qua;
1111 2779 1267 2835 nobis
1312 2788 1397 2835 est
1445 2777 1706 2845 revelata,
1742 2786 1906 2849 atque

308 2872 560 2943 qumsita,
589 2872 682 2927 ubi
707 2870 1186 2927 transformabitur
1219 2885 1419 2942 corpus
1460 2879 1710 2925 nostrum
1754 2883 1902 2925 mor-

308 2963 439 3028 tale,
476 2961 773 3018 conformis
808 2961 993 3033 gloria:
1018 2962 1263 3031 corporis
1302 2960 1424 3016 Filii
1462 2961 1650 3017 Dei....
1692 2960 1906 3029 Quanto

311 3051 549 3121 majores
617 3052 762 3108 enim
827 3051 1203 3108 tribulationes
1254 3052 1311 3107 in
1370 3052 1477 3108 hoc
1548 3054 1748 3108 mundo
1805 3067 1908 3124 pro

1998 1870 2119 1925 cula
2145 1873 2304 1927 simul
2335 1874 2571 1945 gaudere
2599 1888 2721 1929 cum
2749 1873 2875 1930 illis.
3494 1955 3506 1963 ἱ

2071 1962 2196 2018 Νοη
2216 1964 2386 2020 solum
2407 1976 2584 2022 autem
2605 1965 2701 2022 illa
2720 1967 2813 2023 sed
2851 1969 3172 2041 nosmetipsi.
3218 1970 3277 2027 Id
3324 1979 3427 2036 est,
3455 1962 3588 2044 apo-

2000 2057 2124 2113 stoli
2148 2067 2204 2114 et
2231 2060 2513 2130 apostolici
2543 2060 2648 2116 viri
2678 2060 2734 2116 in
2762 2060 3008 2118 Ecclesia
3033 2072 3345 2120 sanctorum
3375 2080 3592 2123 succes-

2000 2162 2152 2204 sores
2183 2148 2575 2219 apostolorum.

2071 2235 2347 2294 Primitias
2392 2237 2643 2312 Spiritus,
2675 2242 2729 2298 id
2757 2252 2862 2310 est,
2884 2244 3082 2317 pignus
3124 2256 3180 2302 et
3225 2247 3364 2303 dona
3415 2250 3593 2306 sancti

2002 2325 2237 2396 Spiritus
2246 2327 2516 2397 habentes,
2539 2331 2681 2385 intra
2701 2348 2796 2387 nos
2809 2335 3083 2403 gemimus,
3110 2336 3441 2407 adoptionem
3454 2339 3594 2409 [ilio-

2003 2426 2119 2472 rum
2152 2418 2252 2473 Dei
2278 2430 2652 2491 exspectantes,
2698 2422 3104 2494 redemptionem
3136 2430 3368 2498 corporis
3408 2433 3591 2488 nostri.

2002 2507 2280 2565 Gemimus
2305 2510 2451 2565 enim
2477 2512 2759 2583 adoptivos
2797 2512 2938 2570 ﬁlios
2982 2514 3078 2572 Dei
3104 2516 3304 2575 fratres
3351 2530 3594 2590 nostros,

2003 2614 2140 2669 quos
2175 2599 2371 2657 docere
2399 2609 2454 2657 et
2482 2602 2764 2660 instituere
2788 2605 2939 2661 missi
2969 2622 3176 2676 sumus,
3206 2609 3379 2667 donec
3411 2612 3595 2670 videa-

2004 2702 2126 2744 mus
2154 2703 2250 2745 eos
2273 2689 2328 2745 in
2354 2692 2501 2746 omni
2530 2692 2674 2748 bono
2694 2694 2984 2764 proﬁcere,
3014 2706 3075 2754 ut
3097 2696 3192 2754 lilii
3223 2697 3320 2757 Dei
3343 2709 3398 2757 et
3418 2701 3594 2760 luere-

2005 2778 2101 2833 des
2114 2769 2320 2835 Christi
2340 2778 2479 2837 silici
2502 2792 2833 2839 mereantur.
2860 2785 3042 2843 Donec
3060 2802 3190 2861 ergo
3212 2804 3333 2857 nos,
3350 2790 3593 2863 inquam,

2006 2870 2099 2941 qui
2130 2870 2463 2929 instituimur
2491 2873 2563 2929 ab
2603 2874 2683 2931 eis
2727 2875 3057 2949 negligimus
3103 2888 3160 2934 et
3204 2895 3511 2948 moramur,
3540 2892 3598 2940 et

2006 2963 2401 3020 emendationis
2426 2976 2628 3022 nostrae
2654 2974 2869 3039 tempus
2890 2967 3108 3041 longius
3129 2972 3479 3042 protelamus,
3495 2988 3599 3032 nec

2010 3067 2119 3107 non
2155 3052 2519 3112 invisibilibus
2544 3056 2902 3127 delectamur,
2947 3060 3019 3115 ad
3067 3061 3280 3121 dolores
3325 3064 3598 3136 apostolos

311 3141 531 3197 Christo
579 3142 851 3212 patimur,
919 3149 1067 3197 tanto
1126 3141 1358 3211 amplius
1420 3141 1581 3199 nobis
1636 3143 1906 3215 magnitu—
1932 3135 1976 3197 C
2008 3156 2432 3213 commovemus,
2464 3162 2529 3203 ac
2555 3147 2760 3205 luctum
2800 3148 3056 3208 similiter
3078 3161 3136 3209 et
3161 3135 3368 3212 sanctis
3394 3155 3597 3228 praedi-

310 3230 492 3290 dinem
519 3230 706 3303 gloria:
731 3231 1017 3287 credamus
1051 3230 1335 3286 cumulari.

381 3320 530 3374 Nam
581 3322 897 3391 exspectatio
946 3330 1204 3376 creaturte
1259 3320 1625 3376 reuelationem
1670 3322 1904 3392 ﬁliorum

311 3412 407 3468 Dei
431 3423 717 3484 exspectat.
746 3413 1090 3485 Exspectatio
1112 3422 1376 3471 creaturae
1421 3417 1757 3486 exspectatio
1808 3419 1907 3473 bo-

312 3505 475 3559 minis
493 3505 836 3560 rationabilis
859 3514 962 3572 est,
989 3505 1081 3575 qui
1101 3514 1378 3577 exspectat
1403 3507 1546 3562 diem
1569 3507 1781 3579 judicii,
1798 3523 1906 3580 quo

314 3594 645 3650 revelabitur
670 3604 876 3666 quanta
924 3597 995 3653 sit
1023 3597 1194 3668 gloria
1239 3606 1542 3668 praeparata
1593 3598 1678 3653 bis
1717 3599 1811 3670 qui
1850 3599 1907 3655 in

316 3686 418 3741 hoc
447 3685 650 3742 smculo
679 3686 911 3742 ﬁdeliter
934 3703 1033 3757 pro
1066 3688 1176 3744 Deo
1200 3688 1587 3745 tribulationes
1612 3691 1903 3756 sustinent,

313 3783 368 3829 et
394 3775 647 3831 laborant
667 3776 723 3831 in
752 3776 966 3833 Domini
991 3777 1290 3833 voluntate.
1694 3835 1710 3851 ,

393 3866 632 3923 Vanitati
655 3869 793 3923 enim
831 3879 1074 3925 creatura
1110 3870 1345 3941 subjecta
1376 3880 1472 3926 est.
1508 3871 1566 3927 Id
1597 3881 1703 3940 est,
1729 3875 1908 3932 omnis

319 3956 480 4012 homo
529 3958 757 4014 vanit’ti
802 3957 964 4029 hujus
1000 3961 1184 4016 mundi
1226 3961 1430 4017 invitus
1476 3971 1562 4018 est
1606 3965 1903 4036 subjectus,

319 4048 556 4117 quandiu
588 4050 976 4119 temporalibus
999 4050 1214 4107 deditus
1239 4059 1325 4108 est
1350 4053 1532 4120 rebus,
1556 4053 1643 4110 vel
1667 4056 1907 4126 quandiu

319 4139 438 4195 istis
484 4140 821 4197 transitoriis
878 4140 1080 4210 utitur,
1133 4155 1258 4215 qua:
1312 4150 1598 4201 transeunt
1646 4153 1907 4218 tanquam

323 4230 534 4284 umbra.

390 4322 515 4377 Non
536 4322 730 4379 volens.
755 4322 872 4382 Non
895 4325 1040 4382 enim
1065 4326 1206 4384 sicut
1225 4334 1418 4397 sponte
1445 4329 1693 4399 peccavit
1721 4330 1908 4398 homo,

323 4410 401 4467 sic
431 4413 598 4467 etiam
626 4423 819 4484 sponte
846 4417 1134 4482 damnatus
1162 4424 1250 4473 est
1290 4435 1306 4474 :
1342 4418 1442 4474 sed
1468 4416 1745 4475 voluntate
1788 4419 1906 4489 ejus

2006 3233 2283 3290 catoribus
2302 3235 2642 3306 disciplinam
2664 3237 2984 3296 docentibus
3009 3241 3250 3298 dolorem
3277 3243 3594 3316 ingerimus,

2006 3327 2098 3395 qui
2135 3341 2259 3381 cum
2285 3335 2504 3383 nostras
2527 3329 2869 3400 prospiciunt
2916 3331 3257 3401 iniquitates,
3288 3349 3486 3407 magno
3537 3353 3599 3393 se

2005 3413 2249 3488 amigunt
2268 3415 2414 3472 luctu
2438 3431 2539 3487 pro
2567 3418 2884 3476 excessibus
2911 3422 3134 3486 nostris,
3155 3430 3211 3477 et
3233 3422 3469 3479 divinam
3496 3441 3598 3497 pro

2006 3504 2165 3562 nobis
2209 3505 2501 3577 implorant
2534 3507 2793 3578 pietatem
2814 3548 2831 3576 ,
2860 3508 3138 3566 humiliter
3192 3511 3260 3568 de
3307 3516 3599 3584 praeteritis

2004 3596 2219 3651 veniam
2247 3597 2605 3668 postulantes,
2632 3605 2690 3652 et
2727 3598 2799 3654 de
2845 3597 3046 3654 futuris
3093 3601 3414 3657 custodiam.
3471 3603 3600 3660 Haec

2007 3698 2138 3755 ergo
2161 3692 2219 3741 et
2246 3686 2332 3741 his
2356 3685 2555 3741 similia
2583 3685 2871 3756 diligenter
2898 3701 2965 3742 ac
3011 3686 3245 3745 ﬁdeliter
3289 3691 3595 3763 cogitantes

2006 3782 2115 3824 non
2155 3768 2532 3837 squicseamus
2557 3768 2658 3834 eis,
2686 3768 2780 3838 qui
2805 3783 2907 3839 per
2944 3769 3178 3826 liberum
3227 3773 3513 3832 arbitrium
3541 3778 3599 3834 in

2007 3860 2317 3931 superbiam
2345 3859 2474 3916 elati
2496 3860 2842 3931 prmcipitare
2864 3863 3210 3935 semetipsos,
3242 3868 3419 3940 magis
3437 3884 3601 3940 quam

2006 3951 2223 4008 elevare
2247 3961 2536 4019 conantur,
2570 3954 2666 4009 sed
2698 3953 2978 4011 humiliter
3014 3955 3424 4030 consideremus
3471 3961 3600 4018 illud

2007 4042 2153 4112 quod
2183 4041 2475 4113 Apostolus
2499 4043 2652 4110 dicit,
2676 4042 2822 4100 Deus
2854 4045 2947 4117 qui
2983 4057 3235 4117 operatur
3271 4050 3325 4103 in
3361 4051 3502 4106 vobis
3550 4063 3601 4107 et

2008 4133 2134 4190 velle
2161 4143 2210 4189 et
2236 4135 2503 4206 perlicere,
2522 4136 2725 4207 gratias
2745 4151 2971 4208 agamus
2991 4137 3221 4195 Domino
3245 4155 3310 4196 ac
3330 4140 3601 4206 Salvatori

2010 4233 2216 4289 nostro,
2248 4225 2341 4295 qui
2363 4239 2465 4281 nos
2489 4226 2652 4282 nullis
2677 4228 3115 4298 praecedentibus
3152 4231 3363 4285 meritis
3406 4232 3599 4290 vulne-

2009 4322 2157 4370 ratos
2179 4316 2420 4383 curavit,
2447 4324 2502 4372 et
2529 4317 2777 4373 inimicos
2801 4318 3197 4386 reconciliavit,
3225 4328 3282 4375 et
3311 4321 3382 4376 de
3419 4325 3596 4393 capti-

2010 4405 2178 4462 vitate
2216 4406 2466 4474 redemit,
2497 4406 2566 4463 de
2611 4408 2852 4464 tenebris
2902 4410 2972 4464 ad
3019 4408 3196 4464 lucem
3242 4411 3480 4478 reduxit,
3529 4415 3600 4472 de

324 4502 416 4573 qui
440 4504 679 4575 disponit
706 4506 979 4575 universa,
1006 4507 1161 4578 cujus
1199 4502 1363 4566 etiam
1390 4512 1552 4567 homo
1579 4515 1906 4585 contempsit
1934 4491 1982 4551 Π
2013 4508 2189 4556 mone
2215 4501 2285 4555 ad
2307 4500 2473 4554 Vnam
2521 4500 2819 4566 ι’θνοοδνίῐο
2857 4507 2915 4556 ει
2961 4501 3243 4558 humiliter
3276 4503 3601 4564 conﬁtentes

324 4604 612 4665 praecepta.
629 4596 926 4667 Subiectus
954 4608 1036 4654 est
1060 4608 1243 4655 autem
1269 4601 1433 4656 homo
1456 4602 1704 4669 vanitati,
1739 4620 1910 4674 quan-

324 4684 412 4739 diu
440 4685 495 4740 in
524 4686 629 4741 bnc
656 4687 867 4742 mortali
904 4688 1102 4745 vixerit
1125 4706 1310 4745 carne.
1346 4690 1620 4761 Sequitur.

394 4778 659 4845 Quoniam
693 4790 742 4834 et
784 4782 899 4850 ipsa
944 4792 1186 4837 creatura
1240 4782 1546 4837 liberabitur
1589 4802 1621 4838 a
1665 4787 1912 4841 servitute

324 4869 671 4940 corruptionis
704 4870 758 4923 in
785 4870 1072 4925 libertatem
1099 4871 1283 4942 gloria:
1323 4871 1558 4942 ﬁliorum
1598 4872 1716 4928 Dei.
1747 4875 1911 4930 Crea-

322 4960 443 5015 'tura
474 4969 658 5016 autem
700 4970 845 5016 recte
879 4962 1078 5017 dicitur
1124 4964 1304 5027 homo,
1354 4963 1595 5033 quandiu
1641 4974 1909 5021 creatum

326 5067 430 5106 non
452 5052 693 5108 creatori
725 5053 979 5108 deservit.
1007 5052 1140 5108 Cum
1171 5063 1352 5109 autem
1391 5054 1551 5109 ﬁdem
1583 5056 1910 5125 perceperit,

326 5155 379 5202 et
402 5147 690 5203 Dominum
719 5145 890 5200 Deum
916 5160 1074 5202 suum
1108 5144 1407 5215 agnoverit,
1441 5151 1497 5200 et
1532 5142 1651 5213 ejus
1693 5143 1914 5201 obedire

327 5240 549 5310 ceperit
579 5238 867 5304 voluntati,
894 5253 1002 5293 non
1037 5235 1152 5306 jam
1182 5248 1457 5301 creatura,
1487 5237 1581 5292 sed
1626 5237 1720 5293 Dei
1772 5236 1916 5294 ﬁlius

327 5335 687 5400 nuncupatur.
709 5327 817 5383 Ista
841 5336 1023 5383 autem
1050 5337 1325 5393 creatura,
1353 5327 1406 5383 id
1433 5335 1538 5393 est,
1574 5328 1759 5395 homo,
1789 5342 1915 5384 cum

329 5418 504 5473 divina
530 5418 834 5490 inspirante
857 5418 1033 5491 gratia
1062 5418 1374 5484 crediderit,
1406 5417 1728 5473 liberabitur
1747 5433 1778 5473 a
1805 5433 1918 5475 ser-

327 5506 495 5566 vitute
521 5511 912 5583 corruptionis,
944 5519 1006 5566 ut
1032 5525 1142 5568 non
1170 5510 1416 5567 interitui
1444 5510 1666 5577 serviat,
1690 5511 1776 5567 cui
1801 5526 1915 5568 ser-

328 5606 477 5660 viunt
503 5620 697 5662 omnes
722 5614 1062 5677 peccatores,
1109 5602 1349 5676 quandiu
1398 5604 1453 5659 in
1499 5605 1742 5674 peccatis
1785 5619 1911 5675 pcr-

332 5706 565 5754 Inancnt.
595 5696 930 5754 Liberabitur
970 5704 1151 5753 autem
1198 5695 1267 5752 ab
1319 5695 1422 5751 ista
1470 5695 1814 5767 corruptione
1861 5705 1916 5750 ct

2012 4592 2362 4663 fragilitatem
2396 4599 2638 4647 nostram
2667 4591 2817 4648 illius
2866 4593 3297 4651 misericordiam
3346 4597 3603 4669 deprece—

2012 4700 2154 4739 mur.
2197 4684 2265 4740 Ut
2292 4684 2419 4755 quia
2448 4699 2548 4740 nos
2573 4684 2870 4740 secundum
2904 4684 3253 4743 Psalmistam
3288 4690 3601 4748 misericor-

2012 4777 2102 4832 dia
2124 4793 2219 4833 sua
2243 4778 2522 4847 prmvenit,
2555 4777 2806 4849 dignetur
2826 4777 2883 4834 in
2906 4780 3063 4837 nobis
3088 4798 3193 4837 non
3215 4783 3389 4839 solum
3403 4794 3600 4841 custo-

2013 4871 2152 4937 dire,
2175 4870 2270 4927 sed
2294 4870 2457 4925 etiam
2486 4885 2686 4941 augere
2714 4886 2937 4928 munera
2965 4881 3021 4928 et
3045 4874 3308 4931 beneﬁcia
3343 4892 3462 4943 sua,
3485 4893 3606 4949 qua:

2010 4963 2126 5033 ipse
2162 4962 2413 5032 dignatus
2461 4969 2549 5017 est
2591 4962 2742 5029 dare,
2773 4964 2866 5033 qui
2911 4980 3035 5021 cum
3082 4965 3247 5022 Patre
3288 4975 3346 5023 et
3392 4966 3607 5040 Spiritu

2012 5063 2203 5112 sancto
2241 5054 2377 5110 vivit
2425 5062 2482 5109 et
2534 5064 2720 5125 regnat
2770 5056 2827 5110 in
2880 5057 3092 5114 unitate
3141 5056 3379 5129 Spiritus
3428 5061 3602 5116 sancti

2017 5144 2157 5200 Deus
2210 5160 2353 5200 nunc
2402 5153 2462 5200 et
2512 5150 2758 5217 setnper,
2802 5154 2858 5202 et
2912 5148 2968 5203 in
3014 5148 3213 5205 smeula
3258 5148 3600 5206 siliculorum.

2015 5235 2209 5291 Amen.

2617 5326 2899 5385 IIOMILIA
2936 5328 2999 5384 C.

2553 5436 2608 5473 IN
2656 5434 2832 5474 εουειι
2883 5435 3071 5475 988⁸1⁸0.

2159 5511 2344 5567 Lectio
2372 5510 2545 5567 sancti
2578 5512 2857 5585 Evangelii
2896 5511 3192 5568 secundum
3239 5509 3459 5566 Lucam.

2089 5603 2154 5658 In
2187 5603 2280 5657 illo
2329 5613 2556 5672 tempore
2590 5602 2723 5657 dixit
2757 5601 2915 5657 Iesus
2941 5600 3211 5670 discipulis
3244 5602 3354 5657 suis
3381 5618 3400 5657 :
3423 5602 3605 5661 Eslote

2020 5696 2402 5767 misericordes,
2430 5695 2563 5749 sicut
2590 5703 2637 5747 et
2670 5691 2833 5748 Pater
2865 5700 3027 5749 vester
3048 5691 3352 5750 misericors
3364 5707 3459 5751 est.
