3962 6180
368 248 478 316 ωε

1017 256 1080 311 Β.
1123 253 1376 312 RABANI
1414 253 1632 311 MAURI
1667 250 1948 309 ARCIHEI

2057 252 2344 309 iOGUNT.
2388 252 2673 311 OPERUM
2714 254 2895 311 PARS
2929 255 2995 312 ll.
3531 267 3617 324 358

439 372 750 430 Misericors
772 378 859 426 est
882 369 1026 427 Deus
1057 384 1222 441 super
1260 370 1525 440 ingratos,
1552 376 1611 423 et
1636 366 1844 438 majore
1870 364 1956 420 vel
1990 370 2036 429 Α
2064 376 2281 423 cantem
2305 384 2332 422 a
2367 377 2652 437 peccatore
2679 369 2934 440 castigari
2970 383 3077 425 non
3104 383 3266 440 posse
3309 381 3622 443 praemonuit.

368 464 654 534 multiplici
694 462 905 520 scilicet
946 476 1043 517 sua
1089 459 1484 525 misericordia,
1528 473 1636 528 qua
1670 458 1833 514 etiam
1884 456 1963 525 ju—

369 565 554 612 menta
577 554 768 620 salvat,
797 552 1111 623 temporalia
1135 552 1273 608 bona
1297 550 1579 623 largiendo
1606 551 1687 607 vel
1720 550 1962 606 caelestia

369 647 507 703 bona
536 645 796 716 singulari
838 643 1034 715 gratia,
1058 657 1165 713 qua
1213 642 1420 699 electos
1470 641 1647 698 solum
1697 640 1963 711 glorificat

370 736 699 807 inspirando.
765 733 874 790 Sed
925 734 1039 789 sive
1088 733 1194 789 hoc
1247 734 1362 789 sive
1408 731 1540 787 illud
1590 732 1705 787 sive
1753 740 1964 786 utrum-

367 844 473 898 que
496 826 784 896 intelligas,
810 841 1003 896 magna
1032 826 1127 880 Dei
1150 826 1392 880 bonitate
1412 825 1492 889 tit,
1516 839 1639 894 qua:
1664 824 1820 879 nobis
1844 823 1964 879 imi-

367 920 531 977 tanda
559 919 891 989 praccipitur,
930 919 978 973 si
1004 917 1101 972 lilii
1138 916 1233 973 Dei
1262 930 1383 973 esse
1412 915 1683 980 volumus,
1708 914 1963 985 gloriam-

366 1028 474 1084 que
495 1012 729 1067 filiorum
759 1012 854 1067 Dei
891 1010 1160 1066 oblinere.

421 1103 476 1157 Ν
481 1101 599 1157 olite
604 1102 850 1172 judicare
863 1118 883 1167 ,°
896 1112 943 1155 et
965 1117 1068 1156 non
1072 1101 1103 1169 j
1108 1098 1446 1155 udicabimini
1453 1139 1469 1164 ,
1482 1098 1642 1154 nolite
1654 1099 1963 1154 condemna-

364 1212 439 1259 re,
467 1205 515 1250 et
538 1212 643 1250 non
658 1193 1158 1249 condemnabimini.
1186 1191 1301 1248 lloc
1327 1191 1447 1248 loco
1474 1191 1608 1247 nihil
1638 1190 1783 1246 aliud
1807 1189 1963 1245 nobis

363 1284 583 1356 praecipi
607 1284 886 1349 existimo,
916 1283 1021 1338 nisi
1048 1292 1200 1339 utea
1229 1282 1374 1338 facta
1414 1296 1536 1352 qua:
1582 1280 1809 1337 dubium
1853 1288 1956 1345 est,

365 1395 475 1450 quo
501 1379 683 1434 animo
709 1377 846 1433 fiant
868 1377 923 1433 in
951 1376 1229 1432 meliorem
1256 1384 1466 1446 partem
1518 1374 1958 1444 interpretemur.

412 1500 446 1525 ε
460 1466 758 1532 Dimittite;
781 1480 828 1521 et
850 1469 1149 1523 dimittetur
1170 1469 1334 1533 vobis,
1347 1470 1468 1525 date
1486 1477 1536 1524 et
1556 1469 1769 1524 dabitur
1792 1468 1955 1524 vobis.

391 1559 676 1617 Dimittere
715 1576 818 1617 nos
862 1560 1112 1629 injurias,
1142 1561 1277 1616 dare
1306 1562 1569 1618 beneficia
1596 1561 1775 1634 jubet,
1812 1570 1872 1617 ut
1904 1570 1961 1617 et

394 1651 555 1708 nobis
578 1662 797 1723 peccata
824 1653 1190 1719 dimittantur,
1212 1663 1268 1709 et
1286 1655 1395 1710 vita
1417 1654 1580 1711 detur
1598 1665 1820 1710 aeterna.
1843 1655 1959 1719 Qua

2065 455 2215 510 Multi
2239 456 2382 510 enim
2405 457 2657 526 superbia
2669 457 2753 512 vel
2772 458 3262 531 odiospbilargyria
3292 461 3373 517 vel
3399 468 3620 525 avaritia.

2063 547 2145 602 vel
2177 548 2284 602 alio
2333 548 2574 617 quolibet
2626 550 2854 604 crimine
2893 552 3153 619 prmventi
3203 553 3339 608 levia
3391 556 3497 613 hzcc
3545 574 3629 617 aut

2064 638 2211 693 nulla
2244 638 2553 709 judicantcs
2587 642 2872 715 acerrime
2920 643 3241 713 corripiunt,
3295 662 3427 715 quos
3469 652 3623 708 subita

2063 728 2295 784 viderint
2323 730 2403 783 ira
2433 712 2695 796 turbaios,
2717 731 2933 787 (iculum
2968 735 3164 790 mentis
3189 752 3217 789 a
3252 738 3408 793 solito
3440 744 3627 809 purita-

2064 819 2134 873 tis
2164 826 2305 873 statu
2334 821 2491 889 quasi
2542 822 2751 876 festuca
2783 824 3023 879 irruente
3060 834 3320 890 mutasse,
3354 839 3506 899 atque
3533 834 3625 886 im-

2062 926 2332 967 memores
2363 913 2625 968 Dominici
2642 916 2922 986 praecepti,
2948 932 3056 987 quo
3079 918 3176 984 ait,
3204 919 3383 975 Nolite
3408 925 3629 978 condem-

2063 1018 2189 1055 nare
2244 1014 2291 1056 et
2358 1021 2461 1057 non
2518 1007 3031 1072 condemnabintini,
3086 1011 3260 1079 magis
3314 1023 3491 1069 amant
3553 1018 3628 1072 vi-

2062 1102 2316 1162 tuperare
2357 1102 2414 1149 ct
2454 1097 2745 1164 damnare,
2785 1113 2951 1168 quam
2998 1102 3292 1158 emendare
3331 1113 3487 1174 atque
3516 1123 3627 1163 cor-

2062 1199 2256 1253 rigere.

2131 1275 2201 1329 Et
2221 1279 2483 1348 quomodo
2510 1291 2654 1351 potes
2707 1283 2879 1337 dicere
2924 1284 3081 1356 fratri
3120 1296 3210 1342 tuo
3242 1305 3261 1342 :
3303 1287 3506 1357 Frater,
3530 1294 3630 1348 sine

2060 1367 2268 1437 ejiciam
2292 1369 2549 1439 festucam
2566 1372 2631 1427 de
2652 1374 2804 1427 oculo
2839 1384 2952 1441 tuo,
2987 1378 3098 1447 ipse
3144 1381 3343 1435 trabem
3389 1383 3443 1435 in
3493 1385 3629 1439 oculo

2060 1467 2148 1512 tuo
2172 1475 2277 1513 non
2299 1460 2520 1516 videns?
2559 1462 2685 1519 llaec
2729 1480 2853 1520 cum
2905 1467 3072 1524 fratre
3120 1471 3237 1541 agis
3282 1473 3431 1527 verbi
3469 1476 3629 1546 gratia

2059 1548 2201 1618 quod
2226 1548 2306 1603 ira
2335 1549 2424 1604 ille
2454 1554 2715 1620 peccavit,
2744 1565 2800 1609 tu
2823 1557 2947 1612 odio
2970 1560 3338 1629 reprehendis.
3378 1561 3630 1629 Quantum

2059 1645 2239 1693 autem
2270 1640 2412 1694 inter
2434 1640 2698 1698 festucam
2729 1654 2786 1700 et
2810 1648 3040 1713 trabem,
3068 1656 3277 1730 tantum
3319 1652 3461 1708 inter
3506 1655 3630 1709 iram

396 1745 669 1803 sententia
694 1746 843 1801 brevi
869 1743 963 1799 sed
990 1745 1189 1798 eximia
1215 1754 1442 1806 cuncta,
1461 1760 1578 1814 quae
1605 1744 1867 1800 latissime
1895 1743 1948 1798 dt

2061 1729 2227 1784 distat
2256 1739 2418 1799 atque
2443 1733 2646 1788 odium.
2676 1735 2871 1791 Odium
2913 1746 2999 1793 est
3030 1720 3174 1795 enim
3209 1742 3287 1796 ira
3324 1744 3631 1811 inveterata,

363 1830 736 1889 conversando
762 1845 887 1885 cum
914 1827 1152 1884 inimicis
1199 1828 1576 1894 mandaverat,
1600 1826 1959 1898 comprehen-

366 1927 543 1985 dendo
571 1924 867 1982 concludit.

438 2016 747 2073 Mansuram
787 2013 1002 2077 bonam,
1030 2021 1079 2067 et
1122 2010 1435 2082 confertam,
1466 2020 1514 2066 et
1549 2012 1886 2081 coagitatam,
1909 2017 1957 2062 et

352 2106 808 2178 'supereﬂluentem
854 2100 1101 2174 [dabunt]
1131 2102 1183 2155 in
1212 2102 1387 2155 sinum
1424 2111 1669 2156 vestrum.
1715 2100 1854 2155 lluic
1884 2099 1957 2153 si-

364 2196 494 2252 mile
520 2202 605 2251 est
629 2192 771 2264 quod
801 2192 930 2249 alibi
960 2191 1124 2256 dicit,
1157 2200 1214 2245 ut
1241 2199 1291 2244 et
1329 2191 1431 2260 ipsi
1472 2190 1724 2258 recipiant
1772 2205 1861 2243 vos
1901 2189 1956 2242 in

365 2298 561 2346 teterna
591 2282 949 2341 tabernacula.
998 2281 1114 2337 Non
1168 2281 1314 2336 enim
1362 2295 1629 2352 pauperes
1674 2279 1816 2349 ipsi,
1861 2278 1955 2333 sed

363 2380 615 2438 Christus
637 2377 945 2434 mercedem
976 2373 1062 2430 his
1085 2374 1178 2445 qui
1204 2373 1605 2443 cleemosynam
1633 2369 1813 2426 fecere
1838 2370 1955 2424 red-

361 2469 578 2527 diturus
600 2475 705 2524 est.
738 2466 912 2535 Quam
942 2472 1123 2520 tamen
1168 2465 1223 2519 in
1269 2463 1449 2518 sinum
1499 2462 1630 2516 dare
1670 2460 1954 2524 dicuntur,

364 2561 492 2633 quia
517 2556 877 2632 promerendo
906 2554 1047 2611 illius
1069 2553 1412 2610 occasionem
1459 2551 1676 2616 dedere,
1706 2564 1830 2605 cum
1868 2548 1956 2606 vel

364 2648 646 2725 egentibus
689 2646 897 2703 miserti
926 2645 1011 2700 vel
1056 2643 1304 2714 improbe
1347 2642 1629 2698 strvientes
1668 2638 1952 2695 fortiorum

361 2750 512 2808 sunt,
544 2748 600 2794 et
634 2736 847 2794 tolerati
873 2733 1155 2806 patientia,
1176 2743 1231 2789 et
1259 2730 1620 2788 beneficentia
1642 2729 1951 2797 sustentati,

363 2840 421 2887 et
467 2829 535 2886 ad
580 2828 753 2900 ipsam
820 2824 1108 2896 aliquoties
1164 2823 1325 2880 ﬁdem
1392 2821 1733 2893 indulgentia:
1777 2822 1952 2893 gratia

359 2919 592 2992 probati.

433 3010 635 3067 Eadem
665 3009 854 3082 quippe
883 3022 1127 3063 mensura
1153 3022 1255 3078 qua
1304 3006 1468 3060 mensi
1511 3004 1737 3074 fueritis,
1780 3018 1945 3057 reme-

2062 1834 2181 1889 qua:
2202 1821 2356 1890 quasi
2386 1831 2656 1880 vetustate
2693 1825 2808 1895 ipsa
2858 1836 3068 1884 tantum
3110 1833 3404 1902 acceperit,
3429 1842 3490 1888 ut
3531 1850 3635 1889 me-

2061 1911 2164 1967 rito
2190 1912 2490 1984 appelletur
2521 1917 2722 1972 trabes.
2756 1918 2898 1975 Fieri
2928 1930 3109 1978 autem
3132 1934 3312 1993 potest
3356 1935 3420 1981 ut
3454 1928 3497 1982 si
3537 1928 3637 1982 ira-

2059 2003 2225 2058 sceris
2253 2005 2459 2059 homini
2485 2006 2616 2063 velis
2642 2022 2767 2063 eum
2789 2011 3021 2085 corrigi;
3053 2015 3100 2069 si
3125 2024 3304 2070 autem
3333 2017 3515 2073 oderis
3547 2019 3638 2073 ho-

2058 2096 2279 2161 minem,
2296 2112 2401 2153 non
2414 2108 2570 2169 potes
2589 2115 2711 2156 eum
2738 2101 2874 2158 velle
2901 2104 3199 2175 corrigere,
3222 2115 3280 2161 et
3297 2107 3423 2162 ideo
3445 2109 3638 2179 impos-

2058 2186 2213 2242 sibile
2243 2188 2461 2256 dicitur,
2486 2199 2546 2244 ut
2589 2190 2854 2248 festucam
2892 2192 3081 2251 fratris
3117 2196 3274 2253 oculo
3317 2198 3522 2264 demat,
3549 2199 3637 2269 qui

2058 2294 2155 2335 suo
2188 2280 2397 2336 trabem
2421 2291 2595 2352 gestat
2622 2284 2679 2338 in
2708 2285 2885 2341 oculo.

2128 2369 2439 2442 Hypocrita,
2469 2373 2597 2443 ejice
2633 2376 2863 2444 primum
2916 2378 3115 2433 trabem
3160 2379 3226 2434 de
3272 2381 3426 2436 oculo
3454 2391 3565 2449 tuo,
3592 2391 3641 2437 et

2056 2470 2180 2514 tunc
2204 2462 2481 2532 perspicies
2498 2474 2552 2517 ut
2580 2464 2774 2519 educas
2796 2466 3051 2535 festucam
3084 2468 3151 2523 tle
3170 2468 3320 2524 oculo
3341 2471 3527 2540 fratris
3543 2474 3637 2527 tui.

2055 2550 2113 2606 ld
2142 2558 2247 2619 est,
2271 2552 2505 2623 primum
2527 2554 2735 2625 expelle
2766 2555 2861 2611 abs
2881 2565 2932 2611 te
2951 2558 3158 2626 odium,
3189 2569 3242 2615 et
3268 2562 3528 2633 deinceps
3550 2578 3641 2633 po-

2057 2640 2190 2697 teris
2208 2640 2324 2710 jam
2373 2656 2498 2699 eum
2526 2660 2690 2714 quem
2739 2646 2917 2717 diligis
2959 2651 3269 2706 emendare.
3304 2652 3377 2707 Et
3406 2663 3494 2708 est
3520 2669 3641 2709 vere

2055 2732 2281 2788 multum
2323 2736 2642 2802 cavendum,
2697 2745 2754 2792 et
2802 2739 3087 2795 molestum
3125 2743 3559 2813 hypocritarum,
3591 2744 3642 2799 id

2055 2831 2158 2889 est,
2185 2823 2563 2882 simulatorum
2583 2842 2773 2898 genus,
2807 2831 2899 2899 qui
2933 2847 3057 2886 cum
3096 2834 3340 2889 omnium
3387 2835 3640 2890 vitiorum

2055 2914 2432 2971 accusationes
2456 2918 2580 2972 odio
2606 2927 2661 2972 et
2681 2918 2849 2975 livore
2879 2922 3197 2991 suscipiant,
3238 2925 3407 2979 etiam
3428 2924 3643 2980 consul-

2054 3018 2202 3068 tores
2231 3012 2402 3069 videri
2436 3025 2495 3066 se
2516 3010 2721 3077 volunt,
2749 3019 2805 3067 et
2832 3012 2951 3067 ideo
2994 3014 3082 3083 pie
3111 3023 3378 3085 cauteque
3406 3016 3639 3087 vigilan-

358 3103 518 3158 tictur
547 3077 708 3156 vobis.
737 3077 804 3154 Et
823 3096 1114 3170 Apostolus
1133 3097 1201 3152 ad
1222 3095 1617 3165 cleemosynam
1639 3093 1947 3151 Corinthios
1975 3077 2019 3138 (ἶ
2051 3101 2179 3157 dum
2203 3111 2311 3166 est,
2328 3109 2388 3156 ut
2414 3116 2535 3156 cum
2562 3100 2794 3171 aliquem
2826 3077 3221 3170 reprehendere
3247 3077 3330 3159 vel
3350 3077 3645 3174 objuvrgare

361 3194 607 3255 hortans,
625 3190 765 3245 inter
780 3187 884 3243 alia
898 3188 1050 3253 dicit,
1063 3188 1152 3260 qui
1172 3202 1326 3258 parce
1349 3186 1588 3248 seminat,
1609 3201 1765 3254 parce
1777 3196 1824 3240 et
1843 3201 1948 3239 me-

359 3292 452 3348 tet,
468 3292 516 3337 et
539 3281 628 3352 qui
647 3281 867 3335 seminat
889 3279 944 3334 in
964 3276 1402 3334 benedictionibus
1423 3276 1487 3330 de
1506 3275 1946 3330 benedictionibus

358 3381 408 3428 et
435 3378 610 3427 metet.
639 3367 825 3425 Potest
847 3376 1031 3424 autem
1056 3366 1125 3422 de
1152 3365 1435 3430 omnibus,
1458 3379 1579 3435 qua:
1599 3374 1781 3420 mente
1799 3404 1814 3431 ,
1832 3379 1949 3418 ma-

357 3480 454 3530 nu,
476 3463 680 3537 lingua,
704 3463 944 3535 gerimus
969 3459 1166 3530 accipi,
1196 3458 1325 3530 quia
1355 3464 1414 3512 tu
1452 3456 1648 3512 reddes
1693 3456 1942 3528 singulis,

355 3554 551 3627 inquit,
574 3553 872 3610 secundum
906 3565 1071 3621 opera
1096 3563 1308 3605 eorum.

423 3644 639 3701 Dicebat
663 3654 838 3700 autem
868 3641 977 3699 illis
1008 3650 1058 3699 et
1100 3640 1520 3697 similitudinem.
1552 3638 1807 3712 Nunquid
1851 3654 1945 3711 po-

354 3745 453 3793 test
481 3753 652 3792 carcus
677 3751 874 3791 ctccum
901 3733 1129 3789 ducere?
1152 3732 1341 3788 Nonne
1363 3733 1514 3786 ambo
1542 3733 1598 3786 in
1628 3731 1830 3801 foveam
1856 3748 1948 3785 ca-

354 3826 518 3883 dent?
539 3824 743 3880 Sensus
770 3822 1145 3892 hujuscemodi
1165 3823 1446 3879 sentcntiae
1472 3822 1670 3892 pendet
1692 3837 1761 3878 ex
1787 3837 1945 3893 supe-

355 3916 613 3980 rioribus,
647 3914 738 3968 ubi
764 3913 834 3968 de
868 3912 1045 3968 danda
1076 3912 1417 3983 elecmosyna
1443 3921 1499 3967 et
1526 3911 1727 3982 injuria
1761 3912 1944 3967 dimit-

356 4007 517 4064 tenda
545 4004 875 4077 prtecipitur.
906 4002 964 4059 Si
992 4012 1066 4068 te,
1092 4002 1288 4072 inquit,
1310 4003 1390 4057 ira
1416 4010 1606 4058 contra
1625 4002 1939 4067 violentum,

353 4108 410 4155 et
441 4107 633 4157 contra
679 4104 954 4168 potentem
996 4094 1327 4166 pbilargyria
1352 4094 1656 4160 cazcaverit,
1701 4095 1942 4164 nunquid

355 4206 447 4250 tua
477 4201 659 4250 mente
680 4190 871 4246 vitiata
895 4190 1085 4245 vitium
1114 4186 1233 4257 ejus
1257 4202 1451 4243 curare
1471 4188 1710 4257 poteris?
1730 4187 1943 4243 Autille

353 4285 502 4343 solus
520 4284 616 4355 qui
637 4282 893 4356 iniuriam
931 4280 1079 4347 fecit,
1105 4288 1290 4335 etnon
1340 4288 1394 4335 tu
1440 4280 1605 4335 etiam
1652 4280 1745 4349 qui
1797 4278 1941 4336 ferre

352 4377 633 4435 nesciebas
657 4389 784 4432 reus
798 4373 1177 4445 deputaberis?
1198 4374 1268 4428 At
1289 4373 1333 4429 si
1358 4372 1543 4427 mitem
1573 4380 1649 4437 te,
1675 4372 1937 4443 tranquil-

352 4468 570 4538 lumque
594 4466 830 4537 pectoris
851 4434 968 4534 ejus
993 4464 1312 4535 improbitas
1335 4434 1706 4526 invenerit,vet
1750 4434 1838 4517 ille
1867 4464 1933 4519 ad
1964 4434 2015 4491 Β

350 4557 729 4630 pteuitentlam
754 4557 1078 4623 movebitur,
1103 4563 1159 4611 et
1198 4565 1252 4611 tu
1286 4554 1561 4627 patientiae
1588 4554 1812 4623 prcemio
1840 4555 1935 4610 do-

352 4651 594 4717 naberis,
619 4651 746 4720 quia
776 4664 979 4704 czecum
1011 4650 1228 4705 vidente
1265 4648 1442 4714 oculo,
1496 4648 1598 4703 hoc
1639 4656 1745 4714 est,
1774 4648 1935 4704 corde

350 4756 544 4797 sereno
567 4740 768 4797 ducere
792 4738 1023 4796 curabas
1051 4740 1117 4794 ad
1151 4740 1353 4794 lumen.

426 4833 551 4887 Non
570 4842 643 4887 est
666 4830 955 4901 discipulus
967 4846 1125 4902 super
1142 4832 1472 4901 magistrum;
1488 4828 1746 4899 perfectus
1759 4837 1933 4883 autem

350 4924 518 4979 omnis
545 4933 663 4988 ent,
691 4923 735 4976 si
760 4924 828 4976 sit
847 4922 981 4975 sicut
1009 4920 1256 4992 magister
1275 4920 1408 4990 ejus.
1442 4918 1498 4973 Si
1533 4918 1817 4989 magister,
1842 4918 1934 4988 qui

352 5016 540 5085 utique
564 5014 721 5084 quasi
750 5014 890 5068 Deus
913 5011 1088 5081 potuit
1110 5025 1217 5067 non
1240 5026 1365 5067 suas
1387 5011 1559 5064 ultum
1586 5010 1665 5064 ire
1688 5009 1932 5079 injurias,

351 5108 446 5166 sed
474 5109 618 5178 ipsos
645 5105 836 5161 maluit
864 5104 1201 5158 insecutores
1222 5102 1473 5171 patiendo
1493 5098 1719 5155 reddere
1754 5100 1935 5153 mitio-

351 5219 461 5269 res,
491 5201 735 5257 eamdem
769 5210 990 5253 necesse
1016 5204 1100 5250 est
1130 5193 1399 5263 discipuli,
1427 5191 1661 5263 quipuri
1690 5191 1938 5245 homines

350 5302 494 5359 sunt,
526 5289 764 5363 regulam
794 5284 1143 5359 perfectionis
1171 5293 1486 5354 sequantur.

421 5386 561 5452 Quid
590 5392 766 5437 autem
789 5380 928 5435 vides
950 5379 1207 5449 festucam
1228 5377 1283 5431 in
1308 5375 1459 5430 oculo
1487 5375 1669 5447 fratris
1699 5375 1799 5439 tui,
1823 5382 1938 5426 tra-

351 5477 463 5531 bem
501 5484 675 5532 autem
710 5490 826 5547 qua?
869 5473 925 5527 in
968 5470 1120 5525 oculo
1167 5479 1257 5524 tuo
1304 5478 1400 5533 est,
1436 5483 1540 5520 non
1596 5464 1938 5520 consideras?

352 5567 550 5623 Oculus
579 5567 669 5623 hic
700 5581 800 5637 pro
823 5577 987 5621 sensu
1020 5561 1217 5616 mentis
1256 5559 1498 5628 ponitur,
1526 5563 1582 5610 ct
1619 5555 1721 5610 hoc
1752 5554 1818 5608 ad
1845 5568 1936 5609 su-

352 5658 565 5726 periora
597 5657 836 5726 respicit,
854 5653 945 5711 ubi
977 5666 1178 5708 caecum
1212 5665 1240 5703 a
1274 5663 1415 5704 caeco
1443 5646 1582 5710 duci,
1609 5642 1663 5699 id
1693 5652 1932 5713 est,pec-

2046 3192 2344 3247 necessitas
2366 3191 2623 3263 coegerit,
2654 3192 2831 3262 primo
2876 3193 3177 3264 cogitemus
3216 3203 3403 3251 utrum
3435 3196 3544 3253 tale
3572 3197 3646 3252 sit

2048 3282 2258 3345 vitium,
2289 3282 2431 3352 quod
2453 3297 2727 3352 nunquam
2759 3284 3070 3349 habuimus,
3092 3285 3178 3341 vel
3201 3302 3310 3356 quo
3337 3287 3642 3349 caruimus,

2046 3380 2101 3427 et
2137 3372 2184 3427 si
2223 3387 2496 3441 nunquam
2520 3372 2826 3437 habuimus,
2849 3372 3149 3443 cogitemus
3175 3383 3230 3429 et
3258 3391 3361 3431 nos
3392 3377 3644 3433 homines

2044 3476 2184 3528 esse,
2215 3469 2268 3517 et
2322 3462 2525 3517 habere
2547 3463 2805 3532 potuisse.
2852 3462 2910 3519 Si
2951 3480 3083 3521 vero
3130 3465 3426 3525 habuimus
3448 3477 3507 3524 et
3534 3484 3645 3524 non

2045 3551 2331 3618 habemus,
2385 3559 2570 3622 tangat
2617 3555 2935 3630 memoriam
2991 3559 3293 3613 communis
3320 3559 3641 3624 infirmitas,

2046 3651 2106 3697 ut
2157 3642 2304 3698 illam
2350 3643 2827 3713 reprehensionem
2880 3656 2974 3700 aut
3020 3646 3481 3718 objurgationem,
3534 3665 3646 3704 non

2043 3733 2225 3787 odium
2270 3733 2366 3789 sed
2412 3734 2784 3790 misericordia
2840 3737 3130 3804 praecedat,
3171 3738 3359 3808 sicque
3386 3740 3644 3795 doctrina

2043 3824 2277 3880 salubris
2297 3840 2362 3881 ex
2387 3824 2672 3882 dilectione
2702 3827 2795 3882 Dei
2817 3830 3126 3898 et'proximi
3150 3831 3499 3896 confirmata,
3532 3839 3643 3885 tam

2043 3915 2250 3972 doctori
2287 3932 2451 3987 quam
2485 3917 2648 3972 etiam
2684 3919 2927 3974 ’auditori
2973 3921 3041 3974 ad
3086 3930 3347 3978 aeternam
3385 3920 3649 3990 proficiet

2042 4010 2290 4074 salutem,
2322 4018 2614 4080 priestante
2636 4010 2865 4066 Domino
2892 4021 3077 4067 nostro
3106 4012 3235 4068 Jesu
3265 4012 3520 4077 Christo,
3547 4011 3646 4081 qui

2042 4116 2163 4155 cum
2192 4100 2350 4155 Patre
2378 4108 2433 4156 et
2462 4099 2666 4170 Spiritu
2699 4110 2914 4165 sancto,
2961 4101 3096 4155 vivit
3137 4110 3194 4156 et
3234 4110 3434 4173 regnat
3476 4102 3646 4166 Deus,

2041 4201 2140 4256 per
2163 4188 2343 4242 omnia
2371 4187 2565 4243 sarcula
2588 4187 2928 4242 saeculorum.
2951 4188 3144 4243 Amen.

2613 4315 2895 4373 llOMlLlA
2960 4317 3043 4373 Cl.

2262 4423 2314 4462 IN
2352 4422 2553 4463 VlGlLlA
2592 4422 2781 4462 SANCTI
2832 4424 3047 4463 JOANNIS
3081 4425 3378 4465 BAPTISTE.

2427 4517 2612 4575 Lectio
2654 4518 2903 4574 Jeremizr.
2938 4520 3233 4591 prophetae.

2116 4633 2433 4706 Priusquam
2479 4643 2527 4687 te
2573 4633 2858 4703 formarem
2880 4634 2934 4687 in
2959 4644 3128 4699 utero,
3163 4635 3281 4688 novi
3301 4644 3387 4700 te;
3411 4646 3467 4690 et
3497 4644 3655 4690 ante-

2041 4742 2198 4794 quam
2220 4726 2388 4779 ca‘ires
2416 4724 2480 4777 de
2506 4722 2681 4789 vulva,
2713 4723 3037 4792 suncti/icari
3065 4732 3133 4789 te,
3160 4733 3209 4777 et
3242 4724 3569 4794 prOphetam
3597 4727 3655 4777 in

2042 4816 2280 4888 gentibus
2305 4814 2426 4869 dedi
2455 4824 2523 4869 te.

2111 4905 2227 4963 Non
2251 4906 2395 4975 quod
2424 4914 2550 4959 ante
2580 4905 3011 4975 conceptionem,
3033 4912 3093 4960 ut
3118 4904 3342 4960 bmresis
3385 4906 3658 4976 suspica-

2043 5006 2155 5063 tur,
2173 4996 2334 5053 fuerit
2384 4994 2668 5061 Jeremias,
2694 4996 2789 5050 sed
2825 4996 2967 5065 quod
3003 4995 3304 5065 prtescierit
3326 5010 3464 5051 eum
3500 4994 3659 5051 futu-

2042 5103 2162 5142 rum
2193 5085 2477 5150 Dominus,
2517 5086 2605 5140 cui
2659 5086 2887 5140 necdum
2935 5084 3077 5139 facta
3119 5085 3233 5155 jam
3282 5082 3433 5138 facta
3493 5095 3655 5149 sunt,

2043 5179 2336 5235 secundum
2369 5176 2497 5232 illud
2522 5176 2663 5246 quod
2686 5174 2975 5246 Apostolus
3002 5174 3239 5245 loquitur
3263 5173 3355 5244 qui
3384 5184 3567 5229 vocat
3588 5190 3658 5229 ea

2043 5285 2162 5341 qua:
2189 5286 2294 5327 non
2322 5277 2498 5334 erant,
2521 5269 2673 5338 quasi
2699 5283 2762 5323 ea
2790 5276 2991 5323 essent.
3027 5267 3254 5335 Quidam
3284 5267 3437 5321 hunc
3460 5267 3659 5322 locum

2040 5377 2200 5432 super
2224 5360 2506 5416 Salvatore
2529 5357 2855 5429 intelligunt,
2886 5358 2977 5427 qui
3000 5357 3216 5428 proprie
3242 5355 3533 5425 propheta
3564 5363 3659 5409 est

2038 5454 2300 5523 gentium,
2344 5460 2399 5507 et
2424 5465 2520 5521 per
2565 5448 2837 5520 apostolos
2876 5448 3090 5504 vocavit
3133 5461 3323 5501 omnes
3349 5446 3657 5501 nationes.

2036 5546 2141 5600 Istc
2170 5545 2314 5599 enim
2341 5556 2469 5596 vere
2495 5541 2809 5611 priusquam
2836 5540 2890 5594 in
2923 5548 3077 5594 utero
3107 5537 3444 5592 formaretur
3474 5537 3660 5606 virgi-

2036 5640 2166 5707 nali,
2213 5646 2267 5696 et
2298 5646 2583 5706 antequam
2626 5634 2800 5690 exiret
2826 5634 2891 5689 de
2925 5631 3082 5689 vulva
3126 5629 3337 5699 matris,
3377 5626 3662 5685 sanctifi-
