3962 6180
318 303 415 357 557

1403 303 1706 360 ΠΟΜῘΜΑΞ
1748 302 1813 357 lN
1852 302 2104 360 EVANG.
2147 304 2233 359 ET
2271 304 2488 360 EPIST.

3471 313 3576 367 538

316 420 467 468 catus
494 407 550 463 ln
576 414 734 463 utero
754 415 858 475 est,
887 416 941 465 et
967 417 1127 465 notus
1152 410 1323 477 Patri,
1351 413 1547 484 quippe
1567 414 1658 484 qui
1681 427 1893 483 semper
1919 415 1965 475 Α
1992 420 2320 482 penetratur,
2353 426 2501 471 recte
2547 421 2602 470 et
2647 415 2700 469 in
2730 415 2927 489 templo
2982 415 3284 476 Salomonis
3315 421 3575 493 mysticus

325 497 374 553 in
399 501 581 564 Patre,
605 508 661 554 et
689 499 743 552 in
767 514 875 568 quo
902 516 1114 571 semper
1142 501 1322 557 Pater.

381 593 451 648 Et
482 591 630 646 dixi:
648 590 871 645 Domine
897 591 1056 657 Deus,
1088 610 1202 647 ecce
1227 595 1399 648 nescio
1431 595 1597 666 loqui._
1620 596 1743 666 quia
1771 613 1899 663 puer

311 700 400 754 ego
425 699 567 736 sum.
602 679 673 734 Et
701 681 836 735 dixit
867 680 1122 737 Dominus
1149 684 1218 737 ad
1236 700 1317 738 me
1342 698 1360 736 :
1386 684 1511 739 Noli
1540 686 1730 748 dicere,
1760 685 1897 752 Quia

311 788 437 840 puer
457 786 604 835 sum,
633 770 883 841 quoniam
914 771 982 824 ad
1012 773 1189 826 omnia
1217 790 1333 844 qua:
1351 774 1553 828 mittam
1588 786 1658 840 te,
1682 774 1814 841 ibis;
1849 784 1897 829 et

312 859 558 911 universa
592 874 709 928 quia
736 858 1051 913 mandavero
1081 860 1195 926 tibi,
1244 862 1492 932 loqueris.
1538 862 1622 917 Ne
1660 864 1843 917 timeas
1864 880 1895 916 a

312 946 446 1015 {acie
482 962 691 1013 eorum,
729 948 853 1017 quia
885 957 1053 1001 tecum
1078 964 1171 1019 ego
1218 966 1333 1004 sum
1373 961 1429 1005 ut
1461 967 1643 1006 eruam
1668 961 1737 1017 te,
1770 952 1895 1006 dicit

310 1036 592 1093 Dominus.
623 1037 851 1105 Quando
871 1048 1050 1094 autem
1081 1040 1229 1096 venit
1253 1042 1305 1095 in
1354 1057 1551 1113 corpus
1576 1044 1891 1108 humanum,

311 1131 438 1186 dicit
480 1133 536 1186 in
567 1132 788 1187 exordio
811 1149 825 1186 :
853 1131 1042 1187 Nescio
1065 1132 1227 1203 loqui,
1254 1133 1376 1204 quia
1400 1134 1610 1205 juvenis
1638 1151 1731 1206 ego
1753 1151 1890 1190 sum.

307 1221 532 1278 iuvenis
578 1232 801 1295 prepter
839 1224 1319 1295 dispensationem,
1371 1241 1531 1299 senex
1566 1227 1721 1297 juxta
1768 1228 1891 1295 hoc,

308 1316 452 1384 quod
487 1316 879 1387 primogenitus
899 1316 1075 1371 omnis
1096 1326 1380 1371 creaturae.
1424 1317 1646 1373 Juvenis
1686 1322 1809 1390 quia
1838 1322 1891 1375 in

306 1406 773 1460 consummatione
789 1403 902 1474 jam
932 1406 1135 1470 smculi,
1163 1415 1217 1461 et
1249 1406 1299 1460 in
1327 1415 1570 1463 extremo
1591 1407 1748 1476 hujus
1768 1412 1892 1466 vita:

305 1502 551 1562 tempore
577 1494 811 1549 advenit.
837 1495 978 1550 Dicit
1007 1495 1210 1565 itaque,
1237 1497 1407 1549 nescio
1428 1494 1589 1562 loqui,
1612 1499 1724 1552 seio
1746 1499 1888 1553 enim

304 1583 552 1652 quaedam
598 1581 803 1651 majora
856 1583 1023 1653 loqui,
1074 1584 1188 1639 scio
1243 1583 1514 1653 eloquium
1562 1594 1732 1651 tuum,
1775 1588 1888 1642 scio

302 1672 532 1725 verbum
561 1670 887 1737 tuum.Sion,
920 1671 1017 1727 tibi
1047 1672 1162 1727 scio
1188 1672 1355 1743 loqui,
1374 1674 1679 1730 hominibus
1702 1676 1885 1733 nescio

302 1759 474 1829 loqui,
494 1760 712 1828 juvenis
741 1776 881 1816 sum.

370 1851 442 1905 Et
473 1853 614 1905 misit
642 1852 896 1907 Dominus
921 1870 1133 1909 manum
1158 1872 1308 1909 suam
1331 1865 1378 1910 et
1405 1855 1568 1935 tetigit
1593 1873 1650 1910 os
1676 1873 1877 1925 meum;

300 1954 348 1998 et
374 1943 515 1997 dixit
534 1942 792 1999 Dominus
824 1944 894 1998 ad
932 1961 1014 1999 me
1036 1962 1055 2001 :
1079 1944 1215 1999 Ecce
1249 1946 1371 2001 dedi
1400 1946 1550 2001 verba
1575 1964 1688 2003 mea
1710 1949 1766 2002 in
1791 1965 1879 2004 ore

300 2046 424 2100 tuo;
452 2043 502 2088 et
542 2036 791 2089 constitui
830 2045 879 2090 te
917 2051 1074 2105 super
1111 2046 1305 2106 gentes,
1348 2046 1396 2091 et
1421 2054 1578 2107 super
1605 2055 1784 2109 regna,
1818 2050 1878 2094 ut

297 2125 512 2192 erellas,
545 2136 593 2181 et
615 2127 873 2188 destruas,
898 2137 945 2181 et
967 2128 1258 2198 disperdas,
1299 2138 1348 2184 et
1374 2129 1611 2200 dissipes,
1634 2141 1684 2186 et
1710 2131 1879 2200 (ediﬁ-

297 2235 400 2281 σεε,
430 2229 480 2272 et
518 2218 741 2289 plantes,
783 2220 911 2274 dicit
938 2221 1196 2277 Dominus
1237 2210 1597 2293 omnipotens.
1620 2224 1878 2282 Conside-

297 2309 524 2362 randum
555 2310 696 2378 qnod
718 2317 948 2378 quatuor
987 2311 1232 2368 tristibus
1279 2316 1385 2369 duo
1414 2315 1535 2369 laeta
1564 2317 1871 2372 succedant.

297 2396 484 2467 Neque
506 2400 654 2452 enim
700 2410 951 2470 poterant
982 2401 1240 2458 rediﬁcari
1284 2403 1446 2470 bona,
1478 2406 1579 2461 nisi
1603 2407 1875 2464 destructa

296 2495 478 2541 essent
500 2486 663 2553 mala,
683 2501 783 2543 nec
813 2489 1042 2558 plantari
1069 2492 1294 2560 optima,
1326 2495 1430 2549 nisi
1467 2496 1877 2552 eradicarentur

297 2576 557 2645 pessima.
587 2575 774 2631 Omnis
795 2578 939 2633 enim
985 2580 1247 2650 plantatio
1277 2600 1436 2654 quam
1482 2601 1587 2640 non
1616 2587 1877 2657 plantavit

295 2668 532 2721 etelestis
569 2667 730 2722 Pater
747 2670 1134 2739 eradicabitur,
1161 2683 1216 2730 et
1261 2675 1543 2732 aediﬁcatio
1570 2694 1690 2749 qua:
1714 2696 1877 2751 super

294 2767 505 2826 petram
560 2775 666 2814 non
723 2760 884 2817 habet
941 2762 1384 2830 fundamentum,
1442 2768 1537 2823 sed
1597 2770 1651 2824 in
1710 2787 1875 2828 arena

292 2859 571 2904 exstructa
596 2859 699 2915 est,
732 2865 978 2908 sermone
1007 2855 1100 2910 Dei
1125 2855 1409 2911 suffoditur
1437 2867 1598 2929 atque
1640 2860 1874 2915 destrui-

296 2949 398 3004 tur,
436 2940 586 2994 illam
615 2956 776 3010 quam
802 2952 1080 2998 consumet
1116 2944 1274 3001 Jesus
1313 2947 1504 3017 spiritu
1544 2950 1658 3005 oris
1687 2951 1792 3017 sui,
1820 2960 1875 3006 et

293 3031 539 3085 destruet
569 3032 801 3087 adventu
826 3036 1122 3103 praesentia:
1151 3051 1281 3103 suae,
1311 3054 1527 3093 omnem
1553 3040 1758 3098 scilicet
1786 3057 1872 3097 sa-

1999 504 2303 573 quindeeim
2326 507 2589 575 graduum
2607 522 2860 563 ascensus
2895 508 3059 565 fuisse
3088 522 3360 567 narratur.

2068 592 2137 646 Et
2159 611 2294 649 uxor
2318 596 2430 664 ejus
2477 598 2541 652 de
2570 597 2782 666 ﬁliabus
2826 599 3039 664 Aaron;
3069 600 3224 668 plena
3271 604 3436 673 igitur
3452 605 3573 659 lau-

1997 682 2164 748 datio,
2192 700 2311 754 qua:
2331 701 2518 756 genus,
2545 702 2744 753 mores,
2786 687 3036 751 cilicium,
3071 689 3292 756 factum,
3309 693 3571 762 judicium

1995 776 2422 843 comprehendit.
2446 776 2629 831 Genus
2670 778 2721 832 in
2771 779 3084 847 majoribus,
3117 796 3296 836 mores
3329 782 3379 836 in
3406 787 3573 854 aequi-

1995 871 2130 926 tate,
2153 862 2384 918 cilicium
2412 866 2462 919 in
2498 867 2834 934 sacerdotio,
2866 868 3064 923 factum
3107 870 3160 924 in
3216 872 3487 939 mandato,
3516 876 3569 928 in

1986 954 2372 1023 justiﬁcatione
2393 955 2679 1024 judicium.

2068 1044 2233 1097 Erant
2253 1053 2425 1098 autem
2443 1045 2580 1114 justi
2600 1045 2751 1098 ambo
2778 1057 2898 1100 ante
2930 1047 3114 1100 Deum.
3169 1048 3363 1104 Beatus
3397 1051 3486 1121 qui
3514 1051 3565 1104 in

1994 1141 2283 1202 conspectu
2335 1132 2429 1188 Dei
2474 1133 2654 1203 justus
2704 1143 2787 1189 est
2833 1143 2994 1203 atque
3035 1137 3338 1204 laudabilis,
3388 1139 3567 1194 evenit

1992 1225 2189 1294 quippe
2218 1232 2276 1278 ut
2311 1224 2529 1279 laudent
2572 1225 2818 1280 homines
2839 1242 2985 1291 cum,
3018 1227 3107 1296 qui
3136 1243 3239 1281 non
3271 1236 3353 1283 est
3382 1228 3574 1281 lauda-

1992 1316 2136 1380 bilis,
2164 1323 2219 1370 et
2239 1317 2288 1371 ei
2319 1316 2623 1381 detrahant,
2650 1317 2740 1385 qui
2771 1317 2990 1372 minime
3011 1318 3346 1373 detractione
3371 1318 3565 1389 dignus

1990 1412 2095 1459 est.
2118 1404 2275 1459 Solus
2299 1402 2439 1460 Deus
2467 1412 2519 1461 ct
2544 1405 2596 1458 in
2629 1405 2784 1459 laude
2815 1405 2945 1460 etin
2968 1406 3364 1476 vituperatione
3386 1406 3568 1478 justus

1990 1504 2074 1550 est
2100 1494 2284 1563 iudex.
2318 1494 2321 1499 ’

2058 1583 2361 1638 Ineedentes
2386 1583 2441 1637 in
2467 1583 2705 1639 omnibus
2742 1584 3006 1639 mandatis
3026 1595 3075 1639 et
3097 1585 3563 1656 justiﬁcationibus

1986 1676 2219 1741 Domini,
2244 1675 2354 1729 sine
2376 1672 2607 1745 querela,
2642 1683 2746 1730 etc.
2772 1672 3095 1744 Plerumque
3134 1675 3346 1744 justitia
3376 1677 3567 1731 durior

1910 1754 1956 1813 Β
1984 1766 2258 1821 hominum
2310 1766 2448 1819 iram
2490 1771 2768 1833 provocat,
2817 1779 2937 1834 quae
2974 1779 3102 1819 vero
3131 1773 3426 1835 temperata
3452 1775 3559 1829 est,

1982 1858 2097 1928 ipsa
2139 1872 2251 1912 suae
2288 1855 2586 1911 dulcedinis
2612 1855 2785 1926 gratia
2826 1856 2991 1911 etiam
3035 1855 3249 1911 invidize
3274 1858 3560 1926 quarrimo-

1980 1949 2125 2003 niam
2159 1948 2314 2002 vitat.
2358 1946 2583 2013 Quando
2637 1945 2783 2001 enim
2821 1945 3050 2000 facimus
3099 1946 3409 2027 mandatum
3439 1944 3557 2011 Dei,

1978 2047 2035 2095 et
2057 2038 2111 2093 in
2141 2036 2576 2108 concupiscentia
2599 2043 2787 2090 nostra
2812 2050 2966 2090 vanae
2988 2034 3171 2107 gloria:
3198 2035 3386 2090 sordes
3404 2048 3560 2104 spar-

1978 2131 2174 2201 gimus,
2204 2139 2267 2185 ut
2305 2128 2614 2185 hominibus
2654 2127 2983 2200 placeamus,
3027 2142 3135 2182 non
3181 2126 3309 2182 illud
3352 2128 3557 2198 absque

1977 2219 2193 2291 querela
2215 2219 2457 2275 facimus.

2047 2309 2271 2365 Factum
2298 2318 2374 2364 est
2415 2318 2589 2363 autem
2616 2324 2735 2362 cum
2779 2308 3075 2364 sacerdotio
3124 2308 3432 2379 fungeretur
3451 2307 3555 2362 Za-

1976 2400 2184 2454 charias
2206 2400 2259 2452 in
2282 2399 2466 2453 ordine
2490 2399 2614 2452 vicis
2644 2414 2778 2463 sua’,
2801 2406 2905 2453 etc.
2930 2398 3033 2466 Qui
3055 2399 3199 2453 enim
3224 2407 3371 2453 sorte
3397 2399 3554 2470 eligi-

1978 2490 2325 2545 tur'humano
2343 2489 2547 2561 judicio
2586 2504 2691 2543 non
2733 2488 3222 2558 comprehenditur.
3253 2486 3346 2544 [lle
3376 2488 3548 2559 igitur

1976 2578 2334 2649 qurerebatur,
2364 2593 2525 2649 quem
2552 2578 2654 2634 iste
2695 2578 2961 2649 ﬁgurabat
2990 2593 3150 2633 verus
3188 2580 3243 2633 in
3289 2589 3549 2633 aeternum

1976 2669 2227 2725 sacerdos
2254 2669 2341 2723 cui
2373 2669 2588 2732 dicitur,
2612 2678 2673 2721 tu
2694 2685 2747 2722 es
2776 2668 3019 2722 sacerdos
3062 2668 3117 2720 in
3163 2678 3428 2729 a’ternum,
3458 2668 3552 2736 qui

1977 2773 2082 2814 non
2118 2758 2418 2813 hostiarum
2467 2773 2679 2823 cruore,
2730 2757 2826 2813 sed
2865 2757 3084 2827 proprio
3134 2757 3351 2812 Patrem
3381 2758 3551 2813 Deum

1977 2850 2162 2921 generi
2194 2849 2568 2905 reconciliaret
2594 2851 2851 2905 humano.
2906 2849 3011 2905 Sed
3040 2859 3163 2904 tunc
3185 2850 3403 2920 sanguis
3432 2851 3551 2904 fun-

1977 2934 2205 2995 debaiur
2248 2939 2303 2993 in
2337 2939 2537 3009 specie,
2567 2940 2820 2995 sacerdos
2857 2939 3226 3005 ordinabatur,
3259 2953 3402 2994 nunc
3419 2940 3547 3009 quia

1977 3028 2178 3084 veritas
2205 3028 2368 3094 venit,
2406 3029 2773 3098 relinquamus
2799 3030 3031 3099 speciem
3071 3039 3126 3085 et
3154 3030 3434 3085 veritatem
3457 3044 3543 3084 se~

293 3120 550 3192 crilegam
579 3101 998 3196 perversamque
1023 3101 1320 3184 doctrinam
1366 3130 1641 3201 disperdet
1672 3133 1723 3187 in
1749 3148 1871 3204 per—

1985 3132 2227 3187 quamur.
2259 3117 2410 3172 Tunc
2431 3118 2648 3187 quidem
2694 3119 2841 3173 vices
2892 3126 3066 3183 erant,
3101 3133 3242 3173 nunc
3265 3125 3446 3172 autem
3464 3126 3556 3172 est,

293 3224 536 3279 petuum.
582 3211 751 3270 Porro
778 3230 841 3270 ea
869 3232 988 3284 qnze
1033 3217 1310 3275 elevantur
1358 3231 1545 3277 contra
1586 3225 1869 3280 scientiam

294 3298 407 3363 Dei,
438 3308 496 3356 et
542 3301 598 3356 in
643 3318 740 3358 sua
766 3306 1045 3362 conﬁdunt
1071 3310 1351 3380 sapientia,
1379 3327 1498 3382 quae
1533 3316 1672 3384 apud
1701 3315 1871 3371 Deum

295 3393 521 3447 stultitia
548 3403 633 3449 est
674 3396 953 3467 dissipabit
988 3409 1150 3470 atque
1172 3402 1423 3473 deponet,
1452 3414 1515 3460 ut
1538 3406 1874 3463 aediﬁcentur

295 3497 393 3549 pro
423 3483 511 3538 his
553 3484 800 3553 humilia,
831 3498 884 3543 et
914 3489 968 3543 in
1014 3490 1191 3546 locum
1240 3496 1578 3565 superiorum
1624 3513 1744 3567 qua:
1774 3501 1868 3555 de-

294 3582 501 3628 structa
529 3583 658 3631 sunt
683 3583 737 3631 et
757 3579 962 3646 evulsa,
992 3589 1340 3638 exstruuntur
1355 3594 1517 3656 atque
1537 3587 1866 3656 plantentnr,

294 3677 411 3730 qua:
452 3663 837 3721 ecclesiasticae
866 3670 1193 3726 conveniunt
1222 3674 1456 3740 veritati,
1501 3685 1557 3730 et
1585 3677 1871 3747 impleatur

294 3753 423 3807 illud
453 3755 598 3823 quod
627 3756 758 3811 dicit
788 3756 1091 3828 Apostolus,
1123 3761 1222 3817 Dei
1258 3763 1559 3834 ludiﬁcatio,
1606 3766 1706 3823 Dei
1729 3770 1872 3841 agri-

293 3845 499 3902 sultura
526 3849 668 3902 estis.

857 3942 1135 3999 llOMlLlA
1196 3943 1302 4001 Cll.

820 4048 874 4087 IN
926 4048 1102 4089 EODEI
1152 4050 1337 4092 πετο.

433 4121 622 4178 Lectio
660 4125 830 4179 sancti
868 4124 1145 4198 Evangelii
1172 4129 1466 4183 secundum
1497 4130 1720 4186 Lucam.

361 4213 492 4268 Fuit
514 4217 571 4269 in
592 4216 772 4271 diebus
798 4217 1042 4286 Herodis,
1072 4221 1205 4290 regis
1225 4220 1450 4289 Judtete,
1481 4225 1729 4279 sacerdos
1752 4224 1868 4298 qui-

290 4305 414 4359 dam
440 4307 649 4361 nomine
670 4306 981 4364 Zacharias.

364 4393 721 4450 Sacrosancta
743 4400 1092 4466 przecursoris
1124 4399 1338 4457 Domini
1362 4400 1618 4459 nobilitas
1648 4418 1757 4460 non
1777 4418 1862 4460 so-
1883 4439 1938 4497 Ι)

290 4483 401 4536 lum
428 4499 461 4537 a
491 4485 823 4553 parentibus,
869 4489 963 4543 sed
1016 4498 1070 4544 et
1094 4506 1124 4543 a
1148 4492 1582 4560 progenitoribus
1626 4492 1858 4563 gloriosa

288 4574 592 4639 descendit,
625 4584 888 4644 quatenus
912 4579 1172 4635 adventus
1196 4580 1340 4637 illius
1369 4580 1527 4638 ﬁdem
1552 4596 1659 4638 non
1683 4584 1859 4639 subita

289 4664 647 4733 inspiratione
669 4675 1002 4734 conceptam,
1029 4683 1213 4722 verum
1248 4669 1431 4725 habita
1462 4671 1634 4742 magis
1661 4686 1859 4742 propa-

287 4756 508 4825 gatione
532 4765 833 4826 susceptam
857 4758 1078 4813 liberius
1104 4761 1440 4829 praedicaret.

360 4846 438 4900 De
457 4848 565 4901 vice
581 4847 734 4902 Abia.
764 4847 962 4920 Viginti
988 4860 1220 4921 quatuor
1268 4853 1335 4909 de
1367 4854 1738 4911 sacerdotibus
1769 4870 1859 4912 or-

288 4936 443 4991 dines
463 4937 517 4991 in
549 4937 846 4994 ministerio
881 4940 1069 4996 domus
1088 4941 1298 4998 Domini
1342 4952 1492 5000 sorte
1516 4961 1548 5001 a
1570 4944 1861 5003 Salomone

287 5038 414 5082 sunt
441 5028 620 5094 divisi,
637 5029 690 5082 in
711 5030 906 5099 quibus
930 5032 1063 5087 Abia
1088 5033 1324 5100 familiae,
1348 5038 1415 5092 de
1434 5052 1540 5107 qua
1564 5037 1857 5095 Zacharias

288 5127 441 5172 ortus
469 5127 572 5185 est,
610 5134 730 5174 sors
755 5121 982 5192 contigit
1017 5130 1229 5177 octava.
1278 5123 1393 5179 Non
1418 5124 1621 5181 frustra
1651 5126 1859 5196 primus

288 5210 423 5265 Novi
464 5211 793 5267 Testamenti
831 5228 1009 5284 praeco
1033 5215 1085 5269 in
1115 5224 1320 5272 octava:
1344 5220 1507 5274 sortis
1534 5221 1650 5275 vice
1680 5223 1858 5277 nasci—

290 5309 397 5364 tur,
456 5300 583 5370 quia
632 5300 773 5355 sicut
823 5304 1127 5371 septenario
1172 5319 1313 5376 sazpe
1367 5322 1594 5362 numero
1641 5317 1860 5378 propter

287 5389 571 5444 sabbatum
601 5400 755 5445 vetus
801 5388 1229 5459 Testamentum,
1268 5394 1348 5449 sic
1391 5394 1596 5450 Novum
1647 5398 1855 5467 aliquo-

287 5477 391 5532 ties
426 5479 709 5536 octonario
752 5489 976 5551 propter
1021 5492 1416 5538 sacramentum
1446 5486 1859 5542 resurrectionis

283 5568 625 5637 exprimitur.
682 5566 833 5624 Unde
858 5569 983 5639 quia
1009 5587 1116 5627 non
1146 5571 1306 5627 aliter
1347 5586 1511 5641 quam
1550 5587 1648 5642 per
1669 5573 1858 5630 obser-

288 5659 523 5713 vantiam
566 5657 850 5728 utriusque
878 5657 1206 5716 Tcstamenti
1255 5659 1405 5731 regni
1455 5661 1695 5719 crelestis
1735 5664 1854 5719 aula

1971 3209 2318 3279 perpetuitas.
2355 3208 2524 3275 Quem
2555 3209 2717 3262 alium
2747 3208 3083 3279 signiﬁcabat
3129 3209 3416 3264 Zacharias
3453 3224 3545 3265 sa-

1974 3299 2181 3363 cerdos,
2222 3298 2325 3353 nisi
2367 3314 2488 3354 eum
2539 3299 2897 3365 sacerdotem,
2949 3299 3038 3353 cui
3088 3299 3412 3355 sacriﬁcium
3437 3314 3547 3354 non

1969 3398 2112 3446 esset
2155 3404 2442 3446 commune
2484 3405 2606 3445 cum
2662 3390 2890 3455 caeteris,
2946 3390 3038 3460 qui
3084 3404 3192 3446 non
3224 3390 3548 3446 manufactis

1971 3478 2184 3548 templis
2221 3477 2551 3534 sacriﬁcaret
2597 3492 2695 3548 pro
2734 3476 2906 3543 nobis,
2951 3477 3045 3533 sed
3100 3477 3157 3531 in
3190 3478 3274 3533 sui
3301 3478 3544 3547 corporis

1972 3568 2169 3639 templo
2197 3576 2379 3624 nostra
2397 3577 2619 3638 peccata
2643 3568 2934 3624 vacuaret?

2039 3658 2195 3715 Sorte
2242 3658 2367 3713 exiit
2406 3669 2464 3713 ut
2508 3661 2776 3713 incensum
2825 3667 3058 3729 poneret,
3104 3667 3209 3714 etc.
3259 3658 3544 3715 lncensum

1967 3763 2145 3810 autem
2169 3754 2224 3809 in
2243 3764 2432 3810 sancta
2451 3763 2758 3810 sanctorum
2786 3769 2816 3808 a
2843 3753 3096 3823 pontiﬁce
3123 3753 3341 3819 deferri,
3373 3767 3537 3822 expe-

1968 3851 2148 3899 ctante
2165 3842 2312 3899 foras
2342 3842 2594 3915 templum
2616 3844 2761 3899 omni
2779 3842 2974 3914 populo
3000 3843 3206 3899 decima
3219 3844 3304 3898 die
3322 3844 3537 3913 septimi

1965 3935 2170 3991 mensis
2189 3942 2275 3991 est
2294 3934 2524 4006 jussum,
2582 3945 2638 3991 et
2681 3936 2823 3991 hanc
2871 3936 3014 3990 diem
3063 3935 3383 4005 expiationis
3426 3935 3543 3990 sive

1965 4025 2360 4096 propitiationis
2399 4026 2601 4092 vocari,
2626 4039 2745 4097 quae
2765 4026 2906 4096 apud
2937 4040 3039 4081 nos
3060 4026 3130 4081 ob
3154 4026 3364 4081 varium
3397 4025 3537 4081 luna

1967 4114 2289 4181 discursum,
2321 4130 2426 4186 qua
2456 4131 2668 4172 menses
2696 4123 3007 4185 computant
3036 4112 3268 4180 Hebraei,
3299 4116 3461 4170 modo
3480 4116 3539 4169 in

1965 4220 2150 4262 mense
2184 4205 2507 4276 Septembri,
2533 4208 2690 4264 modo
2719 4207 2908 4262 incidit
2959 4206 3013 4260 in
3042 4204 3401 4274 Octobri,qui
3434 4207 3541 4261 sci-

1965 4293 2091 4348 licet
2118 4296 2320 4349 mensis
2344 4309 2452 4365 quo
2475 4296 2677 4367 pascha
2709 4296 2935 4364 geritur,
2979 4295 3251 4355 eVordine
3274 4292 3547 4349 conditio-

1965 4385 2050 4441 nis
2080 4392 2135 4440 et
2160 4386 2336 4442 edicto
2378 4385 2512 4457 legis
2556 4387 2683 4440 anni
2737 4384 3060 4454 principium
3118 4392 3284 4449 tenet,
3326 4385 3538 4439 dicente

1962 4472 2226 4533 Domino:
2251 4471 2448 4527 Mensis
2473 4472 2571 4527 iste
2595 4471 2734 4526 vobis
2768 4470 3081 4542 principium
3125 4472 3401 4539 mensium,
3429 4473 3538 4542 pri-

1961 4579 2077 4618 mus
2099 4564 2197 4618 erit
2222 4563 2279 4617 in
2301 4562 2561 4618 mensibus
2584 4563 2732 4616 anni.
3006 4558 3013 4563 ’

2031 4668 2292 4742 Apparuit
2312 4677 2488 4726 autem
2512 4669 2593 4724 illi
2613 4670 2827 4742 angelus
2852 4669 3088 4738 Domini,
3113 4681 3257 4727 stans
3282 4688 3313 4726 α
3338 4672 3535 4727 dextris

1963 4757 2150 4816 altaris
2196 4760 2417 4826 incensi,
2457 4768 2564 4816 etc.
2611 4759 2728 4817 Non
2766 4762 3037 4817 immerito
3074 4761 3293 4833 angelus
3321 4762 3537 4818 videtur

1962 4849 2022 4905 in
2067 4848 2287 4920 templo,
2334 4850 2461 4922 quia
2498 4850 2617 4906 veri
2671 4852 2968 4908 sacerdotis
3012 4852 3123 4921 jam
3185 4855 3536 4909 nuntiabatur

1967 4940 2251 5005 adventus,
2278 4946 2334 4995 et
2374 4938 2596 4996 caeleste
2638 4941 2958 4997 sacriﬁcium
3005 4942 3315 5013 parabatur,
3344 4945 3399 4999 in
3428 4959 3536 5014 quo

1966 5027 2142 5099 angeli
2189 5028 2579 5085 ministrarent.
2608 5029 2752 5086 Bene
2776 5030 3018 5101 angelus,
3061 5030 3116 5086 et
3159 5033 3214 5086 in
3256 5033 3453 5103 templo
3476 5043 3537 5088 ot

1960 5119 2113 5190 juxta
2140 5119 2329 5187 altare,
2361 5127 2467 5177 eta
2495 5122 2701 5177 dextris
2748 5130 2992 5193 apparet,
3033 5123 3161 5193 quia
3198 5123 3444 5178 videlicet
3476 5133 3542 5178 et

1966 5212 2080 5266 veri
2102 5212 2398 5268 sacerdotis
2424 5213 2706 5269 adventum
2732 5214 2785 5268 in
2811 5214 3128 5286 mysterium
3149 5214 3396 5270 sacriﬁcii
3420 5214 3534 5268 uui-

1965 5301 2187 5356 versalis
2213 5307 2271 5356 et
2322 5301 2558 5358 cmlestis
2603 5303 2727 5359 doni
2779 5303 3029 5374 gaudium
3074 5304 3350 5373 pradicas.
3396 5301 3533 5379 Nam

1962 5390 2104 5446 sicut
2126 5406 2223 5461 per
2248 5392 2520 5448 sinistram
2549 5395 2851 5463 praesentia,
2865 5395 2945 5451 sic
2970 5409 3068 5466 per
3091 5396 3369 5450 dexteram
3387 5406 3531 5463 sape

1962 5483 2103 5537 bona
2131 5484 2560 5553 pramuntiantur
2589 5494 2810 5541 aeterna.

2034 5575 2120 5629 Ait
2145 5584 2320 5630 autem
2342 5575 2412 5630 ad
2431 5574 2578 5630 illum
2605 5575 2819 5648 angelus
2843 5592 2861 5630 :
2888 5574 2969 5630 Ne
3007 5575 3213 5640 timeas,
3241 5570 3529 5641 Zacharias,

1962 5664 2209 5735 quoniam
2228 5666 2477 5723 exaudita
2500 5676 2574 5722 est
2605 5665 2896 5739 deprecatio
2923 5676 3040 5731 tua,
3059 5673 3108 5717 et
3146 5679 3285 5719 uxor
3308 5672 3403 5719 tua
3419 5660 3529 5719 Eti-
