3962 6180
316 302 420 358 339

955 296 1016 352 B.
1056 294 1307 351 RABANI
1346 293 1564 350 MAURI
1604 289 1926 349 ARClllEP.
1968 289 2276 347 MOGUNT.
2313 289 2597 347 OPERUM
2639 289 2817 345 PARS
2852 289 2917 347 ll.

3473 293 3578 348 350

317 414 497 473 sabetit
516 411 683 483 pariet
705 410 799 467 tibi
820 410 1012 481 ﬁlium,
1043 420 1091 465 et
1115 406 1321 465 vocabis
1364 427 1551 465 nomen
1579 410 1695 480 ejus
1726 406 1900 463 Joan-
1926 408 1973 468 Α
2003 406 2358 477 ahjcctionem
2383 406 2644 463 increduli
2664 407 2843 478 populi
2881 409 3274 479 permanentia,
3304 411 3369 467 de
3391 415 3588 484 quibus

319 523 458 561 nem.
482 502 923 575 Deprecationem
954 501 1140 557 dicens
1167 500 1477 556 exauditam
1520 507 1735 572 partum
1770 515 1899 556 con-

319 598 474 652 tinuo
492 594 757 667 promittit
776 593 979 659 uxoris,
1004 608 1111 649 non
1141 592 1286 662 quod
1328 592 1417 648 ille
1461 593 1551 662 qui
1582 608 1682 662 pro
1704 592 1901 663 populo

320 688 602 743 oblaturus
634 686 947 747 intraverat,
985 681 1188 739 relictis
1214 682 1395 738 verbis
1440 683 1588 739 vocis
1629 698 1726 753 pro
1752 682 1897 738 acci-

322 777 532 848 piendis
555 776 680 831 ﬁliis
701 789 858 830 orare
882 773 1136 844 potuerit,
1172 773 1267 839 sed
1296 773 1438 843 quod
1473 772 1604 828 dicit
1646 791 1659 827 :
1712 769 1898 826 Exau-

319 871 431 923 dita
461 878 534 923 est
554 867 848 938 deprecatio
879 874 993 930 tua,
1024 865 1205 935 populi
1245 864 1668 934 redemptionem
1690 863 1899 935 signiﬁ-

319 968 425 1014 cat.
452 958 605 1025 Quod
626 971 756 1013 vero
781 957 1044 1028 adjungit,
1068 965 1115 1010 et
1139 971 1275 1009 uxor
1293 964 1383 1008 tua
1402 956 1569 1024 pariet
1595 954 1688 1008 tibi
1705 955 1898 1024 filium,

317 1049 557 1120 ejusdem
584 1048 970 1119 redemptionis
990 1047 1234 1102 ordinem
1256 1046 1467 1117 pandit,
1489 1045 1633 1115 quod
1652 1045 1903 1101 videlicet

319 1150 479 1195 natus
507 1139 785 1195 Zachariae
834 1138 974 1193 filius
1018 1136 1343 1207 redemptori
1382 1135 1527 1190 illius
1548 1134 1727 1205 populi
1768 1150 1902 1205 prm-

318 1232 565 1287 conando
587 1231 658 1286 sit
681 1232 782 1285 iter
807 1229 1072 1285 facturus.

389 1321 459 1376 Et
484 1322 579 1376 erit
602 1320 859 1391 gaudium
888 1318 982 1372 tibi
1010 1328 1058 1372 et
1084 1315 1384 1384 exsultatio,
1421 1328 1469 1372 et
1508 1314 1659 1370 multi
1686 1316 1741 1369 in
1763 1316 1901 1370 nati-

317 1409 475 1464 ritate
497 1409 609 1480 ejus
635 1408 954 1480 gaudebunt.
983 1406 1288 1462 Notandum
1332 1405 1475 1477 quod
1504 1414 1631 1461 nato
1660 1420 1897 1475 praecur-

319 1513 442 1553 sore
476 1498 629 1553 multi
657 1498 912 1569 gaudent,
961 1506 1088 1552 nato
1128 1505 1309 1552 autem
1348 1496 1575 1553 Domino
1615 1496 1901 1551 annuntiat

319 1591 573 1663 angelus,
603 1591 855 1662 gaudium
898 1605 1143 1661 magnum
1170 1588 1311 1660 quod
1361 1590 1459 1645 erit
1494 1588 1635 1643 omni
1682 1587 1895 1658 populo,

317 1682 443 1751 quia
471 1681 718 1737 videlicet
736 1681 827 1736 hic
852 1679 1081 1736 salutem
1119 1677 1304 1734 multis
1327 1677 1642 1748 praedicare,
1671 1677 1759 1733 ille
1778 1692 1896 1733 om—

318 1774 479 1829 nibus
501 1773 592 1843 qui
623 1771 810 1827 volunt
835 1772 1051 1827 advenit
1073 1771 1296 1826 donare.

389 1867 458 1921 Et
486 1866 583 1920 erit
609 1881 828 1936 magnus
867 1880 1043 1917 coram
1093 1862 1339 1917 Domino.
1365 1860 1483 1916 Non
1505 1862 1748 1932 corporis
1782 1861 1891 1927 hic,

318 1956 414 2011 sed
441 1955 637 2011 animae
664 1952 1084 2024 magnitudinem
1114 1951 1425 2017 declaravit,
1468 1959 1551 2006 est
1584 1966 1766 2005 coram
1795 1952 1896 2006 Do-

321 2045 468 2099 mino
524 2044 838 2115 magnitudo
881 2043 1105 2107 animae,
1161 2042 1473 2113 magnitudo
1521 2040 1759 2108 virtutis,
1812 2049 1897 2097 est

318 2135 484 2190 etiam
504 2135 743 2204 parvitas
763 2134 956 2190 animae
977 2144 1033 2191 et
1062 2134 1292 2205 pueritia
1318 2133 1551 2189 virtutis.

397 2225 593 2281 Vinum
615 2235 661 2281 et
685 2227 905 2281 siceram
946 2243 1051 2282 non
1098 2226 1248 2281 bibet.
1290 2225 1475 2281 Sicera
1510 2226 1896 2296 interpretatur

317 2320 575 2385 ebrietas,
597 2332 706 2388 quo
732 2317 991 2373 vocabulo
1020 2317 1234 2374 llebrmi
1259 2330 1417 2373 omne
1457 2318 1601 2383 quod
1628 2316 1896 2372 inebriare

316 2416 494 2481 potest
509 2408 783 2480 poculum,
815 2407 930 2463 sive
955 2408 1022 2464 de
1048 2409 1241 2479 pomis,
1271 2408 1386 2462 sive
1423 2407 1489 2461 de
1512 2405 1776 2479 frugibus,
1800 2423 1894 2463 seu

318 2501 386 2557 de
409 2499 649 2572 qualibet
672 2500 777 2555 alia
802 2499 1025 2555 materia
1049 2497 1355 2555 confectum
1400 2496 1726 2570 signiﬁcant.
1760 2497 1893 2552 Pro-

316 2594 495 2666 prium
519 2607 650 2650 vero
678 2594 734 2648 in
756 2592 873 2666 lege
891 2591 1296 2648 Nazarenorum
1324 2600 1460 2655 erat,
1483 2591 1608 2646 vino
1637 2599 1693 2646 et
1719 2591 1895 2646 sicera

320 2690 564 2753 tempore
616 2681 1036 2738 consecrationis
1087 2681 1378 2746 abstinere,
1443 2682 1586 2737 unde
1638 2679 1891 2747 Joannes,

321 2775 551 2831 Samson
598 2786 655 2830 et
711 2773 994 2840 Jcremias,
1053 2775 1346 2843 cmterique
1393 2773 1528 2829 tales
1572 2780 1632 2827 ut
1684 2787 1897 2843 semper

319 2865 610 2930 Nazareni,
631 2862 684 2919 id
712 2873 819 2930 est,
853 2863 1026 2920 sancti
1057 2876 1276 2918 manere
1294 2870 1537 2932 possent,
1579 2876 1793 2932 semper
1809 2862 1895 2919 bis

322 2957 595 3012 abstinere
613 2961 881 3026 satagunt.

394 3046 462 3101 Et
485 3043 685 3114 Spiritu
720 3053 901 3099 sancto
927 3042 1209 3116 replebitur
1246 3043 1419 3099 adhuc
1443 3059 1508 3099 ea:
1536 3052 1683 3099 utero
1708 3044 1893 3100 matris

319 3152 453 3192 sure.
484 3134 603 3191 Non
631 3142 717 3191 est
743 3135 964 3189 dubium
985 3148 1172 3189 verum
1194 3126 1301 3209 hoc
1327 3133 1498 3204 angeli
1521 3148 1642 3189 esse
1666 3134 1897 3204 promis-

321 3242 467 3294 sum,
493 3226 757 3297 siquidem
781 3233 1002 3281 sanctus
1041 3224 1296 3289 Joannes,
1322 3233 1609 3295 antequam
1642 3240 1895 3281 nascere.

321 3328 431 3383 tur,
461 3318 655 3373 matris
700 3317 875 3373 adhuc
914 3317 970 3372 in
996 3324 1152 3373 utero
1176 3316 1388 3387 positus
1416 3313 1651 3385 Spiritus
1686 3316 1896 3388 accepti

321 3408 554 3477 gratiam
588 3406 907 3478 designavit.
1664 3392 1673 3401 ’

394 3494 460 3551 Et
511 3495 701 3552 multos
736 3495 968 3566 filiorum
996 3493 1170 3550 Israel
1209 3504 1465 3550 convertet
1501 3494 1571 3550 ad
1615 3494 1899 3550 Dominum

322 3589 486 3644 Deum
516 3591 768 3661 ipsorum.
814 3587 949 3645 Cum
984 3587 1241 3656 Joannes,
1279 3589 1370 3658 qui
1399 3588 1616 3645 Christo
1655 3588 1896 3643 testimo-

322 3682 470 3738 nium
494 3681 807 3752 perbibens,
839 3681 894 3736 in
941 3681 1057 3752 ejus
1082 3680 1187 3737 ﬁde
1212 3681 1436 3752 populos
1462 3680 1788 3750 baptizabat,
1818 3679 1900 3735 di-

322 3775 464 3831 citur
491 3774 630 3832 ﬁlios
656 3774 821 3830 Israel
850 3773 918 3829 ad
938 3774 1224 3830 Dominum
1268 3774 1435 3830 Deum
1482 3775 1722 3845 ipsorum
1769 3789 1900 3829 con-

321 3864 572 3929 vertisse,
611 3871 759 3931 patet
811 3862 1056 3932 profecto
1105 3862 1380 3918 Christum
1427 3878 1548 3920 esse
1611 3863 1896 3919 Dominum

323 3955 493 4010 Deum
519 3954 779 4024 ipsorum.

394 4044 466 4099 Et
505 4044 616 4114 ipse
655 4042 911 4115 praecedet
935 4051 1055 4097 ante
1107 4040 1258 4096 illum
1300 4041 1358 4096 in
1403 4042 1606 4112 Spiritu
1634 4052 1685 4097 et
1713 4044 1899 4099 virtute

324 4136 482 4193 Elite.
526 4136 671 4192 Bene
702 4136 757 4190 in
794 4134 988 4206 spiritu
1026 4142 1083 4189 et
1111 4134 1309 4188 virtute
1334 4132 1463 4188 Elia:
1485 4135 1793 4203 praecedere
1814 4136 1899 4190 di-

324 4229 487 4295 citur,
517 4228 644 4299 quia
671 4226 812 4283 sicut
854 4225 946 4282 ille
971 4239 1150 4295 praeco
1169 4231 1429 4280 venturus
1450 4222 1679 4292 iudicis,
1705 4223 1783 4280 ita
1811 4224 1902 4280 hic

322 4336 500 4393 preco
519 4319 694 4376 factus
717 4326 801 4375 est
823 4317 1199 4386 redemptoris.

1923 1747 1971 1808 B

2002 495 2234 562 dixerat,
2268 515 2371 553 non
2397 506 2473 553 est
2499 515 2605 569 pax
2639 498 2813 570 impiis
2834 499 2966 555 dicit
2993 498 3267 567 Dominus,
3291 490 3490 559 transit
3520 507 3590 560 ad

2000 588 2257 645 ecclesias
2302 590 2369 645 de
2398 590 2648 661 gentibus
2686 598 3060 662 congregatas,
3091 599 3147 646 et
3191 593 3272 648 eis
3312 594 3413 649 sub
3442 595 3592 651 inst:-

1999 679 2173 734 larum
2208 680 2423 735 nomine
2479 679 2733 749 loquitur,
2798 695 2918 750 quae
2970 693 3375 751 persecutorum
3430 686 3590 755 quasi

2001 772 2170 827 maris
2198 770 2697 841 ﬁuctihuspatcnt,
2739 779 2794 826 et
2850 787 2918 826 ex
2965 771 3111 826 omni
3133 782 3287 841 parte
3332 774 3589 829 smvicnte

2002 862 2286 934 naufragio
2336 865 2642 919 conduntur
2682 864 2878 935 potius,
2936 878 3100 933 quam
3151 875 3456 923 moventur.
3506 870 3590 927 Ac

2001 971 2069 1009 ne
2091 954 2210 1024 quis
2234 964 2385 1025 putet
2412 955 2701 1010 violentam
2729 971 2848 1011 esse
2877 957 3267 1025 expositionem
3316 969 3584 1028 nostram,

2000 1055 2181 1103 etnon
2203 1048 2269 1104 ad
2302 1058 2492 1120 gentes
2511 1050 2786 1119 pertinere
2808 1051 2950 1119 quod
2969 1050 3188 1117 dicitur,
3211 1053 3304 1108 sed
3331 1054 3400 1109 ad
3424 1070 3589 1126 syna—

2000 1153 2167 1210 gogas
2182 1139 2362 1210 populi
2385 1136 2714 1204 Judmorum,
2747 1140 3013 1211 sequitur,
3037 1150 3085 1195 et
3105 1142 3357 1197 attendite
3378 1143 3585 1214 populi,

2000 1229 2115 1284 sive
2156 1236 2345 1300 gentes
2389 1230 2453 1284 de
2503 1228 2675 1301 longe,
2720 1230 2823 1287 hoc
2866 1238 2952 1287 est
2996 1232 3063 1286 ab
3100 1234 3358 1289 extremis
3388 1234 3587 1291 ﬁnibus

1999 1328 2177 1386 terrae,
2201 1320 2285 1376 vel
2306 1329 2364 1375 ut
2396 1319 2537 1376 LXX
2571 1321 2967 1377 transtulerunt
2993 1341 3006 1377 :
3042 1320 3169 1378 Post
3200 1323 3421 1378 multum
3456 1338 3587 1380 tem-

1997 1430 2094 1482 pus
2124 1413 2299 1478 stabit,
2325 1413 2427 1468 hoc
2455 1422 2559 1479 est,
2591 1428 2698 1467 non
2737 1413 2841 1469 hoc
2883 1422 3123 1484 tempore
3166 1430 3272 1485 quo
3311 1416 3586 1485 dicuntur,

1998 1503 2092 1558 sed
2122 1512 2241 1574 post
2268 1503 2435 1558 multa
2464 1502 2594 1559 ﬁent
2623 1486 2890 1574 tempora.

2070 1591 2346 1658 Dominus,
2400 1593 2596 1664 inquit,
2640 1593 2705 1647 ab
2748 1603 2895 1649 utero
2936 1598 3136 1650 vocavit
3177 1614 3291 1663 me;
3319 1598 3384 1652 de
3410 1609 3585 1654 actura

1998 1684 2183 1737 matris
2209 1700 2336 1738 mea:
2365 1685 2669 1739 recordatus
2707 1695 2781 1739 est
2815 1686 3042 1740 nominis
3085 1687 3206 1742 mei.
3255 1688 3408 1755 Quod
3435 1706 3584 1746 nunc

1999 1772 2215 1827 interim
2239 1774 2577 1829 audientibus
2597 1774 2810 1829 videtur
2840 1774 3155 1844 obscurum,
3184 1788 3372 1847 postea
3398 1790 3582 1835 autem

1998 1862 2208 1917 cunctis
2246 1861 2495 1934 gentibus
2525 1872 2708 1918 notum
2736 1863 2845 1928 ﬁet,
2879 1867 3094 1935 quando
3113 1865 3333 1933 Gabriel
3379 1868 3582 1939 Joseph

1998 1952 2066 2007 de
2114 1961 2276 2024 partu
2321 1952 2523 2008 dixerit
2572 1954 2843 2025 virginali,
2894 1964 2945 2010 et
2992 1957 3198 2011 vocabis
3239 1973 3426 2012 nomen
3465 1959 3584 2029 ejus

1995 2043 2200 2113 Jesum,
2254 2045 2367 2116 ipse
2410 2046 2555 2100 enim
2598 2045 2804 2101 salvum
2855 2046 3016 2102 faciet
3066 2047 3321 2118 populum
3366 2063 3585 2105 suuma

1996 2136 2235 2206 peccatis
2256 2150 2465 2190 eorum.

2069 2226 2137 2280 Et
2170 2227 2340 2298 posuit
2388 2243 2445 2281 os
2474 2242 2644 2282 meum
2691 2228 2843 2298 quasi
2880 2228 3115 2299 gladium
3144 2237 3376 2294 acutum,
3399 2229 3586 2299 posuit

1998 2336 2209 2391 quoque
2229 2337 2292 2376 os
2316 2320 2433 2391 ejus
2453 2322 2606 2391 quasi
2637 2320 2872 2393 gladium
2898 2327 3137 2387 acutum,
3166 2328 3226 2375 ut
3252 2320 3444 2390 spiritu
3465 2321 3583 2376 oris

1997 2412 2081 2466 sui
2118 2411 2405 2467 interﬁciat
2437 2412 2680 2483 impium.
2717 2413 2794 2467 De
2814 2427 2921 2483 quo
2947 2411 3123 2482 gladio
3173 2412 3289 2481 ipse
3318 2410 3369 2464 in
3400 2409 3581 2464 Evan-

1996 2501 2134 2571 gelio
2156 2503 2413 2574 loquitur,
2444 2519 2547 2558 non
2568 2504 2685 2559 veni
2706 2520 2886 2575 pacem
2917 2504 3122 2557 mittere
3159 2503 3213 2557 in
3259 2515 3453 2557 terram
3486 2504 3580 2557 sed

1996 2591 2250 2662 gladium,
2281 2591 2453 2647 malos
2471 2607 2503 2646 a
2522 2592 2679 2648 bonis
2700 2606 2978 2662 separans.
3006 2591 3141 2648 Veni
3162 2591 3307 2646 enim
3335 2591 3579 2647 dividere

1998 2682 2272 2737 hominem
2294 2692 2484 2738 contra
2509 2681 2725 2737 Patrem
2759 2696 2936 2748 suum,
2960 2689 3015 2737 et
3042 2680 3206 2735 ﬁliam
3245 2688 3434 2737 contra
3461 2694 3580 2737 ma-

1997 2780 2133 2828 trem
2159 2787 2333 2839 suam,
2362 2781 2416 2827 81.
2444 2788 2639 2829 nurum
2662 2781 2849 2827 contra
2869 2786 3084 2827 socrum
3116 2786 3288 2827 suam.

2068 2860 2138 2916 Et
2179 2862 2235 2915 in
2281 2862 2466 2916 umbra
2494 2879 2681 2917 manus
2719 2878 2831 2917 sua:
2881 2863 3106 2932 protexit
3145 2878 3246 2916 me.
3292 2861 3352 2917 In
3381 2863 3580 2917 umbra

1996 2969 2191 3010 manus
2209 2954 2302 3010 Dei
2328 2968 2387 3010 se
2410 2970 2530 3010 esse
2545 2963 2844 3025 protectum
2867 2954 3082 3020 asserit,
3111 2963 3173 3009 ut
3192 2954 3373 3009 carnis
3395 2954 3578 3010 vilitas

1997 3044 2295 3100 divinitatis
2330 3044 2568 3115 potentia
2613 3051 2907 3115 tegeretur,
2969 3042 3158 3115 angelo
3196 3042 3263 3097 ad
3306 3042 3577 3114 virginem

1997 3137 2298 3203 nuntiante,
2331 3134 2558 3207 Spiritus
2580 3146 2791 3190 sanctus
2833 3136 2996 3190 veniet
3036 3150 3193 3206 super
3230 3143 3295 3199 te,
3321 3143 3369 3189 et
3410 3136 3579 3189 virtus

1999 3231 2257 3287 Altissimi
2276 3230 2600 3286 obumbrabit
2625 3229 2737 3283 tibi.

2068 3319 2257 3376 Posuit
2281 3338 2361 3376 me
2391 3322 2527 3377 sicut
2554 3320 2800 3391 sagittam
2838 3318 3075 3385 electam,
3122 3319 3179 3373 in
3204 3319 3449 3388 pharetra
3476 3333 3579 3371 sua

1995 3411 2266 3467 abscondit
2318 3428 2416 3465 me.
2469 3408 2695 3478 Quando
2748 3408 2946 3464 dicitur
3000 3408 3249 3479 sagittam
3310 3407 3578 3472 electam,

1995 3501 2228 3557 ostendit
2255 3500 2456 3555 habere
2477 3501 2644 3555 Deum
2673 3499 2897 3571 sagittas
2914 3497 3194 3569 plurimas,
3226 3498 3318 3552 sed
3340 3513 3445 3551 non
3468 3497 3582 3553 ele-

1996 3600 2274 3661 ctas,quat
2304 3590 2513 3661 sagittte
2557 3590 2833 3660 propheta:
2872 3596 2999 3644 sunt
3046 3599 3103 3645 et
3143 3588 3369 3658 apostoli
3398 3589 3491 3657 qui
3519 3588 3579 3642 in

1999 3691 2113 3739 toto
2140 3680 2272 3737 orbe
2295 3681 2608 3737 decurrunt.
2639 3680 2715 3735 De
2748 3679 2944 3751 quibus
2970 3679 3025 3733 in
3049 3677 3155 3733 alio
3182 3678 3303 3733 loco
3320 3677 3575 3733 canitur:

2000 3774 2221 3845 Sagitta:
2241 3783 2410 3830 acuta:
2441 3773 2831 3846 potentissime,
2869 3773 3047 3845 populi
3073 3773 3167 3828 sub
3202 3782 3252 3827 te
3294 3772 3500 3838 cadent,
3521 3780 3584 3827 et

1999 3865 2214 3932 iterum,
2253 3864 2471 3937 Sagitta:
2499 3875 2731 3936 potentes
2750 3874 2917 3920 acutae
2941 3881 3059 3919 cum
3089 3865 3398 3920 carbonibus
3424 3866 3583 3920 deso-

1999 3957 2225 4013 latoriis.
2258 3954 2508 4012 Christus
2553 3963 2736 4011 autem
2786 3955 2853 4010 de
2889 3954 3073 4010 multis
3112 3955 3324 4027 sagittis
3352 3961 3407 4009 et
3451 3953 3581 4010 ﬁliis

1997 4050 2268 4122 plurimis,
2288 4064 2394 4104 una
2416 4048 2612 4118 sagitta
2640 4047 2810 4103 electa
2849 4056 2906 4102 et
2957 4046 3098 4102 ﬁlius
3120 4046 3428 4118 unigenitus
3469 4056 3579 4112 est,

2000 4155 2162 4211 quam
2194 4140 2249 4195 in
2292 4139 2546 4210 pharetra
2577 4151 2674 4193 sua
2699 4137 2995 4201 abscondit,
3031 4137 3084 4192 id
3121 4144 3227 4204 est,
3253 4136 3307 4191 in
3337 4136 3580 4192 humano

2000 4246 2250 4302 corpore,
2279 4239 2343 4286 ut
2367 4229 2638 4285 habitaret
2663 4229 2716 4283 in
2748 4243 2813 4284 eo
2839 4228 3114 4298 plenitudo
3143 4227 3442 4293 divinitatis
3460 4244 3585 4284 cor-

2000 4323 2276 4395 poraliter,
2326 4337 2556 4393 raraque
2601 4328 2745 4377 esset
2799 4321 3134 4377 credentium
3180 4319 3341 4388 ﬁdes,
3382 4329 3441 4376 et
3491 4321 3584 4377 cui

398 4410 467 4467 Ut
496 4420 757 4467 conrertat
785 4409 949 4465 corda
980 4418 1190 4480 patrum
1237 4407 1293 4462 in
1330 4406 1493 4477 ﬁlios,
1521 4400 1570 4461 et
1603 4405 1897 4461 incredulos

2006 4431 2165 4485 supra
2196 4414 2431 4470 dicitur:
2472 4412 2550 4467 Tu
2573 4429 2628 4467 es
2675 4410 2812 4467 Deus
2850 4411 3184 4467 absconditus
3207 4420 3256 4465 et
3308 4412 3572 4466 nescieba-

325 4505 395 4560 ad
414 4506 743 4576 prudentiam
760 4504 1050 4573 justorum,
1094 4518 1283 4573 parare
1312 4501 1534 4556 Domino
1565 4499 1762 4572 plebem
1789 4518 1902 4571 per-

327 4597 537 4666 fectam.
568 4593 742 4649 Corda
768 4591 981 4662 patru'm
1013 4593 1067 4647 in
1112 4592 1252 4648 ﬁlios
1286 4600 1603 4648 convertam
1624 4599 1710 4647 est
1732 4592 1895 4663 spiri-

327 4689 490 4745 talem
519 4695 829 4745 sanctorum
849 4687 1193 4755 antiquorum
1214 4685 1498 4741 scientiam
1530 4683 1741 4755 populis
1759 4699 1897 4755 pra:-

328 4781 554 4837 dieaudo
574 4778 875 4834 infundere.
906 4776 1198 4833 Prudentia
1227 4792 1354 4832 vera
1369 4775 1637 4845 iustorum
1661 4783 1766 4841 est,
1792 4789 1896 4830 non

328 4872 394 4927 de
424 4871 557 4942 legis
578 4870 832 4940 operibus
874 4867 1142 4937 justitiam
1180 4882 1531 4937 praesumere,
1561 4867 1656 4923 sed
1699 4882 1765 4922 ex
1794 4866 1900 4922 ﬁde

326 4962 559 5019 salutem
591 4974 851 5031 qumrere.
905 4959 997 5015 Sic
1039 4974 1169 5029 ergo
1214 4958 1365 5029 plebs
1411 4957 1638 5012 Domino
1662 4955 1901 5027 perfecte

327 5060 680 5125 prmpantur.
702 5050 837 5108 Cum
858 5051 912 5106 in
962 5058 1109 5106 recta
1159 5050 1262 5105 ﬁde
1295 5059 1351 5105 et
1380 5060 1568 5105 sancta
1607 5061 1899 5104 conversa-

326 5146 473 5203 tione
493 5144 563 5200 ad
576 5142 785 5198 Domini
807 5142 1082 5198 servitium
1100 5141 1328 5211 pleniter
1354 5140 1705 5196 convertitur.

895 5250 1171 5308 HOMILIA
1202 5251 1329 5308 Cll].

490 5339 545 5383 111
580 5337 912 5382 ιυτινιτΑτε.
949 5337 1141 5381 υκαι-ι
1172 5335 1389 5378 JOANNJS
1424 5333 1721 5378 BAI’TIS'I‘B.

777 5414 960 5471 Lectio
977 5414 1130 5472 Isaiae
1153 5413 1447 5484 prophetae.

397 5510 528 5567 Herc
556 5512 681 5568 dicit
724 5509 980 5565 Dominus
1006 5524 1026 5562 .'
1046 5508 1258 5575 Audite,
1300 5506 1509 5574 insulae,
1539 5516 1588 5562 et
1630 5504 1900 5572 attendite,

326 5601 504 5670 popuii
527 5602 595 5658 de
615 5602 786 5673 longe.

402 5690 533 5749 l’ost
576 5697 912 5755 vocationem
963 5695 1314 5766 reliquiarum
1373 5691 1554 5763 populi
1606 5688 1792 5756 lsrael,
1850 5696 1904 5745 et

1999 4528 2134 4566 mus.
2164 4508 2333 4576 Quam
2358 4507 2605 4578 sagittam
2645 4517 2700 4562 et
2735 4521 2931 4577 sponsa
2981 4503 3176 4560 vulnus
3202 4503 3474 4572 accipiens
3501 4500 3586 4558 lo—

1999 4601 2182 4672 quitur
2228 4599 2281 4653 in
2318 4597 2543 4653 Cantieo
2577 4597 2909 4652 canticorum
2944 4613 2959 4649 :
2999 4593 3287 4650 Vulnerata
3322 4592 3585 4648 charitate

2001 4712 2092 4766 ego
2113 4709 2248 4748 sum.

2071 4784 2139 4838 Et
2161 4784 2295 4836 dixit
2322 4780 2448 4836 mihi
2476 4795 2495 4835 :
2523 4777 2733 4837 Servus
2766 4797 2910 4835 meus
2945 4796 2999 4834 es
3043 4788 3121 4841 tu,
3158 4774 3350 4841 Israel,
3371 4777 3496 4846 quia
3524 4776 3585 4830 in

2001 4882 2050 4927 te
2086 4871 2368 4942 gloriabor.
2403 4868 2624 4935 Servus,
2655 4870 2780 4939 quia
2824 4885 2945 4924 cum
2995 4868 3049 4923 in
3099 4867 3270 4922 forma
3297 4865 3392 4919 Dei
3433 4874 3588 4920 esset

2002 4964 2229 5019 formam
2258 4962 2398 5017 servi
2430 4970 2513 5017 est
2539 4962 2791 5032 dignatus
2834 4973 3129 5015 assumere.
3162 4956 3412 5012 Ostendit
3452 4970 3584 5009 cum

2004 5054 2260 5126 appellari
2289 5068 2525 5117 servum,
2551 5053 2641 5121 qui
2686 5052 2758 5106 sit
2804 5050 3067 5105 formatus
3094 5064 3162 5103 ex
3196 5055 3372 5111 utero,
3402 5043 3495 5114 qui
3525 5053 3587 5097 et

2004 5145 2058 5199 in
2088 5144 2301 5200 Psalmo
2329 5143 2480 5207 dicit,
2529 5142 2593 5196 de
2630 5151 2804 5196 ventre
2850 5140 3033 5194 matris
3082 5154 3210 5193 mete
3256 5136 3394 5189 Deus
3436 5149 3585 5187 meus

2004 5251 2056 5288 es
2096 5246 2172 5287 tu.
2217 5233 2278 5287 Et
2318 5230 2499 5297 Israel,
2531 5232 2655 5301 quia
2700 5239 2862 5285 natus
2905 5229 2972 5283 de
3013 5224 3217 5281 semine
3248 5222 3582 5279 Judzeorum.

2003 5325 2264 5393 Quodque
2283 5323 2350 5377 de
2375 5320 2522 5375 nullo
2550 5321 2659 5375 alio
2686 5334 2964 5374 servorum
2995 5315 3215 5385 intelligi
3246 5321 3439 5384 potest,
3452 5308 3591 5379 jun-

2002 5415 2162 5483 gitur,
2216 5412 2342 5482 quia
2372 5411 2425 5464 in
2464 5419 2513 5463 te
2558 5406 2843 5479 gloriabor.
2894 5406 3037 5461 Dicit
3080 5404 3223 5461 enim
3261 5410 3318 5457 et
3360 5398 3479 5471 ipse
3524 5398 3586 5454 in

2002 5503 2309 5574 Evangelia,
2333 5500 2515 5567 Pater,
2537 5499 2827 5570 gloriﬁcavi
2842 5514 3028 5553 nomen
3041 5508 3209 5561 tuum,
3225 5494 3317 5566 qui
3348 5493 3403 5548 in
3433 5490 3593 5546 Psal-

2004 5612 2095 5653 mo
2113 5595 2369 5665 loquitur,
2395 5609 2608 5663 exurge,
2630 5590 2799 5663 gloria
2824 5607 2962 5656 mea;
2975 5606 3189 5660 exurge,
3206 5585 3513 5658 psalterium
3536 5594 3589 5638 et

2006 5686 2209 5741 cithara
2228 5725 2242 5752 ,
2272 5684 2324 5740 id
2357 5689 2461 5749 est,
2496 5681 2736 5737 omnium
2766 5681 3026 5737 virtutum
3051 5679 3270 5745 chorus,
3302 5674 3424 5732 dedi
3451 5683 3501 5728 te
3530 5674 3590 5728 in
