3962 6180
285 242 387 315 su

1360 223 1668 285 HOMILIA'I
1707 224 1776 281 1N
1815 221 2070 280 EVANG.
2100 221 2198 278 ΕΤ
2232 220 2454 278 EPIST.

3448 219 3563 278 55‘!

285 351 454 407 lucens
487 347 742 419 gentiam,
768 353 823 398 ut
849 344 921 399 sis
946 339 1092 399 salus
1121 356 1238 396 mea
1279 356 1442 411 usque
1470 338 1539 395 ad
1585 348 1872 394 extremum
1901 342 1949 402 Α
1977 335 2283 391 tulebantur
2303 336 2372 390 ei.
2406 334 2579 390 liabet
2600 341 2913 391 sanctorum
2936 332 3106 390 editio
3128 332 3367 390 laetitiam
3391 334 3544 405 piari

288 452 462 495 teme.
513 436 571 491 Id
600 444 706 501 est,
762 442 820 487 ut
862 432 1131 488 illumines
1183 431 1498 485 universum
1537 428 1795 482 mundum
1824 433 1880 481 et

286 529 516 587 salutem
556 541 759 587 meam,
808 538 909 594 per
944 538 1106 593 quam
1137 537 1328 577 omnes
1359 519 1492 575 salvi
1524 518 1674 581 ﬁant,
1707 530 1879 585 usque

287 625 353 679 sd
380 630 687 677 extremum
722 629 884 674 terrm
910 617 1083 673 facias
1116 615 1419 688 pervenire.
1456 613 1583 668 Haec
1605 613 1749 667 enim
1780 622 1879 681 per

286 716 654 787 apostolorum
708 712 1148 784 praedicationem
1186 709 1328 764 facta
1358 706 1755 778 cognoscimus,
1809 705 1878 758 de

285 805 485 873 quibus
526 802 817 857 Psalmista
858 800 1159 871 praedicens
1184 798 1299 852 ait:
1331 797 1401 850 In
1444 809 1647 849 omnem
1681 803 1878 847 terram

285 896 411 950 exiit
434 910 597 949 sanus
634 907 837 956 eorum,
861 890 978 944 etin
1000 889 1132 958 ﬁnes
1153 887 1294 941 orbis
1320 895 1474 940 terra:
1495 883 1647 939 verba
1670 897 1873 936 eorum.

287 985 455 1055 Reges
475 982 721 1039 videbunt
759 991 809 1036 et
843 986 1153 1049 consurgent
1181 976 1462 1048 principes,
1494 984 1543 1029 et
1581 972 1877 1027 adorabunt

284 1086 497 1147 propter
520 1073 806 1129 Dominum
827 1070 998 1126 Deum
1020 1078 1190 1132 tuum,
1230 1076 1280 1121 et
1310 1074 1550 1120 sanctum
1573 1062 1763 1128 Israel,
1785 1061 1877 1133 qui

285 1173 439 1242 elegit
461 1181 532 1226 te.
554 1169 685 1225 Haec
710 1169 843 1223 ﬁent
861 1166 1081 1238 quando
1108 1162 1320 1218 venerit
1332 1160 1582 1216 Christus
1623 1158 1677 1212 in
1705 1156 1876 1228 gloria

206 1264 212 1270 ’
284 1261 465 1317 Patris
490 1274 616 1314 cum
649 1257 856 1328 angelis
893 1256 1028 1319 suis,
1071 1266 1125 1309 et
1149 1252 1353 1309 sederit
1389 1251 1443 1305 in
1468 1250 1664 1303 throno
1692 1245 1876 1317 gloria:

285 1361 397 1401 sua:
435 1344 686 1415 judicare
715 1343 867 1398 vivos
894 1348 950 1396 et
977 1348 1256 1402 mortuos;
1290 1346 1420 1393 tunc
1467 1349 1657 1390 omnes
1683 1334 1877 1388 adora-

285 1438 420 1491 bunt
442 1450 593 1501 eum,
635 1441 859 1505 propter
902 1431 1190 1486 Dominum
1236 1429 1407 1482 Deum
1444 1425 1661 1484 Patrem
1692 1437 1872 1487 suum,

284 1527 412 1596 quia
442 1525 625 1581 ﬁdelis
638 1534 724 1580 est
743 1523 835 1593 qui
848 1522 1016 1594 elegit
1035 1536 1179 1576 eum.
1198 1520 1325 1574 Sive
1349 1518 1421 1572 ita
1447 1514 1872 1585 intelligendum,

286 1634 447 1687 reges
473 1632 706 1688 quorum
729 1631 824 1671 cor
846 1615 898 1669 in
929 1628 1092 1669 manu
1124 1612 1217 1665 Dei
1246 1618 1421 1673 est,et
1447 1606 1702 1662 Ecclesiae
1721 1604 1873 1673 prin-

1978 444 2190 485 morum
2236 429 2362 499 quia
2412 443 2701 485 commune
2747 435 2832 484 est
2873 428 3109 495 bonum,
3157 426 3367 497 iustitia
3410 427 3554 483 enim

1975 523 2276 578 communis
2297 530 2381 577 est
2406 522 2597 587 virtus,
2620 530 2676 577 et
2702 522 2822 576 ideo
2844 521 2898 575 in
2922 531 3043 575 ortu
3065 519 3190 590 iusti
3223 518 3419 575 fatum
3437 519 3559 574 vita:

1977 612 2185 683 insigne
2212 612 2509 683 prtemittit,
2541 621 2597 669 et
2621 613 2793 683 gratia
2818 620 3084 667 secutura:
3108 609 3325 666 virtutis
3351 611 3559 667 exulta-

1975 704 2122 761 titine
2149 705 2449 761 vicinorum
2477 704 2855 775 praeligurante
2882 703 3148 776 signatur.

2046 793 2116 848 Et
2144 795 2343 864 factum
2367 804 2442 848 est
2465 795 2518 847 in
2549 795 2634 848 die
2671 803 2852 848 octavo
2895 800 3141 848 venerunt
3186 790 3560 845 circumcidere

1976 899 2197 955 puerum
2220 924 2235 948 ,
2265 894 2312 937 et
2362 884 2615 938 uocabant
2651 900 2771 938 eum
2811 883 3020 937 nomine
3046 884 3211 954 patris
3244 883 3327 937 sui
3355 880 3561 937 Zacha-

1975 974 2130 1028 riam.
2161 973 2230 1027 Et
2273 974 2586 1044 respondens
2617 982 2787 1027 mater
2815 973 2930 1043 ejus
2973 973 3107 1026 dixit
3131 986 3151 1024 :
3177 972 3560 1044 Nequaquam,

1973 1065 2066 1120 sed
2092 1065 2358 1120 vocabitur
2380 1064 2636 1119 Joannes.
2654 1063 2790 1119 Mire
2817 1072 3036 1120 sanctus
3063 1057 3408 1135 Evangelista
3424 1079 3560 1134 prac-

1977 1158 2298 1214 mittendum
2339 1158 2581 1227 putavit,
2621 1158 2766 1226 quod
2806 1156 3025 1227 plurimi
3078 1153 3338 1210 infantem
3388 1156 3562 1225 patris

1975 1249 2194 1305 nomine
2213 1248 2493 1303 Zachariae
2515 1247 2893 1318 appellandum
2918 1254 3200 1318 putarent,
3227 1255 3289 1301 ut
3312 1248 3560 1304 advertas

1975 1341 2133 1396 matri
2165 1355 2361 1395 nomen
2390 1335 2618 1406 alicujus
2647 1338 2989 1409 displicuisse
3026 1337 3309 1408 degeneris
3328 1378 3342 1402 ,
3373 1338 3467 1392 sed
3505 1338 3558 1392 in

1975 1437 2164 1486 sancto
2194 1428 2430 1483 infusum
2464 1426 2694 1499 Spiritu,
2716 1428 2859 1498 quod
2890 1427 2959 1483 ab
2983 1428 3174 1500 angelo
3200 1437 3325 1484 ante
3355 1428 3562 1487 Zacha-

1976 1522 2071 1576 riae
2098 1521 2276 1575 fuerat
2303 1519 2745 1588 prmnuntiatum,
2775 1526 2832 1574 et
2858 1520 3074 1590 quidem
3103 1520 3192 1574 ille
3218 1528 3399 1575 mutus
3437 1520 3563 1575 inti-

1976 1628 2125 1669 mare
2152 1612 2470 1668 vocabulum
2497 1612 2594 1667 filii
2620 1613 2863 1684 nequivit
2891 1613 3072 1679 uxori,
3097 1613 3190 1668 sed
3220 1628 3314 1683 per
3331 1614 3562 1683 prophe-

287 1710 437 1780 eipes
458 1716 607 1773 sunt,
631 1707 934 1762 adorabunt
973 1719 1120 1768 eum,
1147 1703 1273 1773 quia
1304 1699 1477 1755 fidelis
1500 1706 1584 1754 est
1616 1697 1874 1752 Dominus
1903 1694 1948 1754 Β
1978 1704 2108 1759 tiam
2139 1703 2411 1758 Elisabeth
2440 1702 2646 1768 didicit,
2669 1705 2812 1773 quod
2840 1704 3102 1759 didicerat
3123 1718 3155 1757 a
3182 1704 3419 1758 marito.‘

287 1809 512 1856 sanctus
550 1798 739 1854 Israel.
770 1798 847 1853 De
873 1796 1088 1852 Christo
1111 1795 1311 1850 ctenim
1343 1802 1397 1846 et
1421 1806 1541 1862 quae
1574 1795 1876 1860 sequuntur

287 1889 515 1961 intelligi
540 1895 793 1960 possunt,
822 1887 952 1942 dicit
972 1885 1116 1939 enim
1143 1887 1199 1939 in
1238 1895 1463 1954 tempore
1491 1880 1683 1953 placito
1707 1895 1874 1934 exau-

287 1980 394 2035 diui
415 1989 490 2044 te,
512 1988 563 2033 et
596 1978 655 2032 in
675 1977 761 2032 die
784 1976 973 2031 salutis
997 1975 1288 2032 auxiliata:
1321 1989 1438 2028 sum
1460 1974 1557 2026 tui.
1587 1970 1699 2025 Hoc
1721 1969 1872 2024 testi-

288 2069 473 2125 monio
482 2067 778 2138 Apostolus
792 2082 922 2122 usus
941 2067 1145 2127 dicens,
1162 2076 1391 2135 tempore
1412 2072 1703 2133 opportuno
1714 2076 1879 2114 exau-

288 2161 392 2216 diui
425 2170 498 2226 te,
530 2168 579 2214 et
598 2160 653 2214 in
682 2159 772 2213 die
788 2157 974 2213 salutis
996 2156 1283 2211 auxiliatos
1307 2171 1424 2208 sum
1467 2154 1564 2217 tui,
1588 2168 1703 2206 ecce
1741 2166 1877 2205 nunc

289 2263 491 2317 tempus
539 2246 873 2319 acceptabile,
902 2264 1018 2302 ecce
1042 2263 1179 2301 nunc
1226 2245 1338 2300 dies
1385 2243 1594 2299 salutis.
1642 2242 1880 2311 Tempus

288 2340 552 2409 placitum
573 2346 634 2395 et
650 2346 1033 2409 opportunum,
1049 2345 1105 2393 et
1126 2337 1244 2392 dies
1270 2335 1463 2391 salutis
1486 2332 1668 2404 passio
1695 2332 1880 2387 Salva-

290 2431 424 2485 toris
448 2437 542 2486 est
565 2438 621 2485 et
648 2430 997 2485 resurrectio.
1023 2427 1122 2484 Cui
1159 2435 1212 2484 et
1240 2427 1382 2483 idem
1415 2426 1578 2481 Pater
1607 2424 1660 2478 in
1687 2424 1878 2479 subse-

290 2522 585 2594 quentibus
629 2520 708 2575 ait
735 2539 749 2573 :
777 2519 907 2574 Dedi
937 2528 985 2573 te
1007 2520 1063 2573 in
1091 2518 1262 2589 fadus
1285 2516 1485 2589 populi,
1509 2523 1564 2569 ut
1595 2514 1880 2569 suscitares

290 2623 488 2666 terram
520 2625 569 2666 et
598 2610 891 2682 possideres
918 2609 1251 2665 Itwreditates
1272 2608 1578 2678 dissipatas,
1604 2614 1661 2660 ut
1686 2604 1883 2659 diceres

290 2703 372 2757 his
389 2702 484 2774 qui
504 2700 667 2758 uincti
699 2709 843 2765 sunt,
871 2701 1025 2765 exite,
1058 2710 1103 2753 et
1127 2700 1208 2753 Itis
1227 2699 1316 2769 qui
1336 2697 1391 2752 in
1408 2695 1648 2758 tenebris,
1682 2694 1882 2747 releva-

292 2796 441 2849 nuni.
472 2795 537 2850 lu
580 2792 759 2850 foedus
794 2794 999 2864 populi,
1034 2791 1352 2847 subauditur
1402 2787 1729 2851 Iudaeorum,
1777 2784 1879 2846 his,

294 2886 569 2949 videlicet,
594 2884 685 2955 qui
714 2899 781 2939 ex
811 2883 916 2940 illis
940 2880 1163 2939 credere
1186 2881 1489 2944 voluerunt,
1522 2885 1579 2932 et
1604 2873 1886 2932 suscitabit

295 2984 522 3040 terram,
545 2990 666 3044 quae
686 2975 741 3028 in
762 2973 1077 3029 idololatriae
1100 2970 1316 3041 iacebat
1345 2968 1644 3025 erroribus.
1662 2966 1731 3020 Et
1750 2979 1880 3035 pos-

295 3064 492 3119 sidebit
518 3064 867 3119 hereditates
889 3062 1154 3128 desertas,
1202 3075 1324 3131 qua:
1365 3058 1725 3113 habitatorem
1776 3068 1885 3108 non

298 3152 947 3217 h.ibebautDonninuin.et
971 3153 1100 3209 dicit
1146 3152 1231 3206 his
1255 3151 1347 3221 qui
1389 3155 1735 3219 peccatorum
1764 3145 1884 3199 vin-

298 3245 433 3300 culis
459 3244 892 3316 stringebantur,
925 3242 1092 3306 exite,
1123 3241 1251 3312 quia
1275 3239 1496 3294 funibus
1540 3243 1885 3307 peccatorum

299 3352 522 3390 suorum
567 3334 935 3404 unusquisque
956 3332 1366 3403 constringitur.
1389 3330 1457 3384 Et
1485 3329 1571 3384 bis
1596 3327 1690 3396 qui
1734 3324 1887 3380 sede-

298 3427 428 3482 bant
456 3427 512 3481 in
560 3425 797 3481 tenebris
820 3432 878 3479 et
920 3422 1092 3480 lucem
1135 3423 1319 3478 videre
1348 3435 1453 3476 non
1481 3424 1748 3488 poterant,
1776 3414 1882 3468 ait:

300 3517 619 3574 relevamiui
642 3533 657 3583 ;
696 3517 752 3572 hi
777 3516 920 3570 enim
948 3531 1137 3572 omnes
1165 3521 1447 3587 postquam
1473 3508 1741 3567 conversi
1768 3506 1886 3561 fue-

301 3607 411 3662 rint
436 3615 497 3662 et
524 3606 733 3663 clarum
774 3605 977 3662 Christi
1020 3606 1199 3661 lumen
1231 3603 1556 3675 aspexerint,
1601 3610 1889 3671 pascentur

302 3699 359 3753 in
381 3699 487 3753 riis
505 3706 566 3754 et
592 3697 801 3753 semitis
827 3707 1140 3753 sanctarum
1162 3696 1586 3767 Scripturarum,
1600 3702 1655 3749 et
1675 3693 1885 3749 dicent:

302 3789 563 3844 Dominus
581 3791 748 3861 pascit
774 3806 878 3854 me,
899 3800 946 3846 et
964 3790 1096 3844 nihil
1116 3789 1240 3844 milii
1262 3788 1448 3854 deerit,
1470 3788 1526 3842 in
1550 3786 1664 3841 loco
1682 3800 1891 3857 pascuae

304 3880 377 3933 ibi
424 3897 509 3934 me
538 3880 835 3946 collocabit,
887 3895 1053 3950 super
1081 3894 1277 3950 aquam
1306 3878 1617 3934 refectionis
1641 3875 1893 3931 educabit

306 3984 414 4035 me,
445 3970 541 4039 qui
571 3985 695 4025 eum
723 3970 881 4026 Patre
903 3979 960 4027 et
974 3970 1185 4041 Spiritu
1211 3978 1422 4034 sancto,
1445 3969 1579 4023 vivit
1601 3975 1658 4023 et
1704 3973 1892 4037 regnat

308 4058 455 4114 Deus
481 4075 579 4130 per
596 4059 779 4115 omnia
805 4060 1000 4116 saecula
1030 4060 1370 4116 seculorum.
1386 4063 1594 4114 Amen.

880 4171 1161 4229 HOMILIA
1189 4169 1323 4227 CIV.

850 4260 903 4298 IN
943 4258 1119 4299 EODEI
1161 4257 1345 4298 FESTO.

380 4331 570 4389 Lectio
596 4335 768 4390 sancti
794 4335 1068 4406 Evangelii
1098 4333 1393 4390 secundum
1418 4332 1642 4388 Lucam.

385 4422 456 4478 In
479 4424 570 4479 illo
597 4435 855 4497 tempore,
880 4426 1145 4481 Elisabeth
1170 4424 1438 4497 impletum
1465 4434 1541 4479 est
1565 4435 1765 4495 tempus
1791 4440 1889 4494 pa-

309 4515 506 4582 riendi,
530 4525 578 4571 et
602 4520 797 4588 peperit
819 4518 1009 4588 ﬁlium.

386 4604 622 4661 Verbum
650 4608 977 4678 impletionis
1006 4617 1197 4664 sancta
1225 4606 1510 4680 Scriptura
1541 4608 1594 4662 in
1621 4607 1891 4664 bonorum

312 4706 525 4752 tantum
568 4707 694 4755 ortu
716 4700 801 4755 vel
840 4701 1020 4766 obitu,
1066 4700 1151 4756 v’el
1190 4711 1312 4757 actu
1340 4715 1543 4772 ponere
1581 4702 1890 4766 consuevit,

313 4803 549 4856 quorum
572 4790 739 4844 vitam
768 4791 1101 4861 plenitudine
1132 4790 1480 4861 perfectionis
1507 4791 1708 4847 habere
1728 4792 1894 4862 signi-

314 4876 463 4930 ﬁcat.
480 4875 723 4947 Denique
738 4878 1004 4933 Elisabetli
1023 4880 1291 4950 impletum
1311 4889 1388 4934 est
1409 4890 1610 4950 tempus
1629 4880 1892 4951 pariendi,

312 4965 520 5036 impleti
548 4969 664 5023 dies
684 4968 866 5025 Mariae
890 4978 952 5025 ut
976 4981 1212 5040 pareret,
1235 4971 1475 5041 implevit
1495 4970 1748 5027 Salomon
1769 4972 1898 5026 tedi-

316 5056 483 5114 licare
507 5060 727 5116 domum
755 5062 1003 5128 Domini,
1030 5061 1315 5119 defunctus
1354 5070 1439 5118 est
1475 5063 1781 5128 Abraham,
1813 5064 1898 5119 vel

315 5147 457 5204 alios
480 5150 677 5220 aliquis
696 5160 911 5222 patrum
935 5167 1096 5208 senex
1118 5161 1178 5208 et
1200 5154 1391 5224 plenus
1416 5155 1640 5216 dierum,
1668 5162 1723 5209 et
1746 5164 1896 5224 post-

315 5253 482 5307 quam
515 5242 664 5297 venit
713 5242 991 5313 plenitudo
1030 5244 1289 5315 tcmporis
1333 5245 1482 5300 misit
1524 5245 1667 5299 Deus
1698 5245 1894 5299 Filium

317 5343 507 5396 suum;
535 5340 594 5387 at
625 5344 815 5389 contra
841 5335 957 5391 dies
980 5336 1266 5405 impiorum
1286 5336 1480 5395 inanes
1502 5344 1557 5390 et
1578 5335 1753 5390 vacui.
1784 5335 1898 5389 Viri

316 5421 464 5477 enim
492 5424 818 5494 sanguinum
837 5434 895 5481 et
913 5425 1082 5481 dolosi
1108 5441 1213 5481 non
1235 5426 1589 5481 dimidiabunt
1615 5426 1731 5482 dies
1751 5439 1893 5482 suos.

392 5509 461 5567 Et
491 5514 777 5569 audierunt
801 5517 955 5571 uicini
985 5527 1035 5571 et
1063 5518 1271 5587 cognati
1298 5518 1414 5587 ejus
1439 5519 1564 5589 quia
1591 5519 1900 5591 magniﬁca-

320 5604 392 5660 ’ἃ
417 5604 675 5663 Dominus
702 5608 1114 5665 misericordiam
1144 5626 1294 5664 suam
1315 5627 1431 5664 cum
1462 5610 1577 5677 illa,
1602 5621 1649 5665 et
1682 5628 1898 5682 congra-

1912 3037 1958 3101 C

1914 4384 1968 4444 Ι)

2046 1792 2112 1846 Et
2143 1792 2387 1847 dixerunt
2413 1791 2483 1845 ad
2510 1791 2697 1846 illam:
2730 1790 2868 1857 Quia
2900 1808 3049 1845 nemo
3071 1801 3146 1845 est
3175 1791 3230 1845 in
3252 1789 3563 1861 cognatione

1975 1892 2067 1937 tua
2087 1883 2175 1952 qui
2204 1891 2415 1936 uocetur
2433 1882 2531 1935 hoc
2555 1882 2782 1937 nomine.
2807 1881 3103 1937 lnnuebant
3132 1882 3272 1953 patri
3299 1881 3416 1951 ejus
3437 1896 3564 1951 quo-

1976 1976 2131 2030 modo
2159 1973 2306 2028 vellet
2331 1975 2505 2028 vocari
2526 1990 2666 2028 eum.
2694 1972 2760 2027 Et
2783 1974 3053 2045 postulans
3076 1971 3409 2045 pugillarem,
3430 1972 3563 2027 scri-

1976 2069 2076 2138 psit
2100 2068 2277 2121 dicens
2298 2080 2318 2119 :
2347 2065 2581 2121 Joannes
2607 2075 2682 2120 est
2707 2081 2897 2120 nomen
2932 2065 3067 2136 ejus.
3115 2060 3181 2118 Et
3221 2064 3401 2118 mirati
3440 2071 3562 2117 sunt

1977 2156 2225 2211 universi.
2253 2150 2489 2210 Joannes
2512 2162 2608 2218 est,
2632 2153 2823 2223 inquit,
2851 2169 3037 2207 nomen
3058 2154 3194 2223 ejus,
3218 2154 3319 2207 hoc
3333 2160 3437 2219 est,
3455 2165 3564 2205 non

1979 2248 2031 2302 ei
2061 2262 2161 2302 nos
2185 2261 2382 2301 nomen
2430 2246 2787 2325 imponimus,
2827 2245 2951 2316 quia
2993 2244 3103 2315 jam
3150 2261 3182 2301 a
3222 2244 3332 2300 Deo
3369 2259 3565 2301 nomen

1980 2343 2219 2412 accepit,
2265 2342 2429 2396 habet
2475 2338 2790 2395 vocabulum
2829 2355 2986 2395 suum
3027 2339 3170 2410 quod
3208 2339 3562 2411 agnovimus,

1981 2446 2089 2485 non
2132 2431 2276 2500 quod
2317 2428 2599 2500 elegimus.
2633 2426 2744 2484 Nec
2786 2428 3032 2492 mireris,
3060 2427 3102 2483 si
3134 2441 3331 2484 nomen
3373 2425 3568 2481 mulier

1982 2525 2125 2597 quod
2147 2540 2254 2578 non
2279 2521 2485 2577 audivit
2507 2520 2755 2583 asseruit,
2782 2522 2998 2589 quando
3018 2519 3067 2574 ei
3092 2517 3326 2589 Spiritus
3348 2525 3569 2573 sanctus

1983 2612 2076 2686 qui
2104 2614 2296 2686 angelo
2320 2613 2673 2667 mandaverat
2694 2610 2974 2676 revelavit,
3000 2625 3174 2680 neque
3212 2618 3423 2681 poterat
3463 2611 3570 2665 Do.

1984 2707 2117 2764 mini
2144 2707 2395 2778 ignorare
2416 2704 2778 2775 przenuntium
2815 2718 2936 2772 qua:
2964 2702 3380 2773 prophetaverat
3408 2699 3572 2757 Chri-

1985 2805 2151 2861 stum,
2174 2804 2231 2851 et
2252 2796 2390 2850 bene
2418 2794 2656 2859 additur,
2688 2794 2814 2864 quia
2855 2808 3007 2846 nemo
3037 2793 3093 2846 in
3122 2792 3428 2863 cognatione
3453 2791 3575 2860 ejus

1986 2893 2203 2941 uocatur
2227 2885 2326 2939 hoc
2351 2884 2578 2948 nomine,
2605 2891 2666 2938 ut
2696 2880 2967 2952 intelligas
2995 2894 3189 2936 nomen
3223 2895 3328 2935 non
3358 2881 3572 2953 generis

1986 2992 2128 3043 esse,
2158 2976 2256 3033 sed
2278 2976 2438 3043 vatis.
3402 3014 3405 3017 λ

2059 3071 2309 3140 Apertum
2338 3077 2411 3122 est
2432 3066 2576 3121 illico
2605 3083 2662 3122 os
2684 3066 2799 3136 ejus
2817 3075 2867 3120 et
2888 3065 3071 3137 lingua
3100 3064 3215 3136 ejus
3234 3107 3249 3132 ,
3290 3073 3341 3120 et
3387 3064 3568 3135 loque-

1988 3161 2144 3215 batur
2176 3157 2694 3221 benedicensﬂeum,
2718 3165 2764 3210 et
2794 3155 2965 3226 factus
2988 3165 3063 3210 est
3093 3157 3251 3210 timor
3279 3171 3437 3226 super
3458 3170 3571 3208 om-

1988 3267 2078 3305 nes
2120 3252 2317 3305 uicinos
2356 3264 2560 3303 eorum.
2608 3247 2744 3314 Quia
2785 3262 2894 3302 vox
2941 3246 3229 3301 clamantis
3262 3246 3319 3300 in
3356 3246 3581 3300 deserto

1987 3348 2112 3396 nata
2155 3348 2274 3405 est,
2302 3339 2500 3394 merito
2535 3345 2617 3392 cst
2654 3337 2833 3407 lingua
2867 3336 3111 3406 parentis
3150 3335 3345 3390 soluta.
3381 3333 3576 3403 Neque

1987 3432 2133 3486 enim
2175 3436 2388 3499 patrem
2436 3444 2468 3482 a
2511 3427 2759 3482 laudibus
2805 3426 2965 3482 silere
3005 3426 3259 3490 decebat,
3288 3425 3379 3494 qui
3409 3422 3572 3478 Verbi

1987 3520 2369 3593 pra-conesibi
2405 3527 2533 3574 nato
2560 3518 2857 3590 gaudebat,
2889 3516 3087 3586 quippe
3118 3516 3203 3571 cui
3244 3515 3385 3569 labia
3406 3556 3419 3581 ,
3452 3531 3572 3584 qua:

1989 3613 2339 3670 incredulitas
2382 3612 2655 3676 vinxerat,
2685 3608 2819 3664 fides
2860 3607 2972 3677 jam
3020 3606 3197 3662 solvit.
3227 3604 3426 3662 Verum
3459 3606 3576 3660 hmc

1990 3707 2153 3764 etiam
2177 3703 2465 3775 allegorice
2486 3702 2534 3756 si
2572 3701 2695 3772 quis
2724 3698 3055 3771 perscrutari
3091 3698 3385 3764 desideret,
3415 3697 3576 3753 Joan-

1991 3797 2076 3853 nis
2099 3796 2371 3852 celebrata
2399 3793 2657 3848 nativitas
2675 3833 2690 3858 ,
2721 3791 2911 3863 gratiae
2952 3789 3088 3846 Novi
3117 3788 3448 3845 Testamenti
3489 3797 3576 3845 est

1990 3887 2242 3943 inchoata
2295 3884 2617 3941 sublimitas.
2671 3882 2771 3939 Cui
2828 3881 2992 3938 vicini
3037 3890 3093 3938 et
3130 3882 3351 3954 cognati
3401 3882 3576 3953 patris

1990 3990 2207 4041 nomen,
2232 3989 2395 4044 quam
2418 3972 2641 4028 Joannis
2668 3972 2948 4042 imponere
2983 3971 3285 4035 malebant,
3316 3971 3443 4041 quia
3476 3968 3574 4025 Ju-

1989 4069 2092 4125 dtei
2119 4069 2213 4138 qui
2247 4066 2382 4138 legis
2411 4067 2462 4122 ei
2496 4066 2875 4122 observatione
2912 4064 3066 4134 quasi
3107 4062 3368 4119 affinitate
3399 4062 3575 4133 juncti

1989 4165 2164 4221 erant,
2184 4156 2362 4228 magis
2377 4154 2665 4226 justitiam,
2685 4171 2805 4225 quae
2828 4169 2895 4210 ex
2918 4153 3035 4226 lege
3063 4163 3148 4210 est
3168 4154 3389 4218 sectari,
3411 4167 3578 4223 quam

1990 4250 2114 4306 ﬁdei
2148 4251 2378 4322 gratiam
2407 4250 2685 4319 suscipere
2709 4246 3013 4316 cupiebant.
3043 4244 3149 4299 Sed
3178 4244 3442 4309 Joannes,
3474 4245 3577 4299 hoc

1990 4349 2095 4407 est,
2117 4340 2305 4413 gratia:
2330 4339 2427 4395 Dei
2451 4338 2795 4402 vocabulum,
2824 4344 2998 4390 mater
3023 4335 3226 4399 verbis,
3253 4342 3409 4404 pater
3433 4333 3572 4389 litte-

1997 4432 2075 4487 ris
2094 4431 2347 4486 intimare
2373 4437 2646 4498 satagunt,
2679 4427 2806 4498 quia
2832 4435 2885 4480 et
2916 4424 3002 4480 lex
3038 4425 3155 4495 ipsa
3184 4424 3483 4495 psalmique
3512 4441 3578 4481 ac

1993 4526 2271 4595 prophetae
2299 4522 2500 4592 apertis
2527 4519 2916 4574 sententiarum
2930 4517 3154 4573 vocibus
3169 4518 3400 4588 gratiam
3422 4516 3579 4572 Chri-

1995 4614 2064 4668 sti
2108 4611 2433 4684 prredicant,
2474 4618 2530 4665 et
2563 4607 2928 4663 sacerdotium
2967 4605 3097 4661 illud
3138 4614 3294 4662 vetus
3327 4606 3576 4676 figuratis

1994 4700 2442 4759 caaremoniarum
2482 4708 2536 4752 ct
2584 4696 2975 4754 sacriﬁciorum
3005 4696 3234 4762 umbris,
3276 4695 3449 4751 eidem
3500 4705 3580 4751 tc-

1996 4792 2307 4849 stimonium
2357 4789 2624 4861 perhibet.
2659 4787 2996 4856 Pulchrcque
3046 4785 3339 4842 Zacharias
3384 4795 3580 4843 octava

1998 4884 2086 4939 die
2132 4881 2297 4952 prolis
2329 4881 2489 4935 edita:
2536 4879 2801 4950 loquitur,
2838 4879 2965 4949 quia
3014 4893 3111 4950 per
3149 4879 3361 4935 Domini
3399 4894 3580 4935 resur-

1999 4974 2293 5030 rectionem
2336 4987 2456 5042 qua:
2501 4979 2693 5026 octava
2736 4970 2824 5025 die
2874 4979 2998 5041 post
3040 4972 3324 5042 septimam
3370 4971 3579 5026 sablmi

2002 5066 2141 5120 facta
2187 5070 2304 5129 est,
2342 5060 2555 5117 occulta
2589 5060 2879 5116 sacerdotii
2912 5060 3109 5131 regalis
3151 5076 3348 5116 arcana
3391 5071 3579 5129 patue-

2001 5163 2145 5222 runt,
2178 5155 2466 5224 linguaque
2485 5152 2797 5224 pontificum
2823 5151 3131 5209 Judteorum
3155 5168 3318 5227 quam
3345 5151 3580 5207 diﬂlden-

2002 5247 2091 5300 tite
2112 5245 2329 5301 vincula
2353 5245 2705 5311 strinxerant,
2729 5243 3098 5314 intelligentiae
3124 5242 3458 5299 rationabilis
3494 5250 3581 5297 cst

2002 5351 2135 5392 voce
2166 5335 2362 5391 soluta.
2604 5323 2612 5330 ’

2078 5426 2143 5481 Et
2171 5443 2326 5499 super
2347 5429 2523 5481 omnia
2549 5436 2797 5482 montana
2817 5426 3024 5483 Judtea:
3040 5426 3449 5498 divulgabantur
3466 5440 3577 5478 σηι-

2004 5519 2093 5573 nia
2126 5519 2281 5573 verba
2309 5519 2441 5585 lucc,
2470 5529 2516 5574 et
2548 5528 2831 5589 posuerunt
2868 5521 2923 5573 in
2953 5519 3107 5573 corde
3135 5535 3260 5585 suo,
3306 5518 3534 5573 dicentes
3560 5535 3577 5574 :

2006 5607 2141 5673 Quis
2168 5618 2321 5679 putas
2342 5625 2474 5681 puer
2496 5610 2591 5664 iste
2619 5609 2755 5664 erit?
2776 5608 2981 5663 Etenim
3014 5618 3213 5663 manus
3232 5607 3442 5663 Domini
3470 5614 3585 5665 erat
