3962 6180
376 283 483 340 343

1019 289 1081 344 Β.
1123 290 1638 359 RABANLMAURI
1673 288 1993 348 ARCIIIEP.
2036 288 2348 347 MOGUNT.
2390 288 2674 347 ΟΡΕῆοΜ
2712 288 2892 346 PARS
2926 289 2994 346 ll.

3524 296 3623 352 ιιι

375 410 494 451 eum
538 396 650 452 illo.
698 396 892 470 Magna
936 417 1095 472 opera
1131 400 1363 469 Domini,
1401 403 1663 474 exquisita
1682 402 1739 457 in
1773 419 1951 460 omnes
1977 404 2029 466 Α
2054 416 2088 456 a
2135 401 2363 457 Domino
2416 417 2670 459 coronam
2714 400 2877 471 itala
2925 402 3412 473 eongratulationis
3465 423 3627 468 acce-

375 488 665 543 roluntates
687 489 822 559 ejus.
838 491 977 547 Ecce
999 492 1141 548 enim
1160 508 1324 547 unum
1347 493 1626 550 Zachariae
1648 493 1943 560 silentium,

375 592 484 632 non
529 578 629 647 ipsi
664 587 869 635 tantum
896 580 982 635 cui
1011 581 1167 636 datur
1201 582 1270 637 ad
1304 597 1520 652 pmnam
1550 582 1948 637 incredulitatis

374 677 432 722 et
473 668 685 738 signum
730 669 980 724 credendi
1022 669 1276 739 proﬁcit,
1302 671 1399 727 sed
1427 679 1632 726 etcum
1677 669 1943 737 aufertur,

373 770 562 811 omnes
588 756 793 811 vicinos
820 757 938 827 ejus
965 757 1223 813 miraculo
1268 773 1333 814 ac
1378 759 1572 814 timore
1620 756 1939 828 stupefacit,

371 846 551 901 omnia
581 847 1000 917 circumquaque
1030 858 1285 904 montana
1329 846 1474 902 fama
1517 848 1630 903 nati
1661 848 1942 918 propr

369 937 665 1007 perfundit,
685 954 875 996 omnes
901 940 993 1010 qui
1021 940 1207 995 audire
1234 947 1505 1010 poterant,
1528 940 1598 995 ad
1624 940 1943 1010 perquiren-

371 1030 497 1085 dum
528 1030 834 1102 diligentius
855 1032 1008 1103 pueri
1038 1032 1129 1101 qui
1161 1039 1320 1087 natus
1344 1040 1430 1088 est
1454 1031 1670 1086 modum
1707 1038 1942 1086 statum-

367 1138 472 1192 que
501 1123 775 1191 sollicitat,
808 1134 867 1180 ut
892 1124 981 1180 his
1006 1124 1256 1180 videlicet
1277 1132 1438 1193 atque
1463 1122 1772 1195 huiusmodi
1796 1120 1939 1175 futu-

366 1229 461 1269 rus
489 1212 694 1271 Christi
729 1215 992 1285 propheta
1023 1214 1431 1270 commendetur
1464 1211 1748 1283 auspiciis,
1774 1211 1935 1266 item-

364 1318 490 1373 que,
516 1312 574 1358 ut
600 1305 675 1359 ita
708 1304 938 1360 dixerim
956 1344 973 1371 ,
1002 1318 1395 1376 praecursorem
1422 1303 1669 1360 veritatis
1693 1317 1936 1374 praeur-

364 1394 538 1450 rentia
574 1394 724 1466 signa
754 1395 1049 1465 praebeant.

433 1486 502 1541 Et
522 1487 812 1543 Zacharias
837 1498 986 1559 pater
1007 1488 1120 1558 ejus
1148 1486 1389 1558 impletus
1410 1497 1485 1543 est
1507 1486 1712 1559 Spiritu
1730 1498 1931 1552 sancto,

361 1588 411 1633 et
459 1580 782 1651 prophetarit
824 1581 1000 1635 dicens
1032 1594 1052 1633 :
1081 1580 1392 1636 Benedictus
1432 1579 1687 1634 Dominus
1729 1577 1931 1640 Israel,

361 1669 485 1739 quia
515 1669 736 1723 uisitauit
760 1679 808 1723 et
833 1669 958 1738 fecit
987 1668 1391 1741 redemptionem
1416 1668 1579 1741 plebis
1602 1684 1713 1723 sure
1737 1665 1929 1721 Israel.

2047 502 2256 565 plures.

2116 581 2188 637 Et
2228 585 2345 654 quis
2389 593 2465 638 est
2502 582 2594 654 qui
2636 582 2774 638 vobis
2818 591 3021 648 noceat,
3050 585 3098 638 si
3133 583 3255 639 boni
3291 588 3627 647 ﬁstulatores
3711 624 3725 631 -

2045 668 2280 741 fueritis?
2301 672 2378 727 De
2408 672 2492 726 his
2520 671 2648 726 dicit
2689 686 2810 740 qua:
2856 671 3014 725 nobis
3053 672 3122 727 ab
3163 673 3491 732 adversariis
3527 692 3628 747 per

2043 761 2207 817 verba
2232 763 2641 826 contumeliosa,
2671 776 2770 830 per
2791 762 2986 817 damna
3016 777 3199 817 rerum
3222 767 3622 836 temporalium,

2040 862 2141 921 per
2163 858 2428 906 tormenta
2454 852 2700 922 corporis
2734 852 3005 907 accidunt.
3028 852 3156 909 Hcce
3179 856 3324 912 enim
3352 865 3409 913 et
3436 859 3624 931 hujus-

2040 939 2187 995 modi
2215 942 2395 996 omnia
2425 956 2556 996 cum
2591 941 2840 997 ﬁdelibus
2878 943 3208 1013 irrogantur,
3237 947 3498 1004 duntaxat
3526 950 3620 1021 qui

2039 1031 2169 1088 boni
2196 1032 2538 1088 aemulatores
2581 1043 2738 1100 sunt,
2782 1042 2837 1088 ct
2871 1034 2977 1090 hoc
3012 1038 3304 1092 secundum
3333 1040 3620 1099 scientiam

2039 1132 2379 1190 nequaquam
2408 1121 2488 1176 eis
2523 1136 2721 1177 nocere
2745 1131 3005 1193 possunt,
3047 1126 3144 1181 sed
3180 1126 3411 1195 palmam
3445 1134 3623 1203 magis

2037 1212 2312 1282 patientiae
2370 1215 2752 1284 aequanimiter
2804 1216 3161 1274 tolerantibus
3199 1219 3460 1288 aﬁ'erunt,
3500 1232 3559 1277 et
3585 1239 3621 1278 e

2037 1310 2227 1357 contra
2254 1303 2362 1357 illis
2389 1304 2479 1373 qui
2506 1304 2750 1376 irrogant
2778 1320 2996 1375 ptenam
3035 1310 3423 1367 accumulando
3454 1322 3621 1368 aeter-

2036 1406 2161 1446 nam
2208 1391 2499 1463 plurimum
2553 1405 2771 1449 nocent.
2822 1394 2881 1451 Si
2932 1397 3057 1465 quis
3095 1406 3274 1453 autem
3314 1400 3620 1470 hujusmodi

2036 1480 2277 1536 adversis
2328 1481 2503 1537 victus
2555 1482 2757 1549 deﬁcit,
2812 1500 2919 1539 non
2956 1485 3081 1540 huic
3131 1486 3222 1542 ille
3269 1489 3362 1558 qui
3416 1489 3620 1545 malum

2035 1568 2252 1634 intulit,
2290 1572 2386 1626 sed
2423 1571 2525 1641 ipsi
2560 1574 2665 1629 sibi
2703 1574 2793 1645 qui
2833 1575 2938 1631 hoc
2981 1577 3251 1647 patienter
3284 1578 3429 1637 ferre
3464 1596 3625 1638 recu-

2034 1659 2176 1715 savit
2210 1661 2414 1717 nocuit.

360 1759 501 1815 Ecce
528 1759 740 1829 loquela
764 1775 886 1830 qtiae
915 1759 1030 1816 sola
1051 1767 1134 1815 est
1158 1759 1334 1814 ablata
1362 1740 1640 1822 difﬁdenti,
1670 1772 1792 1813 cum
1823 1757 1932 1826 spi-
1960 1764 2006 1823 Β
2102 1747 2211 1806 Sed
2234 1762 2284 1805 et
2311 1767 2358 1806 st
2385 1753 2513 1825 quid
2539 1754 2782 1825 patimini
2811 1765 3024 1826 propter
3040 1759 3330 1828 justitiam,
3350 1759 3489 1816 beati
3512 1764 3622 1819 eri-

358 1849 467 1903 ritu
495 1850 793 1920 prophetiae
817 1857 902 1905 est
923 1850 1170 1906 restituta
1196 1849 1455 1904 credenti.
1479 1848 1725 1903 Visitatit
1752 1857 1931 1902 autem

357 1942 618 1997 Dominus
641 1941 853 2011 plebem
880 1957 1032 1997 suam
1060 1941 1212 2012 quasi
1245 1941 1398 2011 longa
1431 1939 1746 1995 inﬁrmitate
1779 1939 1933 1995 tabe-

357 2038 619 2097 scentem,
646 2038 700 2087 et
727 2031 880 2100 quasi
908 2031 1182 2087 venditum
1226 2031 1326 2086 sub
1359 2037 1582 2100 peccato
1622 2029 1769 2086 unici
1810 2029 1933 2085 Filii

358 2119 441 2174 sui
494 2119 754 2191 sanguine
798 2119 1063 2185 redemit,
1088 2118 1180 2188 qui
1215 2118 1349 2173 vivit
1375 2126 1431 2175 et
1456 2125 1646 2191 regnat
1672 2133 1795 2173 eum
1822 2117 1933 2173 Deo

356 2209 520 2264 Patre
548 2208 602 2263 in
632 2208 838 2264 unitate
868 2206 1101 2278 Spiritus
1124 2207 1306 2263 sancti
1336 2207 1479 2264 Deus
1502 2220 1603 2280 per
1626 2207 1806 2265 omnia
1836 2220 1933 2263 sae-

356 2298 478 2354 cula
499 2297 839 2355 saeculorum.
869 2297 1064 2354 Amen.

930 2427 1210 2487 HOMILIA
1242 2427 1350 2489 CV.

670 2558 924 2600 DOHINICA
961 2558 1016 2600 νι
1055 2558 1186 2601 1³08⁸1⁸
1224 2556 1616 2599 PENTECOSTEN.

613 2651 801 2708 Lectio
844 2651 1101 2728 Epistolze
1146 2651 1208 2708 Β.
1254 2651 1399 2709 Petri
1441 2650 1686 2722 apostoli.

424 2760 764 2825 Charissimi,
816 2777 991 2817 omnes
1037 2761 1310 2816 unanimes
1346 2762 1401 2815 in
1457 2761 1692 2815 oratione
1735 2769 1927 2825 estote,

353 2852 743 2923 compatientes,
764 2851 1109 2921 fraternitatis
1131 2860 1412 2917 amatores,
1434 2850 1810 2912 misericordes,
1833 2851 1931 2903 Itu-

352 2940 522 3006 miles,
553 2957 657 2995 non
679 2940 952 2995 reddentes
981 2938 1178 2995 malum
1201 2955 1296 3010 pro
1323 2938 1493 3005 malo,
1517 2948 1565 2993 et
1596 2938 1930 2993 maledictum

349 3049 446 3104 pro
470 3030 767 3098 maledicto,
788 3031 878 3086 sed
902 3049 931 3086 e
948 3032 1211 3087 contrario
1234 3031 1604 3099 benedicentes,
1626 3039 1732 3088 etc.

422 3122 558 3191 Quia
599 3123 848 3194 superius
917 3123 1160 3180 diversas
1201 3138 1460 3195 personas
1503 3124 1824 3181 conditionis
1873 3134 1928 3182 et
1955 3106 2000 3168 C-

350 3229 515 3272 sexus
542 3229 780 3286 congrua
811 3213 914 3269 sibi
960 3214 1284 3271 discretione
1326 3215 1584 3281 docebat,
1626 3214 1737 3285 jam
1785 3232 1929 3272 nunc

350 3319 540 3360 omnes
566 3304 926 3361 communiter
950 3304 1202 3361 admonet
1226 3304 1281 3359 in
1302 3303 1425 3359 ﬁdei
1453 3304 1744 3361 Dominicae
1765 3321 1927 3362 causa

351 3410 517 3450 unum
549 3409 647 3450 cor
673 3403 731 3450 et
755 3411 920 3451 unam
952 3395 1154 3452 habere
1176 3395 1431 3450 animam.

423 3484 561 3550 Quia
587 3486 643 3539 in
662 3485 758 3540 hoc
782 3486 951 3544 vocati
973 3485 1096 3541 estis
1118 3494 1172 3539 ut
1196 3484 1601 3540 benedictionem
1621 3486 1926 3543 Itwreditate

349 3576 681 3645 possidentis.
712 3576 935 3647 Dicente
959 3574 1210 3631 videlicet
1231 3574 1435 3643 judice,
1455 3578 1637 3643 venite,
1673 3578 1926 3632 benedicti

352 3662 530 3719 Patris
554 3666 676 3731 mei,
706 3667 953 3737 percipite
979 3680 1211 3737 regnum.
1230 3665 1413 3721 Potest
1435 3665 1738 3724 benedictio
1756 3669 1927 3725 haere-

350 3755 537 3811 ditatis
559 3764 614 3811 et
656 3755 747 3811 illa
776 3756 1021 3827 intelligi,
1049 3771 1156 3828 qua
1179 3756 1479 3812 Ecclesium
1509 3757 1563 3812 in
1598 3757 1778 3814 futura
1813 3761 1922 3815 vita

348 3854 608 3917 perpetua
631 3846 926 3911 benedixit,
961 3846 1102 3901 unde
1122 3846 1286 3902 etiam
1322 3862 1467 3902 nunc
1494 3861 1589 3915 spe
1619 3848 1922 3905 futurorum

348 3935 739 4007 gratulabunda
789 3938 967 3999 canit,
1009 3935 1246 3990 exaltabo
1291 3944 1363 4001 te,
1410 3936 1549 3992 Deus
1602 3954 1693 3993 rea:
1745 3955 1920 4005 meus,

348 4037 397 4082 et
435 4025 736 4082 benedicam
790 4039 976 4078 nomen
1022 4035 1171 4078 tuum
1214 4025 1271 4079 in
1307 4034 1588 4091 wternum,
1623 4036 1670 4081 et
1722 4028 1775 4082 in
1824 4044 1926 4083 sa:-

348 4115 526 4171 culum
559 4112 758 4169 swculi.
807 4111 962 4181 Quod
988 4126 1118 4185 ergo
1165 4112 1395 4183 quisque
1440 4113 1495 4168 in
1544 4113 1727 4169 futuro
1777 4116 1923 4171 iuve-

349 4209 469 4264 nire
520 4206 810 4272 desiderat,
846 4205 950 4260 hoc
981 4204 1036 4258 in
1078 4204 1330 4275 praesenti
1378 4204 1625 4258 meditari
1667 4214 1719 4259 et
1764 4221 1923 4275 agere

347 4305 599 4370 satagat,
654 4305 710 4352 et
759 4295 1095 4352 conditorem
1148 4293 1442 4361 videlicet,
1504 4302 1560 4348 et
1616 4296 1921 4367 proximum

347 4388 557 4443 sincera
603 4400 735 4441 voce
780 4384 1104 4441 benedicere
1134 4392 1190 4439 et
1225 4382 1462 4454 seipsum
1501 4384 1665 4440 etiam
1716 4385 1922 4454 pariter

2037 1842 2129 1899 tis.
2160 1844 2276 1901 Non
2302 1845 2496 1911 solum,
2528 1848 2722 1918 inquit,
2752 1849 2887 1905 nihil
2915 1850 3067 1907 vobis
3092 1861 3270 1919 nocet,
3300 1854 3392 1924 qui
3414 1853 3619 1911 bonum

2038 1932 2358 1991 facientibus
2382 1936 2522 1990 mala
2552 1937 2778 2006 irrogat,
2810 1938 2905 1992 sed
2930 1938 3095 1995 etiam
3125 1956 3249 1996 cum
3276 1957 3375 1997 vos
3396 1955 3622 2013 propter

2035 2024 2175 2080 bona
2201 2039 2322 2095 qua:
2335 2035 2654 2082 exsecratur
2683 2026 2854 2083 hostis
2880 2029 3200 2099 insequitur,
3215 2046 3437 2087 causam
3460 2035 3619 2089 vobis

2036 2115 2254 2185 majoris
2296 2116 2643 2174 beatitudinis
2681 2127 2933 2189 praestat,
2963 2134 3085 2176 cum
3124 2122 3396 2190 patientia!
3421 2132 3620 2180 vestras

2034 2208 2178 2264 vires
2209 2218 2447 2275 exercet,
2502 2208 2659 2279 juxta
2709 2211 2838 2266 illud
2880 2211 3266 2284 Evangelicum
3293 2233 3307 2269 :
3335 2214 3487 2270 Beati
3524 2218 3618 2287 qui

2032 2300 2438 2369 persecutionem
2458 2302 2734 2370 patiuntur
2756 2310 2967 2372 propter
2986 2303 3273 2373 justitiam.

2103 2387 2386 2443 Dominum
2428 2399 2604 2444 autem
2645 2386 2912 2446 Christum
2942 2391 3267 2462 sancti/icon
3291 2395 3346 2449 in
3368 2396 3617 2452 cordibus

2033 2478 2231 2531 vestris.
2275 2477 2414 2544 Quid
2440 2486 2524 2533 est
2564 2477 2853 2534 Dominum
2884 2482 3231 2539 sanctiﬁcare
3272 2484 3327 2541 in
3358 2488 3619 2544 cordibus

2033 2566 2272 2631 nostris,
2322 2567 2426 2622 nisi
2458 2569 2803 2625 sanctitatem
2828 2571 2980 2641 ejus,
3019 2589 3179 2643 quam
3217 2576 3288 2631 sit
3312 2577 3619 2648 incompre-
3706 2560 3709 2561 ν

2032 2656 2311 2712 hensibilis
2333 2658 2537 2729 gloriae,
2559 2660 2751 2716 intimo
2773 2664 2954 2718 cordis
2977 2663 3172 2720 aﬁ‘ectu
3197 2666 3417 2735 intueri,
3440 2685 3620 2740 quan-

2035 2756 2142 2800 tam
2182 2748 2235 2803 in
2276 2764 2335 2804 se
2379 2752 2723 2820 sperantibus
2762 2755 3010 2811 vincendi
3064 2755 3433 2815 fortitudinem
3478 2762 3619 2818 dare

2031 2838 2192 2905 valet,
2219 2838 2371 2908 cuius
2398 2842 2788 2902 inaestimabilis
2826 2848 3087 2904 sanctitas
3129 2848 3313 2921 fulget.
3348 2850 3451 2918 Qui
3486 2868 3615 2909 cum

2031 2928 2191 2986 Patre
2213 2940 2269 2986 et
2288 2931 2491 3002 Spiritu
2516 2945 2729 3001 sancto,
2753 2937 2887 2993 vivit
2906 2949 2963 2993 et
2984 2950 3173 3011 regnat
3188 2942 3349 3009 Deus,
3372 2958 3472 3015 per
3495 2960 3617 2999 om-

2034 3022 2122 3078 nia
2153 3022 2349 3079 sacula
2376 3025 2716 3082 sacculorum.
2743 3028 2937 3084 Amen.

2597 3140 2879 3197 HOMlLlA
2905 3141 3034 3198 CVI.

2560 3228 2616 3267 IN
2666 3228 2843 3266 EODEM
2901 3227 3086 3269 πετο.

2184 3301 2371 3358 Lectio
2394 3302 2567 3357 sancti
2592 3303 2864 3374 Evangelii
2890 3305 3183 3359 secundum
3209 3303 3431 3362 Lucam.

2097 3392 2165 3447 In
2191 3392 2285 3448 illo
2307 3405 2555 3463 tempore,
2583 3411 2699 3448 cum
2724 3394 2892 3449 turba:
2913 3396 3177 3449 irruerent
3202 3397 3271 3449 ad
3299 3398 3479 3473 Iesum
3498 3438 3513 3463 ,
3553 3408 3617 3453 ut

2026 3483 2270 3537 audirent
2318 3483 2527 3539 verbum
2565 3483 2688 3551 Dei,
2729 3494 2777 3539 et
2816 3484 2926 3555 ipse
2968 3485 3137 3539 stabat
3176 3502 3325 3540 secus
3365 3495 3615 3557 stagnum

2033 3569 2367 3627 Cenesaretlt.

2096 3662 2359 3735 Stagnum
2385 3662 2717 3720 Genesareth
2741 3665 2882 3721 idem
2911 3666 3099 3721 dicunt
3134 3680 3256 3722 esse
3280 3667 3422 3736 quod
3453 3682 3614 3722 mare

2026 3751 2258 3809 Galilaea:
2283 3761 2339 3809 et
2371 3769 2521 3810 mare
2567 3754 2890 3810 Tiberiadis.
2938 3755 3047 3809 Sed
3087 3769 3239 3809 mare
3274 3753 3510 3811 Galilaaa:
3542 3756 3616 3810 ab

2025 3841 2303 3913 adjacente
2322 3845 2597 3914 provincia
2619 3845 2844 3911 dictum,
2868 3860 3017 3900 mare
3040 3845 3339 3900 Tiberiadis
3366 3860 3397 3899 a
3428 3846 3617 3917 proxi-

2024 3950 2113 3988 ma
2157 3935 2409 4000 civitate,
2454 3949 2576 4005 quae
2610 3935 2742 3991 olim
2782 3934 3095 3991 Cennerech
3138 3942 3361 3999 vocata,
3408 3936 3502 3990 sed
3540 3936 3615 3990 ab

2024 4024 2235 4082 Herode
2257 4027 2554 4091 telrarcha,
2578 4026 2875 4082 instaurata
2901 4027 2956 4081 in
2981 4027 3241 4081 honorem
3265 4025 3465 4080 Tiberii
3491 4025 3615 4081 Cie-

2026 4116 2165 4170 saris
2190 4157 2204 4181 ,
2241 4115 2489 4171 Tiberius
2515 4125 2600 4171 est
2628 4116 2914 4186 appellata.
2954 4115 3123 4171 Porro
3147 4115 3392 4171 Genezar
3431 4131 3461 4169 a
3506 4116 3613 4170 laci

2025 4204 2192 4274 ipsius
2223 4213 2437 4269 natura,
2466 4206 2556 4276 qui
2584 4222 2614 4258 u
2645 4206 3007 4276 crispantibus
3044 4206 3200 4276 aquis
3236 4205 3302 4260 de
3347 4205 3464 4274 ipso
3504 4204 3613 4259 sibi

2024 4295 2266 4349 excitare
2305 4310 2489 4350 auram
2519 4296 2866 4367 perhibetur,
2910 4295 3100 4352 Grreeo
3135 4295 3398 4351 vocabulo
3445 4296 3615 4365 quasi

2026 4399 2291 4456 generans
2322 4386 2424 4441 sibi
2449 4402 2639 4441 auram
2667 4387 2882 4442 dicitur.

347 4481 528 4535 divina
583 4494 648 4535 ac
702 4476 941 4533 fraterna
978 4475 1350 4533 benedictione
1388 4474 1607 4547 dignum
1663 4477 1923 4543 reddere,
1955 4461 2003 4521 Ῑ)
2098 4473 2170 4528 Et
2213 4474 2341 4529 vidit
2386 4476 2520 4531 duas
2561 4492 2714 4531 naues
2753 4486 2949 4531 stantes
2990 4493 3137 4532 secus
3185 4486 3448 4547 stagnum.
3478 4476 3617 4532 Duae

346 4586 475 4641 qum

420 4659 576 4716 Oculi
609 4658 819 4714 Domini
839 4674 996 4729 super
1026 4658 1200 4728 justas
1220 4698 1236 4724 ,
1262 4668 1309 4713 et
1337 4675 1491 4714 aures
1527 4659 1641 4730 ejus
1669 4661 1723 4715 in
1750 4677 1926 4731 preces

347 4765 567 4809 eorum:
595 4750 766 4806 vultus
805 4757 979 4805 autem
1015 4749 1228 4803 Domini
1274 4766 1431 4821 super
1470 4749 1719 4820 facientes
1763 4750 1923 4805 mala.

347 4843 483 4911 Quia
508 4844 699 4899 beatus
727 4839 921 4895 Petrus
949 4837 1147 4893 malum
1176 4853 1274 4893 nos
1298 4855 1396 4908 pro
1420 4840 1562 4894 malo
1585 4840 1810 4895 reddere
1836 4857 1925 4896 vc-

350 4941 563 4997 tuerat,
626 4932 734 4987 imo
787 4929 1226 4984 maledicentibus
1284 4930 1605 4986 benedicere
1648 4931 1924 5002 jusserat,

351 5030 499 5078 recte
527 5019 841 5092 prophetico
868 5019 1178 5074 testimonio
1204 5019 1432 5084 astruit,
1472 5035 1705 5090 superna
1748 5021 1928 5090 inspe-

350 5113 550 5176 ctione,
577 5119 632 5166 et
668 5110 839 5165 bonos
870 5123 1083 5178 semper
1106 5109 1308 5176 videri,
1343 5118 1399 5165 et
1434 5109 1629 5174 malos,
1663 5119 1927 5180 quatenus

350 5201 779 5266 meminerimus,
802 5208 857 5255 et
887 5207 1128 5254 nostram
1153 5200 1466 5270 patientiam
1487 5216 1593 5272 qua
1636 5201 1927 5258 toleramus

348 5295 552 5361 malos,
581 5302 637 5351 et
675 5300 916 5348 nostram
960 5292 1387 5347 benevolentiam
1414 5308 1520 5363 qua
1559 5295 1919 5363 persequenti-

346 5389 450 5444 bus
479 5387 621 5443 bona
668 5392 919 5456 optamus
961 5390 1164 5438 aeterno
1200 5382 1424 5453 praemio
1451 5385 1924 5452 remunerandum,

351 5486 408 5533 et
432 5484 806 5549 persecutores
830 5482 1047 5530 nostros
1080 5475 1128 5531 si
1158 5472 1412 5545 pmniteri
1456 5473 1729 5530 noluerint
1762 5476 1925 5546 digno

348 5569 660 5640 plectendos
686 5582 806 5625 esse
843 5565 1125 5637 supplicio.
1159 5564 1216 5622 Si
1241 5580 1372 5621 vero
1408 5566 1797 5637 pmnituerint,
1826 5581 1926 5622 nos

352 5675 565 5732 quoque
607 5676 708 5733 pro
758 5662 996 5732 ipsorum
1044 5658 1249 5726 salute,
1292 5673 1453 5730 quam
1501 5658 1926 5730 deprecabuntur

2030 4579 2194 4633 paves
2219 4579 2376 4620 secus
2403 4574 2650 4636 stagnum
2678 4566 2867 4636 positae
2891 4566 3358 4622 circumcisionem
3388 4575 3446 4621 et
3472 4582 3616 4636 prte-

2026 4654 2236 4724 putium
2260 4654 2524 4726 ﬁguram,
2549 4670 2685 4725 quas
2710 4655 2847 4710 bene
2872 4654 3028 4711 Jesus
3050 4656 3249 4712 vidisse
3273 4656 3611 4727 perhibetur,

2026 4743 2153 4813 quia
2182 4743 2237 4798 in
2269 4752 2500 4813 utroque
2529 4743 2725 4813 populo
2753 4745 2904 4799 novit
2928 4745 3188 4799 Dominus
3211 4747 3302 4815 qui
3326 4754 3455 4800 sunt
3472 4746 3612 4814 ejus,

2025 4849 2322 4905 eorumque
2367 4849 2463 4889 cor
2501 4848 2533 4888 a
2576 4833 2826 4889 ﬂuctibus
2869 4835 3050 4890 saeculi
3097 4834 3258 4904 hujus
3300 4836 3369 4890 ad
3415 4835 3618 4891 futura:

2034 4924 2157 4979 vita:
2190 4922 2665 4993 tranquillitatem,
2717 4926 2871 4996 quasi
2919 4927 2988 4981 ad
3036 4926 3362 4982 soliditatem
3410 4927 3619 4983 littoris

2032 5015 2262 5070 videndo
2281 5054 2297 5081 ,
2329 5014 2431 5070 hoc
2457 5024 2563 5081 est,
2595 5016 3016 5071 misericorditer
3040 5017 3306 5073 visitando
3337 5020 3613 5087 provehit.

2102 5106 2405 5162 Piscatores
2450 5117 2626 5162 autent
2657 5108 3031 5164 descenderant
3076 5119 3125 5164 et
3160 5108 3406 5164 levabant
3454 5112 3612 5165 retia.

2032 5200 2338 5255 Piscatores
2357 5210 2481 5256 sunt
2505 5200 2762 5256 Ecclesiae
2791 5200 3040 5258 doctores
3061 5202 3152 5272 qui
3178 5208 3292 5256 rete
3318 5199 3444 5255 ﬁdei
3465 5215 3620 5255 com-

2032 5293 2329 5360 piuhcnsos
2352 5330 2367 5356 ,
2414 5301 2471 5347 et
2513 5292 2581 5346 de
2624 5290 2895 5361 profundo
2921 5292 2988 5346 ad
3016 5291 3196 5346 lumen
3228 5291 3431 5355 elatos,
3457 5291 3619 5359 quasi

2031 5385 2207 5453 pisces
2252 5382 2454 5451 littori,
2487 5384 2566 5439 sic
2606 5394 2764 5439 terra:
2796 5384 3090 5439 viventium
3122 5384 3429 5445 advehunt,
3456 5383 3616 5451 quasi

2031 5474 2280 5545 quaedam
2309 5474 2440 5529 retia
2473 5473 2799 5544 piscantium
2827 5482 2955 5529 sunt
2996 5473 3286 5545 complexa!
3308 5472 3621 5543 praedican-

2030 5568 2166 5621 tium
2197 5566 2483 5632 dictiones,
2527 5581 2650 5637 quae
2687 5579 2782 5620 eos
2825 5581 2962 5636 quos
2998 5564 3262 5636 coeperint
3288 5564 3342 5617 in
3372 5562 3479 5617 ﬁde
3508 5577 3619 5615 non

2031 5658 2297 5713 amittant.
2324 5656 2478 5714 Unde
2503 5665 2556 5712 et
2586 5657 2720 5713 retia
2743 5657 2900 5728 quasi
2931 5656 3217 5715 retinentia
3239 5663 3367 5713 sunt
3387 5661 3617 5716 vocata,
