3962 6180
247 305 358 365 545

1313 309 1618 368 ΙΙΟΜΙΙᾹιΕ
1658 310 1728 367 ΙΝ
1766 307 2020 366 ιενΑπο.
2060 310 2150 368 ΕΤ
2187 312 2406 370 EPIST.

3401 313 3505 368 546

248 419 642 478 sedhaeretia
665 420 828 477 modo
853 407 1106 475 laxantur
1133 421 1186 475 in
1218 429 1517 490 capturum,
1551 422 1710 476 modo
1730 419 1835 474 lota
1867 425 1914 502 ᾼ
1942 418 2122 475 saeculi
2152 429 2379 476 crescet.
2426 418 2532 476 Sed
2570 421 2713 492 quod
2757 421 2987 491 impleta:
3026 429 3361 490 merguntur,
3407 425 3511 480 hoc

249 510 538 582 plicantur,
555 511 683 579 quia
705 526 811 564 non
834 524 993 564 omne
1016 517 1228 578 tempus
1247 517 1329 564 est
1350 509 1525 563 habile
1547 510 1827 573 doctrinae,

249 605 346 659 sed
377 618 518 657 nunc
538 603 842 657 exercenda
864 601 1040 672 lingua
1063 601 1292 666 doctori,
1323 617 1463 657 nunc
1485 603 1678 656 suimet
1701 618 1831 657 cura

249 691 511 761 gerenda.
581 691 592 697 “

320 780 620 835 Ascendens
649 789 823 834 autem
846 781 902 834 in
934 795 1094 833 unam
1127 781 1301 833 navim
1321 820 1334 843 ,
1361 796 1478 850 qua:
1513 790 1626 834 erat
1653 778 1830 834 Simo-

250 873 352 935 nis,
404 872 608 940 rogavit
655 887 774 924 eum
823 887 854 922 a
900 880 1039 922 terra
1073 871 1316 923 reducere
1349 870 1626 940 pusillum.
1657 870 1725 924 Et
1752 888 1831 924 se-

248 963 375 1014 dens
399 961 620 1013 docebat
661 959 726 1012 de
764 957 1002 1012 navicula
1043 959 1244 1011 turbas.
1293 959 1454 1013 Navis
1480 959 1717 1014 Simonis
1747 968 1831 1014 est

251 1051 494 1106 Ecclesia
526 1051 820 1119 primitiva,
847 1050 913 1104 de
934 1060 1037 1118 qua
1064 1049 1263 1104 Paulus
1291 1052 1366 1104 ait
1391 1069 1403 1104 ε
1432 1052 1534 1116 Qui
1554 1054 1690 1106 enim
1713 1069 1832 1122 ope-

250 1154 394 1196 ratus
420 1152 498 1196 est
523 1140 685 1195 Petro
707 1142 763 1196 in
788 1141 1082 1210 apostolum
1107 1142 1551 1206 circumcisionis,
1584 1155 1829 1210 operatus

247 1242 321 1285 est
349 1242 399 1284 et
425 1231 558 1284 mihi
579 1232 714 1284 inter
739 1241 933 1300 gentes,
959 1232 1094 1284 bene
1121 1247 1226 1285 una
1257 1231 1424 1296 dicta,
1447 1232 1570 1302 quia
1599 1232 1832 1286 multitu-

247 1321 382 1374 dinis
411 1320 736 1374 credentium
766 1329 876 1373 erat
899 1336 989 1373 cor
1008 1336 1170 1372 unum
1190 1329 1238 1373 et
1261 1322 1437 1373 anima
1467 1338 1592 1375 una.
1619 1323 1695 1376 De
1721 1338 1827 1391 qua

246 1411 480 1465 docebat
504 1413 709 1474 turbas,
743 1411 870 1480 quia
899 1411 965 1465 de
998 1412 1317 1466 auctoritate
1356 1412 1613 1468 Ecclesiae
1662 1429 1830 1483 usque

249 1501 408 1554 hodie
439 1509 629 1571 gentes
659 1501 838 1554 docet.

321 1591 387 1645 Ut
413 1593 632 1645 cessavit
655 1602 826 1645 autem
852 1591 1013 1661 loqui,
1037 1592 1172 1645 dixit
1198 1593 1266 1646 ad
1299 1592 1566 1648 Simonem
1594 1611 1612 1648 :
1639 1595 1754 1648 Duc
1777 1596 1830 1647 in

247 1686 438 1749 altum,
466 1695 512 1738 et
537 1684 710 1738 laxate
736 1685 861 1738 retia
892 1695 1058 1738 uestra
1086 1686 1138 1738 in
1161 1696 1451 1755 capturum.
1477 1685 1630 1752 Quod
1657 1687 1832 1756 primo

1931 509 2101 575 est,in
2133 511 2554 565 submersionem
2585 523 2938 579 premuntur,
2963 527 3070 565 non
3093 512 3237 565 enim
3268 513 3514 568 submer-

1931 615 2024 664 sa,
2047 601 2138 655 sed
2170 609 2296 654 sunt
2324 601 2652 670 periclitata,
2684 601 2974 669 Apostolus
3022 603 3244 670 exponit
3285 603 3509 658 dicens:

1932 690 2000 744 In
2023 691 2310 744 novissimis
2331 691 2510 744 diebus
2533 701 2682 743 erunt
2699 700 2931 760 tempora
2953 691 3265 761 periculosa,
3285 701 3332 745 et
3355 703 3508 746 erunt

1931 777 2165 831 homines
2186 780 2383 846 seipsos
2413 788 2669 844 amantes,
2697 787 2801 832 etc.
2828 779 2962 832 Nam
3003 781 3170 849 mergi
3210 781 3389 841 navis,
3429 790 3516 835 est

1931 871 2176 923 homines
2198 870 2250 922 in
2279 868 2532 923 saeculum
2558 883 2624 922 ex
2648 884 2755 936 quo
2782 869 2908 923 elati
2954 885 3052 938 per
3097 871 3255 924 ﬁdem
3297 871 3512 924 fuerant

1933 973 2141 1011 morum
2170 958 2435 1026 pravitate
2465 957 2662 1020 relabi,
2697 958 2854 1027 quale
2879 967 2934 1012 et
2977 960 3090 1028 ipse
3113 961 3302 1014 Petrus
3329 960 3510 1014 adhuc

1933 1049 1985 1102 iu
2031 1049 2343 1104 inﬁrmitate
2392 1051 2596 1119 positus
2653 1053 2754 1105 hoc
2799 1051 2916 1106 loco
2965 1051 3318 1106 demonstrat.
3355 1049 3508 1104 Unde

1932 1141 2194 1210 sequitur.

2003 1232 2154 1298 Quod
2182 1249 2298 1286 cum
2329 1233 2522 1286 videret
2553 1232 2733 1286 Simon
2765 1229 2975 1295 Petrus,
3001 1231 3225 1301 procidit
3246 1231 3314 1284 ad
3339 1247 3508 1300 genua

1931 1324 2058 1378 Jesu
2087 1364 2102 1388 ,
2148 1325 2324 1377 dicens
2351 1341 2368 1377 :
2399 1322 2500 1377 Emi
2535 1342 2566 1378 a
2598 1341 2708 1388 me,
2735 1325 2857 1394 quia
2889 1324 3042 1378 homo
3081 1333 3321 1394 peccator
3357 1339 3470 1376 sum
3493 1363 3508 1386 ,

1930 1413 2172 1467 Domine.
2215 1413 2348 1479 Quia
2398 1415 2645 1469 carnales
2687 1415 2886 1484 quique
2914 1415 2966 1467 in
3002 1413 3237 1467 Ecclesia
3267 1414 3508 1482 regimen

1932 1505 2291 1575 spiritualium
2317 1506 2370 1558 in
2399 1506 2592 1574 quibus
2622 1506 2856 1558 maxime
2885 1502 3083 1558 Christi
3111 1518 3338 1572 persona
3372 1503 3509 1558 etni-

1932 1606 2044 1663 net,
2069 1613 2100 1651 a
2124 1612 2182 1652 se
2206 1597 2602 1666 quodammodo
2632 1595 2913 1664 repellunt.
2947 1594 3063 1648 Non
3090 1595 3231 1649 enim
3255 1595 3357 1649 hac
3377 1609 3508 1649 voce

1932 1687 2148 1758 linguae,
2176 1689 2360 1742 dicunt
2387 1688 2540 1742 bonis
2565 1687 2828 1740 ministris
2855 1686 2949 1739 Dei
2980 1695 3039 1740 ut
3067 1701 3161 1741 eos
3185 1701 3215 1738 a
3241 1700 3300 1739 se
3334 1685 3510 1754 repel-

248 1775 457 1843 mgavit
487 1774 763 1828 Simonem
794 1776 969 1828 navim
1001 1789 1030 1828 a
1069 1784 1212 1829 terra
1251 1777 1507 1830 reducere
1544 1775 1822 1844 pusillum,
1855 1762 1903 1820 Β
1932 1779 2066 1843 lant,
2093 1781 2187 1833 sed
2217 1794 2348 1832 voce
2389 1793 2599 1833 morum
2632 1786 2686 1833 et
2716 1787 2932 1831 actuum
2970 1791 3187 1832 suorum
3224 1777 3451 1831 suadent
3475 1792 3506 1829 a

247 1867 520 1936 signiﬁcat
555 1866 634 1919 vel
662 1875 957 1934 temperate
984 1868 1240 1921 utendum
1263 1868 1428 1922 verbo
1450 1868 1516 1921 ad
1542 1868 1748 1931 turbas,
1770 1878 1829 1923 ut

248 1973 346 2011 nec
377 1969 598 2014 terrena
627 1959 710 2012 eis
748 1959 1146 2028 prtecipiantur,
1186 1974 1284 2013 nec
1323 1960 1402 2014 sic
1440 1975 1470 2013 a
1515 1963 1745 2015 terrenis
1773 1962 1827 2014 in

247 2048 515 2118 profunda
560 2057 1023 2104 sacramentorum
1065 2050 1368 2115 recedatur,
1410 2059 1464 2104 ut
1517 2065 1578 2105 ea
1620 2051 1831 2120 penitus

249 2155 351 2193 non
383 2139 708 2209 intelligant,
734 2140 818 2194 vel
839 2141 991 2210 prius
1017 2140 1070 2194 in
1096 2141 1354 2210 proximis
1376 2140 1684 2210 regionibus
1703 2157 1832 2210 gen—

248 2229 390 2282 tibus
412 2229 837 2298 prtedieandum,
879 2237 940 2284 ut
976 2230 1068 2300 qui
1107 2231 1238 2284 dicit
1273 2231 1400 2284 item
1427 2230 1616 2294 Petro,
1647 2232 1749 2285 duc
1777 2234 1832 2285 in

247 2317 412 2370 altum
454 2328 503 2371 et
539 2319 716 2372 laxate
758 2313 884 2372 retia
925 2330 1094 2373 vestra
1132 2321 1187 2373 in
1217 2329 1519 2388 capturum,
1555 2322 1621 2374 ad
1658 2337 1832 2376 remo-

249 2408 415 2463 tiores
450 2417 639 2480 gentes
673 2409 868 2478 quibus
911 2417 1093 2479 postea
1132 2410 1484 2480 pradicatum
1521 2421 1624 2476 est,
1663 2412 1832 2480 perti-

249 2508 394 2553 neat.

317 2587 387 2640 Et
416 2587 734 2657 respondens
761 2587 944 2642 Simon
978 2588 1110 2643 dixit
1137 2588 1254 2642 illi:
1288 2586 1604 2658 Pra'ceptor,
1635 2606 1728 2659 per
1747 2599 1829 2644 to-

250 2688 354 2732 tam
385 2690 591 2732 noctem
624 2679 921 2733 laborantes
950 2681 1079 2734 nihil
1104 2681 1362 2750 cepimus,
1395 2682 1448 2734 in
1477 2682 1628 2734 verba
1655 2691 1830 2734 autent

248 2781 336 2824 tuo
362 2772 559 2826 laxabo
589 2783 713 2826 rete.
745 2771 862 2825 Nisi
885 2772 1136 2826 Dominus
1158 2773 1491 2841 aediﬁcaverit
1515 2772 1748 2835 domum,
1777 2773 1832 2824 in

247 2879 439 2916 vanum
471 2862 715 2916 laborant
741 2865 830 2932 qui
855 2863 1120 2931 wdiﬁcant
1149 2880 1285 2916 eam.
1313 2862 1425 2917 Nisi
1457 2863 1713 2916 Dominus
1737 2877 1831 2914 cor

250 2952 604 3008 illustraverit
633 2953 960 3018 auditorum,
988 2953 1177 3009 doctor
1200 2954 1250 3007 in
1276 2962 1434 3008 nocte
1463 2953 1689 3008 laborat.
1715 2953 1829 3006 Nisi

249 3046 300 3099 in
331 3045 500 3100 verbo
530 3060 775 3114 superna:
801 3046 985 3116 gratiae
1013 3045 1190 3099 laxata
1231 3044 1435 3099 fuerint
1471 3045 1826 3098 instrumenta

248 3135 696 3218 disputationum,
722 3115 918 3189 frustra
941 3137 1089 3190 vocis
1112 3150 1222 3189 suae
1242 3133 1560 3204 praedicator
1589 3132 1828 3202 jaculum
1855 3115 1902 3178 Ο

250 3228 453 3289 mittet,
511 3225 640 3294 quia
679 3224 811 3280 ﬁdes
858 3226 1174 3295 pepulerum
1223 3241 1329 3280 non
1365 3225 1629 3295 sapientia
1677 3226 1827 3280 verbi

251 3316 573 3384 compositi,
611 3316 706 3370 sed
743 3315 938 3370 divina:
971 3316 1264 3370 vocationis
1289 3330 1510 3370 munere
1546 3317 1824 3386 praevenit.

316 3407 386 3459 Et
417 3423 543 3460 cum
569 3407 667 3460 hoc
693 3407 955 3474 fecissent,
997 3406 1360 3460 concluserunt
1389 3407 1609 3476 piscium
1640 3407 1826 3460 multi-

253 3497 484 3549 tudinem
534 3498 821 3565 copiosam,
869 3496 1205 3566 rumpebatur
1248 3505 1421 3550 autem
1479 3506 1584 3550 rete
1623 3512 1822 3551 eorum.

254 3590 366 3644 Prae
396 3589 740 3642 multitudine
760 3588 987 3658 piscium
1015 3599 1127 3642 rete
1149 3588 1519 3657 rumpebatur,
1543 3587 1666 3656 quia
1685 3603 1824 3643 nunc

256 3696 282 3730 a
311 3677 658 3732 confessione
705 3677 828 3732 ﬁdei
875 3677 1036 3731 etiam
1067 3692 1188 3731 cum
1219 3677 1407 3733 electis
1448 3678 1662 3747 reprobi
1693 3677 1826 3733 tanti

257 3768 476 3830 intrant,
494 3767 589 3836 qui
605 3768 775 3836 ipsam
792 3783 1006 3837 quoque
1026 3767 1341 3835 Ecelesiam,
1368 3770 1663 3825 haeresibus
1684 3769 1828 3825 scin-

256 3860 403 3911 dant.
435 3858 725 3926 Rumpitur
752 3866 930 3912 autcm
970 3866 1116 3923 rete,
1151 3857 1243 3913 sed
1271 3873 1376 3912 non
1406 3859 1601 3913 labitur
1628 3861 1824 3928 piscis,

255 3950 378 4018 quia
398 3965 529 4005 suos
553 3950 807 4004 Dominus
832 3950 996 4004 etiam
1036 3951 1177 4006 inter
1210 3951 1646 4022 persequentium
1671 3966 1826 4007 scan-

257 4038 374 4092 dala
399 4048 602 4093 servat.

327 4129 394 4182 Et
423 4138 723 4184 annuerant
750 4129 903 4184 sociis
924 4130 1013 4200 qui
1035 4140 1182 4186 erant
1208 4130 1263 4185 in
1292 4130 1401 4185 alia
1429 4132 1570 4198 navi,
1591 4142 1652 4188 ut
1679 4135 1823 4190 veni-

256 4229 368 4273 rent
388 4230 436 4273 et
467 4219 778 4288 adjuvarent
802 4236 906 4274 eos.
925 4220 1042 4274 Alia
1063 4221 1233 4285 navis,
1261 4229 1321 4275 ut
1347 4221 1716 4291 praediximus,
1740 4231 1827 4278 est

254 4313 495 4368 Ecclesia
522 4314 587 4367 de
613 4313 880 4384 gentibus,
902 4329 1024 4384 qua:
1049 4323 1104 4369 et
1124 4315 1238 4383 ipsa
1267 4329 1372 4369 non
1398 4312 1694 4370 subiciente
1713 4330 1821 4370 una

256 4403 503 4459 navicula
533 4404 769 4473 piscibus
793 4405 1048 4474 impletur
1068 4405 1284 4470 electis,
1313 4404 1440 4473 quia
1480 4404 1617 4458 novit
1643 4404 1826 4459 Domi-

1931 1887 1991 1927 se
2016 1872 2212 1926 recedi.
2237 1871 2315 1924 Ne
2342 1886 2439 1939 per
2466 1869 2637 1925 bonos
2667 1879 2921 1940 regantur
2948 1877 3002 1923 et
3035 1883 3100 1922 eo
3137 1869 3509 1923 vehementius

1931 1978 2039 2032 quo
2064 1962 2309 2017 deferant
2336 1963 2416 2016 eis
2445 1963 2711 2024 honores,
2741 1968 2790 2014 et
2827 1969 3006 2012 tamen
3039 1957 3198 2013 factis
3241 1957 3352 2011 suis
3386 1972 3418 2010 a
3450 1970 3509 2010 se

1932 2054 2188 2107 recedere
2213 2053 2525 2116 admonent,
2550 2060 2608 2104 ut
2635 2048 3102 2104 honoriﬁcentiam
3131 2061 3319 2102 eorum
3348 2046 3510 2116 signi-

1931 2140 2176 2195 ﬁcaverit
2227 2141 2418 2194 Petrus
2481 2140 2682 2195 cadens
2729 2138 2795 2191 ad
2842 2138 3006 2206 pedes
3052 2135 3283 2190 Domini.
3333 2133 3509 2189 Mores

1932 2242 2110 2287 autem
2144 2233 2196 2286 in
2226 2248 2312 2296 eo,
2339 2231 2482 2302 quod
2512 2232 2589 2284 ait
2615 2245 2629 2283 :
2661 2227 2767 2283 Exi
2789 2227 3199 2292 ante,Domine,
3227 2225 3352 2296 quia
3388 2243 3507 2295 pec-

1931 2330 2078 2376 cator
2098 2323 2251 2384 homo
2272 2337 2410 2385 sum,
2432 2319 2575 2390 quod
2595 2329 2773 2373 tamen
2802 2319 2927 2387 quia
2956 2332 3063 2371 non
3087 2315 3213 2370 fecit
3228 2315 3507 2380 Dominus,

1931 2428 2039 2466 non
2066 2413 2208 2468 enim
2239 2412 2462 2467 recessit
2489 2411 2557 2464 ab
2583 2410 2696 2475 eis,
2720 2408 2813 2463 sed
2848 2422 2941 2461 eos
2971 2405 3249 2461 subductis
3281 2405 3508 2458 navibus

1932 2501 2000 2553 ad
2032 2501 2180 2555 littus
2209 2499 2480 2570 perduxit,
2513 2497 2783 2568 signiﬁcat
2811 2495 2864 2548 in
2894 2493 3050 2548 bonis
3084 2501 3140 2547 et
3172 2491 3507 2562 spiritalibus

1934 2592 2085 2654 viris,
2118 2606 2223 2645 non
2256 2605 2376 2645 esse
2401 2597 2651 2659 oportere
2675 2587 2813 2640 hanc
2835 2584 3163 2638 voluntatem
3187 2592 3244 2636 ut
3266 2583 3503 2650 peccatis

1935 2684 2212 2758 turbarum
2235 2681 2513 2745 commoti,
2545 2695 2652 2750 quo
2681 2678 2834 2747 quasi
2866 2676 3111 2731 securius
3140 2675 3506 2744 tranquillius-

1932 2793 2037 2847 que
2062 2777 2264 2840 vivant,
2281 2790 2474 2829 munus
2498 2771 2921 2828 ecclesiasticum
2946 2771 3214 2824 deserant.

2005 2867 2070 2920 Et
2117 2867 2190 2918 ait
2233 2866 2301 2918 ad
2333 2863 2597 2918 Simonem
2619 2863 2772 2916 Jecus
2793 2902 2807 2923 ,
2839 2859 2964 2912 Noli
2989 2859 3188 2911 timere.
3219 2855 3503 2910 Coul‘ortat

1932 2958 2189 3013 Dominus
2243 2956 2488 3010 timorem
2527 2952 2822 3009 carnalium
2871 2950 3186 3019 animosque
3231 2947 3502 3016 fragilium

1932 3049 2257 3105 consolando
2301 3047 2491 3117 erigit,
2537 3061 2605 3099 ne
2645 3044 2767 3112 quis
2814 3042 2895 3097 vel
2935 3042 3001 3095 de
3027 3055 3139 3094 suae
3173 3040 3503 3094 conscientia

1931 3140 2101 3210 culpa:
2138 3147 2376 3192 tremens
2413 3134 2499 3189 vel
2534 3135 2599 3188 de
2638 3133 2867 3186 aliorum
2906 3131 3211 3184 innocentia
3247 3126 3494 3197 stupens)

1930 3225 2232 3284 sanctitatis
2281 3224 2386 3278 iter
2430 3221 2685 3276 formidet
2719 3217 2970 3290 aggredi,
3008 3218 3148 3286 quod
3203 3225 3379 3270 autem
3418 3231 3504 3269 se-

1934 3319 2138 3389 quitur.

2000 3410 2081 3464 Ea:
2116 3407 2214 3461 hoc
2233 3406 2349 3476 jam
2374 3403 2604 3458 homines
2645 3401 2746 3455 eris
2789 3400 2996 3469 capiens
3024 3439 3038 3464 ,
3071 3399 3136 3453 ad
3179 3398 3354 3467 ipsum
3397 3397 3500 3452 Pe—

1927 3509 2068 3554 trum
2101 3499 2406 3568 specialiter
2430 3497 2681 3566 pertinet.
2715 3495 2945 3564 Exponit
2983 3495 3030 3548 ei
3068 3494 3325 3548 Dominus
3369 3494 3499 3562 quid

1927 3591 2042 3645 haec
2065 3598 2283 3659 captura
2316 3587 2542 3657 piscium
2570 3583 2867 3655 signiﬁcet,
2891 3585 3033 3653 quod
3069 3583 3322 3638 videlicet
3353 3585 3494 3652 ipse,

1926 3682 2067 3736 sicut
2095 3695 2236 3734 nunc
2263 3693 2360 3747 per
2392 3678 2525 3732 retia
2555 3677 2752 3745 pisces,
2780 3675 2858 3729 sic
2895 3673 3180 3742 aliquando
3201 3688 3296 3741 per
3336 3672 3496 3726 verba

1927 3775 1996 3829 sit
2023 3781 2278 3842 capturus
2306 3769 2572 3832 homines,
2599 3775 2851 3836 totusque
2875 3765 3002 3820 facti
3032 3763 3191 3832 hujus
3215 3765 3347 3818 ordo
3371 3765 3499 3832 quid

1928 3866 1980 3920 in
2007 3862 2268 3924 Ecclesia,
2294 3860 2446 3929 cujus
2476 3859 2589 3928 ipse
2611 3866 2795 3928 typum
2825 3864 2987 3921 tenet,
3020 3856 3257 3926 quotidie
3281 3864 3539 3939 geratur,

1925 3953 2191 4009 ostendat.
2218 3950 2368 4016 Quod
2402 3963 2528 4003 vero
2554 3946 2916 4017 subjungitur,

1996 4046 2062 4098 Et
2089 4043 2356 4097 subductis
2382 4040 2450 4093 ad
2477 4049 2667 4094 terram
2691 4038 2903 4093 navibus
2933 4037 3123 4092 relictis
3151 4037 3389 4092 omnibus
3416 4055 3497 4092 se-

1925 4140 2031 4194 cuti
2059 4148 2177 4191 sunt
2199 4148 2335 4198 euut,
2360 4141 2538 4202 potest
2559 4132 2863 4203 signiﬁcare
2890 4131 3048 4186 ﬁnem
3075 4132 3330 4201 temporis
3354 4132 3497 4200 quod

1925 4229 1994 4283 ab
2022 4225 2180 4294 hujus
2221 4223 2402 4278 mundi
2439 4221 2554 4276 salo
2581 4221 2673 4290 qui
2705 4219 2920 4275 Christo
2950 4219 3260 4274 inhaeserint
3286 4219 3499 4289 penitus

1926 4315 2191 4372 recessuri
2239 4313 2363 4367 sint;
2413 4309 2700 4366 Sciendum
2735 4317 2820 4364 est
2855 4317 3032 4363 autem
3070 4309 3212 4363 hanc
3251 4309 3496 4363 eamdem

1927 4423 2032 4462 non
2069 4420 2188 4460 esse
2226 4403 2527 4464 lectionem,
2559 4415 2664 4469 qua
2701 4399 2980 4454 Matthacus
3005 4407 3060 4453 et
3086 4398 3297 4452 Marcus
3342 4397 3498 4452 binos

255 4509 354 4546 nus
377 4495 468 4562 qui
495 4501 617 4546 sunt
647 4493 788 4563 ejus,
818 4503 866 4547 et
900 4495 1042 4564 apud
1067 4495 1234 4564 ipsum
1275 4504 1446 4548 certus
1485 4504 1561 4549 est
1605 4510 1822 4549 suorum
1851 4475 1900 4536 D
1925 4498 1993 4553 de
2035 4494 2294 4550 naviculis
2342 4493 2636 4562 piscatores
2673 4489 2846 4559 primo
2879 4488 3096 4542 Petrum
3121 4498 3176 4545 et
3205 4489 3494 4556 Andream,

256 4601 504 4638 numerus
527 4584 823 4638 electorum.
846 4583 1092 4655 Dumque
1115 4593 1193 4640 tot
1230 4586 1282 4639 in
1314 4585 1496 4640 Iudaea
1525 4586 1826 4641 credituros

257 4691 363 4729 non
399 4675 637 4740 invenit,
661 4683 791 4744 quot
822 4675 888 4730 ad
914 4675 1074 4730 ﬁdem
1102 4676 1376 4746 vitamque
1413 4677 1822 4747 praedestinatos

257 4766 404 4819 novit
430 4775 689 4820 teternam
714 4806 728 4831 ,
766 4767 920 4834 quasi
951 4767 1069 4820 alia:
1106 4767 1258 4821 navis
1285 4767 1622 4836 receptacula
1656 4768 1823 4835 pisci-

259 4859 355 4912 bus
378 4874 628 4928 quzercns
653 4859 782 4922 suis,
813 4859 978 4913 corda
1005 4873 1219 4928 quoque
1238 4858 1472 4928 gentium
1498 4858 1620 4913 ﬁdei
1648 4859 1822 4928 gratia
1844 4925 1848 4930 .

259 4949 460 5017 replet,
503 4957 560 5002 et
607 4949 742 5003 bene
791 4957 949 5018 rupto
988 4948 1089 5003 reti
1131 4949 1276 5004 socia
1317 4949 1473 5004 navis
1509 4948 1824 5016 advocatur,

259 5043 509 5110 quoniam
543 5052 669 5096 ante
710 5040 875 5096 ludas
917 5041 1188 5110 proditor,
1233 5048 1358 5095 ante
1405 5040 1592 5094 Simon
1639 5054 1829 5112 magus

261 5131 429 5200 pisces
449 5131 764 5199 nequissimi
780 5131 922 5199 capti
951 5139 1098 5194 sunt,
1119 5138 1244 5185 ante
1258 5129 1494 5184 Ananias
1519 5138 1575 5183 et
1597 5127 1827 5198 Sapbira

263 5233 372 5276 rete
398 5223 522 5278 ﬁdei
552 5222 775 5278 subdole
803 5224 1082 5278 tentabant
1106 5223 1335 5291 ingredi,
1364 5231 1490 5276 ante
1510 5229 1570 5276 ut
1589 5220 1827 5277 Joannes

263 5323 515 5377 testatur,
565 5313 718 5367 multi
773 5313 1157 5382 discipulorum
1204 5312 1322 5382 ejus
1375 5312 1622 5367 abierunt
1653 5320 1823 5378 retro,

262 5403 419 5456 etiam
447 5417 555 5458 non
587 5419 708 5458 cum
735 5403 824 5458 illo
850 5403 1227 5468 ambulabant,
1252 5417 1316 5457 ac
1336 5401 1526 5456 deinde
1555 5401 1830 5458 Barnabas

263 5501 315 5545 et
339 5491 538 5548 Paulus
560 5493 628 5546 ad
650 5495 885 5562 gentium
908 5503 1034 5548 sunt
1059 5493 1416 5563 apostolatum
1441 5492 1726 5562 segregati.

333 5583 400 5637 Et
424 5592 674 5637 venerunt
695 5595 741 5637 et
769 5583 1106 5654 impleverunt
1132 5584 1313 5638 ambas
1341 5581 1610 5637 naviculas
1628 5623 1643 5646 ,
1673 5584 1746 5636 ita
1773 5591 1830 5636 ut

266 5684 635 5748 inet-gerentur.
662 5676 862 5732 Harum
891 5677 1125 5747 impletio
1151 5678 1366 5732 navium
1393 5690 1561 5745 usque
1592 5675 1644 5730 in
1671 5674 1827 5730 ﬁnem

1925 4587 2117 4644 deinde
2143 4587 2277 4640 ﬁlios
2297 4582 2538 4638 Zebedaei
2566 4597 2597 4634 a
2620 4581 2846 4634 Domino
2871 4586 3094 4632 narrant
3117 4593 3234 4634 esse
3253 4588 3494 4634 vocatos.

1925 4680 2042 4736 Non
2085 4677 2227 4732 enim
2265 4691 2358 4730 eos
2410 4674 2584 4728 Lucas
2631 4686 2773 4725 nunc
2809 4684 2838 4722 a
2871 4669 3095 4724 Domino
3141 4679 3379 4736 vocatos,
3404 4672 3495 4724 sed

1925 4777 2132 4825 tantum
2172 4767 2334 4820 Petro
2367 4765 2532 4818 fuisse
2571 4761 2883 4831 praedictum
2909 4759 3052 4829 quod
3080 4759 3324 4814 homines
3356 4768 3496 4814 esset

1926 4869 2179 4931 capturus
2214 4857 2466 4911 insinuat.
2505 4853 2639 4908 Nam
2660 4859 2717 4907 et
2742 4860 2863 4921 post
2902 4850 3350 4906 resurrectionem
3396 4850 3499 4902 Do-

1930 4951 2059 5006 mini
2107 4948 2330 5018 legimus
2357 4959 2452 4999 eos
2481 4956 2600 4998 esse
2623 4941 2877 5011 piscatos.
2912 4937 3063 4994 Unde
3089 4939 3246 5002 datur
3273 4938 3498 5009 intelligi

1928 5056 2023 5096 eos
2045 5039 2111 5094 ad
2132 5045 2408 5107 capturam
2428 5032 2654 5104 piscium
2671 5045 2739 5086 ex
2758 5043 2908 5084 more
2929 5042 3218 5092 remeasse,
3235 5035 3295 5081 ut
3313 5036 3498 5097 postea

1930 5131 2085 5187 ﬁeret
2124 5128 2266 5198 qdod
2315 5126 2599 5180 Matthaaus
2641 5132 2696 5177 et
2749 5121 2964 5176 Marcus
3007 5128 3247 5184 narrant,
3283 5120 3498 5190 quando

1928 5236 2021 5275 eos
2048 5221 2203 5275 binos
2223 5215 2451 5271 vocavit.
2482 5212 2634 5270 Tunc
2653 5212 2754 5268 etsi
2783 5227 2889 5266 non
2911 5211 3185 5266 subductis
3206 5209 3272 5263 ad
3299 5220 3496 5264 terram

1932 5312 2186 5374 navibus,
2214 5317 2466 5376 tanquam
2491 5320 2619 5360 cura
2651 5301 2928 5364 redeundi,
2954 5301 3047 5355 sed
3072 5301 3146 5354 ita
3172 5313 3294 5352 eum
3325 5298 3496 5352 secuti

1930 5408 2076 5464 sunt,
2112 5407 2368 5466 tanquam
2409 5400 2687 5448 vocantem
2716 5405 2780 5445 ac
2803 5389 3082 5459 jubentem
3117 5393 3177 5440 ut
3211 5398 3498 5454 sequeren-

1931 5501 2042 5557 tur,
2065 5497 2251 5560 postea
2280 5501 2409 5542 vero
2443 5483 2546 5539 ﬁde
2575 5491 2723 5538 recta
2753 5479 2940 5534 imbuti
2963 5487 3020 5532 et
3045 5475 3287 5531 doctrina
3314 5473 3496 5527 Salva-

1933 5582 2066 5636 toris
2093 5579 2175 5636 sui
2201 5577 2428 5648 pleniter
2453 5573 2717 5636 instructi,
2749 5569 2976 5624 ﬁrmiter
2999 5574 3053 5622 et
3077 5563 3338 5620 stabiliter
3357 5563 3500 5631 apud

1932 5688 2087 5728 suum
2117 5675 2527 5742 permanserunt
2559 5664 2844 5721 Dominum
2889 5668 2945 5716 et
2985 5653 3321 5728 magistrum,
3348 5651 3502 5722 cujus
