  <div class='ocr_page' id='page_1' title='image "/cluster/home/n/w/nwhite01/storage/ocr_20150623/110/hvd.32044054759758/179.png"; bbox 0 0 3962 6180; ppageno 0'>
   <div class='ocr_carea' id='block_1_1' title="bbox 451 285 554 342">
    <p class='ocr_par' dir='ltr' id='par_1_1' title="bbox 451 285 554 342">
     <span class='ocr_line' id='line_1_1' title="bbox 451 285 554 342; baseline -0.039 0"><span class='ocrx_word' id='word_1_1' title='bbox 451 285 554 342; x_wconf 55' lang='grc'><strong>5⁷47</strong></span> 
     </span>
    </p>
   </div>
   <div class='ocr_carea' id='block_1_2' title="bbox 1101 270 2024 336">
    <p class='ocr_par' dir='ltr' id='par_1_2' title="bbox 1101 272 2024 336">
     <span class='ocr_line' id='line_1_2' title="bbox 1101 272 2024 336; baseline -0.008 0"><span class='ocrx_word' id='word_1_2' title='bbox 1101 282 1161 336; x_wconf 82' lang='grc' dir='ltr'><strong>Β.</strong></span> <span class='ocrx_word' id='word_1_3' title='bbox 1201 278 1467 335; x_wconf 65' lang='grc' dir='ltr'><strong>ῐὶᾹΒᾹΝι</strong></span> <span class='ocrx_word' id='word_1_4' title='bbox 1498 276 1715 334; x_wconf 68' lang='lat' dir='ltr'><strong>MAURI</strong></span> <span class='ocrx_word' id='word_1_5' title='bbox 1755 272 2024 331; x_wconf 79' lang='lat' dir='ltr'><strong>ARCIllEl</strong></span> 
     </span>
    </p>
   </div>
   <div class='ocr_carea' id='block_1_3' title="bbox 2137 270 3066 336">
    <p class='ocr_par' dir='ltr' id='par_1_3' title="bbox 2137 270 3066 332">
     <span class='ocr_line' id='line_1_3' title="bbox 2137 270 3066 332; baseline -0.005 -2"><span class='ocrx_word' id='word_1_6' title='bbox 2137 272 2426 332; x_wconf 68' lang='lat' dir='ltr'><strong>IOGUNT.</strong></span> <span class='ocrx_word' id='word_1_7' title='bbox 2463 270 2747 329; x_wconf 77' lang='lat' dir='ltr'><strong>OPERUM</strong></span> <span class='ocrx_word' id='word_1_8' title='bbox 2785 271 2966 329; x_wconf 75' lang='lat' dir='ltr'><strong>PARS</strong></span> <span class='ocrx_word' id='word_1_9' title='bbox 3002 271 3066 328; x_wconf 87' lang='lat' dir='ltr'><strong>ll.</strong></span> 
     </span>
    </p>
   </div>
   <div class='ocr_carea' id='block_1_4' title="bbox 3615 273 3716 332">
    <p class='ocr_par' dir='ltr' id='par_1_4' title="bbox 3615 273 3716 332">
     <span class='ocr_line' id='line_1_4' title="bbox 3615 273 3716 332; baseline -0.059 0"><span class='ocrx_word' id='word_1_10' title='bbox 3615 273 3716 332; x_wconf 65' lang='grc'><strong>549</strong></span> 
     </span>
    </p>
   </div>
   <div class='ocr_carea' id='block_1_5' title="bbox 448 383 3716 467">
    <p class='ocr_par' dir='ltr' id='par_1_5' title="bbox 448 383 3716 467">
     <span class='ocr_line' id='line_1_5' title="bbox 448 383 3716 467; baseline -0.007 -15"><span class='ocrx_word' id='word_1_11' title='bbox 448 399 622 467; x_wconf 77' lang='lat' dir='ltr'><strong>gmtia</strong></span> <span class='ocrx_word' id='word_1_12' title='bbox 649 399 718 454; x_wconf 88' lang='lat' dir='ltr'><strong>ad</strong></span> <span class='ocrx_word' id='word_1_13' title='bbox 749 395 917 452; x_wconf 87' lang='lat' dir='ltr'><strong>vitam</strong></span> <span class='ocrx_word' id='word_1_14' title='bbox 942 394 1188 467; x_wconf 79' lang='lat' dir='ltr'><strong>perducti</strong></span> <span class='ocrx_word' id='word_1_15' title='bbox 1233 401 1360 449; x_wconf 88' lang='lat' dir='ltr'><strong>sunt</strong></span> <span class='ocrx_word' id='word_1_16' title='bbox 1401 401 1658 447; x_wconf 65' lang='lat' dir='ltr'><strong>aeternam</strong></span> <span class='ocrx_word' id='word_1_17' title='bbox 1680 431 1694 455; x_wconf 93' lang='lat'><strong>,</strong></span> <span class='ocrx_word' id='word_1_18' title='bbox 1721 396 1776 444; x_wconf 87' lang='lat' dir='ltr'><strong>et</strong></span> <span class='ocrx_word' id='word_1_19' title='bbox 1807 389 1879 444; x_wconf 86' lang='lat' dir='ltr'><strong>ibi</strong></span> <span class='ocrx_word' id='word_1_20' title='bbox 1907 403 2030 444; x_wconf 92' lang='lat' dir='ltr'><strong>cum</strong></span> <span class='ocrx_word' id='word_1_21' title='bbox 2057 391 2110 450; x_wconf 83' lang='grc' dir='ltr'><strong>Α</strong></span> <span class='ocrx_word' id='word_1_22' title='bbox 2135 387 2381 444; x_wconf 80' lang='lat' dir='ltr'><strong>venimus</strong></span> <span class='ocrx_word' id='word_1_23' title='bbox 2407 387 2475 440; x_wconf 89' lang='lat' dir='ltr'><strong>ad</strong></span> <span class='ocrx_word' id='word_1_24' title='bbox 2507 384 2820 455; x_wconf 84' lang='lat' dir='ltr'><strong>Speciosam</strong></span> <span class='ocrx_word' id='word_1_25' title='bbox 2868 396 3080 455; x_wconf 90' lang='lat' dir='ltr'><strong>portam</strong></span> <span class='ocrx_word' id='word_1_26' title='bbox 3127 383 3340 455; x_wconf 83' lang='lat' dir='ltr'><strong>templi,</strong></span> <span class='ocrx_word' id='word_1_27' title='bbox 3375 391 3437 439; x_wconf 90' lang='lat' dir='ltr'><strong>ut</strong></span> <span class='ocrx_word' id='word_1_28' title='bbox 3469 385 3716 455; x_wconf 56' lang='lat' dir='ltr'><strong>praedira.</strong></span> 
     </span>
    </p>
   </div>
   <div class='ocr_carea' id='block_1_6' title="bbox 447 479 1776 560">
    <p class='ocr_par' dir='ltr' id='par_1_6' title="bbox 447 479 1776 560">
     <span class='ocr_line' id='line_1_6' title="bbox 447 479 1776 560; baseline -0.009 -15"><span class='ocrx_word' id='word_1_29' title='bbox 447 504 566 558; x_wconf 74' lang='lat' dir='ltr'><strong>Ipso</strong></span> <span class='ocrx_word' id='word_1_30' title='bbox 591 488 890 560; x_wconf 76' lang='lat' dir='ltr'><strong>regnabant</strong></span> <span class='ocrx_word' id='word_1_31' title='bbox 917 485 971 540; x_wconf 91' lang='lat' dir='ltr'><strong>in</strong></span> <span class='ocrx_word' id='word_1_32' title='bbox 998 484 1190 538; x_wconf 83' lang='lat' dir='ltr'><strong>saecula</strong></span> <span class='ocrx_word' id='word_1_33' title='bbox 1217 481 1556 538; x_wconf 64' lang='lat' dir='ltr'><strong>saeculorum.</strong></span> <span class='ocrx_word' id='word_1_34' title='bbox 1585 479 1776 534; x_wconf 85' lang='lat' dir='ltr'><strong>Amen.</strong></span> 
     </span>
    </p>
   </div>
   <div class='ocr_carea' id='block_1_7' title="bbox 1002 571 1471 628">
    <p class='ocr_par' dir='ltr' id='par_1_7' title="bbox 1002 571 1471 628">
     <span class='ocr_line' id='line_1_7' title="bbox 1002 571 1471 628; baseline -0.009 0"><span class='ocrx_word' id='word_1_35' title='bbox 1002 572 1282 628; x_wconf 69' lang='lat' dir='ltr'><strong>HOMILIA</strong></span> <span class='ocrx_word' id='word_1_36' title='bbox 1319 571 1471 626; x_wconf 83' lang='lat' dir='ltr'>CVII.</span> 
     </span>
    </p>
   </div>
   <div class='ocr_carea' id='block_1_8' title="bbox 724 645 1742 722">
    <p class='ocr_par' dir='ltr' id='par_1_8' title="bbox 724 645 1742 722">
     <span class='ocr_line' id='line_1_8' title="bbox 724 645 1742 722; baseline -0.012 0"><span class='ocrx_word' id='word_1_37' title='bbox 724 682 780 722; x_wconf 73' lang='lat' dir='ltr'><strong>IN</strong></span> <span class='ocrx_word' id='word_1_38' title='bbox 806 645 1002 720; x_wconf 63' lang='lat' dir='ltr'><strong>VICILIA</strong></span> <span class='ocrx_word' id='word_1_39' title='bbox 1038 677 1224 718; x_wconf 71' lang='lat' dir='ltr'><strong>SANCTI</strong></span> <span class='ocrx_word' id='word_1_40' title='bbox 1263 677 1421 715; x_wconf 76' lang='lat' dir='ltr'><strong>PETRI</strong></span> <span class='ocrx_word' id='word_1_41' title='bbox 1459 675 1742 714; x_wconf 74' lang='lat' dir='ltr'><strong>APOSTOLI.</strong></span> 
     </span>
    </p>
   </div>
   <div class='ocr_carea' id='block_1_9' title="bbox 799 749 1671 818">
    <p class='ocr_par' dir='ltr' id='par_1_9' title="bbox 799 749 1671 818">
     <span class='ocr_line' id='line_1_9' title="bbox 799 749 1671 818; baseline -0.009 -9"><span class='ocrx_word' id='word_1_42' title='bbox 799 754 985 809; x_wconf 91' lang='lat' dir='ltr'><strong>Lectio</strong></span> <span class='ocrx_word' id='word_1_43' title='bbox 1019 753 1248 806; x_wconf 86' lang='lat' dir='ltr'><strong>Actuum</strong></span> <span class='ocrx_word' id='word_1_44' title='bbox 1285 749 1671 818; x_wconf 75' lang='lat' dir='ltr'><strong>apostolorum.</strong></span> 
     </span>
    </p>
   </div>
   <div class='ocr_carea' id='block_1_10' title="bbox 516 839 2032 903">
    <p class='ocr_par' dir='ltr' id='par_1_10' title="bbox 516 839 2032 903">
     <span class='ocr_line' id='line_1_10' title="bbox 516 839 2032 903; baseline -0.007 0"><span class='ocrx_word' id='word_1_45' title='bbox 516 848 583 903; x_wconf 84' lang='lat' dir='ltr'><strong>In</strong></span> <span class='ocrx_word' id='word_1_46' title='bbox 631 847 812 901; x_wconf 86' lang='lat' dir='ltr'><strong>diebus</strong></span> <span class='ocrx_word' id='word_1_47' title='bbox 852 845 958 899; x_wconf 91' lang='lat' dir='ltr'><strong>illis</strong></span> <span class='ocrx_word' id='word_1_48' title='bbox 1007 844 1195 897; x_wconf 84' lang='lat' dir='ltr'><strong>Petrus</strong></span> <span class='ocrx_word' id='word_1_49' title='bbox 1233 853 1283 894; x_wconf 91' lang='lat' dir='ltr'><strong>et</strong></span> <span class='ocrx_word' id='word_1_50' title='bbox 1323 841 1556 894; x_wconf 80' lang='lat' dir='ltr'><strong>Joannes</strong></span> <span class='ocrx_word' id='word_1_51' title='bbox 1601 839 1944 893; x_wconf 81' lang='lat' dir='ltr'><strong>ascendebant</strong></span> <span class='ocrx_word' id='word_1_52' title='bbox 1975 839 2032 892; x_wconf 90' lang='lat' dir='ltr'><strong>in</strong></span> 
     </span>
    </p>
   </div>
   <div class='ocr_carea' id='block_1_11' title="bbox 444 926 1651 1009">
    <p class='ocr_par' dir='ltr' id='par_1_11' title="bbox 444 926 1651 1009">
     <span class='ocr_line' id='line_1_11' title="bbox 444 926 1651 1009; baseline -0.009 -14"><span class='ocrx_word' id='word_1_53' title='bbox 444 941 690 1009; x_wconf 90' lang='lat' dir='ltr'><strong>templum</strong></span> <span class='ocrx_word' id='word_1_54' title='bbox 717 939 785 991; x_wconf 87' lang='lat' dir='ltr'><strong>ad</strong></span> <span class='ocrx_word' id='word_1_55' title='bbox 814 926 997 990; x_wconf 77' lang='lat' dir='ltr'><strong>horam</strong></span> <span class='ocrx_word' id='word_1_56' title='bbox 1025 935 1278 988; x_wconf 85' lang='lat' dir='ltr'><strong>orationis</strong></span> <span class='ocrx_word' id='word_1_57' title='bbox 1309 949 1518 994; x_wconf 89' lang='lat' dir='ltr'><strong>nonam,</strong></span> <span class='ocrx_word' id='word_1_58' title='bbox 1549 939 1651 986; x_wconf 89' lang='lat' dir='ltr'><strong>etc.</strong></span> 
     </span>
    </p>
   </div>
   <div class='ocr_carea' id='block_1_12' title="bbox 512 1020 2033 1094">
    <p class='ocr_par' dir='ltr' id='par_1_12' title="bbox 512 1020 2033 1094">
     <span class='ocr_line' id='line_1_12' title="bbox 512 1020 2033 1094; baseline -0.005 -12"><span class='ocrx_word' id='word_1_59' title='bbox 512 1029 568 1082; x_wconf 91' lang='lat' dir='ltr'><strong>ln</strong></span> <span class='ocrx_word' id='word_1_60' title='bbox 596 1027 825 1083; x_wconf 85' lang='lat' dir='ltr'><strong>lectione</strong></span> <span class='ocrx_word' id='word_1_61' title='bbox 849 1027 1078 1079; x_wconf 81' lang='lat' dir='ltr'><strong>Actuum</strong></span> <span class='ocrx_word' id='word_1_62' title='bbox 1105 1023 1471 1094; x_wconf 77' lang='lat' dir='ltr'><strong>apostolorum</strong></span> <span class='ocrx_word' id='word_1_63' title='bbox 1503 1037 1621 1090; x_wconf 73' lang='lat' dir='ltr'><strong>qua:</strong></span> <span class='ocrx_word' id='word_1_64' title='bbox 1652 1037 1795 1076; x_wconf 90' lang='lat' dir='ltr'><strong>nunc</strong></span> <span class='ocrx_word' id='word_1_65' title='bbox 1823 1020 1894 1075; x_wconf 88' lang='lat' dir='ltr'><strong>ob</strong></span> <span class='ocrx_word' id='word_1_66' title='bbox 1921 1035 2033 1075; x_wconf 90' lang='lat' dir='ltr'><strong>me-</strong></span> 
     </span>
    </p>
   </div>
   <div class='ocr_carea' id='block_1_13' title="bbox 444 1114 2029 1186">
    <p class='ocr_par' dir='ltr' id='par_1_13' title="bbox 444 1114 2029 1186">
     <span class='ocr_line' id='line_1_13' title="bbox 444 1114 2029 1186; baseline -0.006 -11"><span class='ocrx_word' id='word_1_67' title='bbox 444 1121 670 1176; x_wconf 87' lang='lat' dir='ltr'><strong>moriam</strong></span> <span class='ocrx_word' id='word_1_68' title='bbox 700 1121 977 1173; x_wconf 89' lang='lat' dir='ltr'><strong>beatorum</strong></span> <span class='ocrx_word' id='word_1_69' title='bbox 1006 1115 1369 1186; x_wconf 82' lang='lat' dir='ltr'><strong>apostolorum</strong></span> <span class='ocrx_word' id='word_1_70' title='bbox 1395 1114 1532 1168; x_wconf 87' lang='lat' dir='ltr'><strong>lecta</strong></span> <span class='ocrx_word' id='word_1_71' title='bbox 1559 1122 1661 1175; x_wconf 88' lang='lat' dir='ltr'><strong>est,</strong></span> <span class='ocrx_word' id='word_1_72' title='bbox 1681 1129 1908 1182; x_wconf 90' lang='lat' dir='ltr'><strong>quorum</strong></span> <span class='ocrx_word' id='word_1_73' title='bbox 1933 1127 2029 1166; x_wconf 89' lang='lat' dir='ltr'><strong>nos</strong></span> 
     </span>
    </p>
   </div>
   <div class='ocr_carea' id='block_1_14' title="bbox 442 1203 2028 1275">
    <p class='ocr_par' dir='ltr' id='par_1_14' title="bbox 442 1203 2028 1275">
     <span class='ocr_line' id='line_1_14' title="bbox 442 1203 2028 1275; baseline -0.008 -9"><span class='ocrx_word' id='word_1_74' title='bbox 442 1212 601 1266; x_wconf 86' lang='lat' dir='ltr'><strong>hodie</strong></span> <span class='ocrx_word' id='word_1_75' title='bbox 630 1209 871 1263; x_wconf 89' lang='lat' dir='ltr'><strong>natalitia</strong></span> <span class='ocrx_word' id='word_1_76' title='bbox 903 1207 1209 1261; x_wconf 88' lang='lat' dir='ltr'><strong>venerando</strong></span> <span class='ocrx_word' id='word_1_77' title='bbox 1239 1205 1619 1275; x_wconf 82' lang='lat' dir='ltr'><strong>praevenimus,</strong></span> <span class='ocrx_word' id='word_1_78' title='bbox 1647 1204 1871 1257; x_wconf 81' lang='lat' dir='ltr'><strong>audistis</strong></span> <span class='ocrx_word' id='word_1_79' title='bbox 1897 1203 2028 1256; x_wconf 88' lang='lat' dir='ltr'><strong>cha-</strong></span> 
     </span>
    </p>
   </div>
   <div class='ocr_carea' id='block_1_15' title="bbox 442 1296 2029 1366">
    <p class='ocr_par' dir='ltr' id='par_1_15' title="bbox 442 1296 2029 1366">
     <span class='ocr_line' id='line_1_15' title="bbox 442 1296 2029 1366; baseline -0.004 -10"><span class='ocrx_word' id='word_1_80' title='bbox 442 1303 644 1356; x_wconf 87' lang='lat' dir='ltr'><strong>rissimi</strong></span> <span class='ocrx_word' id='word_1_81' title='bbox 675 1301 849 1363; x_wconf 90' lang='lat' dir='ltr'><strong>nobis,</strong></span> <span class='ocrx_word' id='word_1_82' title='bbox 882 1299 1089 1363; x_wconf 81' lang='lat' dir='ltr'><strong>Petrus,</strong></span> <span class='ocrx_word' id='word_1_83' title='bbox 1120 1298 1312 1366; x_wconf 81' lang='lat' dir='ltr'><strong>inquit,</strong></span> <span class='ocrx_word' id='word_1_84' title='bbox 1339 1307 1388 1351; x_wconf 86' lang='lat' dir='ltr'><strong>et</strong></span> <span class='ocrx_word' id='word_1_85' title='bbox 1414 1296 1645 1351; x_wconf 83' lang='lat' dir='ltr'><strong>Joannes</strong></span> <span class='ocrx_word' id='word_1_86' title='bbox 1682 1296 2029 1350; x_wconf 80' lang='lat' dir='ltr'><strong>ascendebant</strong></span> 
     </span>
    </p>
   </div>
   <div class='ocr_carea' id='block_1_16' title="bbox 441 1387 2029 1462">
    <p class='ocr_par' dir='ltr' id='par_1_16' title="bbox 441 1387 2029 1462">
     <span class='ocr_line' id='line_1_16' title="bbox 441 1387 2029 1462; baseline -0.003 -15"><span class='ocrx_word' id='word_1_87' title='bbox 441 1393 497 1447; x_wconf 89' lang='lat' dir='ltr'><strong>in</strong></span> <span class='ocrx_word' id='word_1_88' title='bbox 522 1391 768 1462; x_wconf 79' lang='lat' dir='ltr'><strong>templum</strong></span> <span class='ocrx_word' id='word_1_89' title='bbox 796 1390 864 1444; x_wconf 86' lang='lat' dir='ltr'><strong>ad</strong></span> <span class='ocrx_word' id='word_1_90' title='bbox 887 1390 1070 1444; x_wconf 85' lang='lat' dir='ltr'><strong>horam</strong></span> <span class='ocrx_word' id='word_1_91' title='bbox 1095 1388 1347 1442; x_wconf 86' lang='lat' dir='ltr'><strong>orationis</strong></span> <span class='ocrx_word' id='word_1_92' title='bbox 1371 1403 1584 1441; x_wconf 88' lang='lat' dir='ltr'><strong>nonam.</strong></span> <span class='ocrx_word' id='word_1_93' title='bbox 1624 1387 1867 1456; x_wconf 81' lang='lat' dir='ltr'><strong>Apostoli</strong></span> <span class='ocrx_word' id='word_1_94' title='bbox 1896 1389 2029 1442; x_wconf 85' lang='lat' dir='ltr'><strong>hora</strong></span> 
     </span>
    </p>
   </div>
   <div class='ocr_carea' id='block_1_17' title="bbox 444 1479 2028 1552">
    <p class='ocr_par' dir='ltr' id='par_1_17' title="bbox 444 1479 2028 1552">
     <span class='ocr_line' id='line_1_17' title="bbox 444 1479 2028 1552; baseline -0.004 -14"><span class='ocrx_word' id='word_1_95' title='bbox 444 1499 584 1537; x_wconf 90' lang='lat' dir='ltr'><strong>nona</strong></span> <span class='ocrx_word' id='word_1_96' title='bbox 616 1483 872 1551; x_wconf 86' lang='lat' dir='ltr'><strong>templum</strong></span> <span class='ocrx_word' id='word_1_97' title='bbox 903 1481 1162 1552; x_wconf 84' lang='lat' dir='ltr'><strong>ingressi,</strong></span> <span class='ocrx_word' id='word_1_98' title='bbox 1191 1480 1366 1550; x_wconf 89' lang='lat' dir='ltr'><strong>primo</strong></span> <span class='ocrx_word' id='word_1_99' title='bbox 1411 1480 1682 1544; x_wconf 88' lang='lat' dir='ltr'><strong>claudum,</strong></span> <span class='ocrx_word' id='word_1_100' title='bbox 1713 1479 1906 1534; x_wconf 88' lang='lat' dir='ltr'><strong>deinde</strong></span> <span class='ocrx_word' id='word_1_101' title='bbox 1933 1479 2028 1533; x_wconf 82' lang='lat' dir='ltr'><strong>de-</strong></span> 
     </span>
    </p>
   </div>
   <div class='ocr_carea' id='block_1_18' title="bbox 442 1570 2031 1642">
    <p class='ocr_par' dir='ltr' id='par_1_18' title="bbox 442 1570 2031 1642">
     <span class='ocr_line' id='line_1_18' title="bbox 442 1570 2031 1642; baseline -0.005 -10"><span class='ocrx_word' id='word_1_102' title='bbox 442 1577 605 1632; x_wconf 84' lang='lat' dir='ltr'><strong>bilem</strong></span> <span class='ocrx_word' id='word_1_103' title='bbox 636 1576 921 1638; x_wconf 87' lang='lat' dir='ltr'><strong>sanabant,</strong></span> <span class='ocrx_word' id='word_1_104' title='bbox 950 1574 1146 1628; x_wconf 88' lang='lat' dir='ltr'><strong>deinde</strong></span> <span class='ocrx_word' id='word_1_105' title='bbox 1175 1573 1241 1626; x_wconf 89' lang='lat' dir='ltr'><strong>ad</strong></span> <span class='ocrx_word' id='word_1_106' title='bbox 1271 1587 1547 1642; x_wconf 80' lang='lat' dir='ltr'><strong>vesperam</strong></span> <span class='ocrx_word' id='word_1_107' title='bbox 1580 1586 1752 1640; x_wconf 88' lang='lat' dir='ltr'><strong>usque</strong></span> <span class='ocrx_word' id='word_1_108' title='bbox 1778 1570 2031 1625; x_wconf 86' lang='lat' dir='ltr'><strong>laboran-</strong></span> 
     </span>
    </p>
   </div>
   <div class='ocr_carea' id='block_1_19' title="bbox 442 1659 2024 1732">
    <p class='ocr_par' dir='ltr' id='par_1_19' title="bbox 442 1659 2024 1732">
     <span class='ocr_line' id='line_1_19' title="bbox 442 1659 2024 1732; baseline -0.006 -11"><span class='ocrx_word' id='word_1_109' title='bbox 442 1677 541 1732; x_wconf 92' lang='lat' dir='ltr'><strong>tes,</strong></span> <span class='ocrx_word' id='word_1_110' title='bbox 576 1667 742 1720; x_wconf 87' lang='lat' dir='ltr'><strong>multa</strong></span> <span class='ocrx_word' id='word_1_111' title='bbox 793 1666 1070 1719; x_wconf 87' lang='lat' dir='ltr'><strong>hominum</strong></span> <span class='ocrx_word' id='word_1_112' title='bbox 1121 1662 1287 1717; x_wconf 83' lang='lat' dir='ltr'><strong>millia</strong></span> <span class='ocrx_word' id='word_1_113' title='bbox 1322 1663 1489 1716; x_wconf 87' lang='lat' dir='ltr'><strong>verbo</strong></span> <span class='ocrx_word' id='word_1_114' title='bbox 1529 1659 1650 1715; x_wconf 83' lang='lat' dir='ltr'><strong>lidei</strong></span> <span class='ocrx_word' id='word_1_115' title='bbox 1691 1659 2024 1714; x_wconf 86' lang='lat' dir='ltr'><strong>imbuebant.</strong></span> 
     </span>
    </p>
   </div>
   <div class='ocr_carea' id='block_1_20' title="bbox 2062 475 3720 546">
    <p class='ocr_par' dir='ltr' id='par_1_20' title="bbox 2062 475 3720 546">
     <span class='ocr_line' id='line_1_20' title="bbox 2062 475 3720 546; baseline -0.002 -11"><span class='ocrx_word' id='word_1_116' title='bbox 2062 513 2066 522; x_wconf 87' lang='lat'><strong>-</strong></span> <span class='ocrx_word' id='word_1_117' title='bbox 2133 495 2272 544; x_wconf 89' lang='lat' dir='ltr'><strong>mus,</strong></span> <span class='ocrx_word' id='word_1_118' title='bbox 2302 480 2529 536; x_wconf 80' lang='lat' dir='ltr'><strong>verbum</strong></span> <span class='ocrx_word' id='word_1_119' title='bbox 2578 479 2702 534; x_wconf 64' lang='lat' dir='ltr'><strong>vitae</strong></span> <span class='ocrx_word' id='word_1_120' title='bbox 2747 477 3037 542; x_wconf 89' lang='lat' dir='ltr'><strong>audiendo,</strong></span> <span class='ocrx_word' id='word_1_121' title='bbox 3085 475 3430 546; x_wconf 89' lang='lat' dir='ltr'><strong>intelligendo</strong></span> <span class='ocrx_word' id='word_1_122' title='bbox 3475 476 3631 530; x_wconf 85' lang='lat' dir='ltr'><strong>simul</strong></span> <span class='ocrx_word' id='word_1_123' title='bbox 3671 488 3720 532; x_wconf 90' lang='lat' dir='ltr'><strong>et</strong></span> 
     </span>
    </p>
   </div>
   <div class='ocr_carea' id='block_1_21' title="bbox 2131 566 3718 639">
    <p class='ocr_par' dir='ltr' id='par_1_21' title="bbox 2131 566 3718 639">
     <span class='ocr_line' id='line_1_21' title="bbox 2131 566 3718 639; baseline -0.001 -15"><span class='ocrx_word' id='word_1_124' title='bbox 2131 569 2419 639; x_wconf 86' lang='lat' dir='ltr'><strong>Operando,</strong></span> <span class='ocrx_word' id='word_1_125' title='bbox 2449 577 2502 623; x_wconf 91' lang='lat' dir='ltr'><strong>et</strong></span> <span class='ocrx_word' id='word_1_126' title='bbox 2532 569 2598 622; x_wconf 91' lang='lat' dir='ltr'><strong>ad</strong></span> <span class='ocrx_word' id='word_1_127' title='bbox 2629 567 2920 637; x_wconf 86' lang='lat' dir='ltr'><strong>apostolos,</strong></span> <span class='ocrx_word' id='word_1_128' title='bbox 2944 566 2996 620; x_wconf 88' lang='lat' dir='ltr'><strong>id</strong></span> <span class='ocrx_word' id='word_1_129' title='bbox 3023 575 3108 621; x_wconf 92' lang='lat' dir='ltr'><strong>est</strong></span> <span class='ocrx_word' id='word_1_130' title='bbox 3138 567 3206 621; x_wconf 89' lang='lat' dir='ltr'><strong>ad</strong></span> <span class='ocrx_word' id='word_1_131' title='bbox 3234 581 3422 620; x_wconf 91' lang='lat' dir='ltr'><strong>eorum</strong></span> <span class='ocrx_word' id='word_1_132' title='bbox 3455 568 3718 637; x_wconf 74' lang='lat' dir='ltr'><strong>exempla,</strong></span> 
     </span>
    </p>
   </div>
   <div class='ocr_carea' id='block_1_22' title="bbox 2131 656 3724 730">
    <p class='ocr_par' dir='ltr' id='par_1_22' title="bbox 2131 656 3724 730">
     <span class='ocr_line' id='line_1_22' title="bbox 2131 656 3724 730; baseline 0.001 -17"><span class='ocrx_word' id='word_1_133' title='bbox 2131 674 2228 730; x_wconf 90' lang='lat' dir='ltr'><strong>per</strong></span> <span class='ocrx_word' id='word_1_134' title='bbox 2265 657 2475 712; x_wconf 87' lang='lat' dir='ltr'><strong>illorum</strong></span> <span class='ocrx_word' id='word_1_135' title='bbox 2509 665 2818 712; x_wconf 91' lang='lat' dir='ltr'><strong>sanctorum</strong></span> <span class='ocrx_word' id='word_1_136' title='bbox 2866 671 3241 711; x_wconf 83' lang='lat' dir='ltr'><strong>successorum</strong></span> <span class='ocrx_word' id='word_1_137' title='bbox 3284 656 3724 726; x_wconf 63' lang='lat' dir='ltr'><strong>praedicationem</strong></span> 
     </span>
    </p>
   </div>
   <div class='ocr_carea' id='block_1_23' title="bbox 2133 745 3724 816">
    <p class='ocr_par' dir='ltr' id='par_1_23' title="bbox 2133 745 3724 816">
     <span class='ocr_line' id='line_1_23' title="bbox 2133 745 3724 816; baseline 0 -14"><span class='ocrx_word' id='word_1_138' title='bbox 2133 747 2239 803; x_wconf 84' lang='lat' dir='ltr'><strong>ﬁde</strong></span> <span class='ocrx_word' id='word_1_139' title='bbox 2288 747 2654 816; x_wconf 81' lang='lat' dir='ltr'><strong>respeximus,</strong></span> <span class='ocrx_word' id='word_1_140' title='bbox 2707 755 2836 800; x_wconf 90' lang='lat' dir='ltr'><strong>tunc</strong></span> <span class='ocrx_word' id='word_1_141' title='bbox 2877 746 3102 801; x_wconf 89' lang='lat' dir='ltr'><strong>stabiliti</strong></span> <span class='ocrx_word' id='word_1_142' title='bbox 3146 754 3201 800; x_wconf 90' lang='lat' dir='ltr'><strong>ct</strong></span> <span class='ocrx_word' id='word_1_143' title='bbox 3246 745 3550 801; x_wconf 74' lang='lat' dir='ltr'><strong>continuati</strong></span> <span class='ocrx_word' id='word_1_144' title='bbox 3602 757 3724 802; x_wconf 88' lang='lat' dir='ltr'><strong>sunt</strong></span> 
     </span>
    </p>
   </div>
   <div class='ocr_carea' id='block_1_24' title="bbox 2132 837 3724 910">
    <p class='ocr_par' dir='ltr' id='par_1_24' title="bbox 2132 837 3724 910">
     <span class='ocr_line' id='line_1_24' title="bbox 2132 837 3724 910; baseline 0.001 -18"><span class='ocrx_word' id='word_1_145' title='bbox 2132 855 2350 910; x_wconf 75' lang='lat' dir='ltr'><strong>gressus</strong></span> <span class='ocrx_word' id='word_1_146' title='bbox 2399 838 2597 894; x_wconf 90' lang='lat' dir='ltr'><strong>mentis</strong></span> <span class='ocrx_word' id='word_1_147' title='bbox 2646 845 2865 902; x_wconf 62' lang='lat' dir='ltr'><strong>nostrae,</strong></span> <span class='ocrx_word' id='word_1_148' title='bbox 2894 847 2956 892; x_wconf 91' lang='lat' dir='ltr'><strong>ut</strong></span> <span class='ocrx_word' id='word_1_149' title='bbox 2991 839 3104 907; x_wconf 84' lang='lat' dir='ltr'><strong>jam</strong></span> <span class='ocrx_word' id='word_1_150' title='bbox 3145 853 3253 891; x_wconf 87' lang='lat' dir='ltr'><strong>non</strong></span> <span class='ocrx_word' id='word_1_151' title='bbox 3297 837 3724 893; x_wconf 65' lang='lat' dir='ltr'><strong>clauzlicaremus</strong></span> 
     </span>
    </p>
   </div>
   <div class='ocr_carea' id='block_1_25' title="bbox 2040 927 3722 998">
    <p class='ocr_par' dir='ltr' id='par_1_25' title="bbox 2040 927 3722 998">
     <span class='ocr_line' id='line_1_25' title="bbox 2040 927 3722 998; baseline 0.001 -16"><span class='ocrx_word' id='word_1_152' title='bbox 2040 971 2042 976; x_wconf 92' lang='lat'><strong>.</strong></span> <span class='ocrx_word' id='word_1_153' title='bbox 2131 929 2361 997; x_wconf 86' lang='lat' dir='ltr'><strong>amplius</strong></span> <span class='ocrx_word' id='word_1_154' title='bbox 2382 928 2436 983; x_wconf 92' lang='lat' dir='ltr'><strong>in</strong></span> <span class='ocrx_word' id='word_1_155' title='bbox 2456 929 2541 982; x_wconf 89' lang='lat' dir='ltr'><strong>via</strong></span> <span class='ocrx_word' id='word_1_156' title='bbox 2568 927 2885 998; x_wconf 85' lang='lat' dir='ltr'><strong>iniquitatis,</strong></span> <span class='ocrx_word' id='word_1_157' title='bbox 2909 929 3003 982; x_wconf 90' lang='lat' dir='ltr'><strong>sed</strong></span> <span class='ocrx_word' id='word_1_158' title='bbox 3027 928 3188 982; x_wconf 87' lang='lat' dir='ltr'><strong>rectis</strong></span> <span class='ocrx_word' id='word_1_159' title='bbox 3211 928 3475 983; x_wconf 91' lang='lat' dir='ltr'><strong>bonorum</strong></span> <span class='ocrx_word' id='word_1_160' title='bbox 3499 944 3722 998; x_wconf 88' lang='lat' dir='ltr'><strong>operum</strong></span> 
     </span>
    </p>
   </div>
   <div class='ocr_carea' id='block_1_26' title="bbox 2131 1014 3281 1086">
    <p class='ocr_par' dir='ltr' id='par_1_26' title="bbox 2131 1014 3281 1086">
     <span class='ocr_line' id='line_1_26' title="bbox 2131 1014 3281 1086; baseline -0.003 -15"><span class='ocrx_word' id='word_1_161' title='bbox 2131 1017 2404 1086; x_wconf 81' lang='lat' dir='ltr'><strong>gressibus</strong></span> <span class='ocrx_word' id='word_1_162' title='bbox 2429 1032 2523 1085; x_wconf 88' lang='lat' dir='ltr'><strong>per</strong></span> <span class='ocrx_word' id='word_1_163' title='bbox 2551 1016 2652 1069; x_wconf 90' lang='lat' dir='ltr'><strong>iter</strong></span> <span class='ocrx_word' id='word_1_164' title='bbox 2672 1014 2897 1083; x_wconf 70' lang='lat' dir='ltr'><strong>iustitia:</strong></span> <span class='ocrx_word' id='word_1_165' title='bbox 2923 1015 3281 1071; x_wconf 88' lang='lat' dir='ltr'><strong>ambulemus.</strong></span> 
     </span>
    </p>
   </div>
   <div class='ocr_carea' id='block_1_27' title="bbox 2203 1104 3727 1176">
    <p class='ocr_par' dir='ltr' id='par_1_27' title="bbox 2203 1104 3727 1176">
     <span class='ocr_line' id='line_1_27' title="bbox 2203 1104 3727 1176; baseline 0.001 -18"><span class='ocrx_word' id='word_1_166' title='bbox 2203 1105 2274 1160; x_wconf 88' lang='lat' dir='ltr'><strong>Et</strong></span> <span class='ocrx_word' id='word_1_167' title='bbox 2295 1105 2617 1176; x_wconf 83' lang='lat' dir='ltr'><strong>apprehensa</strong></span> <span class='ocrx_word' id='word_1_168' title='bbox 2639 1104 2832 1160; x_wconf 89' lang='lat' dir='ltr'><strong>Petrus</strong></span> <span class='ocrx_word' id='word_1_169' title='bbox 2852 1122 3013 1159; x_wconf 88' lang='lat' dir='ltr'><strong>manu</strong></span> <span class='ocrx_word' id='word_1_170' title='bbox 3043 1105 3228 1159; x_wconf 76' lang='lat' dir='ltr'><strong>dextra</strong></span> <span class='ocrx_word' id='word_1_171' title='bbox 3258 1105 3462 1170; x_wconf 78' lang='lat' dir='ltr'><strong>claudi,</strong></span> <span class='ocrx_word' id='word_1_172' title='bbox 3481 1106 3727 1160; x_wconf 80' lang='lat' dir='ltr'><strong>allevavit</strong></span> 
     </span>
    </p>
   </div>
   <div class='ocr_carea' id='block_1_28' title="bbox 2131 1194 3727 1265">
    <p class='ocr_par' dir='ltr' id='par_1_28' title="bbox 2131 1194 3727 1265">
     <span class='ocr_line' id='line_1_28' title="bbox 2131 1194 3727 1265; baseline 0.002 -17"><span class='ocrx_word' id='word_1_173' title='bbox 2131 1211 2270 1248; x_wconf 87' lang='lat' dir='ltr'><strong>eum.</strong></span> <span class='ocrx_word' id='word_1_174' title='bbox 2299 1194 2443 1250; x_wconf 89' lang='lat' dir='ltr'><strong>Bene</strong></span> <span class='ocrx_word' id='word_1_175' title='bbox 2491 1211 2650 1265; x_wconf 91' lang='lat' dir='ltr'><strong>quem</strong></span> <span class='ocrx_word' id='word_1_176' title='bbox 2679 1196 2848 1251; x_wconf 88' lang='lat' dir='ltr'><strong>verbo</strong></span> <span class='ocrx_word' id='word_1_177' title='bbox 2871 1196 3047 1250; x_wconf 83' lang='lat' dir='ltr'><strong>erexit</strong></span> <span class='ocrx_word' id='word_1_178' title='bbox 3075 1196 3238 1251; x_wconf 89' lang='lat' dir='ltr'><strong>etiam</strong></span> <span class='ocrx_word' id='word_1_179' title='bbox 3282 1195 3476 1251; x_wconf 77' lang='lat' dir='ltr'><strong>dextra</strong></span> <span class='ocrx_word' id='word_1_180' title='bbox 3507 1196 3727 1251; x_wconf 79' lang='lat' dir='ltr'><strong>confor-</strong></span> 
     </span>
    </p>
   </div>
   <div class='ocr_carea' id='block_1_29' title="bbox 2135 1286 3726 1355">
    <p class='ocr_par' dir='ltr' id='par_1_29' title="bbox 2135 1286 3726 1355">
     <span class='ocr_line' id='line_1_29' title="bbox 2135 1286 3726 1355; baseline 0.001 -15"><span class='ocrx_word' id='word_1_181' title='bbox 2135 1293 2230 1349; x_wconf 88' lang='lat' dir='ltr'><strong>tat,</strong></span> <span class='ocrx_word' id='word_1_182' title='bbox 2253 1286 2382 1355; x_wconf 86' lang='lat' dir='ltr'><strong>quia</strong></span> <span class='ocrx_word' id='word_1_183' title='bbox 2419 1301 2598 1341; x_wconf 87' lang='lat' dir='ltr'><strong>sermo</strong></span> <span class='ocrx_word' id='word_1_184' title='bbox 2639 1286 2905 1351; x_wconf 89' lang='lat' dir='ltr'><strong>docentis,</strong></span> <span class='ocrx_word' id='word_1_185' title='bbox 2932 1287 2986 1340; x_wconf 92' lang='lat' dir='ltr'><strong>in</strong></span> <span class='ocrx_word' id='word_1_186' title='bbox 3029 1287 3192 1341; x_wconf 90' lang='lat' dir='ltr'><strong>corde</strong></span> <span class='ocrx_word' id='word_1_187' title='bbox 3231 1287 3502 1341; x_wconf 86' lang='lat' dir='ltr'><strong>audientis</strong></span> <span class='ocrx_word' id='word_1_188' title='bbox 3545 1289 3726 1343; x_wconf 90' lang='lat' dir='ltr'><strong>minus</strong></span> 
     </span>
    </p>
   </div>
   <div class='ocr_carea' id='block_1_30' title="bbox 2133 1377 3727 1447">
    <p class='ocr_par' dir='ltr' id='par_1_30' title="bbox 2133 1377 3727 1447">
     <span class='ocr_line' id='line_1_30' title="bbox 2133 1377 3727 1447; baseline 0.002 -16"><span class='ocrx_word' id='word_1_189' title='bbox 2133 1377 2296 1441; x_wconf 90' lang='lat' dir='ltr'><strong>valet,</strong></span> <span class='ocrx_word' id='word_1_190' title='bbox 2327 1377 2372 1430; x_wconf 91' lang='lat' dir='ltr'><strong>si</strong></span> <span class='ocrx_word' id='word_1_191' title='bbox 2420 1391 2527 1431; x_wconf 92' lang='lat' dir='ltr'><strong>non</strong></span> <span class='ocrx_word' id='word_1_192' title='bbox 2567 1377 2730 1432; x_wconf 87' lang='lat' dir='ltr'><strong>etiam</strong></span> <span class='ocrx_word' id='word_1_193' title='bbox 2774 1378 3006 1447; x_wconf 71' lang='lat' dir='ltr'><strong>propriae</strong></span> <span class='ocrx_word' id='word_1_194' title='bbox 3046 1377 3275 1432; x_wconf 87' lang='lat' dir='ltr'><strong>actionis</strong></span> <span class='ocrx_word' id='word_1_195' title='bbox 3319 1379 3727 1434; x_wconf 85' lang='lat' dir='ltr'><strong>commendetur</strong></span> 
     </span>
    </p>
   </div>
   <div class='ocr_carea' id='block_1_31' title="bbox 2134 1467 2415 1538">
    <p class='ocr_par' dir='ltr' id='par_1_31' title="bbox 2134 1467 2415 1538">
     <span class='ocr_line' id='line_1_31' title="bbox 2134 1467 2415 1538; baseline -0.011 -15"><span class='ocrx_word' id='word_1_196' title='bbox 2134 1467 2415 1538; x_wconf 80' lang='lat' dir='ltr'><strong>exemplis.</strong></span> 
     </span>
    </p>
   </div>
   <div class='ocr_carea' id='block_1_32' title="bbox 2203 1554 3725 1622">
    <p class='ocr_par' dir='ltr' id='par_1_32' title="bbox 2203 1554 3725 1622">
     <span class='ocr_line' id='line_1_32' title="bbox 2203 1554 3725 1622; baseline 0.001 -11"><span class='ocrx_word' id='word_1_197' title='bbox 2203 1557 2272 1611; x_wconf 83' lang='lat' dir='ltr'><strong>Et</strong></span> <span class='ocrx_word' id='word_1_198' title='bbox 2313 1557 2527 1611; x_wconf 72' lang='lat' dir='ltr'><strong>exiliens</strong></span> <span class='ocrx_word' id='word_1_199' title='bbox 2553 1556 2716 1621; x_wconf 78' lang='lat' dir='ltr'><strong>stetit,</strong></span> <span class='ocrx_word' id='word_1_200' title='bbox 2745 1564 2794 1610; x_wconf 85' lang='lat' dir='ltr'><strong>et</strong></span> <span class='ocrx_word' id='word_1_201' title='bbox 2821 1554 3143 1622; x_wconf 87' lang='lat' dir='ltr'><strong>ambulabat,</strong></span> <span class='ocrx_word' id='word_1_202' title='bbox 3175 1566 3222 1611; x_wconf 86' lang='lat' dir='ltr'><strong>et</strong></span> <span class='ocrx_word' id='word_1_203' title='bbox 3250 1558 3460 1611; x_wconf 80' lang='lat' dir='ltr'><strong>intravit</strong></span> <span class='ocrx_word' id='word_1_204' title='bbox 3482 1574 3604 1612; x_wconf 88' lang='lat' dir='ltr'><strong>cum</strong></span> <span class='ocrx_word' id='word_1_205' title='bbox 3623 1558 3725 1613; x_wconf 79' lang='lat' dir='ltr'><strong>illis</strong></span> 
     </span>
    </p>
   </div>
   <div class='ocr_carea' id='block_1_33' title="bbox 2131 1647 3724 1719">
    <p class='ocr_par' dir='ltr' id='par_1_33' title="bbox 2131 1647 3724 1719">
     <span class='ocr_line' id='line_1_33' title="bbox 2131 1647 3724 1719; baseline -0.001 -15"><span class='ocrx_word' id='word_1_206' title='bbox 2131 1652 2188 1704; x_wconf 90' lang='lat' dir='ltr'><strong>in</strong></span> <span class='ocrx_word' id='word_1_207' title='bbox 2233 1648 2500 1719; x_wconf 83' lang='lat' dir='ltr'><strong>templum.</strong></span> <span class='ocrx_word' id='word_1_208' title='bbox 2533 1647 2676 1704; x_wconf 89' lang='lat' dir='ltr'><strong>Ordo</strong></span> <span class='ocrx_word' id='word_1_209' title='bbox 2721 1647 3072 1717; x_wconf 81' lang='lat' dir='ltr'><strong>perfectionis</strong></span> <span class='ocrx_word' id='word_1_210' title='bbox 3119 1656 3202 1702; x_wconf 92' lang='lat' dir='ltr'><strong>est</strong></span> <span class='ocrx_word' id='word_1_211' title='bbox 3243 1648 3512 1718; x_wconf 88' lang='lat' dir='ltr'><strong>egregius,</strong></span> <span class='ocrx_word' id='word_1_212' title='bbox 3547 1650 3724 1718; x_wconf 89' lang='lat' dir='ltr'><strong>primo</strong></span> 
     </span>
    </p>
   </div>
   <div class='ocr_carea' id='block_1_34' title="bbox 441 1736 3728 1824">
    <p class='ocr_par' dir='ltr' id='par_1_34' title="bbox 441 1736 3728 1824">
     <span class='ocr_line' id='line_1_34' title="bbox 441 1736 3728 1824; baseline -0.003 -15"><span class='ocrx_word' id='word_1_213' title='bbox 441 1757 554 1812; x_wconf 88' lang='lat' dir='ltr'><strong>lloc</strong></span> <span class='ocrx_word' id='word_1_214' title='bbox 581 1765 635 1810; x_wconf 90' lang='lat' dir='ltr'><strong>et</strong></span> <span class='ocrx_word' id='word_1_215' title='bbox 669 1755 721 1814; x_wconf 90' lang='lat' dir='ltr'><strong>in</strong></span> <span class='ocrx_word' id='word_1_216' title='bbox 753 1755 868 1824; x_wconf 93' lang='lat' dir='ltr'><strong>ipso</strong></span> <span class='ocrx_word' id='word_1_217' title='bbox 897 1768 995 1807; x_wconf 90' lang='lat' dir='ltr'><strong>suo</strong></span> <span class='ocrx_word' id='word_1_218' title='bbox 1039 1760 1161 1807; x_wconf 89' lang='lat' dir='ltr'><strong>actu</strong></span> <span class='ocrx_word' id='word_1_219' title='bbox 1205 1751 1503 1823; x_wconf 83' lang='lat' dir='ltr'><strong>ﬁguraliter</strong></span> <span class='ocrx_word' id='word_1_220' title='bbox 1530 1765 1589 1806; x_wconf 90' lang='lat' dir='ltr'><strong>se</strong></span> <span class='ocrx_word' id='word_1_221' title='bbox 1616 1765 1778 1821; x_wconf 88' lang='lat' dir='ltr'><strong>agere</strong></span> <span class='ocrx_word' id='word_1_222' title='bbox 1808 1749 2028 1803; x_wconf 84' lang='lat' dir='ltr'><strong>demon-</strong></span> <span class='ocrx_word' id='word_1_223' title='bbox 2058 1736 2103 1796; x_wconf 87' lang='grc' dir='ltr'><strong>Β</strong></span> <span class='ocrx_word' id='word_1_224' title='bbox 2132 1741 2280 1796; x_wconf 90' lang='lat' dir='ltr'><strong>illum</strong></span> <span class='ocrx_word' id='word_1_225' title='bbox 2327 1758 2610 1812; x_wconf 83' lang='lat' dir='ltr'><strong>resurgere</strong></span> <span class='ocrx_word' id='word_1_226' title='bbox 2652 1743 2744 1813; x_wconf 89' lang='lat' dir='ltr'><strong>qui</strong></span> <span class='ocrx_word' id='word_1_227' title='bbox 2782 1743 3048 1814; x_wconf 75' lang='lat' dir='ltr'><strong>iacuerat,</strong></span> <span class='ocrx_word' id='word_1_228' title='bbox 3097 1743 3290 1798; x_wconf 91' lang='lat' dir='ltr'><strong>deinde</strong></span> <span class='ocrx_word' id='word_1_229' title='bbox 3335 1744 3439 1798; x_wconf 85' lang='lat' dir='ltr'><strong>iter</strong></span> <span class='ocrx_word' id='word_1_230' title='bbox 3482 1743 3728 1813; x_wconf 88' lang='lat' dir='ltr'><strong>arripere</strong></span> 
     </span>
    </p>
   </div>
   <div class='ocr_carea' id='block_1_35' title="bbox 441 1840 2026 1914">
    <p class='ocr_par' dir='ltr' id='par_1_35' title="bbox 441 1840 2026 1914">
     <span class='ocr_line' id='line_1_35' title="bbox 441 1840 2026 1914; baseline -0.005 -13"><span class='ocrx_word' id='word_1_231' title='bbox 441 1848 707 1908; x_wconf 85' lang='lat' dir='ltr'><strong>strabant,</strong></span> <span class='ocrx_word' id='word_1_232' title='bbox 724 1845 848 1914; x_wconf 84' lang='lat' dir='ltr'><strong>quia</strong></span> <span class='ocrx_word' id='word_1_233' title='bbox 869 1843 1130 1898; x_wconf 88' lang='lat' dir='ltr'><strong>Dominus</strong></span> <span class='ocrx_word' id='word_1_234' title='bbox 1152 1852 1335 1897; x_wconf 88' lang='lat' dir='ltr'><strong>noster</strong></span> <span class='ocrx_word' id='word_1_235' title='bbox 1353 1842 1813 1912; x_wconf 83' lang='lat' dir='ltr'><strong>appmpinquante</strong></span> <span class='ocrx_word' id='word_1_236' title='bbox 1840 1840 2026 1893; x_wconf 91' lang='lat' dir='ltr'><strong>mundi</strong></span> 
     </span>
    </p>
   </div>
   <div class='ocr_carea' id='block_1_36' title="bbox 447 1930 2022 1990">
    <p class='ocr_par' dir='ltr' id='par_1_36' title="bbox 447 1930 2022 1990">
     <span class='ocr_line' id='line_1_36' title="bbox 447 1930 2022 1990; baseline -0.004 0"><span class='ocrx_word' id='word_1_237' title='bbox 447 1937 554 1990; x_wconf 85' lang='lat' dir='ltr'><strong>ﬁne</strong></span> <span class='ocrx_word' id='word_1_238' title='bbox 585 1937 637 1989; x_wconf 91' lang='lat' dir='ltr'><strong>in</strong></span> <span class='ocrx_word' id='word_1_239' title='bbox 669 1937 813 1989; x_wconf 90' lang='lat' dir='ltr'><strong>hunc</strong></span> <span class='ocrx_word' id='word_1_240' title='bbox 841 1935 1100 1987; x_wconf 90' lang='lat' dir='ltr'><strong>mundum</strong></span> <span class='ocrx_word' id='word_1_241' title='bbox 1128 1933 1193 1986; x_wconf 88' lang='lat' dir='ltr'><strong>ad</strong></span> <span class='ocrx_word' id='word_1_242' title='bbox 1238 1931 1525 1986; x_wconf 87' lang='lat' dir='ltr'><strong>salvandos</strong></span> <span class='ocrx_word' id='word_1_243' title='bbox 1551 1945 1740 1985; x_wconf 90' lang='lat' dir='ltr'><strong>omnes</strong></span> <span class='ocrx_word' id='word_1_244' title='bbox 1767 1930 1870 1984; x_wconf 91' lang='lat' dir='ltr'><strong>sibi</strong></span> <span class='ocrx_word' id='word_1_245' title='bbox 1902 1944 2022 1984; x_wconf 90' lang='lat' dir='ltr'><strong>cre-</strong></span> 
     </span>
    </p>
   </div>
   <div class='ocr_carea' id='block_1_37' title="bbox 441 2021 2024 2093">
    <p class='ocr_par' dir='ltr' id='par_1_37' title="bbox 441 2021 2024 2093">
     <span class='ocr_line' id='line_1_37' title="bbox 441 2021 2024 2093; baseline -0.004 -12"><span class='ocrx_word' id='word_1_246' title='bbox 441 2028 634 2081; x_wconf 88' lang='lat' dir='ltr'><strong>dentes</strong></span> <span class='ocrx_word' id='word_1_247' title='bbox 679 2032 921 2087; x_wconf 86' lang='lat' dir='ltr'><strong>venerat,</strong></span> <span class='ocrx_word' id='word_1_248' title='bbox 954 2032 1009 2078; x_wconf 91' lang='lat' dir='ltr'><strong>et</strong></span> <span class='ocrx_word' id='word_1_249' title='bbox 1055 2023 1325 2093; x_wconf 88' lang='lat' dir='ltr'><strong>apostolos</strong></span> <span class='ocrx_word' id='word_1_250' title='bbox 1372 2038 1496 2077; x_wconf 91' lang='lat' dir='ltr'><strong>suos</strong></span> <span class='ocrx_word' id='word_1_251' title='bbox 1546 2022 1700 2092; x_wconf 90' lang='lat' dir='ltr'><strong>quasi</strong></span> <span class='ocrx_word' id='word_1_252' title='bbox 1740 2021 1807 2074; x_wconf 91' lang='lat' dir='ltr'><strong>ad</strong></span> <span class='ocrx_word' id='word_1_253' title='bbox 1853 2021 2024 2090; x_wconf 90' lang='lat' dir='ltr'><strong>ipsam</strong></span> 
     </span>
    </p>
   </div>
   <div class='ocr_carea' id='block_1_38' title="bbox 439 2111 2024 2187">
    <p class='ocr_par' dir='ltr' id='par_1_38' title="bbox 439 2111 2024 2187">
     <span class='ocr_line' id='line_1_38' title="bbox 439 2111 2024 2187; baseline -0.003 -19"><span class='ocrx_word' id='word_1_254' title='bbox 439 2131 723 2187; x_wconf 87' lang='lat' dir='ltr'><strong>vesperam</strong></span> <span class='ocrx_word' id='word_1_255' title='bbox 767 2115 950 2168; x_wconf 88' lang='lat' dir='ltr'><strong>mundi</strong></span> <span class='ocrx_word' id='word_1_256' title='bbox 989 2129 1086 2183; x_wconf 87' lang='lat' dir='ltr'><strong>per</strong></span> <span class='ocrx_word' id='word_1_257' title='bbox 1113 2122 1283 2169; x_wconf 90' lang='lat' dir='ltr'><strong>totum</strong></span> <span class='ocrx_word' id='word_1_258' title='bbox 1313 2115 1501 2168; x_wconf 89' lang='lat' dir='ltr'><strong>orbem</strong></span> <span class='ocrx_word' id='word_1_259' title='bbox 1531 2113 1600 2168; x_wconf 89' lang='lat' dir='ltr'><strong>ad</strong></span> <span class='ocrx_word' id='word_1_260' title='bbox 1629 2111 2024 2167; x_wconf 88' lang='lat' dir='ltr'><strong>multitudinem</strong></span> 
     </span>
    </p>
   </div>
   <div class='ocr_carea' id='block_1_39' title="bbox 443 2206 1288 2263">
    <p class='ocr_par' dir='ltr' id='par_1_39' title="bbox 443 2206 1288 2263">
     <span class='ocr_line' id='line_1_39' title="bbox 443 2206 1288 2263; baseline -0.007 0"><span class='ocrx_word' id='word_1_261' title='bbox 443 2207 724 2263; x_wconf 90' lang='lat' dir='ltr'><strong>hominum</strong></span> <span class='ocrx_word' id='word_1_262' title='bbox 755 2206 1046 2261; x_wconf 84' lang='lat' dir='ltr'><strong>docendam</strong></span> <span class='ocrx_word' id='word_1_263' title='bbox 1074 2206 1288 2260; x_wconf 83' lang='lat' dir='ltr'><strong>direxit.</strong></span> 
     </span>
    </p>
   </div>
   <div class='ocr_carea' id='block_1_40' title="bbox 515 2296 2023 2369">
    <p class='ocr_par' dir='ltr' id='par_1_40' title="bbox 515 2296 2023 2369">
     <span class='ocr_line' id='line_1_40' title="bbox 515 2296 2023 2369; baseline -0.002 -17"><span class='ocrx_word' id='word_1_264' title='bbox 515 2297 584 2352; x_wconf 78' lang='lat' dir='ltr'><strong>Et</strong></span> <span class='ocrx_word' id='word_1_265' title='bbox 611 2298 823 2369; x_wconf 86' lang='lat' dir='ltr'><strong>quidam</strong></span> <span class='ocrx_word' id='word_1_266' title='bbox 851 2299 928 2351; x_wconf 83' lang='lat' dir='ltr'><strong>vir</strong></span> <span class='ocrx_word' id='word_1_267' title='bbox 945 2298 1034 2367; x_wconf 89' lang='lat' dir='ltr'><strong>qui</strong></span> <span class='ocrx_word' id='word_1_268' title='bbox 1056 2306 1168 2351; x_wconf 89' lang='lat' dir='ltr'><strong>erat</strong></span> <span class='ocrx_word' id='word_1_269' title='bbox 1197 2296 1416 2350; x_wconf 87' lang='lat' dir='ltr'><strong>claudus</strong></span> <span class='ocrx_word' id='word_1_270' title='bbox 1437 2312 1500 2350; x_wconf 79' lang='lat' dir='ltr'><strong>ea:</strong></span> <span class='ocrx_word' id='word_1_271' title='bbox 1514 2304 1662 2350; x_wconf 88' lang='lat' dir='ltr'><strong>utero</strong></span> <span class='ocrx_word' id='word_1_272' title='bbox 1685 2296 1868 2350; x_wconf 82' lang='lat' dir='ltr'><strong>matris</strong></span> <span class='ocrx_word' id='word_1_273' title='bbox 1894 2312 2023 2360; x_wconf 71' lang='lat' dir='ltr'><strong>sum,</strong></span> 
     </span>
    </p>
   </div>
   <div class='ocr_carea' id='block_1_41' title="bbox 443 2385 2028 2458">
    <p class='ocr_par' dir='ltr' id='par_1_41' title="bbox 443 2385 2028 2458">
     <span class='ocr_line' id='line_1_41' title="bbox 443 2385 2028 2458; baseline -0.003 -15"><span class='ocrx_word' id='word_1_274' title='bbox 443 2388 784 2458; x_wconf 83' lang='lat' dir='ltr'><strong>bajulabatur</strong></span> <span class='ocrx_word' id='word_1_275' title='bbox 807 2404 825 2441; x_wconf 90' lang='lat'><em>:</em></span> <span class='ocrx_word' id='word_1_276' title='bbox 846 2403 996 2458; x_wconf 84' lang='lat' dir='ltr'><strong>quem</strong></span> <span class='ocrx_word' id='word_1_277' title='bbox 1030 2387 1286 2456; x_wconf 88' lang='lat' dir='ltr'><strong>ponebant</strong></span> <span class='ocrx_word' id='word_1_278' title='bbox 1311 2385 1542 2458; x_wconf 83' lang='lat' dir='ltr'><strong>quotidie</strong></span> <span class='ocrx_word' id='word_1_279' title='bbox 1568 2385 1637 2438; x_wconf 89' lang='lat' dir='ltr'><strong>ad</strong></span> <span class='ocrx_word' id='word_1_280' title='bbox 1665 2395 1870 2455; x_wconf 89' lang='lat' dir='ltr'><strong>portam</strong></span> <span class='ocrx_word' id='word_1_281' title='bbox 1897 2393 2028 2438; x_wconf 78' lang='lat' dir='ltr'><strong>tem-</strong></span> 
     </span>
    </p>
   </div>
   <div class='ocr_carea' id='block_1_42' title="bbox 443 2475 2024 2551">
    <p class='ocr_par' dir='ltr' id='par_1_42' title="bbox 443 2475 2024 2551">
     <span class='ocr_line' id='line_1_42' title="bbox 443 2475 2024 2551; baseline -0.003 -19"><span class='ocrx_word' id='word_1_282' title='bbox 443 2479 518 2551; x_wconf 87' lang='lat' dir='ltr'><strong>pli</strong></span> <span class='ocrx_word' id='word_1_283' title='bbox 557 2495 673 2551; x_wconf 76' lang='lat' dir='ltr'><strong>qua:</strong></span> <span class='ocrx_word' id='word_1_284' title='bbox 701 2479 894 2531; x_wconf 84' lang='lat' dir='ltr'><strong>dicitur</strong></span> <span class='ocrx_word' id='word_1_285' title='bbox 921 2477 1191 2547; x_wconf 84' lang='lat' dir='ltr'><strong>Speciosa,</strong></span> <span class='ocrx_word' id='word_1_286' title='bbox 1222 2486 1277 2530; x_wconf 89' lang='lat' dir='ltr'><strong>ut</strong></span> <span class='ocrx_word' id='word_1_287' title='bbox 1323 2485 1514 2546; x_wconf 84' lang='lat' dir='ltr'><strong>peteret</strong></span> <span class='ocrx_word' id='word_1_288' title='bbox 1558 2475 1935 2546; x_wconf 79' lang='lat' dir='ltr'><strong>eleemosynam</strong></span> <span class='ocrx_word' id='word_1_289' title='bbox 1959 2475 2024 2528; x_wconf 89' lang='lat' dir='ltr'><strong>ab</strong></span> 
     </span>
    </p>
   </div>
   <div class='ocr_carea' id='block_1_43' title="bbox 442 2565 2024 2638">
    <p class='ocr_par' dir='ltr' id='par_1_43' title="bbox 442 2565 2024 2638">
     <span class='ocr_line' id='line_1_43' title="bbox 442 2565 2024 2638; baseline -0.004 -14"><span class='ocrx_word' id='word_1_290' title='bbox 442 2569 820 2624; x_wconf 80' lang='lat' dir='ltr'><strong>introeuntibus</strong></span> <span class='ocrx_word' id='word_1_291' title='bbox 850 2570 905 2623; x_wconf 92' lang='lat' dir='ltr'><strong>in</strong></span> <span class='ocrx_word' id='word_1_292' title='bbox 949 2567 1216 2638; x_wconf 82' lang='lat' dir='ltr'><strong>templum.</strong></span> <span class='ocrx_word' id='word_1_293' title='bbox 1255 2565 1409 2621; x_wconf 85' lang='lat' dir='ltr'><strong>Hunc</strong></span> <span class='ocrx_word' id='word_1_294' title='bbox 1438 2581 1561 2622; x_wconf 91' lang='lat' dir='ltr'><strong>cum</strong></span> <span class='ocrx_word' id='word_1_295' title='bbox 1585 2565 1808 2620; x_wconf 82' lang='lat' dir='ltr'><strong>vidisset</strong></span> <span class='ocrx_word' id='word_1_296' title='bbox 1831 2565 2024 2620; x_wconf 88' lang='lat' dir='ltr'><strong>Petrus</strong></span> 
     </span>
    </p>
   </div>
   <div class='ocr_carea' id='block_1_44' title="bbox 443 2657 2024 2728">
    <p class='ocr_par' dir='ltr' id='par_1_44' title="bbox 443 2657 2024 2728">
     <span class='ocr_line' id='line_1_44' title="bbox 443 2657 2024 2728; baseline -0.001 -14"><span class='ocrx_word' id='word_1_297' title='bbox 443 2674 567 2714; x_wconf 91' lang='lat' dir='ltr'><strong>cum</strong></span> <span class='ocrx_word' id='word_1_298' title='bbox 611 2657 817 2714; x_wconf 85' lang='lat' dir='ltr'><strong>Joanne</strong></span> <span class='ocrx_word' id='word_1_299' title='bbox 863 2658 999 2713; x_wconf 81' lang='lat' dir='ltr'><strong>dixit</strong></span> <span class='ocrx_word' id='word_1_300' title='bbox 1030 2677 1043 2712; x_wconf 91' lang='lat'><strong>:</strong></span> <span class='ocrx_word' id='word_1_301' title='bbox 1077 2658 1304 2728; x_wconf 89' lang='lat' dir='ltr'><strong>respice.</strong></span> <span class='ocrx_word' id='word_1_302' title='bbox 1325 2658 1397 2712; x_wconf 84' lang='lat' dir='ltr'><strong>At</strong></span> <span class='ocrx_word' id='word_1_303' title='bbox 1439 2657 1528 2713; x_wconf 91' lang='lat' dir='ltr'><strong>ille</strong></span> <span class='ocrx_word' id='word_1_304' title='bbox 1557 2659 1792 2727; x_wconf 82' lang='lat' dir='ltr'><strong>respexit</strong></span> <span class='ocrx_word' id='word_1_305' title='bbox 1827 2658 1881 2711; x_wconf 90' lang='lat' dir='ltr'><strong>in</strong></span> <span class='ocrx_word' id='word_1_306' title='bbox 1909 2673 2024 2722; x_wconf 90' lang='lat' dir='ltr'><strong>eos,</strong></span> 
     </span>
    </p>
   </div>
   <div class='ocr_carea' id='block_1_45' title="bbox 442 2748 2026 2819">
    <p class='ocr_par' dir='ltr' id='par_1_45' title="bbox 442 2748 2026 2819">
     <span class='ocr_line' id='line_1_45' title="bbox 442 2748 2026 2819; baseline -0.002 -14"><span class='ocrx_word' id='word_1_307' title='bbox 442 2764 667 2818; x_wconf 85' lang='lat' dir='ltr'><strong>sperans</strong></span> <span class='ocrx_word' id='word_1_308' title='bbox 691 2763 749 2802; x_wconf 88' lang='lat' dir='ltr'><strong>se</strong></span> <span class='ocrx_word' id='word_1_309' title='bbox 782 2748 982 2819; x_wconf 89' lang='lat' dir='ltr'><strong>aliquid</strong></span> <span class='ocrx_word' id='word_1_310' title='bbox 1009 2757 1354 2818; x_wconf 87' lang='lat' dir='ltr'><strong>accepturum</strong></span> <span class='ocrx_word' id='word_1_311' title='bbox 1396 2749 1464 2803; x_wconf 89' lang='lat' dir='ltr'><strong>ab</strong></span> <span class='ocrx_word' id='word_1_312' title='bbox 1491 2749 1590 2814; x_wconf 90' lang='lat' dir='ltr'><strong>eis,</strong></span> <span class='ocrx_word' id='word_1_313' title='bbox 1615 2748 1692 2803; x_wconf 88' lang='lat' dir='ltr'><strong>ait</strong></span> <span class='ocrx_word' id='word_1_314' title='bbox 1719 2759 1896 2803; x_wconf 87' lang='lat' dir='ltr'><strong>autem</strong></span> <span class='ocrx_word' id='word_1_315' title='bbox 1924 2748 2026 2802; x_wconf 82' lang='lat' dir='ltr'><strong>Pe-</strong></span> 
     </span>
    </p>
   </div>
   <div class='ocr_carea' id='block_1_46' title="bbox 443 2847 598 2892">
    <p class='ocr_par' dir='ltr' id='par_1_46' title="bbox 443 2847 598 2892">
     <span class='ocr_line' id='line_1_46' title="bbox 443 2847 598 2892; baseline -0.006 0"><span class='ocrx_word' id='word_1_316' title='bbox 443 2847 561 2892; x_wconf 88' lang='lat' dir='ltr'><strong>trus</strong></span> <span class='ocrx_word' id='word_1_317' title='bbox 585 2856 598 2891; x_wconf 90' lang='lat'><strong>:</strong></span> 
     </span>
    </p>
   </div>
   <div class='ocr_carea' id='block_1_47' title="bbox 512 2927 2047 2999">
    <p class='ocr_par' dir='ltr' id='par_1_47' title="bbox 512 2927 2047 2999">
     <span class='ocr_line' id='line_1_47' title="bbox 512 2927 2047 2999; baseline 0.001 -17"><span class='ocrx_word' id='word_1_318' title='bbox 512 2928 797 2999; x_wconf 81' lang='lat' dir='ltr'><strong>Argentum</strong></span> <span class='ocrx_word' id='word_1_319' title='bbox 821 2936 868 2981; x_wconf 92' lang='lat' dir='ltr'><strong>et</strong></span> <span class='ocrx_word' id='word_1_320' title='bbox 896 2943 1086 2981; x_wconf 90' lang='lat' dir='ltr'><strong>aurum</strong></span> <span class='ocrx_word' id='word_1_321' title='bbox 1116 2945 1221 2982; x_wconf 90' lang='lat' dir='ltr'><strong>non</strong></span> <span class='ocrx_word' id='word_1_322' title='bbox 1249 2927 1440 2990; x_wconf 85' lang='lat' dir='ltr'><strong>habeo,</strong></span> <span class='ocrx_word' id='word_1_323' title='bbox 1465 2929 1556 2982; x_wconf 87' lang='lat' dir='ltr'><strong>sed</strong></span> <span class='ocrx_word' id='word_1_324' title='bbox 1578 2929 1716 2999; x_wconf 88' lang='lat' dir='ltr'><strong>quod</strong></span> <span class='ocrx_word' id='word_1_325' title='bbox 1743 2930 1929 2995; x_wconf 83' lang='lat' dir='ltr'><strong>habeo,</strong></span> <span class='ocrx_word' id='word_1_326' title='bbox 1957 2931 2047 2984; x_wconf 88' lang='lat' dir='ltr'><strong>do</strong></span> 
     </span>
    </p>
   </div>
   <div class='ocr_carea' id='block_1_48' title="bbox 441 3017 2020 3090">
    <p class='ocr_par' dir='ltr' id='par_1_48' title="bbox 441 3017 2020 3090">
     <span class='ocr_line' id='line_1_48' title="bbox 441 3017 2020 3090; baseline 0 -14"><span class='ocrx_word' id='word_1_327' title='bbox 441 3021 532 3076; x_wconf 89' lang='lat' dir='ltr'><strong>tibi</strong></span> <span class='ocrx_word' id='word_1_328' title='bbox 555 3035 573 3072; x_wconf 93' lang='lat'><strong><em>:</em></strong></span> <span class='ocrx_word' id='word_1_329' title='bbox 595 3021 650 3074; x_wconf 90' lang='lat' dir='ltr'><strong>in</strong></span> <span class='ocrx_word' id='word_1_330' title='bbox 670 3021 877 3074; x_wconf 88' lang='lat' dir='ltr'><strong>nomine</strong></span> <span class='ocrx_word' id='word_1_331' title='bbox 896 3019 1022 3074; x_wconf 87' lang='lat' dir='ltr'><strong>Jesu</strong></span> <span class='ocrx_word' id='word_1_332' title='bbox 1044 3017 1239 3074; x_wconf 83' lang='lat' dir='ltr'><strong>Christi</strong></span> <span class='ocrx_word' id='word_1_333' title='bbox 1260 3017 1529 3075; x_wconf 81' lang='lat' dir='ltr'><strong>Nazareni</strong></span> <span class='ocrx_word' id='word_1_334' title='bbox 1547 3037 1701 3090; x_wconf 85' lang='lat' dir='ltr'><strong>surge</strong></span> <span class='ocrx_word' id='word_1_335' title='bbox 1720 3031 1768 3074; x_wconf 89' lang='lat' dir='ltr'><strong>et</strong></span> <span class='ocrx_word' id='word_1_336' title='bbox 1789 3021 2020 3076; x_wconf 89' lang='lat' dir='ltr'><strong>ambula.</strong></span> 
     </span>
    </p>
   </div>
   <div class='ocr_carea' id='block_1_49' title="bbox 443 3109 2021 3181">
    <p class='ocr_par' dir='ltr' id='par_1_49' title="bbox 443 3109 2021 3181">
     <span class='ocr_line' id='line_1_49' title="bbox 443 3109 2021 3181; baseline 0 -15"><span class='ocrx_word' id='word_1_337' title='bbox 443 3112 547 3181; x_wconf 81' lang='lat' dir='ltr'><strong>Qui</strong></span> <span class='ocrx_word' id='word_1_338' title='bbox 577 3109 861 3167; x_wconf 79' lang='lat' dir='ltr'><strong>confestim</strong></span> <span class='ocrx_word' id='word_1_339' title='bbox 899 3111 1151 3165; x_wconf 83' lang='lat' dir='ltr'><strong>surrexit.</strong></span> <span class='ocrx_word' id='word_1_340' title='bbox 1183 3110 1242 3164; x_wconf 86' lang='lat' dir='ltr'><strong>in</strong></span> <span class='ocrx_word' id='word_1_341' title='bbox 1285 3109 1477 3166; x_wconf 90' lang='lat' dir='ltr'><strong>claudo</strong></span> <span class='ocrx_word' id='word_1_342' title='bbox 1505 3112 1610 3166; x_wconf 92' lang='lat' dir='ltr'><strong>isto</strong></span> <span class='ocrx_word' id='word_1_343' title='bbox 1637 3111 1680 3166; x_wconf 93' lang='lat' dir='ltr'><strong>si</strong></span> <span class='ocrx_word' id='word_1_344' title='bbox 1705 3111 2021 3166; x_wconf 85' lang='lat' dir='ltr'><strong>considere-</strong></span> 
     </span>
    </p>
   </div>
   <div class='ocr_carea' id='block_1_50' title="bbox 443 3201 2024 3274">
    <p class='ocr_par' dir='ltr' id='par_1_50' title="bbox 443 3201 2024 3274">
     <span class='ocr_line' id='line_1_50' title="bbox 443 3201 2024 3274; baseline -0.001 -17"><span class='ocrx_word' id='word_1_345' title='bbox 443 3217 564 3257; x_wconf 89' lang='lat' dir='ltr'><strong>mus</strong></span> <span class='ocrx_word' id='word_1_346' title='bbox 579 3202 804 3274; x_wconf 83' lang='lat' dir='ltr'><strong>mystica</strong></span> <span class='ocrx_word' id='word_1_347' title='bbox 819 3209 1156 3256; x_wconf 86' lang='lat' dir='ltr'><strong>sacramenta</strong></span> <span class='ocrx_word' id='word_1_348' title='bbox 1171 3202 1546 3272; x_wconf 83' lang='lat' dir='ltr'><strong>cognoscimus</strong></span> <span class='ocrx_word' id='word_1_349' title='bbox 1557 3210 1906 3272; x_wconf 68' lang='lat' dir='ltr'><strong>praeostensa,</strong></span> <span class='ocrx_word' id='word_1_350' title='bbox 1921 3201 2024 3257; x_wconf 85' lang='lat' dir='ltr'><strong>Per</strong></span> 
     </span>
    </p>
   </div>
   <div class='ocr_carea' id='block_1_51' title="bbox 445 3293 2021 3365">
    <p class='ocr_par' dir='ltr' id='par_1_51' title="bbox 445 3293 2021 3365">
     <span class='ocr_line' id='line_1_51' title="bbox 445 3293 2021 3365; baseline -0.001 -15"><span class='ocrx_word' id='word_1_351' title='bbox 445 3293 755 3365; x_wconf 91' lang='lat' dir='ltr'><strong>Speciosam</strong></span> <span class='ocrx_word' id='word_1_352' title='bbox 784 3301 993 3364; x_wconf 88' lang='lat' dir='ltr'><strong>portam</strong></span> <span class='ocrx_word' id='word_1_353' title='bbox 1018 3294 1202 3363; x_wconf 90' lang='lat' dir='ltr'><strong>templi</strong></span> <span class='ocrx_word' id='word_1_354' title='bbox 1224 3294 1312 3348; x_wconf 92' lang='lat' dir='ltr'><strong>ubi</strong></span> <span class='ocrx_word' id='word_1_355' title='bbox 1341 3293 1442 3349; x_wconf 88' lang='lat' dir='ltr'><strong>iste</strong></span> <span class='ocrx_word' id='word_1_356' title='bbox 1466 3295 1688 3350; x_wconf 91' lang='lat' dir='ltr'><strong>claudus</strong></span> <span class='ocrx_word' id='word_1_357' title='bbox 1711 3297 2021 3360; x_wconf 76' lang='lat' dir='ltr'><strong>satiabatur,</strong></span> 
     </span>
    </p>
   </div>
   <div class='ocr_carea' id='block_1_52' title="bbox 442 3383 2026 3456">
    <p class='ocr_par' dir='ltr' id='par_1_52' title="bbox 442 3383 2026 3456">
     <span class='ocr_line' id='line_1_52' title="bbox 442 3383 2026 3456; baseline 0 -17"><span class='ocrx_word' id='word_1_358' title='bbox 442 3383 806 3453; x_wconf 79' lang='lat' dir='ltr'><strong>evangelicum</strong></span> <span class='ocrx_word' id='word_1_359' title='bbox 827 3397 1110 3452; x_wconf 90' lang='lat' dir='ltr'><strong>possumus</strong></span> <span class='ocrx_word' id='word_1_360' title='bbox 1130 3383 1430 3456; x_wconf 81' lang='lat' dir='ltr'><strong>intelligere</strong></span> <span class='ocrx_word' id='word_1_361' title='bbox 1455 3385 1911 3453; x_wconf 75' lang='lat' dir='ltr'><strong>praedicationem,</strong></span> <span class='ocrx_word' id='word_1_362' title='bbox 1928 3401 2026 3455; x_wconf 87' lang='lat' dir='ltr'><strong>per</strong></span> 
     </span>
    </p>
   </div>
   <div class='ocr_carea' id='block_1_53' title="bbox 442 3473 2023 3546">
    <p class='ocr_par' dir='ltr' id='par_1_53' title="bbox 442 3473 2023 3546">
     <span class='ocr_line' id='line_1_53' title="bbox 442 3473 2023 3546; baseline 0.003 -20"><span class='ocrx_word' id='word_1_363' title='bbox 442 3489 604 3544; x_wconf 90' lang='lat' dir='ltr'><strong>quam</strong></span> <span class='ocrx_word' id='word_1_364' title='bbox 649 3473 904 3544; x_wconf 88' lang='lat' dir='ltr'><strong>templum</strong></span> <span class='ocrx_word' id='word_1_365' title='bbox 939 3473 1061 3539; x_wconf 88' lang='lat' dir='ltr'><strong>Dei,</strong></span> <span class='ocrx_word' id='word_1_366' title='bbox 1094 3473 1149 3528; x_wconf 89' lang='lat' dir='ltr'><strong>id</strong></span> <span class='ocrx_word' id='word_1_367' title='bbox 1177 3483 1262 3530; x_wconf 91' lang='lat' dir='ltr'><strong>est</strong></span> <span class='ocrx_word' id='word_1_368' title='bbox 1296 3473 1495 3531; x_wconf 88' lang='lat' dir='ltr'><strong>Christi</strong></span> <span class='ocrx_word' id='word_1_369' title='bbox 1523 3475 1764 3531; x_wconf 88' lang='lat' dir='ltr'><strong>Ecclesia</strong></span> <span class='ocrx_word' id='word_1_370' title='bbox 1795 3478 2023 3546; x_wconf 87' lang='lat' dir='ltr'><strong>spiritali</strong></span> 
     </span>
    </p>
   </div>
   <div class='ocr_carea' id='block_1_54' title="bbox 443 3561 2026 3633">
    <p class='ocr_par' dir='ltr' id='par_1_54' title="bbox 443 3561 2026 3633">
     <span class='ocr_line' id='line_1_54' title="bbox 443 3561 2026 3633; baseline 0.003 -18"><span class='ocrx_word' id='word_1_371' title='bbox 443 3561 840 3631; x_wconf 88' lang='lat' dir='ltr'><strong>pulchritudine</strong></span> <span class='ocrx_word' id='word_1_372' title='bbox 884 3561 1191 3617; x_wconf 87' lang='lat' dir='ltr'><strong>decoratur.</strong></span> <span class='ocrx_word' id='word_1_373' title='bbox 1238 3561 1297 3616; x_wconf 91' lang='lat' dir='ltr'><strong>ln</strong></span> <span class='ocrx_word' id='word_1_374' title='bbox 1335 3579 1439 3633; x_wconf 90' lang='lat' dir='ltr'><strong>qua</strong></span> <span class='ocrx_word' id='word_1_375' title='bbox 1471 3564 1562 3632; x_wconf 89' lang='lat' dir='ltr'><strong>qui</strong></span> <span class='ocrx_word' id='word_1_376' title='bbox 1601 3573 1799 3619; x_wconf 85' lang='lat' dir='ltr'><strong>mente&#39;</strong></span> <span class='ocrx_word' id='word_1_377' title='bbox 1824 3566 2026 3620; x_wconf 89' lang='lat' dir='ltr'><strong>debiles</strong></span> 
     </span>
    </p>
   </div>
   <div class='ocr_carea' id='block_1_55' title="bbox 441 3652 2025 3724">
    <p class='ocr_par' dir='ltr' id='par_1_55' title="bbox 441 3652 2025 3724">
     <span class='ocr_line' id='line_1_55' title="bbox 441 3652 2025 3724; baseline 0.003 -17"><span class='ocrx_word' id='word_1_378' title='bbox 441 3669 539 3724; x_wconf 90' lang='lat' dir='ltr'><strong>per</strong></span> <span class='ocrx_word' id='word_1_379' title='bbox 569 3652 936 3709; x_wconf 84' lang='lat' dir='ltr'><strong>inﬁdelitatem</strong></span> <span class='ocrx_word' id='word_1_380' title='bbox 977 3661 1032 3708; x_wconf 90' lang='lat' dir='ltr'><strong>et</strong></span> <span class='ocrx_word' id='word_1_381' title='bbox 1071 3654 1431 3722; x_wconf 86' lang='lat' dir='ltr'><strong>ignorantiam</strong></span> <span class='ocrx_word' id='word_1_382' title='bbox 1462 3655 1695 3710; x_wconf 88' lang='lat' dir='ltr'><strong>nominis</strong></span> <span class='ocrx_word' id='word_1_383' title='bbox 1721 3654 1921 3711; x_wconf 90' lang='lat' dir='ltr'><strong>Christi</strong></span> <span class='ocrx_word' id='word_1_384' title='bbox 1947 3657 2025 3712; x_wconf 87' lang='lat' dir='ltr'><strong>si-</strong></span> 
     </span>
    </p>
   </div>
   <div class='ocr_carea' id='block_1_56' title="bbox 443 3746 2028 3822">
    <p class='ocr_par' dir='ltr' id='par_1_56' title="bbox 443 3746 2028 3822">
     <span class='ocr_line' id='line_1_56' title="bbox 443 3746 2028 3822; baseline 0.004 -22"><span class='ocrx_word' id='word_1_385' title='bbox 443 3746 552 3800; x_wconf 90' lang='lat' dir='ltr'><strong>mul</strong></span> <span class='ocrx_word' id='word_1_386' title='bbox 573 3755 627 3801; x_wconf 91' lang='lat' dir='ltr'><strong>et</strong></span> <span class='ocrx_word' id='word_1_387' title='bbox 653 3749 829 3802; x_wconf 91' lang='lat' dir='ltr'><strong>anima</strong></span> <span class='ocrx_word' id='word_1_388' title='bbox 855 3749 1031 3803; x_wconf 89' lang='lat' dir='ltr'><strong>claudi</strong></span> <span class='ocrx_word' id='word_1_389' title='bbox 1059 3759 1202 3816; x_wconf 90' lang='lat' dir='ltr'><strong>sunt,</strong></span> <span class='ocrx_word' id='word_1_390' title='bbox 1228 3750 1524 3805; x_wconf 89' lang='lat' dir='ltr'><strong>remedium</strong></span> <span class='ocrx_word' id='word_1_391' title='bbox 1547 3750 1735 3807; x_wconf 85' lang='lat' dir='ltr'><strong>salutis</strong></span> <span class='ocrx_word' id='word_1_392' title='bbox 1756 3753 2028 3822; x_wconf 84' lang='lat' dir='ltr'><strong>accipiunt</strong></span> 
     </span>
    </p>
   </div>
   <div class='ocr_carea' id='block_1_57' title="bbox 439 3837 2026 3911">
    <p class='ocr_par' dir='ltr' id='par_1_57' title="bbox 439 3837 2026 3911">
     <span class='ocr_line' id='line_1_57' title="bbox 439 3837 2026 3911; baseline 0.004 -21"><span class='ocrx_word' id='word_1_393' title='bbox 439 3852 538 3906; x_wconf 89' lang='lat' dir='ltr'><strong>per</strong></span> <span class='ocrx_word' id='word_1_394' title='bbox 593 3837 955 3908; x_wconf 76' lang='lat' dir='ltr'><strong>evangelicum</strong></span> <span class='ocrx_word' id='word_1_395' title='bbox 1003 3837 1204 3894; x_wconf 87' lang='lat' dir='ltr'><strong>Christi</strong></span> <span class='ocrx_word' id='word_1_396' title='bbox 1254 3840 1712 3911; x_wconf 76' lang='lat' dir='ltr'><strong>przedicationem.</strong></span> <span class='ocrx_word' id='word_1_397' title='bbox 1785 3841 2026 3910; x_wconf 89' lang='lat' dir='ltr'><strong>Denique</strong></span> 
     </span>
    </p>
   </div>
   <div class='ocr_carea' id='block_1_58' title="bbox 442 3927 2023 4000">
    <p class='ocr_par' dir='ltr' id='par_1_58' title="bbox 442 3927 2023 4000">
     <span class='ocr_line' id='line_1_58' title="bbox 442 3927 2023 4000; baseline 0.003 -20"><span class='ocrx_word' id='word_1_398' title='bbox 442 3927 697 3998; x_wconf 88' lang='lat' dir='ltr'><strong>Speciosa</strong></span> <span class='ocrx_word' id='word_1_399' title='bbox 739 3927 828 3980; x_wconf 91' lang='lat' dir='ltr'><strong>illa</strong></span> <span class='ocrx_word' id='word_1_400' title='bbox 870 3935 1027 3996; x_wconf 88' lang='lat' dir='ltr'><strong>porta</strong></span> <span class='ocrx_word' id='word_1_401' title='bbox 1056 3928 1261 3997; x_wconf 90' lang='lat' dir='ltr'><strong>templi,</strong></span> <span class='ocrx_word' id='word_1_402' title='bbox 1296 3943 1458 3998; x_wconf 89' lang='lat' dir='ltr'><strong>quam</strong></span> <span class='ocrx_word' id='word_1_403' title='bbox 1487 3929 1722 3984; x_wconf 82' lang='lat' dir='ltr'><strong>diximus</strong></span> <span class='ocrx_word' id='word_1_404' title='bbox 1750 3929 2023 4000; x_wconf 84' lang='lat' dir='ltr'><strong>evangeli-</strong></span> 
     </span>
    </p>
   </div>
   <div class='ocr_carea' id='block_1_59' title="bbox 441 4015 2025 4087">
    <p class='ocr_par' dir='ltr' id='par_1_59' title="bbox 441 4015 2025 4087">
     <span class='ocr_line' id='line_1_59' title="bbox 441 4015 2025 4087; baseline 0.001 -16"><span class='ocrx_word' id='word_1_405' title='bbox 441 4032 562 4071; x_wconf 91' lang='lat' dir='ltr'><strong>cam</strong></span> <span class='ocrx_word' id='word_1_406' title='bbox 614 4015 1048 4085; x_wconf 67' lang='lat' dir='ltr'><strong>praedicationem</strong></span> <span class='ocrx_word' id='word_1_407' title='bbox 1096 4015 1341 4087; x_wconf 84' lang='lat' dir='ltr'><strong>intelligi,</strong></span> <span class='ocrx_word' id='word_1_408' title='bbox 1389 4015 1637 4072; x_wconf 88' lang='lat' dir='ltr'><strong>claudum</strong></span> <span class='ocrx_word' id='word_1_409' title='bbox 1684 4017 1930 4086; x_wconf 89' lang='lat' dir='ltr'><strong>suscipit,</strong></span> <span class='ocrx_word' id='word_1_410' title='bbox 1971 4017 2025 4072; x_wconf 92' lang='lat' dir='ltr'><strong>id</strong></span> 
     </span>
    </p>
   </div>
   <div class='ocr_carea' id='block_1_60' title="bbox 443 4101 2023 4176">
    <p class='ocr_par' dir='ltr' id='par_1_60' title="bbox 443 4101 2023 4176">
     <span class='ocr_line' id='line_1_60' title="bbox 443 4101 2023 4176; baseline 0.002 -18"><span class='ocrx_word' id='word_1_411' title='bbox 443 4112 529 4159; x_wconf 89' lang='lat' dir='ltr'><strong>est</strong></span> <span class='ocrx_word' id='word_1_412' title='bbox 573 4101 898 4168; x_wconf 87' lang='lat' dir='ltr'><strong>incredulos,</strong></span> <span class='ocrx_word' id='word_1_413' title='bbox 944 4111 998 4158; x_wconf 91' lang='lat' dir='ltr'><strong>et</strong></span> <span class='ocrx_word' id='word_1_414' title='bbox 1027 4102 1297 4174; x_wconf 86' lang='lat' dir='ltr'><strong>integrum</strong></span> <span class='ocrx_word' id='word_1_415' title='bbox 1346 4104 1543 4169; x_wconf 90' lang='lat' dir='ltr'><strong>reddit,</strong></span> <span class='ocrx_word' id='word_1_416' title='bbox 1570 4105 1697 4160; x_wconf 88' lang='lat' dir='ltr'><strong>dum</strong></span> <span class='ocrx_word' id='word_1_417' title='bbox 1726 4106 1795 4162; x_wconf 88' lang='lat' dir='ltr'><strong>ad</strong></span> <span class='ocrx_word' id='word_1_418' title='bbox 1828 4121 2023 4176; x_wconf 87' lang='lat' dir='ltr'><strong>perpe-</strong></span> 
     </span>
    </p>
   </div>
   <div class='ocr_carea' id='block_1_61' title="bbox 442 4193 2026 4262">
    <p class='ocr_par' dir='ltr' id='par_1_61' title="bbox 442 4193 2026 4262">
     <span class='ocr_line' id='line_1_61' title="bbox 442 4193 2026 4262; baseline 0 -10"><span class='ocrx_word' id='word_1_419' title='bbox 442 4206 590 4252; x_wconf 90' lang='lat' dir='ltr'><strong>tuam</strong></span> <span class='ocrx_word' id='word_1_420' title='bbox 637 4194 924 4250; x_wconf 86' lang='lat' dir='ltr'><strong>sanitatem</strong></span> <span class='ocrx_word' id='word_1_421' title='bbox 969 4194 1163 4249; x_wconf 75' lang='lat' dir='ltr'><strong>animae</strong></span> <span class='ocrx_word' id='word_1_422' title='bbox 1212 4193 1332 4251; x_wconf 84' lang='lat' dir='ltr'><strong>illos</strong></span> <span class='ocrx_word' id='word_1_423' title='bbox 1371 4197 1787 4262; x_wconf 86' lang='lat' dir='ltr'><strong>commovendo,</strong></span> <span class='ocrx_word' id='word_1_424' title='bbox 1831 4197 2026 4252; x_wconf 81' lang='lat' dir='ltr'><strong>exhor-</strong></span> 
     </span>
    </p>
   </div>
   <div class='ocr_carea' id='block_1_62' title="bbox 442 4287 2024 4356">
    <p class='ocr_par' dir='ltr' id='par_1_62' title="bbox 442 4287 2024 4356">
     <span class='ocr_line' id='line_1_62' title="bbox 442 4287 2024 4356; baseline 0.001 -13"><span class='ocrx_word' id='word_1_425' title='bbox 442 4288 606 4343; x_wconf 88' lang='lat' dir='ltr'><strong>tando</strong></span> <span class='ocrx_word' id='word_1_426' title='bbox 631 4294 684 4342; x_wconf 89' lang='lat' dir='ltr'><strong>et</strong></span> <span class='ocrx_word' id='word_1_427' title='bbox 715 4287 955 4341; x_wconf 90' lang='lat' dir='ltr'><strong>docendo</strong></span> <span class='ocrx_word' id='word_1_428' title='bbox 996 4287 1446 4356; x_wconf 84' lang='lat' dir='ltr'><strong>perducit:sicut</strong></span> <span class='ocrx_word' id='word_1_429' title='bbox 1488 4287 1711 4344; x_wconf 90' lang='lat' dir='ltr'><strong>claudus</strong></span> <span class='ocrx_word' id='word_1_430' title='bbox 1754 4289 1855 4344; x_wconf 87' lang='lat' dir='ltr'><strong>iste</strong></span> <span class='ocrx_word' id='word_1_431' title='bbox 1901 4305 2024 4345; x_wconf 91' lang='lat' dir='ltr'><strong>cum</strong></span> 
     </span>
    </p>
   </div>
   <div class='ocr_carea' id='block_1_63' title="bbox 2129 1831 3725 1902">
    <p class='ocr_par' dir='ltr' id='par_1_63' title="bbox 2129 1831 3725 1902">
     <span class='ocr_line' id='line_1_63' title="bbox 2129 1831 3725 1902; baseline -0.001 -15"><span class='ocrx_word' id='word_1_432' title='bbox 2129 1832 2285 1888; x_wconf 72' lang='lat' dir='ltr'><strong>bona:</strong></span> <span class='ocrx_word' id='word_1_433' title='bbox 2312 1832 2661 1902; x_wconf 87' lang='lat' dir='ltr'><strong>operationis,</strong></span> <span class='ocrx_word' id='word_1_434' title='bbox 2692 1843 2748 1888; x_wconf 90' lang='lat' dir='ltr'><strong>et</strong></span> <span class='ocrx_word' id='word_1_435' title='bbox 2781 1833 2861 1888; x_wconf 90' lang='lat' dir='ltr'><strong>sic</strong></span> <span class='ocrx_word' id='word_1_436' title='bbox 2895 1833 3084 1888; x_wconf 77' lang='lat' dir='ltr'><strong>aeterni</strong></span> <span class='ocrx_word' id='word_1_437' title='bbox 3128 1833 3278 1902; x_wconf 87' lang='lat' dir='ltr'><strong>regni</strong></span> <span class='ocrx_word' id='word_1_438' title='bbox 3309 1831 3532 1900; x_wconf 89' lang='lat' dir='ltr'><strong>januam</strong></span> <span class='ocrx_word' id='word_1_439' title='bbox 3562 1833 3725 1887; x_wconf 88' lang='lat' dir='ltr'><strong>simul</strong></span> 
     </span>
    </p>
   </div>
   <div class='ocr_carea' id='block_1_64' title="bbox 2128 1922 3723 1994">
    <p class='ocr_par' dir='ltr' id='par_1_64' title="bbox 2128 1922 3723 1994">
     <span class='ocr_line' id='line_1_64' title="bbox 2128 1922 3723 1994; baseline -0.001 -15"><span class='ocrx_word' id='word_1_440' title='bbox 2128 1939 2251 1979; x_wconf 91' lang='lat' dir='ltr'><strong>cum</strong></span> <span class='ocrx_word' id='word_1_441' title='bbox 2281 1925 2482 1979; x_wconf 90' lang='lat' dir='ltr'><strong>sanctis</strong></span> <span class='ocrx_word' id='word_1_442' title='bbox 2521 1925 2778 1994; x_wconf 89' lang='lat' dir='ltr'><strong>apostolis</strong></span> <span class='ocrx_word' id='word_1_443' title='bbox 2821 1924 3044 1978; x_wconf 86' lang='lat' dir='ltr'><strong>intrare.</strong></span> <span class='ocrx_word' id='word_1_444' title='bbox 3091 1922 3239 1984; x_wconf 85' lang='lat' dir='ltr'><strong>Ideo.</strong></span> <span class='ocrx_word' id='word_1_445' title='bbox 3271 1923 3466 1979; x_wconf 75' lang='lat' dir='ltr'><strong>fratres</strong></span> <span class='ocrx_word' id='word_1_446' title='bbox 3509 1925 3723 1978; x_wconf 84' lang='lat' dir='ltr'><strong>charis-</strong></span> 
     </span>
    </p>
   </div>
   <div class='ocr_carea' id='block_1_65' title="bbox 2128 2013 3726 2084">
    <p class='ocr_par' dir='ltr' id='par_1_65' title="bbox 2128 2013 3726 2084">
     <span class='ocr_line' id='line_1_65' title="bbox 2128 2013 3726 2084; baseline 0 -17"><span class='ocrx_word' id='word_1_447' title='bbox 2128 2013 2274 2079; x_wconf 90' lang='lat' dir='ltr'><strong>simi,</strong></span> <span class='ocrx_word' id='word_1_448' title='bbox 2307 2015 2730 2084; x_wconf 89' lang='lat' dir='ltr'><strong>quotiescunque</strong></span> <span class='ocrx_word' id='word_1_449' title='bbox 2756 2014 3189 2069; x_wconf 83' lang='lat' dir='ltr'><strong>beatissimorum</strong></span> <span class='ocrx_word' id='word_1_450' title='bbox 3215 2013 3580 2084; x_wconf 89' lang='lat' dir='ltr'><strong>apostolorum</strong></span> <span class='ocrx_word' id='word_1_451' title='bbox 3613 2029 3726 2067; x_wconf 86' lang='lat' dir='ltr'><strong>me-</strong></span> 
     </span>
    </p>
   </div>
   <div class='ocr_carea' id='block_1_66' title="bbox 2127 2104 3725 2175">
    <p class='ocr_par' dir='ltr' id='par_1_66' title="bbox 2127 2104 3725 2175">
     <span class='ocr_line' id='line_1_66' title="bbox 2127 2104 3725 2175; baseline 0 -17"><span class='ocrx_word' id='word_1_452' title='bbox 2127 2105 2354 2159; x_wconf 90' lang='lat' dir='ltr'><strong>moriam</strong></span> <span class='ocrx_word' id='word_1_453' title='bbox 2399 2104 2756 2169; x_wconf 88' lang='lat' dir='ltr'><strong>celebramus,</strong></span> <span class='ocrx_word' id='word_1_454' title='bbox 2809 2104 3190 2175; x_wconf 68' lang='lat' dir='ltr'><strong>prtetermissis</strong></span> <span class='ocrx_word' id='word_1_455' title='bbox 3236 2104 3488 2159; x_wconf 90' lang='lat' dir='ltr'><strong>omnibus</strong></span> <span class='ocrx_word' id='word_1_456' title='bbox 3540 2104 3725 2159; x_wconf 64' lang='lat' dir='ltr'><strong>saeculi</strong></span> 
     </span>
    </p>
   </div>
   <div class='ocr_carea' id='block_1_67' title="bbox 2128 2194 3727 2266">
    <p class='ocr_par' dir='ltr' id='par_1_67' title="bbox 2128 2194 3727 2266">
     <span class='ocr_line' id='line_1_67' title="bbox 2128 2194 3727 2266; baseline -0.002 -14"><span class='ocrx_word' id='word_1_457' title='bbox 2128 2197 2338 2252; x_wconf 85' lang='lat' dir='ltr'><strong>actibus</strong></span> <span class='ocrx_word' id='word_1_458' title='bbox 2366 2197 2483 2251; x_wconf 91' lang='lat' dir='ltr'><strong>sine</strong></span> <span class='ocrx_word' id='word_1_459' title='bbox 2511 2197 2688 2266; x_wconf 89' lang='lat' dir='ltr'><strong>aliqua</strong></span> <span class='ocrx_word' id='word_1_460' title='bbox 2720 2196 2976 2252; x_wconf 87' lang='lat' dir='ltr'><strong>dilatione</strong></span> <span class='ocrx_word' id='word_1_461' title='bbox 3012 2194 3258 2265; x_wconf 83' lang='lat' dir='ltr'><strong>profectu</strong></span> <span class='ocrx_word' id='word_1_462' title='bbox 3298 2194 3566 2250; x_wconf 87' lang='lat' dir='ltr'><strong>bonorum</strong></span> <span class='ocrx_word' id='word_1_463' title='bbox 3597 2209 3727 2264; x_wconf 85' lang='lat' dir='ltr'><strong>ope-</strong></span> 
     </span>
    </p>
   </div>
   <div class='ocr_carea' id='block_1_68' title="bbox 2128 2284 3727 2348">
    <p class='ocr_par' dir='ltr' id='par_1_68' title="bbox 2128 2284 3727 2348">
     <span class='ocr_line' id='line_1_68' title="bbox 2128 2284 3727 2348; baseline -0.001 -7"><span class='ocrx_word' id='word_1_464' title='bbox 2128 2303 2247 2341; x_wconf 91' lang='lat' dir='ltr'><strong>rum</strong></span> <span class='ocrx_word' id='word_1_465' title='bbox 2290 2302 2511 2342; x_wconf 91' lang='lat' dir='ltr'><strong>currere</strong></span> <span class='ocrx_word' id='word_1_466' title='bbox 2555 2287 2835 2348; x_wconf 89' lang='lat' dir='ltr'><strong>debemus,</strong></span> <span class='ocrx_word' id='word_1_467' title='bbox 2869 2294 2926 2340; x_wconf 93' lang='lat' dir='ltr'><strong>et</strong></span> <span class='ocrx_word' id='word_1_468' title='bbox 2953 2285 3177 2341; x_wconf 87' lang='lat' dir='ltr'><strong>reddere</strong></span> <span class='ocrx_word' id='word_1_469' title='bbox 3212 2286 3318 2340; x_wconf 89' lang='lat' dir='ltr'><strong>illis</strong></span> <span class='ocrx_word' id='word_1_470' title='bbox 3345 2285 3399 2340; x_wconf 91' lang='lat' dir='ltr'><strong>in</strong></span> <span class='ocrx_word' id='word_1_471' title='bbox 3427 2284 3525 2340; x_wconf 89' lang='lat' dir='ltr'><strong>Dei</strong></span> <span class='ocrx_word' id='word_1_472' title='bbox 3553 2285 3727 2339; x_wconf 86' lang='lat' dir='ltr'><strong>laudi-</strong></span> 
     </span>
    </p>
   </div>
   <div class='ocr_carea' id='block_1_69' title="bbox 2128 2380 3723 2450">
    <p class='ocr_par' dir='ltr' id='par_1_69' title="bbox 2128 2380 3723 2450">
     <span class='ocr_line' id='line_1_69' title="bbox 2128 2380 3723 2450; baseline -0.002 -14"><span class='ocrx_word' id='word_1_473' title='bbox 2128 2383 2228 2436; x_wconf 88' lang='lat' dir='ltr'><strong>bus</strong></span> <span class='ocrx_word' id='word_1_474' title='bbox 2278 2381 2742 2436; x_wconf 78' lang='lat' dir='ltr'><strong>honoriﬁcentiam</strong></span> <span class='ocrx_word' id='word_1_475' title='bbox 2791 2382 3060 2445; x_wconf 87' lang='lat' dir='ltr'><strong>debitam;</strong></span> <span class='ocrx_word' id='word_1_476' title='bbox 3113 2381 3204 2450; x_wconf 88' lang='lat' dir='ltr'><strong>qui</strong></span> <span class='ocrx_word' id='word_1_477' title='bbox 3253 2380 3410 2435; x_wconf 90' lang='lat' dir='ltr'><strong>nobis</strong></span> <span class='ocrx_word' id='word_1_478' title='bbox 3456 2389 3723 2435; x_wconf 67' lang='lat' dir='ltr'><strong>aeternam</strong></span> 
     </span>
    </p>
   </div>
   <div class='ocr_carea' id='block_1_70' title="bbox 2128 2470 3724 2541">
    <p class='ocr_par' dir='ltr' id='par_1_70' title="bbox 2128 2470 3724 2541">
     <span class='ocr_line' id='line_1_70' title="bbox 2128 2470 3724 2541; baseline -0.003 -15"><span class='ocrx_word' id='word_1_479' title='bbox 2128 2470 2352 2526; x_wconf 88' lang='lat' dir='ltr'><strong>salutem</strong></span> <span class='ocrx_word' id='word_1_480' title='bbox 2380 2485 2478 2541; x_wconf 88' lang='lat' dir='ltr'><strong>per</strong></span> <span class='ocrx_word' id='word_1_481' title='bbox 2503 2471 2817 2526; x_wconf 76' lang='lat' dir='ltr'><strong>ctl‘usionem</strong></span> <span class='ocrx_word' id='word_1_482' title='bbox 2846 2471 2927 2525; x_wconf 92' lang='lat' dir='ltr'><strong>sui</strong></span> <span class='ocrx_word' id='word_1_483' title='bbox 2958 2471 3232 2541; x_wconf 86' lang='lat' dir='ltr'><strong>sanguinis</strong></span> <span class='ocrx_word' id='word_1_484' title='bbox 3255 2479 3608 2541; x_wconf 86' lang='lat' dir='ltr'><strong>pepererunt,</strong></span> <span class='ocrx_word' id='word_1_485' title='bbox 3633 2482 3724 2539; x_wconf 73' lang='lat' dir='ltr'><strong>qui</strong></span> 
     </span>
    </p>
   </div>
   <div class='ocr_carea' id='block_1_71' title="bbox 2128 2562 3722 2632">
    <p class='ocr_par' dir='ltr' id='par_1_71' title="bbox 2128 2562 3722 2632">
     <span class='ocr_line' id='line_1_71' title="bbox 2128 2562 3722 2632; baseline -0.003 -14"><span class='ocrx_word' id='word_1_486' title='bbox 2128 2571 2336 2618; x_wconf 90' lang='lat' dir='ltr'><strong>tantam</strong></span> <span class='ocrx_word' id='word_1_487' title='bbox 2383 2563 2614 2617; x_wconf 89' lang='lat' dir='ltr'><strong>hostiam</strong></span> <span class='ocrx_word' id='word_1_488' title='bbox 2661 2562 2716 2616; x_wconf 92' lang='lat' dir='ltr'><strong>in</strong></span> <span class='ocrx_word' id='word_1_489' title='bbox 2750 2563 3058 2632; x_wconf 90' lang='lat' dir='ltr'><strong>semetipsis</strong></span> <span class='ocrx_word' id='word_1_490' title='bbox 3083 2577 3180 2632; x_wconf 93' lang='lat' dir='ltr'><strong>pro</strong></span> <span class='ocrx_word' id='word_1_491' title='bbox 3221 2570 3405 2616; x_wconf 88' lang='lat' dir='ltr'><strong>nostra</strong></span> <span class='ocrx_word' id='word_1_492' title='bbox 3457 2562 3722 2631; x_wconf 86' lang='lat' dir='ltr'><strong>propitia-</strong></span> 
     </span>
    </p>
   </div>
   <div class='ocr_carea' id='block_1_72' title="bbox 2127 2651 3723 2722">
    <p class='ocr_par' dir='ltr' id='par_1_72' title="bbox 2127 2651 3723 2722">
     <span class='ocr_line' id='line_1_72' title="bbox 2127 2651 3723 2722; baseline 0.001 -15"><span class='ocrx_word' id='word_1_493' title='bbox 2127 2652 2272 2708; x_wconf 83' lang='lat' dir='ltr'><strong>tione</strong></span> <span class='ocrx_word' id='word_1_494' title='bbox 2297 2651 2522 2708; x_wconf 93' lang='lat' dir='ltr'><strong>Domino</strong></span> <span class='ocrx_word' id='word_1_495' title='bbox 2547 2652 2875 2707; x_wconf 87' lang='lat' dir='ltr'><strong>obtulerunt.</strong></span> <span class='ocrx_word' id='word_1_496' title='bbox 2902 2652 3208 2708; x_wconf 65' lang='lat' dir='ltr'><strong>Prtesertim</strong></span> <span class='ocrx_word' id='word_1_497' title='bbox 3240 2668 3361 2708; x_wconf 90' lang='lat' dir='ltr'><strong>cum</strong></span> <span class='ocrx_word' id='word_1_498' title='bbox 3391 2654 3508 2722; x_wconf 89' lang='lat' dir='ltr'><strong>ipse</strong></span> <span class='ocrx_word' id='word_1_499' title='bbox 3535 2653 3723 2708; x_wconf 86' lang='lat' dir='ltr'><strong>Domi-</strong></span> 
     </span>
    </p>
   </div>
   <div class='ocr_carea' id='block_1_73' title="bbox 2129 2745 3723 2814">
    <p class='ocr_par' dir='ltr' id='par_1_73' title="bbox 2129 2745 3723 2814">
     <span class='ocr_line' id='line_1_73' title="bbox 2129 2745 3723 2814; baseline 0.001 -13"><span class='ocrx_word' id='word_1_500' title='bbox 2129 2762 2232 2802; x_wconf 92' lang='lat' dir='ltr'><strong>nus</strong></span> <span class='ocrx_word' id='word_1_501' title='bbox 2276 2747 2413 2802; x_wconf 84' lang='lat' dir='ltr'><strong>dixit</strong></span> <span class='ocrx_word' id='word_1_502' title='bbox 2443 2747 2512 2801; x_wconf 91' lang='lat' dir='ltr'><strong>ad</strong></span> <span class='ocrx_word' id='word_1_503' title='bbox 2543 2747 2662 2801; x_wconf 90' lang='lat' dir='ltr'><strong>illos</strong></span> <span class='ocrx_word' id='word_1_504' title='bbox 2691 2766 2703 2800; x_wconf 91' lang='lat'>:</span> <span class='ocrx_word' id='word_1_505' title='bbox 2733 2745 2837 2812; x_wconf 86' lang='lat' dir='ltr'><strong>Qui</strong></span> <span class='ocrx_word' id='word_1_506' title='bbox 2876 2763 2966 2801; x_wconf 83' lang='lat' dir='ltr'><strong>vos</strong></span> <span class='ocrx_word' id='word_1_507' title='bbox 3001 2749 3246 2813; x_wconf 85' lang='lat' dir='ltr'><strong>honorat,</strong></span> <span class='ocrx_word' id='word_1_508' title='bbox 3269 2765 3350 2802; x_wconf 87' lang='lat' dir='ltr'><strong>me</strong></span> <span class='ocrx_word' id='word_1_509' title='bbox 3386 2749 3643 2814; x_wconf 84' lang='lat' dir='ltr'><strong>honorat,</strong></span> <span class='ocrx_word' id='word_1_510' title='bbox 3675 2759 3723 2804; x_wconf 87' lang='lat' dir='ltr'><strong>et</strong></span> 
     </span>
    </p>
   </div>
   <div class='ocr_carea' id='block_1_74' title="bbox 2126 2830 3722 2912">
    <p class='ocr_par' dir='ltr' id='par_1_74' title="bbox 2126 2830 3722 2912">
     <span class='ocr_line' id='line_1_74' title="bbox 2126 2830 3722 2912; baseline 0.004 -24"><span class='ocrx_word' id='word_1_511' title='bbox 2126 2830 2331 2906; x_wconf 61' lang='lat' dir='ltr'><strong>qui&#39;vos</strong></span> <span class='ocrx_word' id='word_1_512' title='bbox 2360 2837 2577 2912; x_wconf 75' lang='lat' dir='ltr'><strong>spernit,</strong></span> <span class='ocrx_word' id='word_1_513' title='bbox 2602 2853 2683 2890; x_wconf 90' lang='lat' dir='ltr'><strong>me</strong></span> <span class='ocrx_word' id='word_1_514' title='bbox 2720 2838 2936 2907; x_wconf 86' lang='lat' dir='ltr'><strong>spernit.</strong></span> <span class='ocrx_word' id='word_1_515' title='bbox 2970 2837 3226 2906; x_wconf 85' lang='lat' dir='ltr'><strong>Quisquis</strong></span> <span class='ocrx_word' id='word_1_516' title='bbox 3249 2853 3379 2908; x_wconf 89' lang='lat' dir='ltr'><strong>ergo</strong></span> <span class='ocrx_word' id='word_1_517' title='bbox 3410 2839 3597 2894; x_wconf 76' lang='lat' dir='ltr'><strong>debita</strong></span> <span class='ocrx_word' id='word_1_518' title='bbox 3625 2857 3722 2895; x_wconf 85' lang='lat' dir='ltr'><strong>ve-</strong></span> 
     </span>
    </p>
   </div>
   <div class='ocr_carea' id='block_1_75' title="bbox 2127 2925 3725 2999">
    <p class='ocr_par' dir='ltr' id='par_1_75' title="bbox 2127 2925 3725 2999">
     <span class='ocr_line' id='line_1_75' title="bbox 2127 2925 3725 2999; baseline 0.003 -21"><span class='ocrx_word' id='word_1_519' title='bbox 2127 2925 2406 2980; x_wconf 89' lang='lat' dir='ltr'><strong>neratione</strong></span> <span class='ocrx_word' id='word_1_520' title='bbox 2457 2926 2691 2980; x_wconf 88' lang='lat' dir='ltr'><strong>honorat</strong></span> <span class='ocrx_word' id='word_1_521' title='bbox 2750 2927 3020 2996; x_wconf 90' lang='lat' dir='ltr'><strong>apostolos</strong></span> <span class='ocrx_word' id='word_1_522' title='bbox 3065 2936 3121 2982; x_wconf 89' lang='lat' dir='ltr'><strong>et</strong></span> <span class='ocrx_word' id='word_1_523' title='bbox 3172 2939 3441 2999; x_wconf 79' lang='lat' dir='ltr'><strong>martyres</strong></span> <span class='ocrx_word' id='word_1_524' title='bbox 3489 2929 3725 2994; x_wconf 86' lang='lat' dir='ltr'><strong>Christi,</strong></span> 
     </span>
    </p>
   </div>
   <div class='ocr_carea' id='block_1_76' title="bbox 2125 3016 3728 3090">
    <p class='ocr_par' dir='ltr' id='par_1_76' title="bbox 2125 3016 3728 3090">
     <span class='ocr_line' id='line_1_76' title="bbox 2125 3016 3728 3090; baseline 0.003 -19"><span class='ocrx_word' id='word_1_525' title='bbox 2125 3016 2400 3072; x_wconf 88' lang='lat' dir='ltr'><strong>Christum</strong></span> <span class='ocrx_word' id='word_1_526' title='bbox 2428 3018 2686 3081; x_wconf 90' lang='lat' dir='ltr'><strong>honorat,</strong></span> <span class='ocrx_word' id='word_1_527' title='bbox 2715 3033 2876 3087; x_wconf 87' lang='lat' dir='ltr'><strong>quem</strong></span> <span class='ocrx_word' id='word_1_528' title='bbox 2909 3019 3097 3088; x_wconf 86' lang='lat' dir='ltr'><strong>diligit,</strong></span> <span class='ocrx_word' id='word_1_529' title='bbox 3125 3028 3179 3073; x_wconf 91' lang='lat' dir='ltr'><strong>et</strong></span> <span class='ocrx_word' id='word_1_530' title='bbox 3203 3036 3324 3074; x_wconf 91' lang='lat' dir='ltr'><strong>cum</strong></span> <span class='ocrx_word' id='word_1_531' title='bbox 3352 3020 3486 3090; x_wconf 88' lang='lat' dir='ltr'><strong>ipsis</strong></span> <span class='ocrx_word' id='word_1_532' title='bbox 3515 3023 3728 3076; x_wconf 87' lang='lat' dir='ltr'><strong>sanctis</strong></span> 
     </span>
    </p>
   </div>
   <div class='ocr_carea' id='block_1_77' title="bbox 2127 3108 3731 3180">
    <p class='ocr_par' dir='ltr' id='par_1_77' title="bbox 2127 3108 3731 3180">
     <span class='ocr_line' id='line_1_77' title="bbox 2127 3108 3731 3180; baseline 0.002 -17"><span class='ocrx_word' id='word_1_533' title='bbox 2127 3108 2383 3180; x_wconf 89' lang='lat' dir='ltr'><strong>apostolis</strong></span> <span class='ocrx_word' id='word_1_534' title='bbox 2421 3117 2582 3178; x_wconf 89' lang='lat' dir='ltr'><strong>atque</strong></span> <span class='ocrx_word' id='word_1_535' title='bbox 2615 3109 2944 3179; x_wconf 79' lang='lat' dir='ltr'><strong>martyribus</strong></span> <span class='ocrx_word' id='word_1_536' title='bbox 2965 3149 2980 3174; x_wconf 95' lang='lat'><strong>,</strong></span> <span class='ocrx_word' id='word_1_537' title='bbox 3011 3110 3278 3180; x_wconf 89' lang='lat' dir='ltr'><strong>simulque</strong></span> <span class='ocrx_word' id='word_1_538' title='bbox 3315 3127 3439 3166; x_wconf 93' lang='lat' dir='ltr'><strong>cum</strong></span> <span class='ocrx_word' id='word_1_539' title='bbox 3466 3113 3731 3168; x_wconf 88' lang='lat' dir='ltr'><strong>omnibus</strong></span> 
     </span>
    </p>
   </div>
   <div class='ocr_carea' id='block_1_78' title="bbox 2127 3203 3729 3278">
    <p class='ocr_par' dir='ltr' id='par_1_78' title="bbox 2127 3203 3729 3278">
     <span class='ocr_line' id='line_1_78' title="bbox 2127 3203 3729 3278; baseline -0.001 -17"><span class='ocrx_word' id='word_1_540' title='bbox 2127 3206 2330 3264; x_wconf 88' lang='lat' dir='ltr'><strong>sanctis</strong></span> <span class='ocrx_word' id='word_1_541' title='bbox 2393 3213 2610 3260; x_wconf 58' lang='lat' dir='ltr'><strong>aeterna;</strong></span> <span class='ocrx_word' id='word_1_542' title='bbox 2661 3203 3009 3260; x_wconf 86' lang='lat' dir='ltr'><strong>beatitudinis</strong></span> <span class='ocrx_word' id='word_1_543' title='bbox 3057 3207 3277 3276; x_wconf 68' lang='lat' dir='ltr'><strong>praemia</strong></span> <span class='ocrx_word' id='word_1_544' title='bbox 3331 3216 3729 3278; x_wconf 88' lang='lat' dir='ltr'><strong>consequetur,</strong></span> 
     </span>
    </p>
   </div>
   <div class='ocr_carea' id='block_1_79' title="bbox 2126 3296 3728 3369">
    <p class='ocr_par' dir='ltr' id='par_1_79' title="bbox 2126 3296 3728 3369">
     <span class='ocr_line' id='line_1_79' title="bbox 2126 3296 3728 3369; baseline 0.002 -17"><span class='ocrx_word' id='word_1_545' title='bbox 2126 3298 2390 3369; x_wconf 84' lang='lat' dir='ltr'><strong>largiente</strong></span> <span class='ocrx_word' id='word_1_546' title='bbox 2415 3298 2641 3354; x_wconf 89' lang='lat' dir='ltr'><strong>Domino</strong></span> <span class='ocrx_word' id='word_1_547' title='bbox 2665 3305 2850 3353; x_wconf 90' lang='lat' dir='ltr'><strong>nostro</strong></span> <span class='ocrx_word' id='word_1_548' title='bbox 2877 3296 3005 3355; x_wconf 84' lang='lat' dir='ltr'><strong>Jesu</strong></span> <span class='ocrx_word' id='word_1_549' title='bbox 3049 3300 3283 3364; x_wconf 88' lang='lat' dir='ltr'><strong>Christo,</strong></span> <span class='ocrx_word' id='word_1_550' title='bbox 3316 3301 3405 3356; x_wconf 89' lang='lat' dir='ltr'><strong>cui</strong></span> <span class='ocrx_word' id='word_1_551' title='bbox 3432 3310 3518 3356; x_wconf 89' lang='lat' dir='ltr'><strong>est</strong></span> <span class='ocrx_word' id='word_1_552' title='bbox 3544 3303 3728 3358; x_wconf 83' lang='lat' dir='ltr'><strong>honor</strong></span> 
     </span>
    </p>
   </div>
   <div class='ocr_carea' id='block_1_80' title="bbox 2131 3391 3325 3462">
    <p class='ocr_par' dir='ltr' id='par_1_80' title="bbox 2131 3391 3325 3462">
     <span class='ocr_line' id='line_1_80' title="bbox 2131 3391 3325 3462; baseline 0.003 -17"><span class='ocrx_word' id='word_1_553' title='bbox 2131 3400 2186 3445; x_wconf 87' lang='lat' dir='ltr'><strong>et</strong></span> <span class='ocrx_word' id='word_1_554' title='bbox 2214 3391 2382 3462; x_wconf 86' lang='lat' dir='ltr'><strong>gloria</strong></span> <span class='ocrx_word' id='word_1_555' title='bbox 2411 3405 2512 3462; x_wconf 89' lang='lat' dir='ltr'><strong>per</strong></span> <span class='ocrx_word' id='word_1_556' title='bbox 2535 3391 2856 3445; x_wconf 89' lang='lat' dir='ltr'><strong>immortalia</strong></span> <span class='ocrx_word' id='word_1_557' title='bbox 2885 3392 3101 3446; x_wconf 66' lang='lat' dir='ltr'><strong>saacula.</strong></span> <span class='ocrx_word' id='word_1_558' title='bbox 3131 3393 3325 3448; x_wconf 80' lang='lat' dir='ltr'><strong>Amen.</strong></span> 
     </span>
    </p>
   </div>
   <div class='ocr_carea' id='block_1_81' title="bbox 2241 3501 3170 3556">
    <p class='ocr_par' dir='ltr' id='par_1_81' title="bbox 2241 3501 3170 3556">
     <span class='ocr_line' id='line_1_81' title="bbox 2241 3501 3170 3556; baseline -0.002 0"><span class='ocrx_word' id='word_1_559' title='bbox 2241 3519 2270 3539; x_wconf 60' lang='grc' dir='ltr'><strong>κ</strong></span> <span class='ocrx_word' id='word_1_560' title='bbox 2676 3501 2958 3556; x_wconf 82' lang='lat' dir='ltr'><strong>IIOMILIA</strong></span> <span class='ocrx_word' id='word_1_561' title='bbox 2994 3501 3170 3556; x_wconf 82' lang='lat' dir='ltr'><strong>CVlll.</strong></span> 
     </span>
    </p>
   </div>
   <div class='ocr_carea' id='block_1_82' title="bbox 2625 3586 3214 3628">
    <p class='ocr_par' dir='ltr' id='par_1_82' title="bbox 2625 3586 3214 3628">
     <span class='ocr_line' id='line_1_82' title="bbox 2625 3586 3214 3628; baseline -0.003 -2"><span class='ocrx_word' id='word_1_562' title='bbox 2625 3588 2690 3626; x_wconf 73' lang='lat' dir='ltr'><strong>IN</strong></span> <span class='ocrx_word' id='word_1_563' title='bbox 2723 3586 2945 3626; x_wconf 76' lang='lat' dir='ltr'><strong>EODEM</strong></span> <span class='ocrx_word' id='word_1_564' title='bbox 2985 3587 3214 3628; x_wconf 81' lang='lat' dir='ltr'><strong>FESTO.</strong></span> 
     </span>
    </p>
   </div>
   <div class='ocr_carea' id='block_1_83' title="bbox 2263 3659 3573 3730">
    <p class='ocr_par' dir='ltr' id='par_1_83' title="bbox 2263 3659 3573 3730">
     <span class='ocr_line' id='line_1_83' title="bbox 2263 3659 3573 3730; baseline -0.002 -13"><span class='ocrx_word' id='word_1_565' title='bbox 2263 3663 2448 3718; x_wconf 87' lang='lat' dir='ltr'><strong>Lectio</strong></span> <span class='ocrx_word' id='word_1_566' title='bbox 2469 3662 2640 3718; x_wconf 90' lang='lat' dir='ltr'><strong>sancti</strong></span> <span class='ocrx_word' id='word_1_567' title='bbox 2665 3661 2940 3730; x_wconf 84' lang='lat' dir='ltr'><strong>Evangelii</strong></span> <span class='ocrx_word' id='word_1_568' title='bbox 2968 3662 3262 3716; x_wconf 87' lang='lat' dir='ltr'><strong>secundum</strong></span> <span class='ocrx_word' id='word_1_569' title='bbox 3283 3659 3573 3716; x_wconf 83' lang='lat' dir='ltr'><strong>Joannem.</strong></span> 
     </span>
    </p>
   </div>
   <div class='ocr_carea' id='block_1_84' title="bbox 2197 3748 3724 3822">
    <p class='ocr_par' dir='ltr' id='par_1_84' title="bbox 2197 3748 3724 3822">
     <span class='ocr_line' id='line_1_84' title="bbox 2197 3748 3724 3822; baseline -0.002 -14"><span class='ocrx_word' id='word_1_570' title='bbox 2197 3753 2263 3808; x_wconf 86' lang='lat' dir='ltr'><strong>In</strong></span> <span class='ocrx_word' id='word_1_571' title='bbox 2288 3753 2379 3807; x_wconf 91' lang='lat' dir='ltr'><strong>illo</strong></span> <span class='ocrx_word' id='word_1_572' title='bbox 2416 3765 2664 3822; x_wconf 88' lang='lat' dir='ltr'><strong>tempore,</strong></span> <span class='ocrx_word' id='word_1_573' title='bbox 2689 3752 2826 3805; x_wconf 66' lang='lat' dir='ltr'><strong>dixit</strong></span> <span class='ocrx_word' id='word_1_574' title='bbox 2853 3751 3011 3805; x_wconf 86' lang='lat' dir='ltr'><strong>Jesus</strong></span> <span class='ocrx_word' id='word_1_575' title='bbox 3035 3749 3196 3805; x_wconf 84' lang='lat' dir='ltr'><strong>Petro</strong></span> <span class='ocrx_word' id='word_1_576' title='bbox 3217 3764 3236 3804; x_wconf 90' lang='lat'><strong><em>:</em></strong></span> <span class='ocrx_word' id='word_1_577' title='bbox 3257 3748 3440 3806; x_wconf 87' lang='lat' dir='ltr'><strong>Simon</strong></span> <span class='ocrx_word' id='word_1_578' title='bbox 3465 3750 3724 3812; x_wconf 83' lang='lat' dir='ltr'><strong>Joannis,</strong></span> 
     </span>
    </p>
   </div>
   <div class='ocr_carea' id='block_1_85' title="bbox 2125 3839 3729 3916">
    <p class='ocr_par' dir='ltr' id='par_1_85' title="bbox 2125 3839 3729 3916">
     <span class='ocr_line' id='line_1_85' title="bbox 2125 3839 3729 3916; baseline -0.002 -18"><span class='ocrx_word' id='word_1_579' title='bbox 2125 3844 2300 3916; x_wconf 84' lang='lat' dir='ltr'><strong>diligis</strong></span> <span class='ocrx_word' id='word_1_580' title='bbox 2334 3860 2415 3897; x_wconf 87' lang='lat' dir='ltr'><strong>me</strong></span> <span class='ocrx_word' id='word_1_581' title='bbox 2447 3842 2564 3913; x_wconf 89' lang='lat' dir='ltr'><strong>plus</strong></span> <span class='ocrx_word' id='word_1_582' title='bbox 2605 3841 2728 3896; x_wconf 86' lang='lat' dir='ltr'><strong>his?</strong></span> <span class='ocrx_word' id='word_1_583' title='bbox 2752 3840 2894 3895; x_wconf 87' lang='lat' dir='ltr'><strong>Dicit</strong></span> <span class='ocrx_word' id='word_1_584' title='bbox 2918 3841 2965 3895; x_wconf 90' lang='lat' dir='ltr'><strong>ei</strong></span> <span class='ocrx_word' id='word_1_585' title='bbox 2990 3857 3008 3894; x_wconf 92' lang='lat'><strong><em>:</em></strong></span> <span class='ocrx_word' id='word_1_586' title='bbox 3031 3839 3231 3907; x_wconf 86' lang='lat' dir='ltr'><strong>Etiam,</strong></span> <span class='ocrx_word' id='word_1_587' title='bbox 3257 3841 3505 3905; x_wconf 84' lang='lat' dir='ltr'><strong>Domine,</strong></span> <span class='ocrx_word' id='word_1_588' title='bbox 3533 3851 3598 3894; x_wconf 84' lang='lat' dir='ltr'><strong>tu</strong></span> <span class='ocrx_word' id='word_1_589' title='bbox 3619 3842 3729 3896; x_wconf 82' lang='lat' dir='ltr'><strong>scis</strong></span> 
     </span>
    </p>
   </div>
   <div class='ocr_carea' id='block_1_86' title="bbox 2123 3935 2495 4004">
    <p class='ocr_par' dir='ltr' id='par_1_86' title="bbox 2123 3935 2495 4004">
     <span class='ocr_line' id='line_1_86' title="bbox 2123 3935 2495 4004; baseline -0.005 -17"><span class='ocrx_word' id='word_1_590' title='bbox 2123 3935 2248 4004; x_wconf 86' lang='lat' dir='ltr'><strong>quia</strong></span> <span class='ocrx_word' id='word_1_591' title='bbox 2279 3949 2399 3987; x_wconf 90' lang='lat' dir='ltr'><strong>amo</strong></span> <span class='ocrx_word' id='word_1_592' title='bbox 2429 3941 2495 3986; x_wconf 89' lang='lat' dir='ltr'><strong>te.</strong></span> 
     </span>
    </p>
   </div>
   <div class='ocr_carea' id='block_1_87' title="bbox 2195 4018 3726 4090">
    <p class='ocr_par' dir='ltr' id='par_1_87' title="bbox 2195 4018 3726 4090">
     <span class='ocr_line' id='line_1_87' title="bbox 2195 4018 3726 4090; baseline -0.001 -13"><span class='ocrx_word' id='word_1_593' title='bbox 2195 4021 2461 4077; x_wconf 81' lang='lat' dir='ltr'><strong>Virtutem</strong></span> <span class='ocrx_word' id='word_1_594' title='bbox 2494 4019 2651 4076; x_wconf 87' lang='lat' dir='ltr'><strong>nobis</strong></span> <span class='ocrx_word' id='word_1_595' title='bbox 2675 4019 2972 4090; x_wconf 79' lang='lat' dir='ltr'><strong>perfectam</strong></span> <span class='ocrx_word' id='word_1_596' title='bbox 2999 4018 3302 4076; x_wconf 89' lang='lat' dir='ltr'><strong>dilectionis</strong></span> <span class='ocrx_word' id='word_1_597' title='bbox 3333 4033 3578 4090; x_wconf 59' lang='lat' dir='ltr'><strong>praesens</strong></span> <span class='ocrx_word' id='word_1_598' title='bbox 3612 4019 3726 4075; x_wconf 90' lang='lat' dir='ltr'><strong>Do-</strong></span> 
     </span>
    </p>
   </div>
   <div class='ocr_carea' id='block_1_88' title="bbox 2124 4109 3728 4180">
    <p class='ocr_par' dir='ltr' id='par_1_88' title="bbox 2124 4109 3728 4180">
     <span class='ocr_line' id='line_1_88' title="bbox 2124 4109 3728 4180; baseline -0.003 -13"><span class='ocrx_word' id='word_1_599' title='bbox 2124 4113 2257 4168; x_wconf 91' lang='lat' dir='ltr'><strong>mini</strong></span> <span class='ocrx_word' id='word_1_600' title='bbox 2297 4112 2466 4166; x_wconf 89' lang='lat' dir='ltr'><strong>nostri</strong></span> <span class='ocrx_word' id='word_1_601' title='bbox 2506 4110 2855 4180; x_wconf 88' lang='lat' dir='ltr'><strong>interrogatio</strong></span> <span class='ocrx_word' id='word_1_602' title='bbox 2894 4109 3152 4175; x_wconf 87' lang='lat' dir='ltr'><strong>ostendit,</strong></span> <span class='ocrx_word' id='word_1_603' title='bbox 3179 4109 3422 4178; x_wconf 82' lang='lat' dir='ltr'><strong>perlecta</strong></span> <span class='ocrx_word' id='word_1_604' title='bbox 3456 4109 3612 4164; x_wconf 90' lang='lat' dir='ltr'><strong>enim</strong></span> <span class='ocrx_word' id='word_1_605' title='bbox 3645 4111 3728 4165; x_wconf 80' lang='lat' dir='ltr'><strong>di-</strong></span> 
     </span>
    </p>
   </div>
   <div class='ocr_carea' id='block_1_89' title="bbox 2123 4199 3726 4270">
    <p class='ocr_par' dir='ltr' id='par_1_89' title="bbox 2123 4199 3726 4270">
     <span class='ocr_line' id='line_1_89' title="bbox 2123 4199 3726 4270; baseline -0.004 -13"><span class='ocrx_word' id='word_1_606' title='bbox 2123 4201 2285 4257; x_wconf 90' lang='lat' dir='ltr'><strong>lectio</strong></span> <span class='ocrx_word' id='word_1_607' title='bbox 2317 4208 2423 4266; x_wconf 91' lang='lat' dir='ltr'><strong>est,</strong></span> <span class='ocrx_word' id='word_1_608' title='bbox 2454 4216 2560 4270; x_wconf 91' lang='lat' dir='ltr'><strong>qua</strong></span> <span class='ocrx_word' id='word_1_609' title='bbox 2583 4199 2872 4254; x_wconf 89' lang='lat' dir='ltr'><strong>Dominum</strong></span> <span class='ocrx_word' id='word_1_610' title='bbox 2896 4214 2965 4254; x_wconf 81' lang='lat' dir='ltr'><strong>ex</strong></span> <span class='ocrx_word' id='word_1_611' title='bbox 3010 4206 3124 4254; x_wconf 90' lang='lat' dir='ltr'><strong>toto</strong></span> <span class='ocrx_word' id='word_1_612' title='bbox 3154 4200 3336 4264; x_wconf 90' lang='lat' dir='ltr'><strong>corde,</strong></span> <span class='ocrx_word' id='word_1_613' title='bbox 3369 4206 3483 4253; x_wconf 88' lang='lat' dir='ltr'><strong>tota</strong></span> <span class='ocrx_word' id='word_1_614' title='bbox 3509 4199 3726 4263; x_wconf 88' lang='lat' dir='ltr'><strong>anima,</strong></span> 
     </span>
    </p>
   </div>
   <div class='ocr_carea' id='block_1_90' title="bbox 2123 4289 3729 4360">
    <p class='ocr_par' dir='ltr' id='par_1_90' title="bbox 2123 4289 3729 4360">
     <span class='ocr_line' id='line_1_90' title="bbox 2123 4289 3729 4360; baseline -0.001 -14"><span class='ocrx_word' id='word_1_615' title='bbox 2123 4301 2236 4347; x_wconf 88' lang='lat' dir='ltr'><strong>tota</strong></span> <span class='ocrx_word' id='word_1_616' title='bbox 2285 4292 2504 4356; x_wconf 89' lang='lat' dir='ltr'><strong>virtute,</strong></span> <span class='ocrx_word' id='word_1_617' title='bbox 2536 4289 2841 4360; x_wconf 78' lang='lat' dir='ltr'><strong>proximum</strong></span> <span class='ocrx_word' id='word_1_618' title='bbox 2886 4298 3066 4344; x_wconf 88' lang='lat' dir='ltr'><strong>autem</strong></span> <span class='ocrx_word' id='word_1_619' title='bbox 3111 4297 3368 4358; x_wconf 89' lang='lat' dir='ltr'><strong>tanquam</strong></span> <span class='ocrx_word' id='word_1_620' title='bbox 3419 4303 3520 4343; x_wconf 91' lang='lat' dir='ltr'><strong>nos</strong></span> <span class='ocrx_word' id='word_1_621' title='bbox 3568 4290 3729 4360; x_wconf 88' lang='lat' dir='ltr'><strong>ipsos</strong></span> 
     </span>
    </p>
   </div>
   <div class='ocr_carea' id='block_1_91' title="bbox 439 4377 3726 4470">
    <p class='ocr_par' dir='ltr' id='par_1_91' title="bbox 439 4377 3726 4470">
     <span class='ocr_line' id='line_1_91' title="bbox 439 4377 3726 4470; baseline -0.001 -35"><span class='ocrx_word' id='word_1_622' title='bbox 439 4388 583 4435; x_wconf 89' lang='lat' dir='ltr'><strong>esset</strong></span> <span class='ocrx_word' id='word_1_623' title='bbox 642 4380 711 4434; x_wconf 91' lang='lat' dir='ltr'><strong>ad</strong></span> <span class='ocrx_word' id='word_1_624' title='bbox 749 4378 1059 4450; x_wconf 89' lang='lat' dir='ltr'><strong>Speciosam</strong></span> <span class='ocrx_word' id='word_1_625' title='bbox 1110 4387 1322 4449; x_wconf 88' lang='lat' dir='ltr'><strong>portam</strong></span> <span class='ocrx_word' id='word_1_626' title='bbox 1381 4379 1564 4450; x_wconf 88' lang='lat' dir='ltr'><strong>templi</strong></span> <span class='ocrx_word' id='word_1_627' title='bbox 1628 4381 1921 4450; x_wconf 87' lang='lat' dir='ltr'><strong>respiciens</strong></span> <span class='ocrx_word' id='word_1_628' title='bbox 1969 4382 2023 4437; x_wconf 93' lang='lat' dir='ltr'><strong>in</strong></span> <span class='ocrx_word' id='word_1_629' title='bbox 2051 4410 2102 4470; x_wconf 83' lang='lat' dir='ltr'><strong>D</strong></span> <span class='ocrx_word' id='word_1_630' title='bbox 2127 4381 2348 4452; x_wconf 90' lang='lat' dir='ltr'><strong>diligere</strong></span> <span class='ocrx_word' id='word_1_631' title='bbox 2367 4379 2637 4448; x_wconf 78' lang='lat' dir='ltr'><strong>iubemur,</strong></span> <span class='ocrx_word' id='word_1_632' title='bbox 2656 4386 2713 4433; x_wconf 89' lang='lat' dir='ltr'><strong>et</strong></span> <span class='ocrx_word' id='word_1_633' title='bbox 2735 4389 2924 4433; x_wconf 88' lang='lat' dir='ltr'><strong>neutra</strong></span> <span class='ocrx_word' id='word_1_634' title='bbox 2949 4379 3142 4433; x_wconf 88' lang='lat' dir='ltr'><strong>harum</strong></span> <span class='ocrx_word' id='word_1_635' title='bbox 3168 4377 3384 4433; x_wconf 86' lang='lat' dir='ltr'><strong>dilectio</strong></span> <span class='ocrx_word' id='word_1_636' title='bbox 3402 4378 3521 4432; x_wconf 89' lang='lat' dir='ltr'><strong>sine</strong></span> <span class='ocrx_word' id='word_1_637' title='bbox 3541 4379 3726 4432; x_wconf 86' lang='lat' dir='ltr'><strong>altera</strong></span> 
     </span>
    </p>
   </div>
   <div class='ocr_carea' id='block_1_92' title="bbox 441 4467 2026 4539">
    <p class='ocr_par' dir='ltr' id='par_1_92' title="bbox 441 4467 2026 4539">
     <span class='ocr_line' id='line_1_92' title="bbox 441 4467 2026 4539; baseline 0.001 -15"><span class='ocrx_word' id='word_1_638' title='bbox 441 4469 659 4524; x_wconf 84' lang='lat' dir='ltr'><strong>Petrum</strong></span> <span class='ocrx_word' id='word_1_639' title='bbox 705 4475 760 4523; x_wconf 90' lang='lat' dir='ltr'><strong>et</strong></span> <span class='ocrx_word' id='word_1_640' title='bbox 807 4467 1070 4524; x_wconf 81' lang='lat' dir='ltr'><strong>Joannem</strong></span> <span class='ocrx_word' id='word_1_641' title='bbox 1109 4469 1317 4539; x_wconf 90' lang='lat' dir='ltr'><strong>accepit</strong></span> <span class='ocrx_word' id='word_1_642' title='bbox 1375 4468 1681 4536; x_wconf 90' lang='lat' dir='ltr'><strong>sanitatem,</strong></span> <span class='ocrx_word' id='word_1_643' title='bbox 1724 4471 1797 4525; x_wconf 88' lang='lat' dir='ltr'><strong>ita</strong></span> <span class='ocrx_word' id='word_1_644' title='bbox 1833 4480 1888 4528; x_wconf 89' lang='lat' dir='ltr'><strong>et</strong></span> <span class='ocrx_word' id='word_1_645' title='bbox 1929 4488 2026 4527; x_wconf 93' lang='lat' dir='ltr'><strong>nos</strong></span> 
     </span>
    </p>
   </div>
   <div class='ocr_carea' id='block_1_93' title="bbox 443 4560 2023 4633">
    <p class='ocr_par' dir='ltr' id='par_1_93' title="bbox 443 4560 2023 4633">
     <span class='ocr_line' id='line_1_93' title="bbox 443 4560 2023 4633; baseline 0.004 -19"><span class='ocrx_word' id='word_1_646' title='bbox 443 4560 614 4614; x_wconf 88' lang='lat' dir='ltr'><strong>claudi</strong></span> <span class='ocrx_word' id='word_1_647' title='bbox 660 4569 950 4630; x_wconf 89' lang='lat' dir='ltr'><strong>antequam</strong></span> <span class='ocrx_word' id='word_1_648' title='bbox 990 4562 1300 4617; x_wconf 88' lang='lat' dir='ltr'><strong>veniremus</strong></span> <span class='ocrx_word' id='word_1_649' title='bbox 1360 4562 1428 4616; x_wconf 89' lang='lat' dir='ltr'><strong>ad</strong></span> <span class='ocrx_word' id='word_1_650' title='bbox 1475 4564 1805 4633; x_wconf 89' lang='lat' dir='ltr'><strong>agnitionem</strong></span> <span class='ocrx_word' id='word_1_651' title='bbox 1863 4564 2023 4621; x_wconf 90' lang='lat' dir='ltr'><strong>Chri-</strong></span> 
     </span>
    </p>
   </div>
   <div class='ocr_carea' id='block_1_94' title="bbox 443 4648 2024 4726">
    <p class='ocr_par' dir='ltr' id='par_1_94' title="bbox 443 4648 2024 4726">
     <span class='ocr_line' id='line_1_94' title="bbox 443 4648 2024 4726; baseline 0.004 -20"><span class='ocrx_word' id='word_1_652' title='bbox 443 4650 532 4715; x_wconf 87' lang='lat' dir='ltr'><strong>sti,</strong></span> <span class='ocrx_word' id='word_1_653' title='bbox 558 4665 686 4704; x_wconf 90' lang='lat' dir='ltr'><strong>vere</strong></span> <span class='ocrx_word' id='word_1_654' title='bbox 724 4648 898 4704; x_wconf 88' lang='lat' dir='ltr'><strong>claudi</strong></span> <span class='ocrx_word' id='word_1_655' title='bbox 933 4667 1172 4717; x_wconf 87' lang='lat' dir='ltr'><strong>eramus,</strong></span> <span class='ocrx_word' id='word_1_656' title='bbox 1199 4652 1323 4722; x_wconf 90' lang='lat' dir='ltr'><strong>quia</strong></span> <span class='ocrx_word' id='word_1_657' title='bbox 1374 4653 1426 4707; x_wconf 92' lang='lat' dir='ltr'><strong>in</strong></span> <span class='ocrx_word' id='word_1_658' title='bbox 1475 4655 1561 4708; x_wconf 85' lang='lat' dir='ltr'><strong>via</strong></span> <span class='ocrx_word' id='word_1_659' title='bbox 1609 4655 1832 4726; x_wconf 73' lang='lat' dir='ltr'><strong>justitize</strong></span> <span class='ocrx_word' id='word_1_660' title='bbox 1879 4657 2024 4712; x_wconf 90' lang='lat' dir='ltr'><strong>clau-</strong></span> 
     </span>
    </p>
   </div>
   <div class='ocr_carea' id='block_1_95' title="bbox 443 4737 2025 4815">
    <p class='ocr_par' dir='ltr' id='par_1_95' title="bbox 443 4737 2025 4815">
     <span class='ocr_line' id='line_1_95' title="bbox 443 4737 2025 4815; baseline 0.006 -22"><span class='ocrx_word' id='word_1_661' title='bbox 443 4739 772 4794; x_wconf 85' lang='lat' dir='ltr'><strong>dicabamus.</strong></span> <span class='ocrx_word' id='word_1_662' title='bbox 859 4737 1306 4797; x_wconf 89' lang='lat' dir='ltr'><strong>Claudicabamus</strong></span> <span class='ocrx_word' id='word_1_663' title='bbox 1367 4751 1546 4797; x_wconf 88' lang='lat' dir='ltr'><strong>autem</strong></span> <span class='ocrx_word' id='word_1_664' title='bbox 1612 4759 1718 4797; x_wconf 93' lang='lat' dir='ltr'><strong>non</strong></span> <span class='ocrx_word' id='word_1_665' title='bbox 1783 4748 2025 4815; x_wconf 88' lang='lat' dir='ltr'><strong>corporis</strong></span> 
     </span>
    </p>
   </div>
   <div class='ocr_carea' id='block_1_96' title="bbox 443 4828 2026 4900">
    <p class='ocr_par' dir='ltr' id='par_1_96' title="bbox 443 4828 2026 4900">
     <span class='ocr_line' id='line_1_96' title="bbox 443 4828 2026 4900; baseline 0.006 -18"><span class='ocrx_word' id='word_1_666' title='bbox 443 4844 650 4900; x_wconf 85' lang='lat' dir='ltr'><strong>gressu,</strong></span> <span class='ocrx_word' id='word_1_667' title='bbox 680 4828 774 4883; x_wconf 90' lang='lat' dir='ltr'><strong>sed</strong></span> <span class='ocrx_word' id='word_1_668' title='bbox 823 4828 1048 4884; x_wconf 75' lang='lat' dir='ltr'><strong>internze</strong></span> <span class='ocrx_word' id='word_1_669' title='bbox 1079 4832 1276 4886; x_wconf 91' lang='lat' dir='ltr'><strong>mentis</strong></span> <span class='ocrx_word' id='word_1_670' title='bbox 1299 4847 1540 4889; x_wconf 76' lang='lat' dir='ltr'><strong>excessu.</strong></span> <span class='ocrx_word' id='word_1_671' title='bbox 1589 4832 1689 4900; x_wconf 84' lang='lat' dir='ltr'><strong>Qui</strong></span> <span class='ocrx_word' id='word_1_672' title='bbox 1727 4836 1870 4888; x_wconf 78' lang='lat' dir='ltr'><strong>enim</strong></span> <span class='ocrx_word' id='word_1_673' title='bbox 1896 4835 2026 4892; x_wconf 87' lang='lat' dir='ltr'><strong>alie-</strong></span> 
     </span>
    </p>
   </div>
   <div class='ocr_carea' id='block_1_97' title="bbox 444 4915 2024 4988">
    <p class='ocr_par' dir='ltr' id='par_1_97' title="bbox 444 4915 2024 4988">
     <span class='ocr_line' id='line_1_97' title="bbox 444 4915 2024 4988; baseline 0.004 -16"><span class='ocrx_word' id='word_1_674' title='bbox 444 4934 548 4972; x_wconf 91' lang='lat' dir='ltr'><strong>nus</strong></span> <span class='ocrx_word' id='word_1_675' title='bbox 605 4925 688 4971; x_wconf 91' lang='lat' dir='ltr'><strong>est</strong></span> <span class='ocrx_word' id='word_1_676' title='bbox 729 4933 761 4970; x_wconf 90' lang='lat' dir='ltr'><strong>a</strong></span> <span class='ocrx_word' id='word_1_677' title='bbox 809 4917 915 4971; x_wconf 84' lang='lat' dir='ltr'><strong>via’</strong></span> <span class='ocrx_word' id='word_1_678' title='bbox 955 4915 1236 4986; x_wconf 67' lang='lat' dir='ltr'><strong>justitiaa,</strong></span> <span class='ocrx_word' id='word_1_679' title='bbox 1270 4935 1303 4975; x_wconf 88' lang='lat' dir='ltr'><strong>a</strong></span> <span class='ocrx_word' id='word_1_680' title='bbox 1359 4921 1445 4975; x_wconf 85' lang='lat' dir='ltr'><strong>via</strong></span> <span class='ocrx_word' id='word_1_681' title='bbox 1497 4922 1780 4988; x_wconf 88' lang='lat' dir='ltr'><strong>veritatis,</strong></span> <span class='ocrx_word' id='word_1_682' title='bbox 1836 4923 1890 4977; x_wconf 93' lang='lat' dir='ltr'><strong>id</strong></span> <span class='ocrx_word' id='word_1_683' title='bbox 1939 4934 2024 4979; x_wconf 87' lang='lat' dir='ltr'><strong>est</strong></span> 
     </span>
    </p>
   </div>
   <div class='ocr_carea' id='block_1_98' title="bbox 445 5007 2023 5083">
    <p class='ocr_par' dir='ltr' id='par_1_98' title="bbox 445 5007 2023 5083">
     <span class='ocr_line' id='line_1_98' title="bbox 445 5007 2023 5083; baseline 0.004 -19"><span class='ocrx_word' id='word_1_684' title='bbox 445 5025 474 5064; x_wconf 87' lang='lat' dir='ltr'><strong>a</strong></span> <span class='ocrx_word' id='word_1_685' title='bbox 505 5007 608 5063; x_wconf 80' lang='lat' dir='ltr'><strong>fide</strong></span> <span class='ocrx_word' id='word_1_686' title='bbox 637 5017 692 5062; x_wconf 92' lang='lat' dir='ltr'><strong>et</strong></span> <span class='ocrx_word' id='word_1_687' title='bbox 715 5009 984 5079; x_wconf 88' lang='lat' dir='ltr'><strong>agnitione</strong></span> <span class='ocrx_word' id='word_1_688' title='bbox 1008 5009 1206 5064; x_wconf 88' lang='lat' dir='ltr'><strong>Christi</strong></span> <span class='ocrx_word' id='word_1_689' title='bbox 1232 5010 1352 5065; x_wconf 87' lang='lat' dir='ltr'><strong>Filii</strong></span> <span class='ocrx_word' id='word_1_690' title='bbox 1380 5011 1474 5066; x_wconf 91' lang='lat' dir='ltr'><strong>Dei</strong></span> <span class='ocrx_word' id='word_1_691' title='bbox 1503 5012 1630 5076; x_wconf 89' lang='lat' dir='ltr'><strong>vivi,</strong></span> <span class='ocrx_word' id='word_1_692' title='bbox 1661 5013 1750 5067; x_wconf 91' lang='lat' dir='ltr'><strong>hic</strong></span> <span class='ocrx_word' id='word_1_693' title='bbox 1776 5017 2023 5083; x_wconf 81' lang='lat' dir='ltr'><strong>quamvis</strong></span> 
     </span>
    </p>
   </div>
   <div class='ocr_carea' id='block_1_99' title="bbox 445 5101 2024 5174">
    <p class='ocr_par' dir='ltr' id='par_1_99' title="bbox 445 5101 2024 5174">
     <span class='ocr_line' id='line_1_99' title="bbox 445 5101 2024 5174; baseline 0.002 -17"><span class='ocrx_word' id='word_1_694' title='bbox 445 5110 621 5157; x_wconf 86' lang='lat' dir='ltr'><strong>rectos</strong></span> <span class='ocrx_word' id='word_1_695' title='bbox 649 5101 810 5170; x_wconf 87' lang='lat' dir='ltr'><strong>pedes</strong></span> <span class='ocrx_word' id='word_1_696' title='bbox 843 5102 1085 5169; x_wconf 90' lang='lat' dir='ltr'><strong>corporis</strong></span> <span class='ocrx_word' id='word_1_697' title='bbox 1115 5102 1327 5168; x_wconf 88' lang='lat' dir='ltr'><strong>habeat,</strong></span> <span class='ocrx_word' id='word_1_698' title='bbox 1355 5111 1500 5158; x_wconf 91' lang='lat' dir='ltr'><strong>totus</strong></span> <span class='ocrx_word' id='word_1_699' title='bbox 1527 5103 1748 5158; x_wconf 90' lang='lat' dir='ltr'><strong>claudus</strong></span> <span class='ocrx_word' id='word_1_700' title='bbox 1775 5114 1878 5169; x_wconf 90' lang='lat' dir='ltr'><strong>est,</strong></span> <span class='ocrx_word' id='word_1_701' title='bbox 1893 5106 2024 5174; x_wconf 90' lang='lat' dir='ltr'><strong>quia</strong></span> 
     </span>
    </p>
   </div>
   <div class='ocr_carea' id='block_1_100' title="bbox 445 5190 2021 5258">
    <p class='ocr_par' dir='ltr' id='par_1_100' title="bbox 445 5190 2021 5258">
     <span class='ocr_line' id='line_1_100' title="bbox 445 5190 2021 5258; baseline 0 -10"><span class='ocrx_word' id='word_1_702' title='bbox 445 5201 625 5248; x_wconf 79' lang='lat' dir='ltr'><strong>tuente</strong></span> <span class='ocrx_word' id='word_1_703' title='bbox 651 5199 706 5247; x_wconf 91' lang='lat' dir='ltr'><strong>et</strong></span> <span class='ocrx_word' id='word_1_704' title='bbox 735 5193 912 5245; x_wconf 91' lang='lat' dir='ltr'><strong>anima</strong></span> <span class='ocrx_word' id='word_1_705' title='bbox 933 5190 1214 5258; x_wconf 89' lang='lat' dir='ltr'><strong>claudicat,</strong></span> <span class='ocrx_word' id='word_1_706' title='bbox 1242 5192 1346 5245; x_wconf 89' lang='lat' dir='ltr'><strong>iter</strong></span> <span class='ocrx_word' id='word_1_707' title='bbox 1372 5193 1516 5246; x_wconf 91' lang='lat' dir='ltr'><strong>enim</strong></span> <span class='ocrx_word' id='word_1_708' title='bbox 1541 5192 1663 5248; x_wconf 83' lang='lat' dir='ltr'><strong>lidei</strong></span> <span class='ocrx_word' id='word_1_709' title='bbox 1693 5209 1758 5248; x_wconf 91' lang='lat' dir='ltr'><strong>ac</strong></span> <span class='ocrx_word' id='word_1_710' title='bbox 1777 5195 2021 5249; x_wconf 87' lang='lat' dir='ltr'><strong>veritatis</strong></span> 
     </span>
    </p>
   </div>
   <div class='ocr_carea' id='block_1_101' title="bbox 444 5279 2021 5353">
    <p class='ocr_par' dir='ltr' id='par_1_101' title="bbox 444 5279 2021 5353">
     <span class='ocr_line' id='line_1_101' title="bbox 444 5279 2021 5353; baseline 0.001 -17"><span class='ocrx_word' id='word_1_711' title='bbox 444 5282 498 5337; x_wconf 92' lang='lat' dir='ltr'><strong>in</strong></span> <span class='ocrx_word' id='word_1_712' title='bbox 524 5281 828 5337; x_wconf 89' lang='lat' dir='ltr'><strong>obcditione</strong></span> <span class='ocrx_word' id='word_1_713' title='bbox 851 5288 1236 5349; x_wconf 64' lang='lat' dir='ltr'><strong>praeceptorum</strong></span> <span class='ocrx_word' id='word_1_714' title='bbox 1257 5279 1479 5347; x_wconf 89' lang='lat' dir='ltr'><strong>Christi,</strong></span> <span class='ocrx_word' id='word_1_715' title='bbox 1503 5297 1608 5338; x_wconf 92' lang='lat' dir='ltr'><strong>non</strong></span> <span class='ocrx_word' id='word_1_716' title='bbox 1635 5284 1873 5353; x_wconf 86' lang='lat' dir='ltr'><strong>gestibus</strong></span> <span class='ocrx_word' id='word_1_717' title='bbox 1902 5293 2021 5339; x_wconf 83' lang='lat' dir='ltr'><strong>tau-</strong></span> 
     </span>
    </p>
   </div>
   <div class='ocr_carea' id='block_1_102' title="bbox 445 5371 2014 5443">
    <p class='ocr_par' dir='ltr' id='par_1_102' title="bbox 445 5371 2014 5443">
     <span class='ocr_line' id='line_1_102' title="bbox 445 5371 2014 5443; baseline 0 -15"><span class='ocrx_word' id='word_1_718' title='bbox 445 5382 556 5428; x_wconf 90' lang='lat' dir='ltr'><strong>tum</strong></span> <span class='ocrx_word' id='word_1_719' title='bbox 584 5372 825 5443; x_wconf 90' lang='lat' dir='ltr'><strong>corporis</strong></span> <span class='ocrx_word' id='word_1_720' title='bbox 850 5371 1134 5436; x_wconf 89' lang='lat' dir='ltr'><strong>inceditur,</strong></span> <span class='ocrx_word' id='word_1_721' title='bbox 1159 5371 1252 5426; x_wconf 92' lang='lat' dir='ltr'><strong>scd</strong></span> <span class='ocrx_word' id='word_1_722' title='bbox 1278 5372 1519 5441; x_wconf 87' lang='lat' dir='ltr'><strong>gestibus</strong></span> <span class='ocrx_word' id='word_1_723' title='bbox 1545 5373 1742 5429; x_wconf 91' lang='lat' dir='ltr'><strong>mentis</strong></span> <span class='ocrx_word' id='word_1_724' title='bbox 1772 5374 2014 5429; x_wconf 70' lang='lat' dir='ltr'><strong>internte.</strong></span> 
     </span>
    </p>
   </div>
   <div class='ocr_carea' id='block_1_103' title="bbox 445 5464 2017 5534">
    <p class='ocr_par' dir='ltr' id='par_1_103' title="bbox 445 5464 2017 5534">
     <span class='ocr_line' id='line_1_103' title="bbox 445 5464 2017 5534; baseline -0.001 -13"><span class='ocrx_word' id='word_1_725' title='bbox 445 5464 594 5521; x_wconf 89' lang='lat' dir='ltr'><strong>Unde</strong></span> <span class='ocrx_word' id='word_1_726' title='bbox 621 5481 725 5520; x_wconf 92' lang='lat' dir='ltr'><strong>non</strong></span> <span class='ocrx_word' id='word_1_727' title='bbox 753 5464 970 5520; x_wconf 90' lang='lat' dir='ltr'><strong>dubium</strong></span> <span class='ocrx_word' id='word_1_728' title='bbox 999 5472 1081 5520; x_wconf 89' lang='lat' dir='ltr'><strong>est</strong></span> <span class='ocrx_word' id='word_1_729' title='bbox 1099 5505 1112 5530; x_wconf 94' lang='lat'><strong>,</strong></span> <span class='ocrx_word' id='word_1_730' title='bbox 1139 5465 1264 5534; x_wconf 90' lang='lat' dir='ltr'><strong>quia</strong></span> <span class='ocrx_word' id='word_1_731' title='bbox 1294 5465 1491 5518; x_wconf 88' lang='lat' dir='ltr'><strong>dudum</strong></span> <span class='ocrx_word' id='word_1_732' title='bbox 1529 5464 1962 5521; x_wconf 76' lang='lat' dir='ltr'><strong>Claudicabamus</strong></span> <span class='ocrx_word' id='word_1_733' title='bbox 1987 5483 2017 5520; x_wconf 90' lang='lat' dir='ltr'><strong>a</strong></span> 
     </span>
    </p>
   </div>
   <div class='ocr_carea' id='block_1_104' title="bbox 441 5551 2019 5624">
    <p class='ocr_par' dir='ltr' id='par_1_104' title="bbox 441 5551 2019 5624">
     <span class='ocr_line' id='line_1_104' title="bbox 441 5551 2019 5624; baseline 0.001 -18"><span class='ocrx_word' id='word_1_734' title='bbox 441 5568 525 5606; x_wconf 69' lang='lat' dir='ltr'><strong>vra</strong></span> <span class='ocrx_word' id='word_1_735' title='bbox 570 5554 812 5624; x_wconf 68' lang='lat' dir='ltr'><strong>justitiaz,</strong></span> <span class='ocrx_word' id='word_1_736' title='bbox 840 5569 962 5608; x_wconf 88' lang='lat' dir='ltr'><strong>cum</strong></span> <span class='ocrx_word' id='word_1_737' title='bbox 1007 5568 1193 5608; x_wconf 85' lang='lat' dir='ltr'><strong>veram</strong></span> <span class='ocrx_word' id='word_1_738' title='bbox 1236 5552 1377 5606; x_wconf 86' lang='lat' dir='ltr'><strong>viam</strong></span> <span class='ocrx_word' id='word_1_739' title='bbox 1409 5551 1598 5606; x_wconf 87' lang='lat' dir='ltr'><strong>salutis</strong></span> <span class='ocrx_word' id='word_1_740' title='bbox 1622 5568 1686 5607; x_wconf 87' lang='lat' dir='ltr'><strong>ac</strong></span> <span class='ocrx_word' id='word_1_741' title='bbox 1709 5553 1833 5608; x_wconf 75' lang='lat' dir='ltr'><strong>vita:</strong></span> <span class='ocrx_word' id='word_1_742' title='bbox 1863 5553 2019 5608; x_wconf 89' lang='lat' dir='ltr'><strong>Chri-</strong></span> 
     </span>
    </p>
   </div>
   <div class='ocr_carea' id='block_1_105' title="bbox 445 5644 2016 5715">
    <p class='ocr_par' dir='ltr' id='par_1_105' title="bbox 445 5644 2016 5715">
     <span class='ocr_line' id='line_1_105' title="bbox 445 5644 2016 5715; baseline 0.003 -20"><span class='ocrx_word' id='word_1_743' title='bbox 445 5650 583 5699; x_wconf 89' lang='lat' dir='ltr'><strong>stum</strong></span> <span class='ocrx_word' id='word_1_744' title='bbox 608 5649 886 5704; x_wconf 89' lang='lat' dir='ltr'><strong>Dominum</strong></span> <span class='ocrx_word' id='word_1_745' title='bbox 913 5655 1154 5704; x_wconf 88' lang='lat' dir='ltr'><strong>nostrum</strong></span> <span class='ocrx_word' id='word_1_746' title='bbox 1181 5644 1569 5701; x_wconf 85' lang='lat' dir='ltr'><strong>nesciebamus.</strong></span> <span class='ocrx_word' id='word_1_747' title='bbox 1601 5645 1705 5701; x_wconf 84' lang='lat' dir='ltr'><strong>Sed</strong></span> <span class='ocrx_word' id='word_1_748' title='bbox 1734 5654 1889 5715; x_wconf 86' lang='lat' dir='ltr'><strong>postq</strong></span> <span class='ocrx_word' id='word_1_749' title='bbox 1931 5663 2016 5700; x_wconf 89' lang='lat' dir='ltr'><strong>am</strong></span> 
     </span>
    </p>
   </div>
   <div class='ocr_carea' id='block_1_106' title="bbox 2129 4466 3723 4538">
    <p class='ocr_par' dir='ltr' id='par_1_106' title="bbox 2129 4466 3723 4538">
     <span class='ocr_line' id='line_1_106' title="bbox 2129 4466 3723 4538; baseline -0.001 -14"><span class='ocrx_word' id='word_1_750' title='bbox 2129 4470 2268 4524; x_wconf 91' lang='lat' dir='ltr'><strong>valet</strong></span> <span class='ocrx_word' id='word_1_751' title='bbox 2291 4484 2411 4524; x_wconf 91' lang='lat' dir='ltr'><strong>esse</strong></span> <span class='ocrx_word' id='word_1_752' title='bbox 2434 4466 2691 4537; x_wconf 82' lang='lat' dir='ltr'><strong>perfecta,</strong></span> <span class='ocrx_word' id='word_1_753' title='bbox 2715 4468 2840 4536; x_wconf 88' lang='lat' dir='ltr'><strong>quia</strong></span> <span class='ocrx_word' id='word_1_754' title='bbox 2861 4483 2961 4523; x_wconf 89' lang='lat' dir='ltr'><strong>nec</strong></span> <span class='ocrx_word' id='word_1_755' title='bbox 2980 4468 3123 4523; x_wconf 92' lang='lat' dir='ltr'><strong>Deus</strong></span> <span class='ocrx_word' id='word_1_756' title='bbox 3147 4482 3272 4522; x_wconf 87' lang='lat' dir='ltr'><strong>vere</strong></span> <span class='ocrx_word' id='word_1_757' title='bbox 3295 4467 3414 4522; x_wconf 90' lang='lat' dir='ltr'><strong>sine</strong></span> <span class='ocrx_word' id='word_1_758' title='bbox 3441 4468 3723 4538; x_wconf 74' lang='lat' dir='ltr'><strong>proximo,</strong></span> 
     </span>
    </p>
   </div>
   <div class='ocr_carea' id='block_1_107' title="bbox 2127 4559 3389 4629">
    <p class='ocr_par' dir='ltr' id='par_1_107' title="bbox 2127 4559 3389 4629">
     <span class='ocr_line' id='line_1_107' title="bbox 2127 4559 3389 4629; baseline -0.003 -13"><span class='ocrx_word' id='word_1_759' title='bbox 2127 4577 2226 4616; x_wconf 90' lang='lat' dir='ltr'><strong>nec</strong></span> <span class='ocrx_word' id='word_1_760' title='bbox 2254 4561 2370 4616; x_wconf 89' lang='lat' dir='ltr'><strong>sine</strong></span> <span class='ocrx_word' id='word_1_761' title='bbox 2400 4561 2511 4614; x_wconf 90' lang='lat' dir='ltr'><strong>Deo</strong></span> <span class='ocrx_word' id='word_1_762' title='bbox 2537 4575 2664 4614; x_wconf 90' lang='lat' dir='ltr'><strong>vere</strong></span> <span class='ocrx_word' id='word_1_763' title='bbox 2692 4567 2871 4629; x_wconf 87' lang='lat' dir='ltr'><strong>potest</strong></span> <span class='ocrx_word' id='word_1_764' title='bbox 2891 4559 3170 4629; x_wconf 80' lang='lat' dir='ltr'><strong>proximus</strong></span> <span class='ocrx_word' id='word_1_765' title='bbox 3195 4559 3389 4614; x_wconf 89' lang='lat' dir='ltr'><strong>amari.</strong></span> 
     </span>
    </p>
   </div>
   <div class='ocr_carea' id='block_1_108' title="bbox 2197 4647 3724 4719">
    <p class='ocr_par' dir='ltr' id='par_1_108' title="bbox 2197 4647 3724 4719">
     <span class='ocr_line' id='line_1_108' title="bbox 2197 4647 3724 4719; baseline 0 -15"><span class='ocrx_word' id='word_1_766' title='bbox 2197 4651 2337 4704; x_wconf 87' lang='lat' dir='ltr'><strong>Dicit</strong></span> <span class='ocrx_word' id='word_1_767' title='bbox 2357 4651 2406 4704; x_wconf 90' lang='lat' dir='ltr'><strong>ei</strong></span> <span class='ocrx_word' id='word_1_768' title='bbox 2423 4663 2439 4701; x_wconf 91' lang='lat'><strong><em>:</em></strong></span> <span class='ocrx_word' id='word_1_769' title='bbox 2463 4647 2630 4703; x_wconf 86' lang='lat' dir='ltr'><strong>Pasce</strong></span> <span class='ocrx_word' id='word_1_770' title='bbox 2643 4665 2805 4719; x_wconf 87' lang='lat' dir='ltr'><strong>agnos</strong></span> <span class='ocrx_word' id='word_1_771' title='bbox 2819 4666 2980 4703; x_wconf 89' lang='lat' dir='ltr'><strong>meos.</strong></span> <span class='ocrx_word' id='word_1_772' title='bbox 3004 4648 3084 4703; x_wconf 82' lang='lat' dir='ltr'><strong>Ac</strong></span> <span class='ocrx_word' id='word_1_773' title='bbox 3095 4650 3138 4703; x_wconf 90' lang='lat' dir='ltr'><strong>si</strong></span> <span class='ocrx_word' id='word_1_774' title='bbox 3153 4657 3338 4718; x_wconf 86' lang='lat' dir='ltr'><strong>aperte</strong></span> <span class='ocrx_word' id='word_1_775' title='bbox 3352 4647 3584 4714; x_wconf 83' lang='lat' dir='ltr'><strong>diceret,</strong></span> <span class='ocrx_word' id='word_1_776' title='bbox 3602 4650 3724 4704; x_wconf 73' lang='lat' dir='ltr'><strong>lucc</strong></span> 
     </span>
    </p>
   </div>
   <div class='ocr_carea' id='block_1_109' title="bbox 2126 4739 3725 4810">
    <p class='ocr_par' dir='ltr' id='par_1_109' title="bbox 2126 4739 3725 4810">
     <span class='ocr_line' id='line_1_109' title="bbox 2126 4739 3725 4810; baseline 0 -14"><span class='ocrx_word' id='word_1_777' title='bbox 2126 4741 2239 4796; x_wconf 90' lang='lat' dir='ltr'><strong>sola</strong></span> <span class='ocrx_word' id='word_1_778' title='bbox 2267 4749 2321 4795; x_wconf 91' lang='lat' dir='ltr'><strong>et</strong></span> <span class='ocrx_word' id='word_1_779' title='bbox 2350 4755 2482 4795; x_wconf 88' lang='lat' dir='ltr'><strong>vera</strong></span> <span class='ocrx_word' id='word_1_780' title='bbox 2522 4749 2607 4795; x_wconf 89' lang='lat' dir='ltr'><strong>est</strong></span> <span class='ocrx_word' id='word_1_781' title='bbox 2629 4739 2876 4809; x_wconf 85' lang='lat' dir='ltr'><strong>probatio</strong></span> <span class='ocrx_word' id='word_1_782' title='bbox 2911 4740 3103 4810; x_wconf 88' lang='lat' dir='ltr'><strong>integri</strong></span> <span class='ocrx_word' id='word_1_783' title='bbox 3139 4740 3192 4794; x_wconf 93' lang='lat' dir='ltr'><strong>in</strong></span> <span class='ocrx_word' id='word_1_784' title='bbox 3226 4739 3451 4794; x_wconf 90' lang='lat' dir='ltr'><strong>Domino</strong></span> <span class='ocrx_word' id='word_1_785' title='bbox 3484 4742 3725 4804; x_wconf 87' lang='lat' dir='ltr'><strong>amoris,</strong></span> 
     </span>
    </p>
   </div>
   <div class='ocr_carea' id='block_1_110' title="bbox 2127 4830 3728 4903">
    <p class='ocr_par' dir='ltr' id='par_1_110' title="bbox 2127 4830 3728 4903">
     <span class='ocr_line' id='line_1_110' title="bbox 2127 4830 3728 4903; baseline -0.001 -15"><span class='ocrx_word' id='word_1_786' title='bbox 2127 4833 2170 4888; x_wconf 91' lang='lat' dir='ltr'><strong>si</strong></span> <span class='ocrx_word' id='word_1_787' title='bbox 2195 4847 2326 4903; x_wconf 90' lang='lat' dir='ltr'><strong>erga</strong></span> <span class='ocrx_word' id='word_1_788' title='bbox 2364 4830 2560 4886; x_wconf 80' lang='lat' dir='ltr'><strong>fratres</strong></span> <span class='ocrx_word' id='word_1_789' title='bbox 2595 4831 2868 4885; x_wconf 87' lang='lat' dir='ltr'><strong>studueris</strong></span> <span class='ocrx_word' id='word_1_790' title='bbox 2898 4846 3018 4885; x_wconf 90' lang='lat' dir='ltr'><strong>cum</strong></span> <span class='ocrx_word' id='word_1_791' title='bbox 3064 4831 3424 4885; x_wconf 87' lang='lat' dir='ltr'><strong>sollicitudine</strong></span> <span class='ocrx_word' id='word_1_792' title='bbox 3452 4844 3728 4886; x_wconf 81' lang='lat' dir='ltr'><strong>exercere</strong></span> 
     </span>
    </p>
   </div>
   <div class='ocr_carea' id='block_1_111' title="bbox 2128 4919 3727 4991">
    <p class='ocr_par' dir='ltr' id='par_1_111' title="bbox 2128 4919 3727 4991">
     <span class='ocr_line' id='line_1_111' title="bbox 2128 4919 3727 4991; baseline 0.003 -18"><span class='ocrx_word' id='word_1_793' title='bbox 2128 4920 2358 4976; x_wconf 89' lang='lat' dir='ltr'><strong>labores.</strong></span> <span class='ocrx_word' id='word_1_794' title='bbox 2395 4919 2534 4975; x_wconf 86' lang='lat' dir='ltr'><strong>Nam</strong></span> <span class='ocrx_word' id='word_1_795' title='bbox 2571 4921 2880 4990; x_wconf 85' lang='lat' dir='ltr'><strong>quicunque</strong></span> <span class='ocrx_word' id='word_1_796' title='bbox 2922 4919 3078 4974; x_wconf 80' lang='lat' dir='ltr'><strong>fratri</strong></span> <span class='ocrx_word' id='word_1_797' title='bbox 3121 4936 3256 4990; x_wconf 90' lang='lat' dir='ltr'><strong>opus</strong></span> <span class='ocrx_word' id='word_1_798' title='bbox 3296 4921 3538 4991; x_wconf 85' lang='lat' dir='ltr'><strong>pietatis,</strong></span> <span class='ocrx_word' id='word_1_799' title='bbox 3570 4924 3727 4990; x_wconf 88' lang='lat' dir='ltr'><strong>quod</strong></span> 
     </span>
    </p>
   </div>
   <div class='ocr_carea' id='block_1_112' title="bbox 2129 5010 3724 5081">
    <p class='ocr_par' dir='ltr' id='par_1_112' title="bbox 2129 5010 3724 5081">
     <span class='ocr_line' id='line_1_112' title="bbox 2129 5010 3724 5081; baseline 0.003 -19"><span class='ocrx_word' id='word_1_800' title='bbox 2129 5010 2286 5073; x_wconf 87' lang='lat' dir='ltr'><strong>valet,</strong></span> <span class='ocrx_word' id='word_1_801' title='bbox 2313 5011 2621 5080; x_wconf 89' lang='lat' dir='ltr'><strong>impendere</strong></span> <span class='ocrx_word' id='word_1_802' title='bbox 2645 5010 2885 5080; x_wconf 88' lang='lat' dir='ltr'><strong>negligit,</strong></span> <span class='ocrx_word' id='word_1_803' title='bbox 2914 5011 3252 5081; x_wconf 84' lang='lat' dir='ltr'><strong>minusjuste</strong></span> <span class='ocrx_word' id='word_1_804' title='bbox 3281 5026 3339 5066; x_wconf 87' lang='lat' dir='ltr'><strong>se</strong></span> <span class='ocrx_word' id='word_1_805' title='bbox 3367 5011 3724 5067; x_wconf 85' lang='lat' dir='ltr'><strong>conditorem</strong></span> 
     </span>
    </p>
   </div>
   <div class='ocr_carea' id='block_1_113' title="bbox 2127 5099 3730 5171">
    <p class='ocr_par' dir='ltr' id='par_1_113' title="bbox 2127 5099 3730 5171">
     <span class='ocr_line' id='line_1_113' title="bbox 2127 5099 3730 5171; baseline 0.004 -20"><span class='ocrx_word' id='word_1_806' title='bbox 2127 5099 2347 5170; x_wconf 85' lang='lat' dir='ltr'><strong>diligere</strong></span> <span class='ocrx_word' id='word_1_807' title='bbox 2371 5101 2629 5166; x_wconf 90' lang='lat' dir='ltr'><strong>ostendit,</strong></span> <span class='ocrx_word' id='word_1_808' title='bbox 2657 5099 2810 5169; x_wconf 90' lang='lat' dir='ltr'><strong>cujus</strong></span> <span class='ocrx_word' id='word_1_809' title='bbox 2840 5102 3092 5155; x_wconf 89' lang='lat' dir='ltr'><strong>mandata</strong></span> <span class='ocrx_word' id='word_1_810' title='bbox 3123 5103 3175 5155; x_wconf 89' lang='lat' dir='ltr'><strong>in</strong></span> <span class='ocrx_word' id='word_1_811' title='bbox 3202 5103 3556 5157; x_wconf 82' lang='lat' dir='ltr'><strong>sustentanda</strong></span> <span class='ocrx_word' id='word_1_812' title='bbox 3590 5119 3730 5171; x_wconf 83' lang='lat' dir='ltr'><strong>pro-</strong></span> 
     </span>
    </p>
   </div>
   <div class='ocr_carea' id='block_1_114' title="bbox 2127 5190 2951 5247">
    <p class='ocr_par' dir='ltr' id='par_1_114' title="bbox 2127 5190 2951 5247">
     <span class='ocr_line' id='line_1_114' title="bbox 2127 5190 2951 5247; baseline 0.004 -4"><span class='ocrx_word' id='word_1_813' title='bbox 2127 5190 2261 5244; x_wconf 76' lang='lat' dir='ltr'><strong>ximi</strong></span> <span class='ocrx_word' id='word_1_814' title='bbox 2291 5192 2611 5246; x_wconf 85' lang='lat' dir='ltr'><strong>necessitate</strong></span> <span class='ocrx_word' id='word_1_815' title='bbox 2639 5193 2951 5247; x_wconf 88' lang='lat' dir='ltr'><strong>contemnit.</strong></span> 
     </span>
    </p>
   </div>
   <div class='ocr_carea' id='block_1_115' title="bbox 2198 5279 3730 5348">
    <p class='ocr_par' dir='ltr' id='par_1_115' title="bbox 2198 5279 3730 5348">
     <span class='ocr_line' id='line_1_115' title="bbox 2198 5279 3730 5348; baseline 0.005 -16"><span class='ocrx_word' id='word_1_816' title='bbox 2198 5279 2336 5333; x_wconf 87' lang='lat' dir='ltr'><strong>Dicit</strong></span> <span class='ocrx_word' id='word_1_817' title='bbox 2364 5282 2410 5333; x_wconf 88' lang='lat' dir='ltr'><strong>ei</strong></span> <span class='ocrx_word' id='word_1_818' title='bbox 2431 5281 2654 5334; x_wconf 84' lang='lat' dir='ltr'><strong>iterum:</strong></span> <span class='ocrx_word' id='word_1_819' title='bbox 2677 5281 2861 5336; x_wconf 88' lang='lat' dir='ltr'><strong>Simon</strong></span> <span class='ocrx_word' id='word_1_820' title='bbox 2889 5283 3132 5348; x_wconf 85' lang='lat' dir='ltr'><strong>Joannis,</strong></span> <span class='ocrx_word' id='word_1_821' title='bbox 3157 5299 3304 5337; x_wconf 89' lang='lat' dir='ltr'><strong>amas</strong></span> <span class='ocrx_word' id='word_1_822' title='bbox 3329 5284 3446 5337; x_wconf 78' lang='lat' dir='ltr'><strong>me?</strong></span> <span class='ocrx_word' id='word_1_823' title='bbox 3475 5285 3560 5338; x_wconf 76' lang='lat' dir='ltr'><strong>Ait</strong></span> <span class='ocrx_word' id='word_1_824' title='bbox 3587 5286 3685 5340; x_wconf 78' lang='lat' dir='ltr'><strong>illi</strong></span> <span class='ocrx_word' id='word_1_825' title='bbox 3709 5304 3730 5341; x_wconf 93' lang='lat'><strong><em>:</em></strong></span> 
     </span>
    </p>
   </div>
   <div class='ocr_carea' id='block_1_116' title="bbox 2127 5370 3733 5448">
    <p class='ocr_par' dir='ltr' id='par_1_116' title="bbox 2127 5370 3733 5448">
     <span class='ocr_line' id='line_1_116' title="bbox 2127 5370 3733 5448; baseline 0.006 -23"><span class='ocrx_word' id='word_1_826' title='bbox 2127 5370 2324 5438; x_wconf 81' lang='lat' dir='ltr'><strong>Etiam,</strong></span> <span class='ocrx_word' id='word_1_827' title='bbox 2363 5373 2613 5438; x_wconf 87' lang='lat' dir='ltr'><strong>Domine,</strong></span> <span class='ocrx_word' id='word_1_828' title='bbox 2641 5385 2696 5427; x_wconf 86' lang='lat' dir='ltr'><strong>tu</strong></span> <span class='ocrx_word' id='word_1_829' title='bbox 2723 5375 2822 5428; x_wconf 84' lang='lat' dir='ltr'><strong>scis</strong></span> <span class='ocrx_word' id='word_1_830' title='bbox 2847 5377 2972 5446; x_wconf 86' lang='lat' dir='ltr'><strong>quia</strong></span> <span class='ocrx_word' id='word_1_831' title='bbox 2999 5394 3121 5431; x_wconf 89' lang='lat' dir='ltr'><strong>amo</strong></span> <span class='ocrx_word' id='word_1_832' title='bbox 3144 5387 3212 5432; x_wconf 89' lang='lat' dir='ltr'><strong>te.</strong></span> <span class='ocrx_word' id='word_1_833' title='bbox 3253 5377 3438 5432; x_wconf 83' lang='lat' dir='ltr'><strong>Simon</strong></span> <span class='ocrx_word' id='word_1_834' title='bbox 3473 5394 3733 5448; x_wconf 80' lang='lat' dir='ltr'><strong>namque</strong></span> 
     </span>
    </p>
   </div>
   <div class='ocr_carea' id='block_1_117' title="bbox 2126 5464 3732 5540">
    <p class='ocr_par' dir='ltr' id='par_1_117' title="bbox 2126 5464 3732 5540">
     <span class='ocr_line' id='line_1_117' title="bbox 2126 5464 3732 5540; baseline 0.007 -23"><span class='ocrx_word' id='word_1_835' title='bbox 2126 5464 2384 5527; x_wconf 83' lang='lat' dir='ltr'><strong>obediens,</strong></span> <span class='ocrx_word' id='word_1_836' title='bbox 2429 5465 2663 5520; x_wconf 88' lang='lat' dir='ltr'><strong>Joannes</strong></span> <span class='ocrx_word' id='word_1_837' title='bbox 2706 5467 2902 5521; x_wconf 88' lang='lat' dir='ltr'><strong>dicitur</strong></span> <span class='ocrx_word' id='word_1_838' title='bbox 2947 5467 3043 5521; x_wconf 86' lang='lat' dir='ltr'><strong>Dei</strong></span> <span class='ocrx_word' id='word_1_839' title='bbox 3080 5470 3271 5538; x_wconf 88' lang='lat' dir='ltr'><strong>gratia,</strong></span> <span class='ocrx_word' id='word_1_840' title='bbox 3319 5477 3376 5523; x_wconf 91' lang='lat' dir='ltr'><strong>et</strong></span> <span class='ocrx_word' id='word_1_841' title='bbox 3420 5481 3732 5540; x_wconf 83' lang='lat' dir='ltr'><strong>propterea</strong></span> 
     </span>
    </p>
   </div>
   <div class='ocr_carea' id='block_1_118' title="bbox 2124 5555 3727 5628">
    <p class='ocr_par' dir='ltr' id='par_1_118' title="bbox 2124 5555 3727 5628">
     <span class='ocr_line' id='line_1_118' title="bbox 2124 5555 3727 5628; baseline 0.003 -20"><span class='ocrx_word' id='word_1_842' title='bbox 2124 5563 2272 5609; x_wconf 87' lang='lat' dir='ltr'><strong>recte</strong></span> <span class='ocrx_word' id='word_1_843' title='bbox 2305 5555 2510 5624; x_wconf 89' lang='lat' dir='ltr'><strong>primus</strong></span> <span class='ocrx_word' id='word_1_844' title='bbox 2536 5556 2898 5626; x_wconf 87' lang='lat' dir='ltr'><strong>apostolorum</strong></span> <span class='ocrx_word' id='word_1_845' title='bbox 2926 5574 3047 5612; x_wconf 90' lang='lat' dir='ltr'><strong>cum</strong></span> <span class='ocrx_word' id='word_1_846' title='bbox 3077 5560 3142 5612; x_wconf 82' lang='lat' dir='ltr'><strong>(ie</strong></span> <span class='ocrx_word' id='word_1_847' title='bbox 3181 5573 3367 5614; x_wconf 89' lang='lat' dir='ltr'><strong>amore</strong></span> <span class='ocrx_word' id='word_1_848' title='bbox 3394 5574 3493 5613; x_wconf 92' lang='lat' dir='ltr'><strong>suo</strong></span> <span class='ocrx_word' id='word_1_849' title='bbox 3521 5561 3727 5628; x_wconf 76' lang='lat' dir='ltr'><strong>requi-</strong></span> 
     </span>
    </p>
   </div>
   <div class='ocr_carea' id='block_1_119' title="bbox 2126 5645 3732 5718">
    <p class='ocr_par' dir='ltr' id='par_1_119' title="bbox 2126 5645 3732 5718">
     <span class='ocr_line' id='line_1_119' title="bbox 2126 5645 3732 5718; baseline 0.004 -18"><span class='ocrx_word' id='word_1_850' title='bbox 2126 5647 2263 5701; x_wconf 86' lang='lat' dir='ltr'><strong>ritur</strong></span> <span class='ocrx_word' id='word_1_851' title='bbox 2308 5645 2493 5701; x_wconf 84' lang='lat' dir='ltr'><strong>Simon</strong></span> <span class='ocrx_word' id='word_1_852' title='bbox 2524 5645 2765 5714; x_wconf 86' lang='lat' dir='ltr'><strong>Joannis,</strong></span> <span class='ocrx_word' id='word_1_853' title='bbox 2801 5649 2851 5704; x_wconf 86' lang='lat' dir='ltr'><strong>id</strong></span> <span class='ocrx_word' id='word_1_854' title='bbox 2882 5660 2963 5704; x_wconf 80' lang='lat' dir='ltr'><strong>est</strong></span> <span class='ocrx_word' id='word_1_855' title='bbox 2993 5649 3248 5705; x_wconf 83' lang='lat' dir='ltr'><strong>obcdicns</strong></span> <span class='ocrx_word' id='word_1_856' title='bbox 3277 5650 3368 5704; x_wconf 86' lang='lat' dir='ltr'><strong>Dei</strong></span> <span class='ocrx_word' id='word_1_857' title='bbox 3397 5648 3580 5718; x_wconf 74' lang='lat' dir='ltr'><strong>gratia</strong></span> <span class='ocrx_word' id='word_1_858' title='bbox 3621 5664 3732 5706; x_wconf 83' lang='lat' dir='ltr'><strong>vo-</strong></span> 
     </span>
    </p>
   </div>
  </div>
