3962 6180
233 283 334 339 5-13

1308 284 1607 343 llOMlLl/E
1639 287 1705 342 ΙΝ
1744 286 1992 343 EVA-NG.
2037 286 2122 341 ET
2161 288 2374 342 EPIST.
2539 315 2564 334 .

3395 288 3496 343 5⁵ῖο

231 408 412 463 catur,
441 405 506 454 ut
548 397 754 468 liquido
783 399 992 454 cunctis
1021 399 1363 467 ostendatur,
1395 401 1499 455 hoc
1527 401 1670 470 quod
1708 415 1824 454 ma-
1851 403 1899 460 Α
1927 399 2076 454 lestis
2105 401 2251 454 verbi
2282 401 2658 470 prmdicatioac
2687 415 2919 455 cessare.
2951 399 3121 466 Quem
3152 410 3210 454 ut
3237 415 3334 456 nos
3379 403 3497 456 imi-

223 489 346 560 jore
371 498 488 558 praé
512 491 724 544 caeteris
747 489 1283 544 obedientia'Domini
1301 489 1467 557 jussis
1485 491 1819 560 obsequitur,

227 581 374 648 quod
430 578 726 632 ardentiori
778 578 929 632 illum
978 579 1245 634 charitate
1291 580 1674 650 amplectitur,
1715 595 1820 635 non

227 667 457 722 humani
514 668 723 732 meriti,
754 668 846 722 sed
878 668 1115 722 muneris
1160 684 1282 723 esse
1321 669 1509 722 divini.
1558 668 1727 723 Cauta
1758 685 1824 725 ac

228 766 536 827 temperata
571 765 627 813 et
653 757 882 826 simplici
911 772 1041 812 voce
1076 757 1151 810 ait
1176 774 1188 810 :
1216 757 1459 822 Domine,
1493 767 1547 810 tu
1573 759 1672 810 scis
1697 758 1822 827 quia

227 867 344 901 anw
388 859 462 902 te.
505 849 658 916 Quod
702 857 785 904 est
819 859 1004 919 aperte
1034 849 1241 914 dicere,
1273 848 1386 902 scio
1431 849 1646 917 quidem
1695 848 1821 917 quia

228 941 344 1008 ipse
367 949 445 1005 te,
478 951 542 994 ut
561 951 618 994 tu
641 940 832 995 melius
859 941 1018 1004 nosti,
1048 940 1258 1008 integro
1283 939 1444 994 corde
1473 939 1656 1010 diligo,
1682 955 1821 1008 qua-

228 1031 350 1084 liter
372 1044 512 1084 vero
533 1039 588 1086 te
620 1030 712 1084 alii
758 1029 984 1100 diligant
1012 1029 1144 1083 mihi
1188 1029 1402 1098 quidem
1432 1028 1694 1098 ignotum,
1727 1029 1822 1084 sed

229 1119 322 1172 tibi
353 1129 488 1173 sunt
514 1119 696 1174 omnia
722 1127 870 1173 uota.

294 1208 660 1262 Coutristatus
683 1218 756 1262 est
774 1208 963 1262 Petrus
981 1209 1103 1277 quia
1125 1206 1256 1261 dixit
1277 1209 1322 1261 ei
1345 1208 1517 1271 tertio,
1532 1206 1691 1260 Amas
1712 1207 1822 1261 me?

222 1311 270 1353 et
297 1301 430 1354 dicit
455 1300 799 1364 ei:Domine,
829 1309 884 1351 tu
923 1299 1098 1366 omnia
1145 1300 1300 1363 nosti,
1339 1308 1397 1351 tu
1426 1299 1527 1352 scis
1554 1301 1678 1370 quia
1700 1315 1819 1353 amo

224 1405 292 1445 te.
331 1391 479 1445 Dicit
512 1392 600 1444 ei:
624 1389 790 1443 Pasce
836 1407 995 1460 agnos
1037 1407 1196 1444 meos.
1228 1391 1456 1445 Provida
1489 1399 1669 1445 autem
1699 1395 1816 1460 pie-

225 1490 340 1535 tate
370 1480 636 1534 Dominus
664 1479 824 1534 tertio
851 1479 1070 1535 Petrum
1101 1496 1166 1532 an
1195 1496 1252 1535 se
1281 1480 1468 1550 diligat
1502 1481 1816 1551 interrogat,

223 1577 282 1622 ut
318 1571 439 1640 ipsa
481 1570 622 1623 trina
659 1569 997 1624 confessione
1032 1570 1244 1624 vincula
1284 1586 1403 1639 quae
1441 1569 1586 1624 illum
1617 1577 1698 1624 ter
1723 1586 1817 1624 ne-

224 1657 411 1725 gando
454 1657 710 1726 ligarunt,
755 1657 1013 1711 absolvat.
1065 1657 1130 1711 Et
1187 1657 1399 1727 quoties
1439 1658 1656 1712 territus
1700 1656 1816 1726 ejus

1930 496 2107 541 temur
2151 488 2313 542 faciat
2343 489 2429 542 ille
2457 489 2547 557 qui
2583 505 2704 542 cum
2753 489 2912 543 Patre
2961 498 3016 543 et
3059 489 3263 558 Spiritu
3313 502 3501 544 sancto

1925 578 2054 632 vivit
2082 587 2135 632 et
2167 587 2353 649 regnat
2397 579 2554 642 Deus,
2583 594 2678 646 per
2715 578 2898 632 omnia
2935 579 3129 632 szecula
3160 578 3494 634 Stcculorum.

1923 669 2114 724 Amen.

2483 757 2756 813 HOMILIA
2806 757 2940 812 CIX.

2366 871 2418 908 IN
2446 871 2636 909 NATALI
2665 869 2850 907 δςκΝςτι
2875 868 3051 906 PETRI.

2274 944 2459 1000 Lectio
2493 945 2720 998 Actuum
2761 942 3146 1012 apostolorum.

1992 1036 2061 1092 In
2087 1035 2265 1104 diebus
2291 1038 2410 1099 illis,
2445 1039 2584 1091 misit
2625 1037 2857 1090 Herodes
2890 1052 2980 1089 rex
3008 1051 3193 1088 manus
3218 1043 3273 1087 ut
3302 1037 3501 1106 aﬁlige.

1924 1135 1997 1179 ret
2019 1124 2271 1195 quosdam
2297 1127 2360 1179 de
2386 1125 2641 1189 Ecclesia,
2673 1133 2777 1179 etc.

1991 1216 2144 1271 Hunc
2173 1215 2435 1270 Herodem
2462 1213 2669 1270 Claudii
2700 1227 2934 1267 anno....
2962 1211 3043 1264 sui
3068 1225 3198 1265 vero
3228 1212 3379 1282 regni
3406 1212 3496 1276 70,

1919 1309 1988 1363 ab
2016 1309 2217 1379 Angelo
2241 1322 2555 1376 percussum
2584 1307 2770 1359 nzﬁ'rat
2794 1303 3037 1357 historia.

1992 1400 2195 1456 Occidit
2226 1411 2398 1453 autem
2427 1397 2682 1452 Iacobum
2703 1397 2918 1466 fratrem
2943 1395 3167 1449 Joannis
3192 1392 3388 1463 gladio.
3424 1393 3502 1448 De

1921 1492 2020 1546 hoc
2063 1490 2262 1546 Iacobo
2290 1490 2539 1546 Clemens
2573 1489 2968 1543 Alexandrinus
3001 1489 3281 1542 historiam
3311 1503 3502 1556 quam-

1919 1582 2040 1636 dam
2064 1580 2278 1651 dignam
2304 1580 2562 1634 memoria
2593 1578 2754 1633 refert
2780 1597 2792 1631 :
2820 1578 2886 1630 Et
2917 1579 2980 1642 is,
3008 1578 3205 1646 inquit,
3237 1579 3326 1648 qui
3353 1576 3503 1629 obtu-

1919 1669 2050 1723 lerat
2064 1669 2237 1738 judici
2257 1667 2324 1720 ad
2345 1667 2653 1736 martyrium
2675 1665 2929 1719 Iacobum
2943 1665 3136 1720 scilicet
3159 1675 3329 1719 motus
3344 1668 3501 1719 etiam

223 1747 489 1814 passione
532 1761 592 1800 se
621 1745 771 1799 illum
816 1761 976 1801 nosse
1017 1753 1335 1818 negaverat,
1387 1747 1548 1800 toties
1580 1746 1696 1815 ejus
1735 1763 1819 1802 re-

1939 1775 2027 1830 pse
2063 1758 2329 1826 confessus
2365 1766 2439 1810 est
2479 1773 2532 1810 se
2567 1773 2675 1809 esse
2715 1754 3092 1809 Christianum.
3137 1755 3294 1808 Ducti
3325 1766 3500 1808 autem

225 1835 574 1889 surrectione
601 1842 893 1896 recreatus,
923 1833 1065 1902 quod
1106 1834 1256 1887 illum
1301 1841 1412 1888 toto
1451 1842 1596 1888 amet
1625 1836 1818 1901 'corde,

225 1933 487 1979 testatur.
539 1922 644 1977 Sed
674 1924 776 1977 hoc
805 1923 1006 1992 pastori
1047 1932 1131 1978 est
1158 1923 1264 1977 ﬁxo
1297 1924 1462 1978 corde
1507 1927 1816 1990 tenendum,

225 2024 288 2068 ut
319 2029 421 2068 eos
448 2013 646 2082 quibus
689 2021 903 2082 praeest,
937 2026 1043 2065 non
1071 2012 1226 2080 quasi
1268 2027 1394 2066 suos
1430 2013 1693 2081 pr0prios,
1727 2014 1822 2067 sed

226 2115 291 2158 ut
317 2104 538 2158 Domini
567 2103 649 2158 sui
677 2119 890 2174 gregem
917 2111 1150 2158 tractare
1173 2104 1495 2170 meminerit,
1513 2104 1665 2173 juxta
1694 2105 1821 2160 illud

226 2198 384 2268 quod
427 2197 588 2252 Petro
617 2197 921 2251 diciturzsi
952 2196 1128 2267 diligis
1170 2213 1277 2261 me,
1303 2213 1455 2266 pasce
1501 2215 1614 2251 oves
1656 2215 1818 2252 meas.

227 2289 404 2349 Meas,
430 2288 624 2357 inquit,
654 2304 758 2343 non
790 2296 936 2353 tuas;
968 2304 1117 2342 meas
1143 2288 1237 2343 tibi
1265 2304 1392 2344 oves
1421 2291 1821 2345 commendatas

227 2381 471 2441 scito,et
499 2379 594 2432 bas
621 2379 776 2446 quasi
808 2393 956 2432 meas
982 2394 1187 2450 regere,
1204 2381 1249 2434 si
1273 2396 1357 2435 me
1383 2381 1620 2450 perfecte
1648 2398 1817 2450 amas,

228 2468 443 2532 recole,
473 2477 532 2520 ut
561 2481 733 2521 meam
773 2466 1021 2522 videlicet
1059 2469 1108 2522 in
1138 2470 1216 2524 eis
1242 2470 1488 2539 gloriam,
1517 2486 1692 2524 meum
1723 2472 1820 2526 do-

229 2558 494 2619 minium,
530 2570 647 2609 mea
692 2571 796 2609 non
831 2564 918 2609 tua
944 2557 1160 2626 propria
1199 2573 1432 2627 quieras.
1463 2558 1685 2614 Dilectio
1708 2576 1823 2615 am-

226 2653 469 2721 pliorem
513 2667 673 2721 quam
720 2667 872 2706 amor
914 2653 1106 2707 retinet
1154 2653 1490 2722 qualitatem,
1516 2662 1572 2709 et
1599 2653 1718 2708 ideo
1745 2653 1824 2707 di-

227 2751 401 2798 cente
429 2741 656 2797 Domino
680 2759 696 2796 :
720 2740 901 2796 Simon
920 2741 1166 2807 Joannis,
1194 2742 1369 2812 diligis
1393 2759 1494 2809 me,
1526 2759 1631 2797 non
1661 2757 1825 2797 ausus

227 2843 320 2887 est
352 2832 546 2886 Petrus
573 2832 729 2886 fateri
755 2832 1054 2888 dilectionis
1075 2848 1134 2887 se
1160 2833 1359 2888 habere
1379 2847 1706 2896 mensuram,
1730 2832 1823 2887 sed

228 2923 524 2979 humiliter
552 2939 610 2979 se
639 2924 922 2993 proﬁtetur
955 2939 1157 2979 amare.
1194 2925 1451 2996 Superior
1483 2925 1624 2979 enim
1655 2923 1824 2978 amori

233 3015 471 3070 dilectio
495 3015 780 3084 reperitur.
813 3016 1050 3084 Denique
1081 3016 1234 3070 tertia
1261 3016 1619 3087 appellatione
1647 3015 1827 3070 Domi-

232 3121 354 3160 nus
405 3106 743 3177 interrogans
789 3105 1026 3170 Petrum,
1052 3107 1178 3175 quia
1223 3122 1330 3161 non
1378 3107 1517 3161 sicut
1556 3106 1827 3175 prioribus

234 3195 460 3249 vicibus
498 3195 706 3249 duabus
733 3193 960 3258 dixerat,
990 3195 1186 3265 diligis,
1212 3196 1304 3250 sed
1329 3209 1477 3249 amas
1505 3207 1610 3259 me,
1634 3194 1827 3247 contri-

236 3294 414 3338 status
449 3294 522 3337 est
552 3283 762 3349 Petrus,
795 3300 894 3338 cur
918 3293 972 3338 et
996 3286 1048 3338 in
1075 3287 1236 3339 tertia
1265 3284 1688 3355 interrogatione
1719 3299 1826 3336 non

240 3376 446 3429 dixerit
492 3375 668 3445 diligis
699 3391 806 3439 nte,
832 3377 922 3430 sed
967 3391 1117 3430 amas
1153 3390 1259 3439 me,
1287 3375 1434 3430 velut
1477 3371 1600 3429 non'
1623 3372 1733 3442 jam
1760 3371 1828 3426 de

241 3464 465 3518 sublimi
495 3467 683 3519 ordine
727 3465 1059 3530 dilectionis,
1090 3466 1185 3520 sed
1227 3465 1292 3519 de
1335 3464 1588 3519 inferiore
1630 3463 1831 3518 amoris

244 3555 423 3622 gratia
454 3563 848 3623 percunctatus.

325 3644 514 3705 Amen,
545 3659 694 3695 amen
737 3644 856 3696 dico
895 3643 985 3696 tibi
1007 3657 1164 3696 :cum
1194 3660 1328 3698 esses
1373 3643 1551 3711 iunior
1590 3645 1829 3714 cingebas

248 3746 323 3800 te,
349 3744 394 3788 et
419 3733 724 3786 ambulabas
749 3734 836 3786 ubi
859 3734 1093 3799 volebas;
1117 3752 1232 3788 cum
1262 3746 1434 3789 autem
1461 3737 1714 3802 senueris,
1736 3753 1831 3790 ea:-

249 3826 436 3879 tendes
469 3840 655 3877 manus
697 3834 816 3877 tuas
854 3833 899 3875 et
927 3823 1064 3877 alius
1087 3833 1134 3878 te
1159 3826 1357 3894 cinget,
1383 3834 1430 3878 et
1471 3825 1622 3878 ducet
1645 3841 1745 3896 quo
1775 3835 1831 3879 tu

251 3933 367 3970 non
406 3917 502 3969 vis.
549 3915 626 3970 Ac
654 3915 697 3968 si
727 3923 970 3983 patenter
1004 3915 1148 3969 dicat
1192 3924 1393 3985 quanta
1439 3931 1526 3970 me
1570 3917 1834 3971 charitate

251 4008 467 4077 diligis;
495 4008 622 4062 hinc
649 4007 934 4077 aliquando
957 4007 1206 4077 probabis
1227 4023 1348 4062 cum
1371 4022 1468 4078 pro
1488 4009 1830 4076 parvulorum

253 4109 503 4151 meorum
533 4096 642 4149 vita
682 4110 850 4164 usque
877 4095 944 4149 ad
971 4103 1194 4149 mortem
1217 4093 1473 4150 certando
1501 4096 1830 4164 perveneris.

253 4187 334 4241 Et
371 4195 431 4240 ut
468 4186 540 4241 illi
583 4187 636 4239 in
664 4201 887 4255 corpore
928 4187 1135 4256 possint
1161 4195 1215 4242 et
1255 4196 1434 4241 mente
1484 4187 1836 4257 salvari,ipse

252 4284 528 4330 tormenta
550 4277 795 4345 corporis
823 4277 1002 4330 omnia
1041 4292 1162 4345 qua:
1203 4276 1569 4331 adversarium
1595 4276 1835 4348 inﬂigere

255 4365 419 4430 libet,
451 4364 572 4419 forti
596 4367 792 4420 mentis
819 4368 1116 4421 constantia
1148 4366 1420 4430 tolerabis,
1445 4369 1496 4421 in
1523 4370 1834 4424 extensione

255 4455 409 4508 enim
436 4470 686 4509 manuum
708 4455 1025 4524 positionem
1052 4456 1414 4512 membrorum
1437 4458 1554 4526 ejus
1574 4459 1664 4529 qui
1687 4463 1834 4515 cruci

258 4551 386 4599 erat
429 4546 694 4613 aptandus
732 4546 984 4600 insinuat.
1014 4545 1070 4599 ln
1103 4546 1368 4601 cinctione
1396 4547 1640 4612 alterius,
1670 4549 1840 4618 impo—

257 4637 515 4691 sitionem
544 4636 878 4690 vinculorum
925 4637 1118 4706 quibus
1145 4652 1174 4691 a
1222 4647 1711 4706 persecutoreserat
1753 4657 1840 4694 ar-

260 4728 467 4782 cendus
511 4727 781 4797 exprimit.
817 4728 872 4781 ln
917 4729 1075 4783 ductu
1109 4743 1216 4798 quo
1244 4729 1426 4792 nollet,
1455 4730 1624 4798 ipsam
1653 4733 1841 4785 mortis

262 4833 332 4871 ac
369 4818 634 4886 passionis
678 4819 1026 4873 acerbitatem
1068 4819 1295 4883 indicat,
1342 4835 1501 4888 quam
1545 4821 1842 4890 corporalis

263 4910 384 4978 ejus
414 4909 697 4964 inﬁrmitas
722 4910 975 4964 horrebat
1001 4927 1014 4963 :
1044 4911 1388 4979 cujus,animi
1418 4911 1704 4967 inﬁrmitas
1728 4914 1840 4982 spi-

266 4999 442 5054 ritalis
482 5000 646 5053 etiam
683 5000 905 5054 adversa
949 5016 1048 5068 pro
1089 5000 1318 5054 Domino
1343 5000 1626 5054 laetabatur
1649 5009 1841 5055 cuncta

265 5091 525 5146 sntferre:
551 5106 658 5144 non
676 5091 822 5144 enim
843 5089 1171 5144 voluntatem
1202 5105 1374 5156 suam,
1397 5090 1492 5145 sed
1513 5090 1843 5144 voluntatem

266 5182 542 5248 quaerebat
567 5179 684 5248 ejus
708 5179 798 5248 qui
825 5179 973 5232 misit
995 5191 1116 5233 eum
1147 5177 1367 5233 Christi.

341 5287 456 5341 Hoc
486 5298 659 5341 autem
680 5289 834 5352 dixit,
865 5287 1166 5358 signiﬁcans
1192 5304 1296 5357 qua
1333 5297 1497 5342 morte
1525 5286 1846 5356 clariﬁcatu-

269 5399 360 5436 rus
383 5394 513 5437 esset
539 5383 726 5436 Deum.
758 5381 1086 5437 Clariﬁcavit
1108 5381 1304 5450 quippe
1330 5381 1521 5436 Petrus
1551 5391 1725 5436 morte
1749 5397 1845 5436 sua

267 5470 462 5536 Deum,
488 5473 704 5542 quando
748 5471 852 5525 hoc
873 5468 1096 5538 judicio,
1123 5477 1384 5538 quantum
1416 5469 1556 5523 Deus
1584 5477 1728 5524 esset
1751 5483 1846 5522 eo-

271 5564 458 5617 tondus
521 5561 890 5628 amandusque
953 5559 1309 5619 monstravit,
1357 5558 1483 5612 dum
1540 5559 1654 5626 ipse
1723 5557 1846 5611 data

268 5654 486 5723 optione
511 5651 696 5709 mallet
723 5651 904 5708 crucis
929 5651 1110 5706 subire
1138 5657 1461 5706 tormentum
1491 5663 1652 5706 uuam
1676 5663 1706 5704 a
1737 5662 1846 5704 coe-

1862 4413 1912 4471 D

1919 1859 2038 1903 sunt
2073 1849 2222 1902 ambo
2260 1852 2457 1918 pariter
2481 1848 2548 1900 ad
2583 1846 2920 1917 supplicium,
2951 1856 2999 1900 et
3027 1863 3145 1900 cum
3189 1846 3503 1900 ducerentur

1917 1941 1974 1992 in
2013 1940 2094 1992 via
2121 1939 2318 2007 rogavit
2347 1936 2605 1990 Iacobum
2629 1937 2748 1989 dari
2773 1937 2870 1990 sibi
2905 1937 3276 1990 remissionem.
3321 1936 3383 1988 At
3413 1935 3504 1990 ille

1918 2043 2199 2098 parumper
2221 2025 2534 2090 deliberans,
2559 2042 2664 2096 pax
2691 2025 2802 2090 tibi,
2829 2025 3020 2094 inquit,
3052 2035 3098 2078 et
3131 2025 3396 2079 osculatus
3426 2033 3502 2078 est

1919 2133 2058 2179 eum,
2094 2127 2140 2170 et
2174 2117 2247 2169 ita
2277 2116 2428 2169 ambo
2452 2115 2609 2170 simul
2633 2117 2798 2184 capite
2831 2115 2969 2184 ple-ri
2990 2127 3131 2170 sunt.

1962 2232 1964 2234 τ
1994 2204 2189 2258 .Videns
2219 2215 2390 2258 autem
2415 2207 2536 2275 quia
2559 2203 2782 2274 placeret
2807 2204 3030 2269 Judteis,
3056 2207 3293 2275 apposuit
3319 2223 3501 2276 appre-

1919 2296 2141 2348 hendere
2190 2294 2424 2349 Petrum.
2455 2293 2619 2360 Quem
2669 2311 2784 2348 cum
2826 2296 3240 2364 apprehendisset
3282 2297 3419 2349 misit
3449 2298 3505 2350 in

1920 2401 2202 2449 Cart‘erem,
2225 2395 2329 2440 etc.
2360 2385 2816 2451 Quemadmodum
2842 2393 3060 2439 sanctus
3085 2385 3278 2440 Petrus
3305 2386 3505 2439 missus

1920 2475 1989 2530 sit
2032 2477 2086 2530 in
2141 2489 2414 2530 carcerem
2463 2473 2657 2542 ligatus
2703 2473 2908 2526 duabus
2938 2474 3163 2537 catenis,
3191 2481 3246 2527 et
3273 2473 3502 2526 traditus

1921 2575 2151 2636 quatuor
2177 2563 2615 2635 quaternionibus
2659 2562 2910 2627 militum,
2948 2571 3004 2617 et
3051 2562 3502 2633 quemadmodum

1923 2659 2045 2713 inde
2091 2657 2348 2710 liberatus
2377 2655 2448 2710 sit
2471 2669 2567 2724 per
2596 2653 2843 2722 angelum
2891 2652 3130 2715 Domini,
3167 2651 3369 2706 audivit
3408 2665 3505 2720 per

1921 2751 2166 2805 ordinem
2192 2749 2405 2803 dilectio
2430 2757 2627 2802 vestra.
2656 2746 2848 2801 Missus
2873 2762 3000 2816 ergo
3031 2747 3085 2800 in
3120 2761 3390 2800 carcerem
3422 2753 3508 2799 est

1924 2851 2146 2898 sanctus
2183 2839 2376 2894 Petrus
2417 2852 2578 2893 causa
2621 2837 2855 2891 nominis
2890 2836 3132 2902 Christi,
3160 2837 3253 2893 sed
3289 2849 3506 2906 poenam

1924 2931 2161 2988 carceris
2212 2930 2434 2984 horrere
2481 2943 2586 2981 non
2637 2935 2868 2997 poterat,
2896 2926 2985 2996 qui
3031 2927 3145 2995 ipse
3193 2926 3245 2980 in
3289 2939 3508 2979 carcere

1927 3021 2184 3090 templum
2223 3019 2316 3073 Dei
2345 3028 2480 3072 erat.
2512 3016 2733 3087 Ligatus
2761 3025 2879 3070 erat
2919 3017 3126 3070 duabus
3156 3015 3380 3077 catenis,
3411 3013 3505 3068 sed

1929 3120 2147 3166 catenas
2177 3109 2464 3164 criminum
2503 3107 2555 3160 in
2587 3107 2702 3174 ipso
2739 3121 2954 3160 carcere
2983 3120 3012 3158 a
3041 3104 3386 3158 credentibus
3409 3102 3507 3156 de-

1930 3202 2192 3255 trahebat.
2246 3198 2658 3254 Custodiebatur
2705 3212 2734 3250 a
2783 3205 3015 3266 quatuor
3065 3195 3508 3265 quaternionibus

1927 3294 2180 3356 militum,
2213 3291 2265 3345 id
2291 3297 2374 3345 est
2396 3306 2425 3343 a
2455 3289 2709 3351 sedecim,
2739 3289 2878 3342 sicut
2916 3289 3058 3342 enim
3093 3287 3337 3342 centurio
3382 3301 3509 3340 cen-

1931 3392 2066 3448 tum,
2092 3383 2166 3436 ita
2196 3379 2478 3448 quaternio
2504 3378 2572 3432 1V
2599 3378 2696 3431 sub
2731 3391 2790 3430 se
2821 3377 3019 3430 milites
3066 3375 3226 3430 habet
3252 3394 3266 3428 :
3292 3375 3382 3429 sed
3409 3374 3508 3430 sub

1929 3473 2042 3543 ipsa
2072 3471 2314 3525 custodia
2361 3477 2592 3538 quatuor
2624 3465 2911 3536 Evangelia
2936 3465 3002 3519 ad
3041 3465 3199 3518 ﬁdem
3245 3464 3510 3517 venienti-

1929 3565 2029 3618 bus
2073 3559 2398 3614 insinuabat.
2448 3557 2559 3613 Nec
2607 3557 2898 3610 humanam
2949 3555 3244 3610 custodiam
3298 3563 3510 3623 poterat

1931 3654 2150 3714 timere,
2181 3650 2270 3718 qui
2309 3649 2486 3703 divina
2531 3646 2771 3703 custodia
2817 3646 3147 3700 servabatur.
3202 3643 3337 3698 Cum
3378 3660 3508 3712 ergo

1932 3743 2210 3811 diligenter
2252 3739 2440 3792 Petrus
2471 3736 2830 3792 custodiretur
2874 3734 2926 3787 in
2972 3748 3193 3788 carcere
3221 3748 3251 3786 a
3278 3742 3511 3804 quatuor

1931 3828 2372 3902 quaternionibns
2395 3826 2640 3890 militum,
2668 3824 2862 3894 ligatus
2884 3823 3089 3878 duabus
3111 3825 3335 3887 catenis,
3363 3824 3510 3877 venit

1931 3918 2150 3988 angelus
2176 3917 2382 3971 Domini
2408 3915 2475 3969 ad
2496 3929 2640 3978 eum,
2673 3921 2732 3967 ut
2757 3913 2959 3968 audivit
2985 3913 3200 3968 dilectio
3230 3923 3429 3980 vestra,
3457 3922 3512 3968 et

1932 4011 2142 4082 aperuit
2165 4009 2215 4063 ei
2237 4009 2430 4078 januas
2461 4005 2712 4070 careeris,
2744 4012 2798 4059 et
2825 4004 2898 4057 ait
2928 4005 2978 4059 ei
3006 4022 3020 4059 :

2005 4104 2174 4172 Surge
2214 4109 2261 4154 et
2307 4098 2429 4154 tolle
2475 4098 2830 4152 vestimentum
2887 4105 3058 4161 tuum,
3085 4106 3133 4150 et
3184 4097 3326 4165 operi
3365 4107 3435 4162 te,
3463 4106 3513 4150 et

1933 4197 2106 4252 calcea
2131 4205 2180 4250 te
2206 4194 2572 4256 calceamento,
2601 4201 2647 4244 et
2670 4192 2802 4255 veni,
2821 4206 3030 4261 sequere
3054 4207 3168 4254 me;
3197 4198 3250 4242 at
3278 4189 3366 4242 ille
3389 4206 3511 4242 sur-

1935 4303 2066 4356 gens
2107 4284 2431 4354 sequebatur
2459 4296 2601 4337 eum.
2643 4281 2711 4334 Et
2758 4295 2878 4334 cum
2923 4279 3158 4332 venisset
3189 4277 3255 4330 ad
3304 4285 3511 4344 portam

1940 4378 2169 4433 ferream
2192 4391 2314 4431 cum
2348 4373 2555 4444 angelo,
2576 4372 2759 4426 statim
2783 4372 2847 4424 ab
2869 4385 2926 4423 se
2951 4369 3134 4423 eadem
3156 4375 3305 4436 porta
3328 4379 3512 4436 aperta

1937 4479 2019 4524 est
2044 4471 2139 4524 eis.
2173 4465 2283 4522 Nec
2304 4466 2500 4519 mirum
2533 4477 2682 4526 sane,
2699 4463 2742 4514 si
2768 4468 2953 4515 sancto
2976 4460 3135 4512 Petro
3160 4466 3311 4527 porta
3341 4457 3515 4512 ferrea

1938 4567 2128 4629 sponte
2156 4564 2338 4627 aperta
2363 4562 2445 4610 est
2467 4569 2480 4607 :
2505 4553 2592 4622 qui
2623 4558 2802 4621 portas
2828 4549 2939 4619 jam
2983 4547 3315 4603 infernarum
3344 4550 3396 4603 in
3421 4565 3517 4618 po-

1939 4661 2130 4708 testate
2174 4655 2484 4719 acceperat,
2527 4647 2738 4701 dicente
2786 4644 3010 4698 Domino
3058 4643 3124 4697 ad
3165 4659 3326 4698 eum:
3357 4643 3432 4697 Tu
3462 4661 3517 4698 es

1942 4741 2128 4794 Petrus
2148 4750 2194 4792 et
2208 4739 2504 4807 superhanc
2515 4744 2714 4805 petram
2729 4733 2995 4801 aediﬁcabo
3015 4731 3302 4786 Ecclesium
3324 4751 3515 4799 meam,

1943 4843 1988 4887 et
2009 4840 2172 4902 ρον-ιω
2189 4829 2473 4896 inferorum
2504 4842 2605 4880 non
2630 4822 2975 4895 praevalebunt
2999 4823 3066 4876 ei.
3100 4822 3167 4875 Et
3199 4839 3520 4894 qua'cunque

1944 4921 2181 4991 ligaveris
2201 4934 2356 4989 super
2374 4926 2589 4979 terram,
2611 4924 2758 4967 erunt
2789 4912 2948 4982 ligata
2973 4921 3020 4965 et
3050 4913 3104 4965 in
3136 4912 3281 4977 caelo,
3303 4922 3350 4965 et
3376 4930 3520 4984 quee-

1946 5026 2143 5080 cunque
2169 5009 2380 5063 solveris
2409 5021 2564 5077 super
2592 5015 2784 5059 terram
2823 5011 2974 5056 erunt
3009 5001 3181 5056 soluta
3209 5012 3255 5056 et
3286 5003 3339 5056 in
3369 5001 3514 5056 caelo.

1946 5100 2038 5154 Ille
2080 5115 2209 5169 ergo
2238 5105 2425 5154 sancto
2455 5097 2620 5152 Petro
2664 5101 2874 5163 portam
2917 5091 3148 5148 ferream
3191 5092 3398 5162 aperuit
3427 5108 3523 5160 qui

1947 5197 2133 5259 portas
2179 5186 2372 5242 inferni
2402 5185 2674 5257 patefecit.
2726 5183 2819 5237 Ille
2861 5182 2927 5238 de
2955 5193 3128 5237 morte
3169 5182 3386 5236 Petrum
3415 5181 3522 5235 eri-

1950 5280 2084 5347 puit,
2109 5278 2200 5347 qui
2227 5286 2455 5332 mortem
2481 5275 2649 5344 ipsam
2677 5272 2892 5328 devicit.
2925 5271 3032 5326 Sed
3060 5271 3200 5340 quod
3226 5279 3352 5325 tunc
3377 5269 3520 5324 circa

1953 5379 2196 5425 sanctum
2249 5368 2468 5424 Petrum
2517 5365 2809 5422 secundum
2861 5363 3094 5417 litteram
3146 5369 3350 5433 gestum
3399 5367 3520 5425 est,

1951 5464 2096 5518 circa
2126 5476 2224 5515 nos
2259 5475 2471 5528 quoque
2499 5442 2723 5528 mystice
2756 5454 2867 5526 geri
2895 5453 3264 5522 cognoscimus
3290 5450 3335 5504 si
3359 5447 3521 5502 ﬁdem

1951 5553 2095 5608 Petri
2131 5563 2440 5618 sequamur.
2487 5545 2687 5600 Sumus
2728 5545 2871 5599 enim
2901 5551 2955 5596 et
2991 5556 3090 5594 nos
3116 5540 3168 5595 in
3197 5539 3298 5593 hoc
3323 5535 3525 5591 mundo

1949 5646 2096 5702 velut
2140 5645 2192 5699 in
2239 5656 2453 5697 carcere
2497 5639 2791 5697 constituti.
2841 5637 2898 5693 Si
2946 5650 3074 5705 ergo
3105 5649 3134 5687 a
3165 5633 3273 5689 Deo
3315 5630 3524 5687 visitari
