3962 6180
443 350 544 407 351

1077 341 1140 395 Β.
1177 332 1431 392 RABANI
1467 330 1686 389 MAURI
1723 324 2042 384 A'RClllEP.
2088 318 2398 378 MOGUNT.
2433 314 2720 374 OPEBUM
2756 311 2939 368 PARS
2972 311 3036 367 ll.
3603 311 3711 369 ετξ

443 478 735 528 meremur,
763 459 992 515 mittitur
1019 453 1087 509 ad
1132 468 1230 508 nos
1276 449 1496 521 angelus
1536 446 1656 512 Dei,
1691 454 1745 501 et
1774 443 1905 499 dicit
1948 440 2016 495 ad
2048 443 2095 502 Α
2122 434 2215 508 qui
2240 448 2370 489 vero
2394 431 2735 487 divinitatem
2763 427 2881 498 ejus
2920 424 3259 497 intelligunt,
3290 437 3398 479 non
3439 423 3705 487 homines,

440 567 877 626 unumquemque
903 557 1142 605 nostrum
1166 543 1471 612 :Prmeinge
1496 548 1547 593 te
1561 546 1615 593 et
1630 536 1808 592 calcea
1835 544 1887 589 te
1911 532 2020 588 cal-

444 647 738 705 ceamentis
767 644 874 697 tuis
903 650 957 695 et
981 638 1130 710 Operi
1162 646 1216 691 te
1242 634 1566 689 vestimento
1597 638 1686 684 tuo
1714 637 1770 683 et
1795 637 2021 697 sequere

443 758 550 798 me.
574 738 955 808 Praecingimus
977 733 1119 789 enim
1144 746 1262 796 nos,
1281 730 1325 783 si
1348 728 1559 781 lumbos
1583 721 1826 793 corporis
1848 717 2019 775 nostri

441 830 713 903 pudicitiae
757 826 969 899 cingulo
1011 822 1435 883 circumdamns,
1478 818 1690 872 dicente
1718 811 2013 882 Apostolo:

443 902 564 976 Sint
604 918 771 973 lumbi
814 916 983 971 vestri
1035 915 1095 968 in
1135 913 1404 968 castitate.
1432 907 1747 964 Calceamus
1775 911 1830 958 et
1854 902 2018 973 pedes

442 1009 738 1075 nostros,si
759 1021 977 1080 gressus
1003 1004 1128 1059 vita":
1160 1009 1358 1056 nostra:
1384 997 1667 1070 prreceptis
1696 991 2018 1063 evangelicis

440 1120 506 1159 ac
546 1103 669 1157 ﬁdei
706 1101 1033 1162 muniamus,
1059 1105 1118 1150 ut
1152 1092 1328 1149 securi
1367 1091 1549 1160 spinas
1590 1094 1934 1158 peccatorum
1964 1091 2020 1137 et

441 1192 743 1262 iniquitatis
794 1187 1024 1243 tribulos
1066 1182 1458 1239 conculcemus.
1512 1176 1797 1247 Operimus
1834 1182 1889 1227 et
1920 1186 2017 1226 nos

438 1284 760 1338 vestimento
785 1287 989 1344 nostro,
1017 1276 1061 1332 si
1088 1282 1292 1330 vestem
1321 1272 1468 1327 illam
1510 1267 1822 1338 nuptialem,
1855 1265 1907 1319 id
1934 1272 2018 1319 est

440 1375 669 1444 gratiam
716 1370 963 1440 baptismi
1012 1370 1275 1439 integram
1326 1376 1708 1419 conservamus
1745 1361 1798 1413 in
1839 1359 2012 1413 nobis.

441 1464 499 1518 Si
544 1465 659 1518 hate
703 1463 885 1531 itaque
934 1459 1161 1513 ﬁdeliter
1204 1456 1551 1525 impleamus,
1590 1450 1773 1507 statim
1825 1448 2018 1505 cadent

440 1564 644 1609 catena:
689 1553 755 1607 de
795 1550 1041 1605 manibus
1073 1547 1297 1605 nostris.
1330 1546 1382 1600 id
1413 1551 1495 1599 est
1527 1550 1731 1597 catenae
1773 1545 2017 1608 peccato-

437 1662 583 1711 rum,
608 1645 801 1714 quibus
825 1640 1101 1698 constricti
1123 1648 1176 1694 et
1196 1636 1431 1709 colligati
1457 1634 1748 1691 secundum
1778 1631 2015 1685 animam

438 1737 774 1792 tenebamur.
826 1732 931 1787 Sed
977 1746 1079 1786 nec
1130 1730 1290 1783 aliter
1344 1729 1409 1783 de
1452 1739 1691 1789 carcere,
1720 1723 1773 1777 id
1821 1728 1904 1777 est
1946 1719 2014 1775 de

2121 524 2219 581 sed
2249 523 2323 579 dii
2346 521 2701 592 appellantur.

2190 618 2257 673 At
2273 616 2351 671 illi
2371 616 2648 670 dixerunt:
2664 611 2769 665 Alii
2787 610 3049 666 Joannem
3070 605 3385 678 Baptistam,
3403 604 3495 659 alii
3512 604 3709 671 Eliam,

2119 710 2213 765 alii
2254 724 2372 764 vero
2414 706 2721 770 Jeremiam,
2765 712 2857 758 aut
2898 717 3061 756 unum
3102 717 3167 755 ea:
3204 700 3489 771 prophetis.
3543 698 3715 754 Miror

2118 801 2377 871 quosdam
2419 798 2743 867 interpretes
2776 809 2969 851 causas
3007 807 3253 848 errorum
3297 790 3572 861 inquirere
3599 790 3712 844 sin-

2118 891 2367 963 gulorum
2388 898 2443 945 et
2462 888 2879 960 disputationem
2903 884 3274 958 longissimam
3305 891 3518 949 texere,
3541 895 3712 951 quare

2119 982 2403 1037 Dominum
2454 990 2697 1037 nostrum
2751 977 2937 1033 Jesum
2983 978 3280 1040 Christum,
3312 973 3403 1028 alii
3444 972 3710 1028 Joannem

2116 1080 2466 1144 putaverunt,
2494 1072 2584 1126 alii
2627 1070 2823 1133 Eliam,
2847 1069 2936 1123 alii
2979 1066 3293 1130 Jeremiam,
3326 1072 3420 1119 aut
3448 1079 3615 1118 unum
3641 1077 3712 1118 ex

2115 1163 2413 1234 pr0phetis,
2438 1176 2558 1216 cum
2590 1161 2669 1216 sic
2693 1174 2880 1214 errare
2924 1157 3200 1228 potuerint
3232 1157 3285 1209 in
3328 1155 3442 1209 Elia
3472 1164 3529 1209 et
3556 1152 3713 1208 lere-

2116 1252 2541 1322 mia,'quomodo
2584 1250 2823 1305 Herodes
2870 1248 3071 1305 erravit
3119 1248 3173 1301 in
3220 1245 3428 1302 Joanne
3478 1244 3705 1298 dicens:

2116 1355 2276 1410 qnem
2303 1356 2405 1412 ego
2432 1340 2690 1396 deeollavi
2717 1338 2983 1394 Joannem
3009 1339 3123 1410 ipse
3146 1337 3383 1397 surrexit
3402 1351 3433 1390 a
3453 1335 3705 1405 mortuis,

2115 1440 2170 1485 et
2196 1433 2420 1486 virtutes
2449 1441 2744 1502 operantur
2774 1432 2830 1486 in
2856 1430 2968 1485 illo.

2198 1544 2298 1600 Vos
2327 1555 2499 1599 autem
2525 1561 2676 1616 quem
2700 1561 2781 1598 me
2805 1560 2915 1597 esse
2951 1542 3167 1597 dicitis?
3194 1541 3477 1613 Respondit
3518 1540 3710 1598 Simon

2117 1633 2308 1689 Petrus
2330 1649 2347 1686 :
2367 1633 2445 1688 Tu
2462 1650 2516 1689 es
2538 1631 2778 1688 Christus
2805 1630 2851 1684 F
2854 1631 2977 1686 ilius
2995 1631 3089 1685 Dei
3110 1633 3231 1685 vivi.
3251 1631 3494 1686 Prudens
3514 1631 3710 1695 lector.

2116 1728 2332 1781 attende
2356 1726 2497 1796 quod
2541 1741 2606 1781 ex
2654 1725 3108 1795 consequentibus
3138 1732 3394 1792 textuque
3437 1723 3713 1779 sermonis

437 1827 623 1882 mundi
651 1823 805 1892 huius
830 1836 1014 1877 οιτοΐο
1032 1822 1261 1875 evadere
1286 1830 1593 1887 Possumus»
1612 1813 1715 1869 niSi
1735 1828 1764 1865 ³
1790 1810 2017 1866 Ποῐηῖηο
2046 1799 2091 1857 Β
2118 1818 2347 1889 apostoli
2393 1833 2733 1889 nequaquam
2787 1818 3055 1883 homines,
3097 1817 3192 1872 sed
3240 1816 3316 1871 dii
3344 1816 3709 1887 appellentur.

436 1930 535 1984 per
566 1914 812 1985 angelum
834 1912 1133 1966 visitemur.
1153 1907 1441 1979 Aperietur
1466 1905 1618 1959 nobis
1641 1911 1796 1973 porta
1817 1901 2010 1967 ferrea,

438 2005 495 2059 id
520 2010 604 2058 est
630 2011 783 2073 porta
804 2001 1015 2065 mortis,
1042 2007 1097 2054 et
1120 2013 1279 2068 poena
1302 2011 1463 2065 quam
1490 1994 1662 2049 Filius
1684 1994 1777 2047 Dei
1808 1992 2015 2064 passio-

438 2097 525 2151 nis
556 2112 666 2151 suae
692 2095 893 2148 virtute
920 2090 1252 2147 comminuit.
1295 2089 1358 2143 Et
1387 2098 1512 2143 tunc
1541 2087 1789 2142 venimus
1823 2086 1889 2140 ad
1925 2086 2017 2141 do-

440 2202 587 2240 mum
633 2185 813 2239 Marim
846 2183 912 2238 ad
944 2181 1236 2237 Ecclesium
1272 2178 1492 2243 Christi,
1532 2177 1620 2230 ubi
1650 2176 1815 2229 Maria
1844 2183 2018 2229 mater

441 2278 652 2334 Domini
682 2278 919 2341 habitat,
949 2284 1003 2330 et
1032 2274 1139 2328 illic
1158 2272 1396 2327 occurrit
1422 2269 1575 2326 nobis
1597 2267 1772 2339 puella
1800 2269 2017 2323 nomine

440 2369 638 2425 llrode.
663 2366 1057 2423 Convenienter
1082 2372 1259 2417 autem
1283 2360 1587 2430 hujusmodi
1616 2374 1812 2414 nomen
1838 2356 2018 2412 llrode

436 2459 627 2516 salutis
647 2467 847 2513 nosti-re
873 2454 1187 2527 mysterium
1222 2459 1323 2508 est.
1353 2451 1529 2506 llrode
1552 2449 1697 2505 enim
1726 2449 2015 2504 secundum

436 2551 671 2607 litteram
702 2548 943 2605 Graecam
976 2561 1097 2602 rosa
1121 2551 1479 2613 nuncupatur.
1512 2542 1864 2599 Venientihus
1888 2556 2017 2611 ergo

437 2642 591 2697 nobis
621 2640 687 2696 ad
716 2641 933 2695 domum
968 2636 1145 2692 Mariae
1173 2634 1351 2691 lirode
1379 2634 1635 2700 occurrit,
1670 2633 1723 2688 id
1765 2640 1848 2689 est
1891 2647 2019 2687 con-

437 2733 675 2805 gregatio
700 2739 1011 2787 sanctorum
1031 2744 1150 2798 quae
1174 2726 1433 2799 sanguine
1458 2735 1757 2797 martyrum
1786 2724 2018 2795 glorioso

436 2826 583 2881 velut
604 2840 725 2880 rosa
751 2825 985 2895 pretiosa
1007 2820 1235 2891 refulget
1258 2820 1311 2874 in
1338 2819 1554 2875 nomine
1573 2818 1770 2886 Patris,
1788 2827 1843 2873 et
1868 2818 2013 2884 Filii,

436 2925 492 2973 et
521 2915 752 2986 Spiritus
777 2913 946 2969 sancti
973 2912 1144 2984 gratia
1170 2910 1420 2980 baptismi
1455 2910 1700 2975 traditur,
1733 2924 1831 2980 per
1856 2924 2017 2979 quam

437 3008 794 3063 emundamur
814 3004 882 3084 ab
912 3001 1058 3059 omni
1080 3001 1238 3057 sorde
1265 3000 1493 3071 peccati,
1524 3008 1582 3054 ut
1610 2998 1793 3054 mundi
1821 2997 2019 3053 eﬁicia-

436 3116 576 3155 mnr.
605 3099 740 3167 Quia
774 3114 903 3170 ergo
932 3106 1138 3152 tantam
1166 3098 1313 3154 circa
1346 3112 1442 3152 nos
1469 3096 1564 3152 Dei
1590 3094 2016 3151 misericordiam

438 3190 893 3261 recognoscimus,
920 3196 979 3242 ut
1022 3188 1228 3260 indigni
1272 3189 1340 3244 ad
1374 3196 1577 3243 tantam
1619 3186 1735 3258 ejus
1780 3187 2011 3258 gratiam

436 3278 881 3350 vocaremur,pie
921 3293 987 3334 ac
1005 3276 1152 3347 juste
1179 3279 1233 3333 in
1265 3287 1555 3349 conspectu
1588 3279 1703 3349 ejus
1732 3278 1918 3333 vivere
1957 3287 2014 3335 et

436 3369 743 3426 conversari
770 3367 1046 3433 debemus,
1072 3375 1133 3421 ut
1165 3367 1220 3421 in
1245 3368 1477 3423 adventu
1522 3367 1638 3437 ejus
1677 3367 1860 3437 gloria:
1904 3382 2012 3423 non

434 3475 557 3517 cum
588 3458 876 3514 immundis
915 3467 971 3512 et
1010 3457 1188 3526 impiis
1217 3472 1428 3527 poenas,
1458 3458 1552 3513 sed
1583 3473 1703 3513 cum
1729 3458 1933 3513 sanctis
1959 3466 2014 3513 et

434 3551 622 3609 electis
652 3548 768 3618 ejus
795 3548 1062 3620 promissa
1098 3548 1249 3618 regni
1273 3547 1508 3605 cmlestis
1539 3556 1592 3602 et
1622 3548 2011 3603 remuneratio-

434 3656 556 3698 nem
584 3641 709 3695 vita:
725 3649 997 3710 perpetuae
1038 3654 1452 3710 consequamur,
1478 3654 1576 3708 per
1602 3638 1887 3694 Dominum
1914 3656 2013 3695 no-

433 3741 605 3788 strum
625 3728 809 3786 Jesum
833 3729 1124 3795 Christum,
1150 3730 1241 3799 qui
1268 3745 1390 3785 cum
1414 3727 1523 3783 Deo
1550 3728 1708 3784 Patre
1731 3735 1788 3784 et
1808 3727 2009 3799 Spiritu

433 3831 622 3880 saneto
646 3821 780 3875 vivit
808 3830 864 3875 et
894 3830 1081 3891 regnat
1108 3820 1161 3875 in
1194 3835 1318 3875 vera
1342 3820 1548 3875 unitate
1575 3819 1739 3887 Deus,
1763 3833 1862 3890 per
1888 3834 2010 3875 om-

434 3913 526 3969 nia
557 3911 756 3967 sazcula
784 3911 1126 3967 saeculorum.
1158 3910 1353 3966 Amen.

612 3994 623 4003 ’
1003 3999 1284 4055 HOMILIA
1330 4000 1441 4055 CX.

963 4105 1015 4145 IN
1066 4103 1244 4143 EODEM
1296 4104 1480 4145 FESTO.

538 4180 726 4237 Lectio
750 4178 922 4235 sancti
946 4176 1221 4246 Evangelii
1249 4180 1541 4234 secundum
1568 4178 1900 4235 Matthmum.

506 4272 572 4329 In
598 4271 690 4328 illo
730 4280 957 4342 tenipore
978 4268 1110 4324 venit
1140 4268 1296 4323 Jesus
1323 4268 1376 4321 in
1403 4277 1576 4340 partes
1605 4266 1858 4325 Cwsarea:
1880 4267 2010 4324 Phi-

432 4368 580 4440 lippi.

2114 1912 2248 1968 Cum
2275 1912 2419 1966 enim
2449 1912 2696 1976 dixisset,
2727 1908 2892 1976 Quem
2922 1911 3102 1965 dicunt
3131 1910 3364 1964 homines
3398 1926 3511 1965 esse
3533 1909 3712 1978 ﬁlium

2113 2002 2379 2057 hominis?
2399 2001 2643 2069 subjecit,
2661 1999 2757 2055 Vos
2779 2010 2953 2054 autem
2974 2016 3125 2070 quem
3145 2016 3225 2053 me
3245 2016 3354 2054 esse
3369 1999 3544 2053 dicitis
3562 1999 3588 2052 1’
3602 1999 3714 2054 illis

2115 2092 2239 2161 quia
2268 2092 2511 2147 homines
2550 2100 2676 2146 sunt
2713 2092 2949 2146 humana
2980 2090 3344 2159 opinantibus,
3373 2104 3470 2144 vos
3511 2090 3606 2159 qui
3632 2090 3714 2146 dii

2115 2182 2270 2247 estis,
2300 2197 2460 2251 quem
2507 2196 2592 2235 me
2630 2179 2986 2235 existimatis?
3012 2178 3203 2233 Petrus
3231 2193 3295 2232 es
3323 2193 3555 2248 persona
3583 2194 3711 2233 om-

2116 2272 2263 2326 nium
2307 2270 2672 2340 apostolorum
2716 2270 3027 2339 proﬁtetur,
3063 2278 3121 2321 tu
3153 2284 3206 2323 es
3241 2265 3479 2321 Christus
3528 2264 3713 2322 Filius

2115 2361 2212 2415 Dei
2256 2361 2372 2415 vivi.
2418 2359 2587 2414 Deum
2629 2360 2806 2415 vivum
2849 2357 3101 2427 appellat,
3129 2357 3197 2411 ad
3240 2358 3712 2427 comparationem

2116 2451 2336 2507 deorum
2381 2465 2568 2505 eorum
2617 2449 2708 2518 qui
2752 2456 3010 2518 putantur
3054 2446 3151 2513 dii,
3183 2446 3278 2501 sed
3320 2446 3519 2501 mortui
3553 2455 3709 2512 sunt,

2118 2542 2431 2608 Saturnum,
2458 2540 2666 2605 Jovem,
2696 2538 2972 2604 Cererem,
2998 2537 3251 2594 Liberum
3283 2547 3338 2592 et
3359 2546 3558 2593 caetera
3589 2538 3710 2594 ido-

2116 2636 2291 2692 lorum
2318 2641 2567 2705 portenta
2598 2630 2929 2703 signiﬁcans.

2188 2747 2524 2819 Respondeas
2543 2745 2578 2799 .l
2584 2761 2722 2809 esus,
2747 2743 2881 2797 dixit
2900 2743 2947 2797 ei
2972 2759 2991 2797 :
3029 2741 3223 2797 Beatus
3249 2759 3326 2805 es,
3351 2741 3537 2797 Simon
3565 2741 3708 2797 Bar—

2108 2841 2261 2912 jona,
2285 2840 2409 2910 quia
2430 2854 2556 2892 caro
2582 2846 2631 2890 et
2656 2835 2870 2905 sanguis
2895 2850 2998 2888 non
3021 2833 3261 2888 revelavit
3281 2833 3398 2899 tibi,
3423 2833 3517 2887 sed
3539 2831 3713 2888 Pater

2116 2946 2260 2983 meus
2285 2929 2373 2998 qui
2393 2936 2468 2981 est
2501 2927 2557 2980 in
2590 2923 2753 2979 caelis.
2792 2923 2945 2990 Quod
2976 2937 3105 2976 caro
3143 2930 3197 2977 et
3220 2922 3440 2991 sanguis
3459 2922 3714 2978 revelare

2117 3036 2223 3075 non
2259 3019 2450 3089 potuit,
2490 3018 2544 3072 id
2565 3024 2667 3081 est,
2693 3014 2938 3070 doctrina
2969 3015 3223 3077 humana,
3271 3012 3507 3083 Spiritus
3529 3015 3712 3070 sancti

2103 3108 2289 3186 gratia
2339 3110 2633 3167 revelatum
2657 3117 2759 3163 est.
2806 3107 2949 3178 Ergo
2995 3122 3065 3162 ex
3096 3107 3432 3161 confessione
3475 3107 3712 3161 sortitur

2117 3201 2460 3266 vocabulum,
2516 3197 2661 3270 quod
2700 3197 3085 3252 revelationem
3125 3211 3192 3251 ex
3249 3194 3453 3264 Spiritu
3511 3204 3711 3252 sancto

2117 3291 2335 3357 habeat,
2386 3290 2538 3360 cujus
2590 3296 2644 3343 et
2688 3286 2830 3342 ﬁlius
2878 3285 3223 3356 appellandus
3258 3287 3348 3352 sit,
3425 3286 3709 3360 siquidem

2115 3354 2344 3452 Barjona
2390 3354 2651 3450 in'lingua
2678 3386 2865 3433 nostra
2908 3354 3066 3433 sonat
3097 3377 3238 3432 ﬁlius
3263 3354 3545 3433 columbae.
3593 3354 3709 3435 Adii

2116 3472 2431 3542 simpliciter
2484 3470 2758 3539 accipiunt
2809 3469 2951 3537 quod
2999 3467 3208 3534 Simon,
3249 3469 3302 3523 id
3340 3477 3444 3542 est,
3506 3469 3710 3527 Petrus

2116 3540 2257 3617 ﬁlius
2282 3560 2591 3617 sitJoannis
2609 3557 2762 3626 juxta
2789 3557 3010 3612 alterius
3047 3558 3147 3612 loci
3176 3540 3658 3630 interrogationem
3686 3577 3705 3616 :

2117 3650 2299 3707 Simon
2327 3648 2572 3714 Joannis,
2610 3647 2786 3718 diligis
2816 3664 2897 3701 me
2917 3648 3061 3714 iQui
3106 3648 3410 3718 respondit:
3445 3648 3699 3716 Domine,

2113 3750 2169 3795 tu
2207 3742 2349 3805 scis;
2375 3747 2430 3794 et
2466 3738 2651 3794 volunt
2691 3738 3012 3807 scriptorum
3065 3737 3199 3793 vitio
3239 3738 3595 3807 depravatum
3645 3748 3710 3796 ut

2112 3846 2210 3902 pro
2254 3828 2579 3900 Barjoanna,
2647 3827 2750 3884 hoc
2783 3836 2888 3894 est,
2963 3827 3105 3882 ﬁlius
3146 3825 3406 3893 Joannis,
3464 3830 3706 3900 ΒδιῇοΜ

2112 3922 2370 3992 scriptum
2409 3920 2477 3975 sit
2529 3932 2635 3973 una
2680 3920 2920 3974 detracta
2964 3918 3185 3989 syllaba.
3260 3919 3466 3975 Joanna
3514 3930 3705 3978 autem

2114 4016 2501 4083 interpretatur
2532 4008 2745 4065 Domini
2776 4009 2966 4078 gratia.
3026 4008 3325 4079 Utrumque
3366 4018 3547 4066 autem
3600 4026 3705 4068 no-

2113 4121 2236 4161 men
2259 4102 2482 4176 mystice
2510 4098 2736 4169 intelligi
2763 4106 2959 4169 potest,
2991 4099 3138 4169 quod
3159 4108 3215 4155 et
3239 4101 3490 4157 columba
3514 4102 3701 4172 Spiri-

2114 4205 2223 4250 tum
2246 4202 2510 4257 sanctum,
2535 4200 2590 4247 et
2615 4191 2788 4262 gratia
2810 4190 2904 4245 Dei
2923 4191 3122 4246 donum
3149 4192 3412 4263 signiﬁcet
3427 4195 3700 4264 spiritale.

2111 4284 2243 4341 lllud
2295 4297 2508 4353 quoque
2562 4280 2705 4350 quod
2756 4280 2854 4345 ait,
2902 4281 3028 4351 quia
3077 4297 3203 4336 caro
3244 4291 3295 4336 et
3332 4285 3552 4355 sanguis
3591 4303 3705 4341 non

2114 4373 2354 4428 revelavit
2390 4370 2508 4437 tibi,
2549 4368 2854 4439 apostolicae
2900 4369 3200 4424 narrationi
3240 4379 3590 4440 comparatur
3640 4374 3703 4430 in

503 4460 778 4563 ιξιιίιίρριιε
813 4458 932 4563 is“.
961 4464 1045 4563 es"
1096 4454 1266 4511 frater
1291 4452 1562 4563 τυθτῗάίες
1694 4467 1816 4556 (ιιιο,
1845 4467 2010 4523 supra
2034 4503 2088 4563 Β
2115 4481 2221 4536 qua
2275 4465 2377 4528 ait,
2432 4464 2676 4518 continuo
2724 4479 2829 4517 non
2866 4464 3098 4533 acquievi
3147 4465 3296 4518 carni
3334 4476 3386 4519 et
3426 4469 3699 4537 sanguini,

434 4553 690 4615 diximus,
715 4549 987 4604 letrarcha
1009 4547 1207 4603 ltureze
1224 4544 1687 4603 etTrachonitidis
1707 4543 2005 4615 regionum,

435 4643 525 4713 qui
554 4643 608 4696 in
630 4642 888 4696 honorem
913 4639 1112 4695 Tiberii
1138 4638 1365 4694 Caesaris
1385 4635 1704 4699 Caesaream,
1724 4650 1844 4705 qua:
1864 4649 2009 4689 nunc

435 4733 644 4788 Paneas
674 4730 889 4795 dicitur,
921 4728 1228 4799 appellavit,
1255 4736 1310 4784 et
1340 4736 1423 4784 est
1448 4727 1502 4782 in
1532 4726 1808 4798 provincia
1851 4724 2009 4781 Phre-

434 4826 591 4881 nicis.

504 4914 575 4968 Et
607 4909 958 4981 interrogabat
1006 4907 1288 4980 discipulos
1313 4924 1434 4964 suos
1476 4906 1652 4962 dicens
1677 4924 1691 4962 :
1715 4906 1881 4971 Quem
1923 4904 2005 4957 di-

434 5015 555 5058 cunt
598 5003 829 5057 homines
856 5019 965 5057 esse
997 5003 1166 5071 ﬁlium
1212 5003 1479 5057 hominis?
1508 5001 1623 5056 Non
1662 5002 1817 5068 dixit,
1846 5016 2006 5071 quem

436 5111 523 5151 me
550 5094 735 5149 dicunt
775 5109 895 5150 esse
932 5094 1196 5159 homines,
1223 5094 1317 5149 sed
1353 5095 1522 5163 ﬁlium
1556 5094 1799 5159 hominis,
1831 5110 1900 5149 ne
1924 5093 2009 5163 ja-

434 5196 643 5242 ctanter
674 5184 739 5239 de
764 5198 823 5238 se
851 5199 1091 5253 quierere
1137 5184 1427 5259 videretur.
1460 5184 1527 5238 Et
1565 5193 1691 5239 nota
1720 5184 1864 5254 quod
1892 5186 2008 5240 ubi-'

434 5290 645 5347 cunque
675 5275 933 5344 scriptum
961 5281 1045 5329 est
1073 5274 1126 5327 in
1166 5272 1346 5329 Veteri
1375 5275 1719 5330 Testamento
1747 5275 1888 5331 ﬁlius
1914 5277 2011 5331 ho-

434 5369 612 5431 minis,
643 5366 698 5419 in
738 5364 964 5418 llebrmo
996 5364 1227 5433 positum
1264 5365 1336 5418 sit
1362 5364 1499 5419 ﬁlius
1536 5365 1745 5420 Adam?
1774 5365 2008 5435 illudque

432 5458 643 5528 quodin
664 5455 871 5526 psalmo
884 5454 1127 5524 legimus:
1146 5453 1274 5508 Filii
1288 5454 1575 5521 hominum,
1593 5473 1852 5527 usquequo
1864 5457 2009 5526 gravi

434 5547 627 5602 corde?
644 5546 704 5601 In
727 5545 950 5600 Hebraeo
972 5545 1190 5610 dicitur,
1231 5543 1331 5612 lilii
1355 5544 1542 5600 Adam.
1571 5545 1802 5602 Pulchre
1826 5555 2004 5603 autem

434 5638 751 5710 interrogat,
776 5654 929 5710 quem
957 5637 1133 5692 dicunt
1158 5652 1269 5691 esse
1299 5636 1529 5692 homines
1557 5637 1729 5708 ﬁlium
1755 5637 2002 5706 hominis,

436 5726 561 5794 quia
588 5727 678 5796 qui
709 5727 773 5783 de
814 5727 923 5784 ﬁlio
969 5727 1201 5784 hominis
1246 5726 1555 5797 loquuntur,
1578 5728 1822 5785 homines
1854 5740 2000 5798 sunt,

2112 4570 2331 4611 carnem
2383 4551 2456 4607 ibi
2500 4562 2557 4608 et
2579 4553 2890 4624 sanguinem
2942 4551 3156 4608 Judteos
3183 4562 3240 4608 et
3269 4553 3571 4611 Pharisaos
3600 4572 3702 4614 vo-

2112 4647 2230 4703 lens
2257 4646 2501 4717 intelligi,
2538 4653 2598 4700 ut
2630 4646 2731 4701 hoc
2757 4659 2971 4716 quoque
3006 4645 3108 4700 sub
3132 4647 3239 4701 alio
3266 4660 3427 4703 sensu
3467 4649 3701 4705 demon-

2111 4746 2316 4793 stretur
2365 4736 2508 4806 quod
2562 4735 2613 4790 ei
2660 4750 2766 4789 non
2797 4749 2894 4804 per
2921 4735 3222 4791 doctrinam
3268 4735 3695 4806 Pharisaeorum,

2110 4829 2203 4883 sed
2255 4842 2353 4899 per
2380 4826 2476 4883 Dei
2520 4826 2750 4898 gratiam
2777 4825 3026 4882 Christus
3067 4827 3163 4882 Dei
3204 4825 3373 4882 Filius
3420 4827 3699 4885 revelatus

2109 4920 2198 4974 sit.

2180 5013 2251 5067 Et
2287 5029 2380 5083 ego
2423 5010 2540 5066 dico
2559 5011 2672 5065 tibi.
2714 5010 2853 5078 Quid
2887 5018 2972 5066 est
3016 5010 3160 5080 quod
3194 5012 3287 5075 ait,
3322 5010 3391 5065 Et
3434 5027 3529 5081 ego
3570 5013 3696 5067 dico

2110 5104 2370 5174 tibi,quia
2406 5111 2464 5157 tu
2509 5102 2714 5166 dixisti,
2745 5111 2802 5155 tu
2831 5118 2885 5156 es
2927 5102 3163 5157 Christus
3204 5100 3255 5153 F
3257 5102 3381 5155 ilius
3423 5102 3523 5156 Dei
3559 5107 3693 5169 iuvi,

2111 5206 2166 5251 et
2191 5212 2290 5268 ego
2320 5195 2414 5251 tibi
2471 5211 2576 5249 nun
2607 5208 2857 5249 sermone
2899 5208 3056 5247 casso
3103 5200 3161 5246 et
3204 5192 3408 5247 nullum
3453 5193 3699 5250 habente

2111 5301 2268 5354 opus,
2332 5286 2428 5341 sed
2475 5285 2595 5340 dico
2641 5284 2762 5349 tibi,
2800 5283 2927 5352 quia
2986 5296 3163 5336 meum
3197 5281 3435 5348 dixisse,
3488 5281 3700 5340 fecisse

2112 5383 2215 5428 est.

2184 5462 2324 5528 Quia
2363 5472 2420 5516 tu
2441 5478 2495 5516 es
2517 5459 2729 5527 Petrus,
2767 5469 2816 5514 et
2846 5476 3003 5531 super
3032 5461 3165 5516 hanc
3187 5470 3388 5531 petram
3410 5462 3696 5532 ediﬁeabo

2110 5550 2401 5607 Ecclesiam
2455 5568 2644 5607 meam.
2708 5550 2859 5606 Sicut
2906 5550 3023 5621 ipse
3049 5549 3230 5606 lumen
3273 5547 3532 5621 apostolis
3583 5552 3693 5609 do-

2109 5640 2275 5705 navit,
2325 5649 2386 5696 ut
2410 5639 2591 5696 lumen
2632 5640 2819 5697 mundi
2844 5640 3199 5714 appellentur,
3221 5650 3278 5697 et
3317 5650 3517 5699 caetera
3563 5658 3700 5714 qua

2108 5747 2173 5789 ex
2204 5730 2427 5787 Domino
2454 5730 2629 5788 sortiti
2656 5739 2784 5788 sunt
2819 5731 3076 5788 vocabula
3177 5772 3193 5801 ,
3224 5732 3293 5788 ita
3414 5741 3470 5790 et
3496 5733 3689 5792 Simo-
