3962 6180
242 242 352 299 $53

1336 232 1644 291 HOMILH'Z
1685 230 1751 287 ΙΝ
1792 226 2046 284 EVANG.
2085 226 2171 282 ET
2214 226 2431 284 EPIST.

3398 260 3403 267 ε
3433 227 3540 284 5ὕὸ

237 360 337 431 qui
370 357 631 414 credebat
679 368 893 427 petram
944 353 1238 417 Christum,
1297 351 1444 406 Petri
1504 350 1729 420 largitus
1758 353 1841 401 est
1867 345 1914 403 Α
1942 316 2302 397 ἱιιίίιιῦἰειότίε
2328 304 2667 431 confessione
2697 341 2944 413 protulit,
2977 342 3323 414 inseparabili
3350 346 3534 401 cordis

236 466 468 506 nomen.
547 440 663 503 Hoc
708 445 1004 503 secundum
1058 444 1432 512 metaphoram
1478 448 1647 511 petite
1693 446 1842 493 recte

231 540 446 597 dicitur
490 537 566 603 ei,
648 534 921 605 aediﬁcabo
977 532 1269 588 Ecclesium
1327 545 1497 584 meam
1550 541 1711 596 super
1764 534 1838 586 te,

236 634 357 689 sive
391 648 552 703 super
603 630 740 684 lianc
776 637 999 698 petram,
1043 625 1225 687 idest,
1276 636 1440 691 super
1487 619 1634 673 illum
1679 630 1841 685 quem

236 726 407 779 modo
436 723 725 779 confessus
751 734 811 775 cs
838 719 1025 774 dicens
1052 735 1065 770 :
1092 715 1169 769 Tu
1191 731 1243 770 es
1264 712 1503 768 Christus
1532 708 1707 764 Filius
1745 708 1841 761 Dei
1880 750 1889 757 .

237 815 339 869 eisi
362 832 385 870 :
446 815 563 868 sive
618 825 782 882 super
833 811 977 865 hanc
1036 818 1270 877 petram,
1332 818 1495 873 super
1539 798 1838 856 confessio-

236 920 369 960 nem
409 903 584 959 Petri.

306 994 383 1048 Et
426 1004 600 1064 portae
636 990 793 1061 inferi
835 1007 940 1046 non
979 986 1332 1060 pra'valcbunt
1393 984 1645 1039 adversus
1699 996 1837 1035 eam.

234 1087 354 1158 Ego
380 1093 572 1156 portas
598 1085 758 1139 inferi
784 1082 912 1137 vitia
943 1096 1088 1145 reor,
1122 1087 1286 1148 atque
1307 1085 1552 1147 peccata,
1585 1073 1665 1128 vel
1691 1080 1842 1127 certe

234 1178 632 1233 baretieorum
673 1174 972 1238 doctrinas,
1049 1185 1146 1241 per
1192 1183 1329 1239 quas
1382 1165 1545 1221 illecti
1594 1163 1841 1219 homines

232 1271 521 1325 ducuntur
556 1269 627 1324 ad
654 1276 938 1322 tartarum.
974 1263 1145 1320 Nemo
1186 1263 1366 1331 itaque
1400 1264 1552 1330 putet
1573 1258 1639 1313 de
1664 1263 1841 1311 morte

230 1363 373 1427 dici,
421 1360 572 1431 quod
618 1357 848 1428 apostoli
900 1353 1196 1411 conditioni
1236 1351 1432 1407 mortis
1471 1345 1698 1415 subjecti
1726 1358 1835 1399 non

231 1451 477 1517 fuerint,
516 1465 748 1521 quorum
776 1446 1034 1519 martyria
1076 1444 1223 1499 videt
1281 1454 1588 1499 coruscare.

306 1544 383 1598 Et
427 1543 524 1599 tibi
551 1543 689 1598 dabo
717 1541 886 1597 claves
914 1539 1059 1610 regni
1082 1535 1352 1600 calorum,
1404 1542 1454 1588 et
1496 1530 1841 1603 quodcunque

231 1635 497 1705 ligaveris
533 1648 692 1703 super
725 1642 948 1694 terram,
1003 1628 1099 1683 erit
1148 1626 1369 1697 ligatum
1399 1632 1449 1677 et
1491 1623 1549 1677 in
1580 1620 1744 1685 cmlis,
1790 1627 1838 1673 et

1944 445 2077 484 cura
2129 431 2385 486 servavit.
2442 429 2644 501 Sicque
2687 431 2778 487 lict
2815 442 2875 487 ut
2920 435 3077 489 nobis
3122 449 3284 504 supra
3326 442 3537 504 petgam

1945 521 2070 576 ﬁdei
2117 537 2329 587 aurum,
2376 532 2678 593 argentum,
2723 525 2930 594 lapides
2956 527 3245 599 pretiosos,
3297 526 3403 581 hoc
3429 537 3536 590 est,

1943 610 2182 682 perfecta
2210 615 2472 668 virtutum
2500 630 2665 685 opera
2711 618 3151 673 construentibus
3192 617 3328 673 nihil
3368 619 3512 673 tribu

1944 704 2204 759 lationum
2245 705 2380 775 ignis
2418 705 2723 760 detrimenti
2750 706 2962 772 afferat,
3002 708 3135 762 nihil
3177 709 3533 764 tentatiouum

1945 795 2188 850 turbines
2262 794 2607 863 praevaleant,
2679 797 2804 865 quia
2879 798 3059 866 potius
3113 799 3534 855 adversitatihus

1942 887 2176 957 probati,
2231 887 2558 957 accipiemus
2586 902 2842 943 coronam
2870 889 3011 951 vitae,
3063 904 3225 958 quam
3257 889 3347 944 ille
3372 889 3532 944 nobis

1944 985 2070 1032 ante
2126 978 2319 1034 saecula
2387 978 2656 1048 promisit,
2724 979 2816 1048 qui
2869 979 3007 1033 vivit
3052 988 3107 1034 et
3159 989 3348 1051 regnat
3407 994 3533 1034 cum

1943 1065 2105 1121 Patre
2149 1068 2202 1121 in
2247 1068 2455 1122 unitate
2486 1065 2722 1137 Spiritus
2770 1068 2964 1132 sancti,
3020 1069 3184 1134 Deus,
3222 1083 3320 1137 per
3347 1070 3531 1124 omnia

1942 1157 2138 1249 safcula
2167 1159 2511 1215 szeculorum.
2541 1162 2737 1216 Amen.

2510 1270 2798 1327 HOMILIA
2831 1272 2965 1328 CXI.

2383 1358 2438 1396 IN
2473 1359 2670 1398 NATALI
2702 1358 2889 1398 SANCTI
2922 1358 3098 1399 PAULI.

2303 1431 2491 1488 Lectio
2518 1432 2751 1487 Actuum
2787 1432 3183 1504 apostolorum.

2014 1515 2082 1575 In
2105 1521 2288 1577 diebus
2325 1522 2430 1578 illis
2454 1540 2473 1578 :
2512 1522 2707 1578 Saulus
2741 1525 2915 1579 adhuc
2953 1525 3160 1595 spirans
3196 1526 3453 1581 minarum
3482 1536 3532 1581 et

1945 1612 2102 1666 ca'dis
2152 1613 2208 1666 in
2246 1614 2530 1687 discipulos
2590 1614 2818 1681 Domini,
2897 1623 3004 1670 etc.
3080 1616 3327 1671 Praesens
3372 1616 3532 1673 lectio

227 1694 610 1793 quodcunque.
658 1718 876 1774 solveris
915 1733 1073 1787 super
1104 1694 1323 1780 terram,
1372 1714 1474 1767 erit
1526 1709 1757 1765 solutum
1785 1718 1834 1762 et
1862 1694 1911 1753 Β
1938 1702 2171 1758 Actuum
2233 1705 2598 1774 apostolorum
2654 1707 2996 1776 pronuntiat,
3065 1707 3264 1763 fratres
3312 1711 3527 1766 charis-

229 1816 288 1870 in
332 1814 507 1870 talis.
556 1813 725 1869 Istum
763 1811 942 1866 locum
989 1807 1228 1880 episcopi
1277 1813 1333 1860 et
1374 1802 1677 1875 presbyteri
1732 1816 1837 1855 non

230 1908 616 1978 intelligentes
658 1904 860 1974 aliquid
881 1904 985 1960 sibi
1035 1903 1101 1959 de
1132 1901 1524 1956 Pharisaeorum
1555 1904 1840 1953 assumunt

229 1997 561 2069 supercilio,
616 2005 678 2051 ut
719 1995 798 2051 vel
835 1996 1091 2050 damnent
1133 1994 1470 2056 innocentes,
1531 1998 1586 2043 et
1630 1988 1839 2043 solvere

229 2105 294 2145 se
344 2088 545 2144 noxios
593 2087 945 2148 arbitrentur,
990 2099 1113 2139 cum
1170 2083 1310 2152 apud
1349 2080 1517 2136 Deum
1557 2094 1660 2134 non
1709 2092 1835 2132 sen-

230 2179 418 2235 tentia
466 2178 833 2240 sacerdotum,
887 2176 983 2231 sed
1019 2189 1208 2229 eorum
1253 2172 1363 2227 vita
1390 2178 1683 2242 qmeratur.
1736 2168 1839 2223 Le-

228 2270 428 2341 gimus
449 2268 504 2321 in
530 2266 777 2323 Levitico
801 2267 867 2322 de
890 2265 1138 2336 leprosis,
1173 2264 1266 2318 ubi
1291 2261 1551 2332 iubentur
1575 2268 1634 2315 ut
1656 2267 1839 2315 osten-

229 2360 381 2413 dant
403 2372 467 2413 se
510 2355 913 2427 sacerdotibus,
948 2363 1005 2411 et
1037 2355 1082 2411 si
1115 2356 1322 2424 lepram
1352 2352 1657 2415 habuerint,
1708 2358 1835 2405 tunc

228 2464 263 2500 a
300 2446 598 2502 sacerdote
620 2446 882 2501 immundi
905 2446 1055 2512 ﬁant,
1098 2459 1211 2503 non
1237 2443 1381 2514 quod
1420 2443 1729 2497 sacerdotes
1756 2440 1833 2496 le-

227 2553 442 2608 prosos
466 2537 673 2593 faciant
727 2544 784 2591 et
813 2536 1139 2600 immundos,
1180 2533 1274 2590 sed
1308 2534 1451 2603 quod
1473 2533 1706 2587 habeant
1736 2545 1837 2586 no-

227 2629 425 2683 titiam
467 2626 667 2698 leprosi
702 2635 893 2682 etnon
925 2626 1142 2696 leprosi,
1189 2633 1246 2680 et
1292 2624 1502 2694 possint
1525 2623 1836 2678 discernere

225 2720 335 2789 qui
391 2718 648 2783 mundus,
691 2718 851 2786 quive
889 2717 1200 2771 immundus
1241 2715 1332 2770 sit.
1381 2713 1661 2780 Quomodo
1708 2726 1838 2782 ergo

226 2812 309 2867 ibi
359 2810 634 2880 leprosum
663 2809 917 2864 sacerdos
962 2806 1298 2863 immundum
1346 2805 1497 2871 facit,
1545 2804 1623 2859 sic
1655 2812 1711 2858 et
1748 2803 1839 2858 hic

223 2904 433 2974 alligat
472 2902 558 2957 vel
598 2901 758 2957 solvit
798 2900 1084 2970 episcopus
1130 2907 1186 2953 et
1226 2898 1527 2968 presbyter,
1590 2911 1699 2950 non
1743 2910 1837 2951 eos

224 2994 331 3064 qui
383 2993 628 3048 insontes
673 2998 802 3047 sunt
834 2991 920 3045 vel
963 2989 1133 3054 noxii,
1189 2988 1286 3044 sed
1330 3002 1431 3059 pro
1484 2984 1662 3042 ofﬁcio
1715 2998 1830 3045 suo.

224 3098 369 3138 curn
413 3090 762 3152 peccatorum
790 3079 1020 3135 audierit
1042 3079 1352 3143 varietates,
1385 3078 1487 3133 scit
1544 3077 1637 3148 qui
1666 3075 1837 3148 ligan-

226 3173 346 3227 dus
374 3170 473 3236 sit,
514 3170 610 3240 qui
637 3170 945 3225 solvendus.
997 3168 1157 3225 Omni
1198 3168 1362 3238 igitur
1400 3167 1694 3223 electorum
1730 3168 1834 3221 Ec-

226 3260 426 3317 clesiae
472 3258 627 3330 juxta
674 3259 893 3314 modum
940 3258 1219 3328 culparum
1274 3257 1586 3327 ptenitentis
1634 3255 1833 3326 ligandi

228 3370 303 3408 ac
337 3352 583 3409 solvendi
606 3352 766 3407 datur
786 3350 1102 3414 auctoritas,
1128 3349 1223 3404 sed
1258 3349 1377 3404 ideo
1401 3349 1590 3404 beatus
1620 3346 1832 3412 Petrus,

229 3444 336 3515 qui
371 3443 651 3500 Christum
688 3456 818 3497 vera
842 3441 946 3497 ﬁde
990 3441 1303 3509 confessus,
1340 3453 1468 3493 vero
1514 3446 1600 3494 est
1641 3452 1831 3493 amore

230 3528 492 3598 secutus,
520 3531 825 3602 specialiter
851 3530 1032 3586 claves
1057 3530 1208 3601 regni
1235 3528 1497 3584 caelorum
1542 3536 1599 3583 et
1629 3528 1834 3598 princi-

231 3633 433 3695 patum
473 3622 774 3692 iudiciariae
821 3621 1102 3693 potestatis
1143 3620 1358 3689 accipit,
1407 3627 1469 3674 ut
1500 3634 1692 3674 omnes
1738 3633 1838 3690 per

232 3716 439 3771 orbem
469 3713 753 3769 credentes
782 3711 1105 3781 intelligant,
1141 3710 1266 3779 quia
1291 3709 1599 3779 quicunque
1629 3709 1697 3762 ah
1721 3708 1839 3762 uni-

232 3816 363 3862 tate
389 3806 516 3862 ﬁdei
549 3805 636 3861 vel
667 3804 944 3861 societatis
985 3803 1128 3858 illius
1159 3801 1399 3871 quolibet
1433 3800 1595 3855 modo
1637 3807 1837 3856 semet-

230 3899 399 3968 ipsos
468 3904 770 3968 segregant,
842 3894 977 3951 tales
1038 3909 1142 3950 nec
1195 3892 1423 3948 vinculis
1488 3900 1836 3962 peccatorum

230 3984 478 4051 absolvi,
517 3998 614 4041 nec
645 3984 869 4054 ianuam
906 3982 1118 4054 possint
1152 3982 1303 4062 regni
1331 3981 1567 4038 cmlestis
1604 3982 1835 4053 ingredi,

230 4074 396 4130 unde
432 4089 531 4129 nos
562 4088 788 4130 necesse
818 4083 902 4131 est
943 4083 1052 4129 tota
1080 4073 1400 4138 intentione,
1459 4071 1661 4128 fratres
1707 4072 1838 4126 cha-

228 4163 478 4230 rissimi,
526 4175 581 4221 et
608 4164 732 4220 ﬁdei
776 4180 940 4235 quam
985 4163 1172 4220 docuit
1223 4171 1566 4221 sacramenta
1605 4164 1832 4229 discere,

226 4267 295 4312 et
356 4258 709 4326 congruentia
756 4256 880 4312 ﬁdei
926 4272 1089 4327 opera
1141 4257 1535 4312 demonstrare.
1605 4255 1836 4312 Necesse

1938 1795 2089 1861 simi,
2154 1798 2424 1866 quomodo
2461 1798 2735 1867 apostolus
2766 1797 2982 1864 Paulus,
3016 1799 3169 1869 cujus
3196 1800 3526 1872 singularem

1937 1893 2098 1947 hodie
2143 1889 2492 1946 festivitatem
2524 1889 2770 1955 colimus,
2802 1905 2869 1945 ex
2894 1900 3246 1960 persecutore
3266 1892 3531 1949 Christia-

1937 1998 2152 2047 norum,
2208 1979 2533 2051 przedicator
2565 1989 2621 2034 et
2660 1980 2851 2035 doctor
2877 1980 3054 2035 factus
3074 1991 3157 2037 est
3184 1982 3523 2040 Christiano-

1938 2087 2078 2126 rum.
2123 2070 2373 2126 Christus
2423 2071 2566 2125 enim
2607 2071 2809 2125 occidit
2873 2071 2926 2124 in
2954 2085 3020 2126 eo
3056 2073 3316 2128 suavitiam
3357 2082 3411 2130 et
3444 2092 3531 2131 re-

1938 2166 2202 2221 viviscere
2225 2164 2352 2220 fecit
2381 2164 2434 2219 in
2465 2180 2529 2219 eo
2554 2164 3023 2220 mansuetudinem
3051 2180 3234 2220 veram
3266 2182 3281 2220 :
3313 2167 3530 2239 imple-ta

1934 2266 2021 2313 est
2062 2257 2207 2312 enim
2252 2256 2305 2309 in
2344 2270 2411 2310 eo
2464 2255 2753 2325 prophetia
2796 2254 2939 2310 beati
2988 2256 3311 2324 patriarcha:
3362 2258 3532 2315 Iacob

1935 2348 2029 2416 qui
2074 2362 2196 2402 cum
2251 2345 2529 2415 Beniamin
2582 2344 2749 2398 ﬁlium
2792 2359 2951 2398 suum
3012 2346 3356 2403 benediceret
3408 2352 3527 2406 ait:

1937 2438 2215 2508 Benjamin
2283 2436 2441 2507 lupus
2483 2450 2651 2505 rapax
2685 2450 2840 2489 mane
2886 2436 3110 2490 comedit
3171 2440 3430 2506 prirdam,
3479 2454 3531 2498 et

1936 2543 2143 2598 vespere
2193 2526 2386 2581 diuidet
2425 2524 2615 2595 spolia.
2666 2525 2768 2592 Qui
2796 2524 2943 2579 enim
2995 2541 3141 2580 nunc
3172 2526 3374 2584 Paulus
3405 2541 3529 2601 post

1936 2614 2342 2671 conversionem
2390 2615 2565 2670 dictus
2606 2622 2711 2679 est,
2765 2624 2927 2668 antea
2970 2628 3095 2669 cum
3142 2615 3196 2669 in
3251 2617 3530 2688 impietate

1935 2707 2221 2763 exsisteret
2246 2705 2441 2761 Saulus
2465 2707 2779 2770 vocabatur,
2839 2705 2967 2776 quia
3002 2720 3126 2759 cum
3169 2715 3530 2771 commutavit

1936 2813 2099 2869 opera
2131 2797 2360 2852 mutavit
2387 2805 2444 2852 et
2477 2812 2693 2852 nomen.
2726 2798 2856 2852 Erat
2888 2796 3031 2852 enim
3078 2795 3154 2856 de
3205 2803 3346 2858 tribu
3393 2804 3532 2860 Ben-

1930 2888 2124 2958 iamin,
2167 2896 2389 2957 eratque
2414 2887 2570 2957 lupus
2596 2902 2774 2954 mane,
2826 2890 2880 2944 id
2914 2900 3014 2955 est,
3075 2894 3250 2962 primo
3278 2909 3534 2965 ῃειιεοοιι.

1940 2989 2027 3035 tor
2080 2979 2544 3041 Christianorum;
2602 2993 2860 3048 vespere,
2916 2981 2969 3035 id
3021 2992 3104 3039 est
3158 2993 3365 3055 postea,
3429 3002 3529 3057 per

1939 3069 2141 3125 Christi
2171 3069 2401 3145 gratiam
2432 3076 2690 3133 mutatus,
2724 3070 2907 3125 divisit
2951 3073 3144 3143 spolia,
3174 3074 3227 3129 id
3264 3084 3366 3142 est,
3395 3091 3529 3147 gen—

1937 3159 2081 3214 tibus
2125 3159 2352 3214 miriﬁce
2405 3160 2716 3229 evangelica
2762 3171 3100 3217 sacramenta
3147 3164 3349 3221 divisit.
3411 3167 3530 3222 Au-

1936 3250 2149 3305 diamus
2191 3264 2317 3305 eum
2360 3264 2528 3304 mane
2572 3250 2942 3307 comedentem
2992 3254 3264 3325 praedam;
3327 3256 3531 3315 Saulus

1935 3340 2110 3395 adhuc
2149 3340 2358 3409 spirans
2410 3340 2679 3394 minarum
2717 3350 2765 3394 et
2803 3342 2961 3397 credis
3000 3345 3056 3398 in
3103 3345 3387 3418 discipulos
3424 3349 3533 3404 Do-

1935 3431 2087 3496 mini,
2132 3431 2269 3501 petit
2310 3437 2369 3485 et
2395 3429 2608 3501 accepit
2640 3429 2897 3499 epistolas
2925 3445 2957 3486 a
2984 3433 3318 3503 principibus
3346 3451 3532 3493 sacer-

1936 3522 2122 3578 dotum
2169 3523 2224 3577 in
2255 3523 2574 3578 Damascum
2622 3523 2714 3577 ubi
2745 3522 2858 3592 iam
2910 3538 3106 3594 magna
3134 3540 3262 3595 pars
3289 3526 3530 3583 ﬁdelium

1936 3620 2076 3678 erat,
2130 3620 2191 3666 ut
2231 3628 2585 3684 quoscunque
2636 3615 2905 3669 inveniret
2953 3614 3113 3684 hujus
3139 3617 3238 3670 via:
3283 3617 3420 3673 viros
3465 3636 3529 3673 ac

1935 3704 2202 3769 mulieres,
2237 3705 2289 3758 in
2319 3704 2595 3759 Christum
2642 3706 2946 3772 credentes,
3000 3706 3197 3761 vinctos
3240 3708 3524 3765 adduceret

1935 3797 1992 3850 in
2016 3793 2312 3850 Jerusalem
2341 3795 2410 3850 ad
2444 3795 2782 3866 martyrium.

2010 3885 2076 3941 Et
2124 3887 2252 3940 dum
2300 3887 2401 3941 iter
2439 3884 2656 3954 faceret,
2717 3889 2933 3959 contigit
2978 3899 3038 3945 at
3086 3895 3527 3966 appropinquaret

1935 3979 2221 4045 Damasco,
2277 3989 2328 4034 et
2364 3980 2536 4034 subito
2583 3981 2932 4052 circumfulsit
2991 4000 3109 4039 eum
3152 3984 3247 4041 lux
3290 3987 3355 4041 de
3376 3987 3522 4056 cwlo,

1934 4081 1984 4124 et
2027 4071 2220 4125 cadens
2259 4072 2316 4125 in
2354 4081 2550 4125 terram
2599 4072 2798 4128 audivit
2857 4089 3029 4129 vocem
3076 4076 3328 4132 dicentem
3381 4079 3482 4134 sibi
3506 4096 3525 4134 .'

1936 4160 2119 4227 Saule,
2163 4160 2348 4239 Saule,
2389 4162 2515 4231 quid
2553 4178 2635 4217 me
2681 4167 3046 4236 persequeris?
3075 4166 3212 4234 Quia
3244 4170 3388 4239 quod
3433 4171 3525 4224 uni

1935 4240 2001 4306 ex
2064 4250 2313 4306 ﬁdelibus
2328 4240 2504 4307 \meis
2569 4254 2944 4323 persequendo
2997 4253 3212 4320 feceris,
3268 4271 3357 4312 me
3422 4257 3527 4313 hoc

228 4356 335 4402 est
354 4346 503 4400 omni
543 4345 817 4417 vigilantia
847 4345 1169 4416 multiplices
1194 4345 1525 4416 subtilesque
1553 4354 1832 4415 portarunt
1864 4381 1913 4439 υ
1939 4343 2076 4397 scito
2099 4356 2404 4412 passurum.
2455 4342 2594 4409 Quid
2623 4342 2826 4398 frustra
2861 4344 3067 4399 insanis
3111 4353 3300 4400 contra
3328 4362 3525 4404 nomen

230 4438 413 4494 inferi
455 4453 648 4495 cavere
683 4439 927 4503 insidias,
990 4447 1259 4508 quatenus
1321 4436 1475 4505 iuxta
1530 4438 1834 4494 Psalmistre

229 4543 444 4587 vocem
486 4528 555 4583 de
596 4527 682 4583 his
727 4525 1016 4595 adiuvante
1059 4528 1288 4583 Domino
1333 4526 1489 4597 eripi,
1552 4537 1715 4597 atque
1765 4528 1833 4582 ad

232 4619 652 4677 annuntiandas
695 4616 812 4686 eius
852 4618 1059 4684 laudes,
1120 4627 1306 4688 portas
1354 4618 1480 4673 ﬁlia:
1527 4617 1678 4683 Sion,
1728 4618 1833 4674 hoc

233 4718 355 4774 est,
431 4709 628 4780 gaudia
672 4723 981 4765 mereamur
1030 4723 1280 4778 superna:
1327 4707 1563 4763 civitatis
1608 4708 1830 4765 intrare.

232 4803 365 4859 Nec
394 4800 639 4858 sufﬁcere
692 4800 847 4856 nobis
866 4800 934 4855 ad
987 4800 1216 4855 salutem
1265 4799 1593 4855 arbitremur
1634 4798 1679 4853 si
1722 4807 1837 4853 tur-

235 4901 338 4956 bis
391 4897 799 4969 negligentiam,
826 4896 913 4952 vel
955 4894 1322 4965 quorumlibet
1360 4895 1699 4950 indoctorum
1731 4894 1835 4948 ﬁde

236 4988 338 5045 vel
388 4988 602 5043 actibus
646 4988 1010 5057 adatquemur,
1075 4984 1272 5054 quibus
1318 4986 1373 5039 in
1418 4984 1615 5038 litteris
1663 4985 1834 5039 sacris

236 5080 411 5136 unica
440 5088 526 5135 est
560 5077 815 5134 credendi
860 5077 1066 5147 pariter
1108 5086 1165 5132 et
1208 5076 1424 5131 vivendi
1469 5075 1653 5145 regula
1699 5089 1837 5144 prae-

234 5169 471 5239 scripta,
531 5167 626 5223 sed
672 5167 1105 5237 quotiescunque
1154 5166 1310 5221 nobis
1351 5166 1649 5243 ergantium
1684 5166 1833 5234 inge-

237 5268 447 5317 runtur
491 5258 759 5331 excinpla,
825 5273 924 5314 nos
970 5258 1254 5314 confestim
1298 5265 1602 5313 avertentes
1651 5258 1834 5315 oculos

236 5352 451 5408 mentis
495 5359 718 5413 nostra.
788 5365 856 5405 nc
894 5351 1115 5405 videant
1158 5349 1472 5415 vanitatem,
1496 5350 1667 5420 magis
1705 5351 1834 5421 quid

236 5441 455 5496 veritas
504 5441 620 5510 ipsa
657 5441 918 5496 decernat
954 5439 1140 5494 sedulo
1183 5439 1347 5495 corde
1387 5447 1692 5495 scrutemur
1746 5455 1835 5495 se-

239 5542 481 5603 quentes
501 5532 807 5603 exemﬂum
862 5530 1006 5586 beati
1044 5530 1214 5596 Petri,
1262 5530 1354 5600 qui
1405 5515 1601 5601 spretis
1644 5546 1834 5585 erram-

241 5624 383 5678 tium
425 5623 614 5691 sectis,
670 5637 814 5678 vera:
859 5620 982 5677 fidei
1020 5635 1297 5676 arcanum'
1326 5621 1469 5691 quod
1514 5630 1839 5693 cognoverat

1941 4452 2139 4503 meum,
2166 4438 2301 4507 quia
2333 4437 2445 4507 iam
2487 4437 2614 4491 olim
2660 4437 2900 4492 omnium
2931 4435 3235 4492 Judzeorum
3275 4440 3526 4496 manibus

1939 4527 2184 4583 occidisti
2236 4535 2529 4597 martyrem
2580 4542 2759 4581 meum
2809 4525 3182 4597 Stephanum?
3221 4526 3360 4584 Olim
3406 4533 3526 4601 qui-

1941 4621 2062 4677 dem
2098 4618 2257 4675 debui
2288 4618 2515 4688 perdere
2543 4626 2614 4685 te,
2663 4618 2757 4672 sed
2799 4617 3106 4690 Stephanus
3150 4635 3305 4678 meus
3346 4625 3525 4679 oravit

1886 4748 1895 4755 -
1937 4726 2038 4781 pro
2080 4718 2154 4765 te.
2184 4730 2203 4757 ι

2010 4800 2079 4855 Et
2116 4798 2206 4853 ille
2235 4816 2248 4852 :
2278 4796 2408 4863 Quis
2439 4814 2514 4863 es,
2562 4797 2782 4853 Domine
2808 4799 2834 4853 ?
2855 4799 2919 4855 Et
2946 4800 3207 4857 Dominus
3242 4803 3309 4858 ad
3336 4804 3517 4860 illum.

1943 4890 2058 4960 Ego
2093 4904 2210 4943 sum
2230 4886 2385 4942 Jesus
2414 4886 2751 4952 Nazarenus,
2793 4904 2947 4958 quem
2979 4900 3035 4943 tu
3069 4893 3390 4962 persequeris
3436 4896 3521 4951 in-

1944 4980 2137 5046 ﬁdelis,
2174 4978 2269 5035 sed
2298 4995 2453 5050 surge
2482 4986 2532 5032 et
2565 4973 2839 5049 ingredere
2884 4980 3144 5034 civitatem
3164 5023 3178 5044 ,
3222 4978 3294 5036 ibi
3306 4984 3525 5039 dicetur

1945 5073 2038 5126 tibi
2059 5072 2185 5143 quid
2207 5082 2255 5125 te
2280 5080 2510 5141 oporteat
2534 5070 2728 5139 facere.
2746 5071 2814 5125 Et
2843 5087 3075 5143 surgens
3120 5075 3254 5129 nihil
3279 5076 3517 5145 videbat,

1942 5169 1998 5217 et
2022 5162 2099 5216 ita
2126 5172 2238 5216 erat
2275 5160 2441 5215 tribus
2472 5160 2653 5215 diebus
2683 5177 2788 5215 non
2818 5162 3017 5227 videns,
3068 5173 3119 5217 et
3156 5180 3259 5219 non
3299 5168 3524 5220 mandu-

1941 5254 2073 5308 cavit
2095 5269 2257 5325 neque
2278 5252 2422 5307 bibit.
2458 5251 2539 5308 Ad
2571 5253 2673 5308 hoc
2694 5254 2910 5310 carnale
2932 5256 3074 5312 istud
3100 5256 3281 5312 lumen
3308 5257 3524 5328 aliquod

1941 5345 2200 5417 temporis
2237 5344 2487 5415 perdidit,
2546 5353 2607 5399 ut
2652 5345 2892 5416 spiritale
2938 5349 3185 5403 veracius
3241 5362 3340 5419 per
3382 5347 3521 5403 hanc

1940 5452 2159 5509 poenam
2190 5438 2469 5508 percipere
2499 5448 2702 5508 posset.
2752 5437 2823 5493 Et
2865 5438 2970 5493 hoc
3012 5439 3131 5494 ideo
3170 5439 3349 5493 triduo
3389 5454 3519 5511 per-

1942 5530 2099 5597 didit,
2152 5530 2279 5599 quia
2309 5531 2595 5585 Dominum
2640 5545 2746 5585 non
2775 5531 3076 5585 crediderat
3109 5531 3267 5586 tertia
3294 5529 3381 5586 die
3431 5547 3523 5586 ιθ-

1943 5621 2263 5677 rurrexisse.
2309 5620 2547 5677 Ananias
2583 5620 2800 5691 quidam
2835 5621 3127 5693 discipulus
3157 5619 3358 5678 Christi
3406 5628 3521 5680 erat
