3962 6180
497 296 604 351 355

1134 291 1196 346 Β.
1242 290 1490 346 BADA-Nl
1532 288 1745 344 MAURI
1784 287 2103 343 ARCIIIEP.
2139 287 2444 342 MOGUNI'.
2483 287 2766 345 OPERUM
2807 289 2984 343 PARS
3023 289 3088 343 Il.

3632 292 3743 349 356

500 407 779 461 Damasco.
803 403 901 460 Cui
928 402 1060 458 dixit
1091 402 1382 456 Dominus:
1414 400 1604 470 Surge,
1642 400 1769 453 vade
1803 401 1856 454 in
1895 399 2063 452 vicum
2097 418 2140 473 Α
2165 400 2327 452 secuti
2373 415 2552 452 sumus
2593 409 2662 463 te,
2710 398 2935 455 fecimus
2965 401 3106 471 quod
3156 401 3388 470 jussisti,
3419 401 3548 473 quid
3585 403 3746 476 igitur

503 503 586 559 sui
629 495 822 548 dicitur
867 492 1074 556 Rectus,
1108 501 1156 545 et
1185 507 1358 561 qurere
1395 489 1635 555 Saulum,
1679 495 1736 542 et
1764 489 1959 542 accede
1995 488 2062 541 ad

499 604 646 654 eum,
701 595 756 641 et
796 588 943 656 signa
979 599 1100 638 eum
1137 586 1450 638 charactere
1488 598 1628 646 meo,
1708 582 1872 636 multa
1918 582 2063 636 enim

499 681 735 750 patietur
771 691 870 746 pro
905 675 1118 729 nomine
1145 687 1284 727 meo.
1320 673 1386 728 Et
1434 673 1561 726 ille:
1595 672 1835 736 Domine,
1888 671 2064 724 audiri

501 769 563 821 de
589 783 694 822 viro
721 759 846 829 hoc,
893 773 1092 838 quanta
1114 763 1256 817 mala
1280 763 1458 832 fecerit
1491 763 1684 817 sanctis
1715 763 1858 825 tuis;
1884 762 1960 815 ait
1989 761 2064 815 illi

500 857 798 911 Dominus:
841 852 1003 919 Vade,
1051 847 1298 923 quoniam
1341 868 1431 906 vas
1467 851 1731 905 electionis
1790 860 1864 904 est
1915 851 2064 915 mihi,

499 956 554 998 ut
597 955 760 1013 portet
796 959 980 998 nomen
1020 958 1192 996 meum
1248 942 1306 995 in
1363 941 1597 1011 gentibus
1637 955 1810 993 coram
1863 940 2066 1008 regibus

498 1047 544 1090 et
580 1036 895 1105 principibus
939 1044 1109 1088 terrte.
1170 1033 1291 1086 Ideo
1326 1033 1467 1086 enim
1501 1039 1770 1100 prostrata
1800 1039 1883 1085 est
1923 1031 1973 1084 in
2003 1046 2067 1086 eo

500 1124 772 1192 superbia,
801 1131 859 1177 ut
879 1123 1118 1192 erigatur
1150 1120 1448 1184 humilitas,
1479 1129 1532 1174 et
1558 1120 1772 1174 devotio
1801 1119 2064 1189 obsequii.

500 1213 772 1266 Prostrata
799 1221 923 1266 sunt
945 1211 998 1264 in
1043 1227 1106 1266 eo
1127 1209 1238 1278 jam
1269 1210 1420 1275 vitia,
1453 1218 1510 1263 ut
1531 1211 1788 1263 sanctitas
1809 1209 2065 1277 erigatur.

513 1302 669 1354 Venit
694 1317 823 1368 ergo
868 1302 1124 1365 Ananias,
1161 1302 1456 1371 baptizavit
1485 1301 1704 1354 Saulum
1735 1301 1978 1368 impium,
2018 1307 2073 1353 et

503 1391 627 1445 fecit
654 1392 806 1445 nobis
841 1391 1058 1444 Paulum
1107 1391 1512 1460 prredicatorem
1561 1390 1738 1460 pium;
1782 1389 2072 1456 baptizavit

505 1483 689 1550 lupum
731 1489 786 1535 et
834 1481 957 1536 fecit
1009 1497 1228 1551 agnum,
1300 1489 1526 1551 postque
1563 1480 1826 1550 cepimus
1877 1480 2075 1533 habere

503 1588 627 1626 eum
672 1573 1103 1640 praedicatorem,
1139 1588 1298 1641 quem
1351 1571 1636 1626 habuimus
1683 1580 1839 1624 antea
1892 1586 2073 1640 perse-

503 1673 776 1727 cutorem;
816 1677 944 1716 ecce
985 1663 1249 1730 quomodo
1279 1676 1500 1730 vespere
1525 1661 1706 1716 divisit
1735 1661 1922 1729 spolia.
1952 1661 2074 1715 Coe-

2163 489 2318 543 nobis
2347 489 2499 544 dabis
2539 491 2744 560 praemii
2775 492 2798 544 ?

2231 577 2387 633 Jesus
2437 590 2611 633 autem
2663 581 2794 636 dixit
2839 582 2946 636 illis
2983 583 3191 637 :Amen
3248 583 3366 638 dico
3403 585 3563 653 vobis,
3610 591 3749 659 quod

2163 685 2252 725 vos
2277 672 2365 742 qui
2385 671 2548 725 secuti
2589 673 2710 727 estis
2755 689 2856 739 me,
2884 675 2938 727 in
2961 675 3368 744 regeneratione,
3404 693 3520 731 eum
3560 679 3752 734 sederit

2165 758 2342 814 Filius
2373 761 2597 816 hominis
2633 763 2686 814 in
2713 763 2832 816 sede
2856 763 3144 833 majestatis
3166 781 3296 829 sure,
3323 767 3564 822 sedebitis
3593 778 3640 823 et
3666 787 3754 824 ros

2164 867 2319 922 super
2369 835 2515 906 sedes
2558 853 2828 908 duodecim
2887 856 3184 924 judicantes
3253 859 3526 913 duodecim
3587 862 3755 915 tribus

2165 939 2355 994 Israel.
2403 941 2517 995 Non
2565 943 2719 1007 dixit,
2760 945 2848 1012 qui
2891 946 3184 1015 reliquistis
3233 949 3435 1013 omnia,
3484 950 3588 1005 hoc
3607 951 3756 1005 enim

2165 1035 2221 1081 et
2274 1027 2532 1084 Socrates
2560 1030 2685 1084 fecit
2731 1033 3100 1102 philosophus,
3143 1042 3196 1089 et
3228 1036 3383 1090 multi
3417 1036 3506 1091 alii
3539 1039 3758 1094 divitias

2165 1127 2600 1188 contempserunt
2625 1137 2639 1185 ;
2663 1122 2756 1175 sed
2780 1124 2867 1193 qui
2899 1125 3057 1176 secuti
3080 1127 3202 1180 estis
3229 1144 3330 1191 me,
3362 1131 3505 1198 quod
3532 1131 3757 1200 proprie

2169 1209 2532 1276 apostolorum
2556 1221 2637 1265 est
2673 1221 2834 1280 atque
2859 1215 3193 1269 credentium
3219 1233 3233 1281 ;
3283 1219 3339 1271 in
3369 1222 3759 1288 regeneratione

2168 1313 2286 1350 cum
2320 1298 2509 1351 sederit
2559 1298 2729 1354 Filius
2765 1301 2988 1355 hominis
3034 1304 3088 1358 in
3121 1305 3240 1359 sede
3276 1306 3565 1375 majestatis
3613 1327 3750 1375 sum,

2169 1385 2382 1452 quando
2407 1400 2473 1439 ex
2505 1388 2730 1442 mortuis
2756 1389 2821 1442 de
2867 1391 3208 1460 corruptione
3257 1406 3538 1465 resurgent
3570 1397 3752 1452 ineor-

2170 1474 2332 1542 rupti,
2389 1475 2632 1530 sedebitis
2679 1487 2725 1531 et
2783 1495 2868 1532 vos
2916 1479 2967 1533 in
3012 1481 3160 1536 soliis
3204 1481 3566 1550 judicantinm
3624 1503 3763 1542 eon-

2171 1563 2485 1619 demnantes
2527 1566 2799 1622 duodecim
2827 1570 2991 1624 tribus
3036 1570 3224 1637 Israel,
3277 1577 3402 1643 quia
3445 1577 3598 1631 vobis
3637 1594 3761 1632 erc-

2172 1651 2421 1706 dentibus
2465 1653 2537 1706 illi
2575 1658 2794 1710 credere
2847 1658 3154 1714 noluerunt.
3194 1661 3292 1718 llic
3317 1663 3577 1720 discimus
3629 1683 3761 1721 cum

501 1751 579 1818 pit
603 1750 746 1803 enim
774 1749 970 1820 ubique
1003 1751 1186 1804 statim
1227 1750 1520 1818 przediearc
1559 1748 1834 1804 Christum
1887 1757 2075 1804 contra
2108 1733 2150 1792 Β
2178 1743 2452 1812 (“sellium
2479 1746 2591 1800 θυῖε
2641 1745 3003 1815 indicaturum
3052 1750 3268 1819 «Iesum;
3327 1757 3470 1810 unde
3520 1767 3578 1812 et
3628 1759 3761 1812 alibi

501 1851 662 1904 quem
709 1845 868 1891 antea
909 1835 1122 1891 fortiter
1166 1839 1525 1908 expugnavit;
1580 1853 1722 1892 nunc
1773 1838 2078 1906 patiebatur

502 1929 698 1983 Paulus
737 1931 880 1998 quod
922 1929 1124 1984 fecerat
1154 1929 1386 1994 Saulus;
1421 1929 1617 1983 Saulus
1646 1929 1904 1999 lapidavit
1951 1929 2074 1984 Stc-

504 2019 762 2086 phanum,
818 2019 1014 2074 Paulus
1051 2020 1316 2089 lapidatus
1352 2029 1436 2075 est
1498 2030 1719 2089 propter
1767 2019 2072 2086 Christum;

509 2108 700 2163 Saulus
728 2108 1062 2165 Christianos
1087 2110 1252 2181 virgis
1295 2111 1510 2174 cecidit,
1561 2110 1756 2165 Paulus
1799 2125 1898 2180 pro
1923 2111 2078 2166 Chri-

508 2207 592 2252 sto
619 2199 902 2268 quinquies
934 2201 1300 2270 quadragenas
1334 2216 1440 2254 una
1476 2201 1652 2255 minus
1679 2201 1798 2255 ideo
1847 2203 2074 2272 accepit,

509 2295 567 2340 ut
597 2289 787 2340 iterum
833 2291 1128 2345 caederetur
1167 2305 1264 2359 pro
1291 2289 1527 2345 Christo.
1575 2291 1709 2345 Nam
1737 2293 1916 2346 omnia
1961 2307 2080 2363 qua:

508 2385 664 2429 antea
705 2375 949 2430 ﬁdelibus
982 2378 1250 2447 irrogarat
1295 2379 1556 2449 supplicia
1584 2419 1598 2444 ,
1660 2381 1828 2436 multo
1874 2383 2077 2452 majora

507 2467 620 2535 ipse
659 2482 848 2536 passus
892 2477 976 2523 est
1009 2485 1105 2539 pro
1153 2469 1370 2526 Christo
1400 2480 1681 2527 tormenta.
1737 2474 1792 2528 Si
1831 2476 2081 2530 conside-

507 2573 707 2622 remus,
763 2559 1093 2615 dilectissimi
1135 2564 1291 2617 nobis
1317 2577 1332 2617 :
1362 2565 1448 2617 via
1476 2574 1658 2619 nostra
1698 2565 1946 2622 Christus
1973 2576 2076 2622 est.

509 2647 782 2704 Christum
825 2653 1097 2716 attendite,
1129 2655 1236 2723 pati
1269 2656 1435 2720 venit,
1469 2656 1563 2711 sed
1591 2655 1878 2727 gloriﬁcari
1905 2674 1921 2723 ;
1949 2673 2080 2712 con-

512 2737 697 2800 temni,
741 2740 833 2793 sed
862 2740 1022 2794 etiam
1059 2742 1317 2808 exaltari;
1346 2746 1500 2808 mori,
1559 2747 1658 2800 sed
1707 2746 1872 2801 etiam
1902 2763 2083 2803 resur-

511 2844 657 2898 gere.
702 2831 807 2886 Ista
835 2833 1154 2904 cogitantes,
1196 2834 1388 2891 fratres
1407 2838 1730 2904 charissimi,
1768 2855 1873 2894 non
1898 2841 2084 2910 despe-

512 2935 713 2984 remus,
745 2922 869 2990 quia
911 2923 1013 2976 etsi
1042 2932 1355 2992 peccatores
1380 2941 1582 2990 sumus,
1631 2942 1885 2997 magnum
1916 2930 2082 2983 medi-

513 3022 636 3060 cum
677 3007 956 3063 habemus.
1018 3009 1192 3079 Ipsum
1247 3013 1514 3067 medicum
1566 3015 1766 3080 audite,
1797 3013 1918 3068 Non
1971 3018 2082 3070 veni

514 3113 696 3150 vocare
718 3097 911 3165 justas,
940 3101 1029 3152 sed
1056 3109 1348 3169 peccatores
1375 3101 1443 3155 ad
1473 3104 1843 3173 penitentiam.
1870 3103 2083 3160 Utilitas

515 3191 693 3238 autem
728 3185 803 3239 rei
832 3194 995 3256 gestae
1025 3187 1182 3257 hujus
1207 3189 1322 3244 lucc
1341 3198 1461 3245 est:
1489 3173 1774 3261 Apostolus
1797 3194 1915 3263 ipse
1941 3209 2085 3249 com-

517 3283 782 3329 memorat
809 3276 863 3330 in
895 3277 1133 3346 epistolis
1179 3281 1312 3345 suis,
1360 3282 1492 3337 dicit
1528 3283 1692 3346 enim,
1739 3285 1807 3338 ad
1833 3285 1935 3340 hoc
1984 3285 2086 3340 sibi

514 3364 696 3420 datam
763 3369 976 3423 veniam
1047 3372 1286 3426 omnium
1325 3382 1669 3441 peccatorum
1710 3390 1951 3440 suorum,
2027 3385 2088 3430 ut

513 3470 673 3510 nemo
697 3456 763 3512 de
800 3472 859 3512 se
895 3460 1158 3528 desperet,
1207 3461 1298 3530 qui
1332 3462 1488 3517 fuerit
1531 3465 1583 3518 in
1622 3466 1831 3536 magnis
1853 3467 2088 3536 peccatis

515 3546 811 3614 involutus,
859 3558 914 3605 et
950 3551 1003 3604 in
1030 3554 1242 3622 magnis
1287 3555 1579 3610 sceleribus
1621 3557 1879 3621 irretitus,
1935 3557 2085 3625 quasi

481 3638 730 3704 veniam
764 3655 870 3694 non
910 3641 980 3695 sit
1007 3651 1349 3712 accepturus,
1395 3645 1440 3700 si
1473 3659 1769 3700 conversus
1812 3643 1974 3700 fuerit
2020 3646 2087 3699 ad

515 3742 662 3795 eum,
708 3730 799 3799 qui
864 3732 1102 3798 pendens
1167 3733 1221 3786 in
1254 3747 1435 3797 cruce,
1506 3747 1605 3802 pro
1648 3733 2089 3802 persecutoribus

515 3821 628 3875 suis
687 3824 876 3885 oravit,
924 3824 1108 3879 dicens
1139 3846 1155 3879 ;
1187 3823 1364 3891 Pater,
1403 3826 1609 3896 ignosce
1655 3825 1782 3891 illis,
1826 3827 1951 3896 quia
1993 3844 2085 3880 ne-

515 3912 685 3964 sciunt
723 3913 848 3982 quid
885 3913 1102 3981 faciunt.
1162 3913 1358 3970 Factus
1386 3916 1473 3970 ille
1501 3931 1570 3971 ex
1616 3925 1960 3986 persecutore
2005 3927 2089 3972 est

517 4000 836 4068 praedicator
871 4010 926 4054 et
965 4001 1154 4056 doctor
1215 4001 1487 4068 Gentium,
1539 4007 1628 4074 qui
1674 4006 1840 4075 prius,
1890 4007 2084 4076 inquit,

519 4088 599 4157 [ui
636 4087 981 4158 blasphemus,
1030 4099 1078 4144 et
1121 4100 1437 4160 persecutor,
1483 4101 1531 4144 et
1571 4092 1875 4161 injuriosus.
1928 4092 2089 4148 Vides

520 4179 794 4245 meritum,
834 4193 991 4248 paena
1021 4181 1262 4236 debetur.
1307 4182 1448 4252 Ergo
1475 4199 1633 4252 pinna
1671 4200 1776 4238 non
1824 4185 2085 4251 redditur,

520 4267 617 4323 sed
666 4267 1086 4325 misericordiam
1130 4284 1229 4339 pro
1273 4285 1430 4340 paena
1481 4274 1845 4342 consequitur.
1900 4273 2088 4330 Gratia

2175 1831 2374 1888 Judazis
2418 1836 2553 1889 dixit
2583 1859 2596 1889 ;
2628 1836 2686 1891 Si
2723 1854 2816 1908 ego
2870 1840 2925 1894 in
2963 1839 3218 1896 Belzebub
3269 1845 3426 1913 eiicio
3486 1847 3760 1916 demonia,

2175 1923 2273 1992 ﬁlii
2315 1925 2465 1978 vestri
2513 1926 2567 1978 in
2610 1943 2712 1997 quo
2753 1928 3012 1996 cjiciunt?
3057 1929 3186 1986 Ideo
3219 1933 3318 2003 ipsi
3354 1935 3564 2005 judices
3604 1951 3763 1993 erunt

2176 2014 2347 2066 vestri.
2378 2013 2486 2068 Nec
2515 2015 2766 2082 quoniam
2797 2031 2958 2086 super
2981 2018 3263 2075 duodecim
3303 2023 3459 2078 sedes
3511 2039 3766 2082 sessuros

2178 2116 2298 2157 esse
2324 2102 2420 2163 ait.
2458 2103 2740 2158 duodecim
2779 2104 2920 2161 solos
2948 2107 3193 2164 homines
3239 2125 3360 2165 cum
3408 2112 3499 2168 illo
3537 2112 3764 2184 judica-

2181 2201 2334 2248 turos
2383 2202 2575 2263 putare
2628 2195 2990 2251 deberemus:
3045 2199 3375 2256 duodenario
3417 2203 3615 2272 quippe
3662 2221 3769 2258 nu-

2179 2295 2330 2334 mero
2380 2282 2628 2336 universa
2673 2285 2917 2352 quaedam
2947 2286 3248 2354 signiﬁcata
3275 2297 3360 2344 est
3396 2289 3763 2358 iudicantium

2181 2369 2466 2424 multitudo
2528 2381 2748 2442 propter
2795 2375 2928 2430 duas
2974 2387 3158 2445 partes
3191 2382 3400 2435 numeri
3443 2384 3766 2452 septenarii,

2181 2473 2289 2528 quo
2321 2461 2657 2531 signiﬁcatur
2696 2463 3011 2535 plerumque
3052 2469 3415 2537 universitas;
3463 2487 3582 2542 qua:
3640 2474 3768 2528 dua:

2181 2560 2387 2620 partes,
2438 2553 2491 2606 id
2515 2562 2622 2619 est,
2685 2555 2789 2608 tria
2827 2564 2884 2610 et
2920 2565 3173 2626 quatuor,
3214 2559 3380 2614 altera
3403 2574 3499 2630 per
3535 2562 3768 2616 alteram

2182 2648 2392 2709 partem
2442 2641 2804 2712 multiplicata:
2869 2645 3150 2700 duodecim
3209 2646 3436 2702 faciunt.
3510 2649 3648 2704 Nam
3709 2659 3768 2705 et

2183 2739 2416 2800 quatuor
2445 2739 2529 2785 ter
2569 2739 2622 2786 et
2649 2733 2751 2786 tria
2779 2740 2971 2801 quater
2998 2735 3279 2790 duodecim
3308 2744 3455 2801 sunt,
3505 2746 3562 2792 et
3606 2738 3769 2808 signa

2185 2821 2291 2874 alia
2339 2820 2494 2890 hujus
2543 2822 2854 2876 duodenarii
2885 2824 3094 2878 numeri
3142 2840 3261 2894 quae
3308 2827 3376 2881 ad
3430 2828 3533 2882 hoc
3583 2829 3773 2882 valeat

2187 2911 2324 2979 ratio
2389 2912 2607 2980 reperit.
2671 2912 2919 2981 Alioquin
2977 2915 3232 2983 quoniam
3285 2916 3338 2970 in
3387 2915 3566 2972 locum
3607 2917 3772 2974 Iuda:

2187 3004 2464 3060 traditoris
2503 3005 2804 3073 apostolum
2854 3006 3131 3060 Matthiam
3164 3006 3393 3078 legimus
3427 3010 3769 3077 ordlnatum,

2185 3095 2458 3166 apostolus
2489 3094 2704 3161 Paulus,
2750 3097 2840 3166 qui
2869 3097 2987 3165 plus
3026 3099 3278 3154 omnibus
3323 3100 3430 3155 illis
3473 3099 3771 3167 laboravit,

2184 3185 2274 3239 ubi
2307 3186 2373 3239 ad
2404 3185 2750 3254 judicandum
2797 3187 2982 3241 sedeat
3047 3201 3153 3240 non
3189 3188 3430 3254 habebit,
3485 3191 3578 3259 qui
3627 3205 3771 3260 pro-

2184 3275 2328 3331 fecto
2357 3291 2477 3330 eum
2502 3275 2622 3330 aliis
2645 3277 2849 3332 sanctis
2870 3277 2938 3330 ad
2963 3291 3241 3331 numerum
3265 3277 3506 3347 judicum
3539 3295 3603 3334 se
3630 3296 3775 3350 per-

2186 3367 2358 3422 tinere
2379 3368 2730 3432 demonstrat,
2774 3383 2895 3422 cum
2923 3368 3056 3422 dicit
3095 3386 3107 3422 :
3141 3367 3369 3423 Nescitis
3397 3371 3522 3440 quia
3548 3373 3776 3441 angelos

2177 3458 2586 3526 judicabimus?
2648 3458 2723 3512 De
2750 3458 2882 3529 ipsis
2926 3474 3142 3528 quoque
3185 3459 3492 3528 judicandis
3549 3462 3603 3516 in
3658 3464 3772 3518 hoc

2186 3563 2412 3602 numero
2457 3548 2784 3603 duodenario
2831 3549 3020 3603 similis
3077 3564 3238 3604 causa
3290 3559 3394 3605 est.
3451 3550 3564 3605 Non
3614 3554 3774 3607 enim

2187 3639 2314 3708 quia
2355 3637 2558 3691 dictum
2580 3647 2682 3702 est,
2721 3637 3024 3706 iudicantes
3071 3639 3350 3694 duodecim
3377 3640 3547 3693 tribus
3577 3639 3774 3704 Israel,

2187 3729 2356 3784 tribus
2379 3727 2527 3794 Levi,
2554 3745 2672 3797 qua:
2703 3730 2860 3784 tertia
2909 3730 3114 3785 decima
3147 3739 3231 3786 est
3260 3731 3328 3784 ab
3362 3731 3442 3786 eis
3465 3730 3772 3797 iudicanda

2187 3834 2292 3875 non
2335 3821 2460 3886 erit,
2533 3828 2627 3874 aut
2680 3820 2852 3875 solum
2903 3821 3051 3876 illum
3097 3821 3370 3890 populum,
3435 3836 3540 3876 non
3595 3823 3774 3875 etiam

2187 3918 2374 3980 gentes
2442 3919 2668 3965 cteteras
2719 3909 3053 3978 judicabant.
3108 3912 3261 3978 Quod
3317 3918 3498 3966 autem
3544 3912 3641 3975 ait,
3718 3913 3778 3967 in

2189 4003 2591 4072 regeneratione,
2631 4004 2816 4072 procul
2842 4005 3006 4060 dubio
3042 4015 3374 4060 mortuorum
3407 4007 3775 4061 resurrectio.

2188 4105 2312 4144 nem
2351 4089 2565 4144 nomine
2593 4091 2760 4145 voluit
2787 4094 3212 4160 regenerationis
3241 4094 3487 4163 intelligi,
3510 4095 3590 4148 sic
3618 4097 3774 4149 enim

2189 4196 2318 4236 caro
2391 4190 2573 4237 nostra
2643 4184 3048 4252 regenerabitur
3114 4199 3213 4254 per
3281 4185 3772 4254 incorruptionem,

2188 4271 2637 4340 quemadmodum
2679 4280 2765 4327 est
2819 4273 2997 4327 anima
3049 4282 3236 4328 nostra
3282 4280 3598 4344 regenerata
3675 4285 3778 4341 per

519 4360 664 4415 enim
715 4360 846 4415 salvi
883 4360 1144 4416 ellicimur
1173 4361 1240 4417 de
1278 4362 1513 4432 peccatis
1559 4363 1776 4430 nostris,
1829 4363 2090 4435 largiente
2116 4402 2166 4462 Β
2192 4362 2371 4418 ﬁdem.

522 4454 638 4525 ipso
667 4454 894 4510 Domino
920 4465 1125 4520 nostro,
1169 4455 1262 4526 qui
1309 4455 1442 4509 vivit
1477 4462 1531 4511 et
1575 4463 1767 4526 regnat
1815 4455 1871 4511 in
1894 4456 2089 4512 szecula

522 4546 858 4602 saeculorum.
903 4548 1097 4602 Amen.

1069 4639 1346 4697 IIOMILIA
1387 4639 1542 4696 CXII.

1076 4745 1129 4784 IN
1157 4747 1331 4787 EODEI
1359 4747 1544 4788 1³1181³0.

596 4817 780 4874 Lectio
816 4819 988 4875 sancti
1022 4819 1290 4891 Evangelii
1330 4821 1623 4876 secundum
1669 4821 1996 4879 Matthazum.

599 4909 666 4962 In
712 4907 802 4962 illo
847 4917 1089 4977 tempore,
1134 4911 1442 4980 respondens
1483 4911 1664 4968 Simon
1700 4910 1909 4977 Petrus,
1955 4913 2086 4967 dixit

529 4997 598 5050 ad
641 4995 866 5050 Jesrm:
900 4995 1034 5050 Ecce
1063 5013 1154 5050 nos
1193 4997 1492 5069 reliquimus
1515 5001 1691 5054 omnia
1733 5009 1782 5054 et
1823 5001 1982 5054 secuti
2007 5016 2092 5054 su-

532 5102 647 5140 mus
695 5095 765 5150 te,
809 5086 935 5156 quid
973 5103 1098 5156 ergo
1129 5089 1225 5141 erit
1265 5090 1407 5142 nobis
1433 5091 1564 5145 icto.

601 5175 752 5232 Tunc
791 5178 1119 5246 respondens
1165 5177 1355 5233 Petrus
1391 5179 1563 5234 dixit:
1594 5179 1728 5234 Ecce
1757 5197 1850 5235 nos
1885 5180 2094 5252 reliqui-

529 5284 646 5321 mus
701 5266 876 5320 omnia
918 5277 964 5320 et
989 5267 1151 5321 secuti
1170 5283 1348 5322 sumus
1377 5278 1442 5332 te,
1469 5271 1594 5337 quid
1615 5287 1735 5341 ergo
1781 5273 1877 5326 erit
1904 5273 2096 5328 nobis?

531 5355 763 5413 Grandis
788 5355 1003 5411 ﬁducia!
1032 5355 1223 5411 Petrus
1246 5357 1482 5427 piscator
1503 5370 1640 5425 erat,
1669 5361 1818 5416 dives
1841 5377 1944 5416 non
1974 5362 2093 5418 fue-

533 5459 635 5512 rat,
666 5449 814 5503 cibos
842 5464 999 5503 manu
1029 5456 1084 5503 et
1102 5457 1218 5505 arte
1241 5452 1532 5520 quaerebat,
1562 5461 1616 5507 et
1646 5462 1824 5509 tamen
1862 5453 2097 5522 loquitur

529 5539 884 5605 conﬁdenter,
937 5537 1237 5610 reliquimus
1263 5543 1455 5595 omnia.
1525 5544 1591 5598 Et
1611 5544 1735 5614 quia
1758 5559 1863 5599 non
1902 5544 2096 5600 suﬁicit

537 5637 742 5685 tantum
797 5629 1121 5702 relinquere,
1167 5628 1343 5700 jungit
1381 5631 1518 5700 quod
1558 5633 1848 5703 perlectum
1888 5642 1989 5700 est,
2045 5645 2091 5688 et

2259 4469 2328 4524 Et
2369 4471 2536 4524 omnis
2563 4471 2653 4542 qui
2704 4469 2965 4541 reliquerit
3018 4471 3249 4535 domum,
3285 4469 3361 4524 vel
3401 4472 3614 4540 fratres,
3677 4483 3773 4525 aut

2190 4575 2416 4622 80101⁵88,
2451 4570 2543 4612 aut
2586 4569 2809 4630 patrem,
2835 4571 2924 4612 aut
2967 4569 3205 4622 matrem,
3263 4569 3352 4612 aut
3396 4575 3632 4625 mrem,
3677 4571 3772 4612 aut

2195 4646 2357 4716 filios,
2397 4656 2488 4701 aut
2532 4664 2708 4717 agros,
2753 4657 2960 4717 propter
2991 4663 3177 4700 nomen
3215 4663 3407 4712 meum,
3472 4647 3776 4715 centuplum

2189 4738 2405 4808 accipiet
2469 4747 2518 4792 et
2543 4739 2700 4793 vitam
2736 4748 2984 4792 aternam
3020 4738 3318 4808 possidebit.
3383 4736 3538 4791 Multi
3595 4747 3775 4789 autem

2189 4839 2342 4882 erunt
2389 4828 2543 4898 primi
2601 4829 2864 4883 novissimi
2923 4839 2971 4883 et
3028 4829 3292 4883 nouissimi
3347 4828 3522 4897 primi.
3594 4827 3776 4882 Locus

2193 4915 2295 4970 iste
2322 4931 2442 4971 cum
2469 4916 2558 4971 illa
2584 4918 2848 4972 sententia
2895 4918 3141 4988 congruit
3167 4919 3221 4972 in
3249 4933 3352 4986 qua
3401 4915 3648 4970 Salvator
3696 4916 3778 4968 lo-

2193 5009 2396 5077 quitur,
2451 5025 2553 5062 non
2593 5009 2703 5061 veni
2752 5023 2929 5076 pacem
2974 5008 3309 5074 mittere,sed
3345 5005 3604 5076 gladium,
3647 5005 3777 5059 veni

2196 5097 2394 5165 quippe
2445 5111 2703 5165 separare
2750 5095 3019 5150 hominem
3057 5104 3264 5165 apatre
3293 5109 3391 5149 suo
3435 5101 3491 5148 et
3537 5105 3777 5148 matrem

2197 5188 2382 5252 atilia,
2452 5195 2509 5242 et
2555 5202 2750 5240 nurum
2814 5203 2843 5240 a
2895 5201 3074 5250 socru,
3151 5195 3204 5241 et
3268 5184 3474 5240 inimici
3535 5183 3784 5238 hominis

2201 5275 2481 5331 domestici
2517 5273 2654 5342 ejus.
2692 5274 2793 5341 Qui
2819 5289 2948 5345 ergo
3001 5284 3223 5344 prepter
3277 5273 3437 5329 ﬁdem
3492 5273 3696 5328 Christi
3725 5283 3786 5327 et

2199 5366 2636 5436 praedicationem
2659 5364 2938 5434 Evangelii
2961 5378 3155 5418 omnes
3175 5362 3400 5418 allectus
3432 5369 3788 5428 contempse-

2201 5456 2330 5524 rint,
2352 5468 2513 5525 atque
2551 5455 2768 5511 divitias
2820 5462 2875 5509 et
2897 5454 3077 5509 saeculi
3102 5453 3423 5524 voluptates,
3461 5451 3549 5508 isti
3584 5459 3789 5506 centu-

2199 5543 2346 5615 plum
2375 5545 2641 5614 recipient
2688 5554 2745 5599 et
2778 5544 2946 5598 vitam
2991 5551 3254 5600 aeternam
3277 5542 3647 5613 possidebunt.
3696 5540 3781 5594 Ex

2198 5635 2482 5692 occasione
2529 5632 2687 5702 hujus
2715 5636 2990 5691 sententiae
3022 5635 3239 5705 quidam
3262 5631 3608 5689 introducunt
3626 5628 3789 5685 mille
