  <div class='ocr_page' id='page_1' title='image "/cluster/home/n/w/nwhite01/storage/ocr_20150623/110/hvd.32044054759758/184.png"; bbox 0 0 3962 6180; ppageno 0'>
   <div class='ocr_carea' id='block_1_1' title="bbox 345 198 453 251">
    <p class='ocr_par' dir='ltr' id='par_1_1' title="bbox 345 198 453 251">
     <span class='ocr_line' id='line_1_1' title="bbox 345 198 453 251; baseline 0.009 -1"><span class='ocrx_word' id='word_1_1' title='bbox 345 198 453 251; x_wconf 72' lang='grc'><strong>557</strong></span> 
     </span>
    </p>
   </div>
   <div class='ocr_carea' id='block_1_2' title="bbox 1457 203 2544 266">
    <p class='ocr_par' dir='ltr' id='par_1_2' title="bbox 1457 203 2544 266">
     <span class='ocr_line' id='line_1_2' title="bbox 1457 203 2544 266; baseline 0.012 -12"><span class='ocrx_word' id='word_1_2' title='bbox 1457 203 1759 258; x_wconf 45' lang='grc' dir='ltr'><strong>ΠΟΜΠΑΙΛΕ</strong></span> <span class='ocrx_word' id='word_1_3' title='bbox 1799 210 1864 259; x_wconf 73' lang='lat' dir='ltr'><strong>ta</strong></span> <span class='ocrx_word' id='word_1_4' title='bbox 1906 213 2157 262; x_wconf 61' lang='lat' dir='ltr'><strong>LYANG.</strong></span> <span class='ocrx_word' id='word_1_5' title='bbox 2201 215 2277 263; x_wconf 75' lang='grc' dir='ltr'><strong>Μ</strong></span> <span class='ocrx_word' id='word_1_6' title='bbox 2327 215 2544 266; x_wconf 69' lang='lat' dir='ltr'><strong>LPIST.</strong></span> 
     </span>
    </p>
   </div>
   <div class='ocr_carea' id='block_1_3' title="bbox 3499 230 3598 288">
    <p class='ocr_par' dir='ltr' id='par_1_3' title="bbox 3499 230 3598 288">
     <span class='ocr_line' id='line_1_3' title="bbox 3499 230 3598 288; baseline 0.091 -9"><span class='ocrx_word' id='word_1_7' title='bbox 3499 230 3598 288; x_wconf 70' lang='lat'><strong>7.53</strong></span> 
     </span>
    </p>
   </div>
   <div class='ocr_carea' id='block_1_4' title="bbox 347 311 3603 413">
    <p class='ocr_par' dir='ltr' id='par_1_4' title="bbox 347 311 3603 413">
     <span class='ocr_line' id='line_1_4' title="bbox 347 311 3603 413; baseline 0.011 -48"><span class='ocrx_word' id='word_1_8' title='bbox 347 326 523 366; x_wconf 81' lang='lat' dir='ltr'><strong>annos</strong></span> <span class='ocrx_word' id='word_1_9' title='bbox 577 318 702 382; x_wconf 85' lang='lat' dir='ltr'><strong>post</strong></span> <span class='ocrx_word' id='word_1_10' title='bbox 751 311 1202 367; x_wconf 90' lang='lat' dir='ltr'><strong>resurrectionem</strong></span> <span class='ocrx_word' id='word_1_11' title='bbox 1263 314 1525 381; x_wconf 75' lang='lat' dir='ltr'><strong>dicentes,</strong></span> <span class='ocrx_word' id='word_1_12' title='bbox 1603 317 1759 373; x_wconf 92' lang='lat' dir='ltr'><strong>nobis</strong></span> <span class='ocrx_word' id='word_1_13' title='bbox 1801 327 1930 373; x_wconf 90' lang='lat' dir='ltr'><strong>tunc</strong></span> <span class='ocrx_word' id='word_1_14' title='bbox 1958 327 2007 386; x_wconf 81' lang='grc' dir='ltr'>Α</span> <span class='ocrx_word' id='word_1_15' title='bbox 2036 319 2156 373; x_wconf 90' lang='lat' dir='ltr'><strong>novi</strong></span> <span class='ocrx_word' id='word_1_16' title='bbox 2209 331 2265 376; x_wconf 92' lang='lat' dir='ltr'><strong>et</strong></span> <span class='ocrx_word' id='word_1_17' title='bbox 2307 321 2574 379; x_wconf 90' lang='lat' dir='ltr'><strong>immutati</strong></span> <span class='ocrx_word' id='word_1_18' title='bbox 2633 327 2684 380; x_wconf 90' lang='lat' dir='ltr'><strong>in</strong></span> <span class='ocrx_word' id='word_1_19' title='bbox 2727 335 3142 392; x_wconf 72' lang='lat' dir='ltr'><strong>conversatione</strong></span> <span class='ocrx_word' id='word_1_20' title='bbox 3169 348 3351 396; x_wconf 86' lang='lat' dir='ltr'><strong>sancta</strong></span> <span class='ocrx_word' id='word_1_21' title='bbox 3390 354 3603 413; x_wconf 76' lang='lat' dir='ltr'><strong>perma~</strong></span> 
     </span>
    </p>
   </div>
   <div class='ocr_carea' id='block_1_5' title="bbox 342 402 1927 472">
    <p class='ocr_par' dir='ltr' id='par_1_5' title="bbox 342 402 1927 472">
     <span class='ocr_line' id='line_1_5' title="bbox 342 402 1927 472; baseline 0.004 -16"><span class='ocrx_word' id='word_1_22' title='bbox 342 402 662 472; x_wconf 75' lang='lat' dir='ltr'><strong>centuplum</strong></span> <span class='ocrx_word' id='word_1_23' title='bbox 689 403 930 456; x_wconf 92' lang='lat' dir='ltr'><strong>omnium</strong></span> <span class='ocrx_word' id='word_1_24' title='bbox 961 418 1142 458; x_wconf 90' lang='lat' dir='ltr'><strong>rerum</strong></span> <span class='ocrx_word' id='word_1_25' title='bbox 1168 419 1303 472; x_wconf 89' lang='lat' dir='ltr'><strong>quas</strong></span> <span class='ocrx_word' id='word_1_26' title='bbox 1330 405 1632 462; x_wconf 88' lang='lat' dir='ltr'><strong>dimisimus</strong></span> <span class='ocrx_word' id='word_1_27' title='bbox 1657 417 1711 462; x_wconf 92' lang='lat' dir='ltr'><strong>et</strong></span> <span class='ocrx_word' id='word_1_28' title='bbox 1760 409 1927 462; x_wconf 89' lang='lat' dir='ltr'><strong>vitam</strong></span> 
     </span>
    </p>
   </div>
   <div class='ocr_carea' id='block_1_6' title="bbox 343 492 1925 566">
    <p class='ocr_par' dir='ltr' id='par_1_6' title="bbox 343 492 1925 566">
     <span class='ocr_line' id='line_1_6' title="bbox 343 492 1925 566; baseline 0.004 -21"><span class='ocrx_word' id='word_1_29' title='bbox 343 501 602 546; x_wconf 67' lang='lat' dir='ltr'><strong>aeternam</strong></span> <span class='ocrx_word' id='word_1_30' title='bbox 633 506 752 546; x_wconf 89' lang='lat' dir='ltr'><strong>esse</strong></span> <span class='ocrx_word' id='word_1_31' title='bbox 783 492 1130 560; x_wconf 76' lang='lat' dir='ltr'><strong>reddendam,</strong></span> <span class='ocrx_word' id='word_1_32' title='bbox 1203 509 1306 548; x_wconf 92' lang='lat' dir='ltr'><strong>non</strong></span> <span class='ocrx_word' id='word_1_33' title='bbox 1332 495 1688 566; x_wconf 83' lang='lat' dir='ltr'><strong>intelligentes</strong></span> <span class='ocrx_word' id='word_1_34' title='bbox 1715 498 1857 566; x_wconf 89' lang='lat' dir='ltr'><strong>quod</strong></span> <span class='ocrx_word' id='word_1_35' title='bbox 1879 497 1925 553; x_wconf 89' lang='lat' dir='ltr'><strong>si</strong></span> 
     </span>
    </p>
   </div>
   <div class='ocr_carea' id='block_1_7' title="bbox 341 581 1925 658">
    <p class='ocr_par' dir='ltr' id='par_1_7' title="bbox 341 581 1925 658">
     <span class='ocr_line' id='line_1_7' title="bbox 341 581 1925 658; baseline 0.004 -22"><span class='ocrx_word' id='word_1_36' title='bbox 341 581 394 637; x_wconf 89' lang='lat' dir='ltr'><strong>in</strong></span> <span class='ocrx_word' id='word_1_37' title='bbox 431 585 651 638; x_wconf 64' lang='lat' dir='ltr'><strong>caeteris</strong></span> <span class='ocrx_word' id='word_1_38' title='bbox 680 585 838 655; x_wconf 85' lang='lat' dir='ltr'><strong>digna</strong></span> <span class='ocrx_word' id='word_1_39' title='bbox 867 585 935 640; x_wconf 90' lang='lat' dir='ltr'><strong>sit</strong></span> <span class='ocrx_word' id='word_1_40' title='bbox 965 586 1334 655; x_wconf 83' lang='lat' dir='ltr'><strong>repromissio,</strong></span> <span class='ocrx_word' id='word_1_41' title='bbox 1384 587 1436 640; x_wconf 94' lang='lat' dir='ltr'><strong>in</strong></span> <span class='ocrx_word' id='word_1_42' title='bbox 1463 589 1719 642; x_wconf 77' lang='lat' dir='ltr'><strong>uxoribus</strong></span> <span class='ocrx_word' id='word_1_43' title='bbox 1763 603 1925 658; x_wconf 90' lang='lat' dir='ltr'><strong>appa-</strong></span> 
     </span>
    </p>
   </div>
   <div class='ocr_carea' id='block_1_8' title="bbox 340 673 1926 746">
    <p class='ocr_par' dir='ltr' id='par_1_8' title="bbox 340 673 1926 746">
     <span class='ocr_line' id='line_1_8' title="bbox 340 673 1926 746; baseline 0.006 -22"><span class='ocrx_word' id='word_1_44' title='bbox 340 680 460 725; x_wconf 86' lang='lat' dir='ltr'><strong>reat</strong></span> <span class='ocrx_word' id='word_1_45' title='bbox 494 673 792 742; x_wconf 90' lang='lat' dir='ltr'><strong>turpitudo,</strong></span> <span class='ocrx_word' id='word_1_46' title='bbox 854 683 913 728; x_wconf 89' lang='lat' dir='ltr'><strong>ut</strong></span> <span class='ocrx_word' id='word_1_47' title='bbox 937 675 1029 744; x_wconf 86' lang='lat' dir='ltr'><strong>qui</strong></span> <span class='ocrx_word' id='word_1_48' title='bbox 1059 691 1217 729; x_wconf 89' lang='lat' dir='ltr'><strong>unam</strong></span> <span class='ocrx_word' id='word_1_49' title='bbox 1259 691 1358 746; x_wconf 91' lang='lat' dir='ltr'><strong>pro</strong></span> <span class='ocrx_word' id='word_1_50' title='bbox 1407 677 1634 733; x_wconf 90' lang='lat' dir='ltr'><strong>Domino</strong></span> <span class='ocrx_word' id='word_1_51' title='bbox 1661 678 1926 733; x_wconf 87' lang='lat' dir='ltr'><strong>dimiserit</strong></span> 
     </span>
    </p>
   </div>
   <div class='ocr_carea' id='block_1_9' title="bbox 338 765 1916 839">
    <p class='ocr_par' dir='ltr' id='par_1_9' title="bbox 338 765 1916 839">
     <span class='ocr_line' id='line_1_9' title="bbox 338 765 1916 839; baseline 0.002 -21"><span class='ocrx_word' id='word_1_52' title='bbox 338 774 564 818; x_wconf 82' lang='lat' dir='ltr'><strong>centum</strong></span> <span class='ocrx_word' id='word_1_53' title='bbox 610 766 836 835; x_wconf 84' lang='lat' dir='ltr'><strong>recipiat</strong></span> <span class='ocrx_word' id='word_1_54' title='bbox 878 766 930 819; x_wconf 92' lang='lat' dir='ltr'><strong>in</strong></span> <span class='ocrx_word' id='word_1_55' title='bbox 961 765 1163 821; x_wconf 80' lang='lat' dir='ltr'><strong>futuro.</strong></span> <span class='ocrx_word' id='word_1_56' title='bbox 1214 767 1417 822; x_wconf 86' lang='lat' dir='ltr'><strong>Sensus</strong></span> <span class='ocrx_word' id='word_1_57' title='bbox 1449 769 1614 839; x_wconf 79' lang='lat' dir='ltr'><strong>igitur</strong></span> <span class='ocrx_word' id='word_1_58' title='bbox 1667 769 1767 822; x_wconf 92' lang='lat' dir='ltr'><strong>iste</strong></span> <span class='ocrx_word' id='word_1_59' title='bbox 1806 777 1916 824; x_wconf 88' lang='lat' dir='ltr'><strong>est:</strong></span> 
     </span>
    </p>
   </div>
   <div class='ocr_carea' id='block_1_10' title="bbox 336 855 1918 927">
    <p class='ocr_par' dir='ltr' id='par_1_10' title="bbox 336 855 1918 927">
     <span class='ocr_line' id='line_1_10' title="bbox 336 855 1918 927; baseline 0.001 -18"><span class='ocrx_word' id='word_1_60' title='bbox 336 858 428 925; x_wconf 87' lang='lat' dir='ltr'><strong>qui</strong></span> <span class='ocrx_word' id='word_1_61' title='bbox 451 855 697 910; x_wconf 81' lang='lat' dir='ltr'><strong>carnalia</strong></span> <span class='ocrx_word' id='word_1_62' title='bbox 737 871 836 927; x_wconf 91' lang='lat' dir='ltr'><strong>pro</strong></span> <span class='ocrx_word' id='word_1_63' title='bbox 855 855 1135 910; x_wconf 88' lang='lat' dir='ltr'><strong>Salvatore</strong></span> <span class='ocrx_word' id='word_1_64' title='bbox 1162 856 1450 922; x_wconf 88' lang='lat' dir='ltr'><strong>dimiserit,</strong></span> <span class='ocrx_word' id='word_1_65' title='bbox 1479 858 1742 926; x_wconf 87' lang='lat' dir='ltr'><strong>spiritalia</strong></span> <span class='ocrx_word' id='word_1_66' title='bbox 1776 858 1918 912; x_wconf 87' lang='lat' dir='ltr'><strong>reci-</strong></span> 
     </span>
    </p>
   </div>
   <div class='ocr_carea' id='block_1_11' title="bbox 334 949 1912 1019">
    <p class='ocr_par' dir='ltr' id='par_1_11' title="bbox 334 949 1912 1019">
     <span class='ocr_line' id='line_1_11' title="bbox 334 949 1912 1019; baseline 0 -17"><span class='ocrx_word' id='word_1_67' title='bbox 334 950 467 1019; x_wconf 87' lang='lat' dir='ltr'><strong>piet,</strong></span> <span class='ocrx_word' id='word_1_68' title='bbox 511 964 635 1019; x_wconf 76' lang='lat' dir='ltr'><strong>qua:</strong></span> <span class='ocrx_word' id='word_1_69' title='bbox 687 949 1094 1018; x_wconf 86' lang='lat' dir='ltr'><strong>comparatione</strong></span> <span class='ocrx_word' id='word_1_70' title='bbox 1129 957 1185 1004; x_wconf 92' lang='lat' dir='ltr'><strong>et</strong></span> <span class='ocrx_word' id='word_1_71' title='bbox 1237 949 1432 1003; x_wconf 90' lang='lat' dir='ltr'><strong>merito</strong></span> <span class='ocrx_word' id='word_1_72' title='bbox 1486 951 1568 1004; x_wconf 88' lang='lat' dir='ltr'><strong>sui</strong></span> <span class='ocrx_word' id='word_1_73' title='bbox 1623 950 1696 1004; x_wconf 88' lang='lat' dir='ltr'><strong>ita</strong></span> <span class='ocrx_word' id='word_1_74' title='bbox 1733 958 1912 1014; x_wconf 92' lang='lat' dir='ltr'><strong>erunt,</strong></span> 
     </span>
    </p>
   </div>
   <div class='ocr_carea' id='block_1_12' title="bbox 332 1041 1918 1111">
    <p class='ocr_par' dir='ltr' id='par_1_12' title="bbox 332 1041 1918 1111">
     <span class='ocr_line' id='line_1_12' title="bbox 332 1041 1918 1111; baseline 0 -17"><span class='ocrx_word' id='word_1_75' title='bbox 332 1042 491 1110; x_wconf 87' lang='lat' dir='ltr'><strong>quasi</strong></span> <span class='ocrx_word' id='word_1_76' title='bbox 522 1055 692 1111; x_wconf 86' lang='lat' dir='ltr'><strong>parvo</strong></span> <span class='ocrx_word' id='word_1_77' title='bbox 713 1055 936 1095; x_wconf 91' lang='lat' dir='ltr'><strong>numero</strong></span> <span class='ocrx_word' id='word_1_78' title='bbox 962 1041 1306 1096; x_wconf 80' lang='lat' dir='ltr'><strong>centenarias</strong></span> <span class='ocrx_word' id='word_1_79' title='bbox 1332 1056 1590 1094; x_wconf 90' lang='lat' dir='ltr'><strong>numerus</strong></span> <span class='ocrx_word' id='word_1_80' title='bbox 1641 1054 1918 1110; x_wconf 85' lang='lat' dir='ltr'><strong>compare-</strong></span> 
     </span>
    </p>
   </div>
   <div class='ocr_carea' id='block_1_13' title="bbox 330 1131 1911 1203">
    <p class='ocr_par' dir='ltr' id='par_1_13' title="bbox 330 1131 1911 1203">
     <span class='ocr_line' id='line_1_13' title="bbox 330 1131 1911 1203; baseline 0.003 -17"><span class='ocrx_word' id='word_1_81' title='bbox 330 1142 440 1187; x_wconf 87' lang='lat' dir='ltr'><strong>tur.</strong></span> <span class='ocrx_word' id='word_1_82' title='bbox 489 1131 646 1188; x_wconf 88' lang='lat' dir='ltr'><strong>Unde</strong></span> <span class='ocrx_word' id='word_1_83' title='bbox 677 1133 809 1188; x_wconf 89' lang='lat' dir='ltr'><strong>dicit</strong></span> <span class='ocrx_word' id='word_1_84' title='bbox 836 1142 892 1187; x_wconf 90' lang='lat' dir='ltr'><strong>et</strong></span> <span class='ocrx_word' id='word_1_85' title='bbox 919 1133 1225 1203; x_wconf 85' lang='lat' dir='ltr'><strong>Apostolus,</strong></span> <span class='ocrx_word' id='word_1_86' title='bbox 1276 1134 1365 1202; x_wconf 88' lang='lat' dir='ltr'><strong>qui</strong></span> <span class='ocrx_word' id='word_1_87' title='bbox 1391 1149 1552 1187; x_wconf 90' lang='lat' dir='ltr'><strong>unam</strong></span> <span class='ocrx_word' id='word_1_88' title='bbox 1580 1142 1786 1188; x_wconf 91' lang='lat' dir='ltr'><strong>tantum</strong></span> <span class='ocrx_word' id='word_1_89' title='bbox 1815 1137 1911 1190; x_wconf 93' lang='lat' dir='ltr'><strong>do-</strong></span> 
     </span>
    </p>
   </div>
   <div class='ocr_carea' id='block_1_14' title="bbox 329 1222 1909 1294">
    <p class='ocr_par' dir='ltr' id='par_1_14' title="bbox 329 1222 1909 1294">
     <span class='ocr_line' id='line_1_14' title="bbox 329 1222 1909 1294; baseline 0.001 -18"><span class='ocrx_word' id='word_1_90' title='bbox 329 1237 484 1276; x_wconf 87' lang='lat' dir='ltr'><strong>mum</strong></span> <span class='ocrx_word' id='word_1_91' title='bbox 546 1229 602 1275; x_wconf 89' lang='lat' dir='ltr'><strong>et</strong></span> <span class='ocrx_word' id='word_1_92' title='bbox 637 1222 794 1275; x_wconf 89' lang='lat' dir='ltr'><strong>unius</strong></span> <span class='ocrx_word' id='word_1_93' title='bbox 840 1222 1132 1292; x_wconf 62' lang='lat' dir='ltr'><strong>provinciae</strong></span> <span class='ocrx_word' id='word_1_94' title='bbox 1185 1237 1380 1291; x_wconf 87' lang='lat' dir='ltr'><strong>parvos</strong></span> <span class='ocrx_word' id='word_1_95' title='bbox 1415 1237 1572 1294; x_wconf 83' lang='lat' dir='ltr'><strong>agros</strong></span> <span class='ocrx_word' id='word_1_96' title='bbox 1613 1223 1909 1286; x_wconf 85' lang='lat' dir='ltr'><strong>dimiserat,</strong></span> 
     </span>
    </p>
   </div>
   <div class='ocr_carea' id='block_1_15' title="bbox 327 1313 1909 1384">
    <p class='ocr_par' dir='ltr' id='par_1_15' title="bbox 327 1313 1909 1384">
     <span class='ocr_line' id='line_1_15' title="bbox 327 1313 1909 1384; baseline -0.003 -14"><span class='ocrx_word' id='word_1_97' title='bbox 327 1320 490 1384; x_wconf 86' lang='lat' dir='ltr'><strong>quasi</strong></span> <span class='ocrx_word' id='word_1_98' title='bbox 512 1314 648 1374; x_wconf 88' lang='lat' dir='ltr'><strong>nihil</strong></span> <span class='ocrx_word' id='word_1_99' title='bbox 666 1315 928 1372; x_wconf 87' lang='lat' dir='ltr'><strong>habentes</strong></span> <span class='ocrx_word' id='word_1_100' title='bbox 947 1321 1002 1370; x_wconf 91' lang='lat' dir='ltr'><strong>et</strong></span> <span class='ocrx_word' id='word_1_101' title='bbox 1026 1315 1208 1370; x_wconf 88' lang='lat' dir='ltr'><strong>omnia</strong></span> <span class='ocrx_word' id='word_1_102' title='bbox 1237 1313 1594 1384; x_wconf 88' lang='lat' dir='ltr'><strong>possidentes.</strong></span> <span class='ocrx_word' id='word_1_103' title='bbox 1635 1313 1735 1380; x_wconf 86' lang='lat' dir='ltr'><strong>Qui</strong></span> <span class='ocrx_word' id='word_1_104' title='bbox 1765 1314 1909 1368; x_wconf 90' lang='lat' dir='ltr'><strong>enim</strong></span> 
     </span>
    </p>
   </div>
   <div class='ocr_carea' id='block_1_16' title="bbox 328 1405 1909 1482">
    <p class='ocr_par' dir='ltr' id='par_1_16' title="bbox 328 1405 1909 1482">
     <span class='ocr_line' id='line_1_16' title="bbox 328 1405 1909 1482; baseline -0.004 -15"><span class='ocrx_word' id='word_1_105' title='bbox 328 1412 508 1467; x_wconf 86' lang='lat' dir='ltr'><strong>Deum</strong></span> <span class='ocrx_word' id='word_1_106' title='bbox 555 1410 842 1482; x_wconf 90' lang='lat' dir='ltr'><strong>propitium</strong></span> <span class='ocrx_word' id='word_1_107' title='bbox 879 1408 1062 1471; x_wconf 84' lang='lat' dir='ltr'><strong>habet,</strong></span> <span class='ocrx_word' id='word_1_108' title='bbox 1092 1415 1146 1460; x_wconf 90' lang='lat' dir='ltr'><strong>et</strong></span> <span class='ocrx_word' id='word_1_109' title='bbox 1175 1405 1252 1460; x_wconf 92' lang='lat' dir='ltr'><strong>illi</strong></span> <span class='ocrx_word' id='word_1_110' title='bbox 1285 1406 1386 1459; x_wconf 90' lang='lat' dir='ltr'><strong>rite</strong></span> <span class='ocrx_word' id='word_1_111' title='bbox 1413 1405 1682 1471; x_wconf 89' lang='lat' dir='ltr'><strong>servierit,</strong></span> <span class='ocrx_word' id='word_1_112' title='bbox 1713 1405 1909 1460; x_wconf 91' lang='lat' dir='ltr'><strong>nullius</strong></span> 
     </span>
    </p>
   </div>
   <div class='ocr_carea' id='block_1_17' title="bbox 327 1495 1904 1572">
    <p class='ocr_par' dir='ltr' id='par_1_17' title="bbox 327 1495 1904 1572">
     <span class='ocr_line' id='line_1_17' title="bbox 327 1495 1904 1572; baseline -0.004 -18"><span class='ocrx_word' id='word_1_113' title='bbox 327 1503 411 1555; x_wconf 90' lang='lat' dir='ltr'><strong>rei</strong></span> <span class='ocrx_word' id='word_1_114' title='bbox 461 1518 584 1572; x_wconf 63' lang='lat' dir='ltr'><strong>quae</strong></span> <span class='ocrx_word' id='word_1_115' title='bbox 631 1503 699 1556; x_wconf 89' lang='lat' dir='ltr'><strong>ad</strong></span> <span class='ocrx_word' id='word_1_116' title='bbox 737 1499 962 1554; x_wconf 85' lang='lat' dir='ltr'><strong>salutem</strong></span> <span class='ocrx_word' id='word_1_117' title='bbox 999 1497 1234 1566; x_wconf 81' lang='lat' dir='ltr'><strong>pertinet</strong></span> <span class='ocrx_word' id='word_1_118' title='bbox 1279 1495 1560 1566; x_wconf 88' lang='lat' dir='ltr'><strong>penuriam</strong></span> <span class='ocrx_word' id='word_1_119' title='bbox 1599 1495 1904 1561; x_wconf 87' lang='lat' dir='ltr'><strong>sustinebit,</strong></span> 
     </span>
    </p>
   </div>
   <div class='ocr_carea' id='block_1_18' title="bbox 2032 417 3602 494">
    <p class='ocr_par' dir='ltr' id='par_1_18' title="bbox 2032 417 3602 494">
     <span class='ocr_line' id='line_1_18' title="bbox 2032 417 3602 494; baseline 0.017 -30"><span class='ocrx_word' id='word_1_120' title='bbox 2032 421 2240 473; x_wconf 89' lang='lat' dir='ltr'><strong>nentes.</strong></span> <span class='ocrx_word' id='word_1_121' title='bbox 2302 417 2425 469; x_wconf 88' lang='lat' dir='ltr'><strong>novi</strong></span> <span class='ocrx_word' id='word_1_122' title='bbox 2469 426 2524 472; x_wconf 90' lang='lat' dir='ltr'><strong>et</strong></span> <span class='ocrx_word' id='word_1_123' title='bbox 2555 418 2825 476; x_wconf 88' lang='lat' dir='ltr'><strong>immutati</strong></span> <span class='ocrx_word' id='word_1_124' title='bbox 2875 426 3080 481; x_wconf 86' lang='lat' dir='ltr'><strong>erimus</strong></span> <span class='ocrx_word' id='word_1_125' title='bbox 3129 444 3248 484; x_wconf 90' lang='lat' dir='ltr'><strong>cum</strong></span> <span class='ocrx_word' id='word_1_126' title='bbox 3282 431 3498 490; x_wconf 89' lang='lat' dir='ltr'><strong>Christo</strong></span> <span class='ocrx_word' id='word_1_127' title='bbox 3545 440 3602 494; x_wconf 82' lang='lat' dir='ltr'><strong>in</strong></span> 
     </span>
    </p>
   </div>
   <div class='ocr_carea' id='block_1_19' title="bbox 2027 504 2463 575">
    <p class='ocr_par' dir='ltr' id='par_1_19' title="bbox 2027 504 2463 575">
     <span class='ocr_line' id='line_1_19' title="bbox 2027 504 2463 575; baseline 0.005 -19"><span class='ocrx_word' id='word_1_128' title='bbox 2027 510 2230 557; x_wconf 73' lang='lat' dir='ltr'><strong>teterna</strong></span> <span class='ocrx_word' id='word_1_129' title='bbox 2276 504 2463 575; x_wconf 81' lang='lat' dir='ltr'><strong>gloria.</strong></span> 
     </span>
    </p>
   </div>
   <div class='ocr_carea' id='block_1_20' title="bbox 2097 590 3604 671">
    <p class='ocr_par' dir='ltr' id='par_1_20' title="bbox 2097 590 3604 671">
     <span class='ocr_line' id='line_1_20' title="bbox 2097 590 3604 671; baseline 0.017 -25"><span class='ocrx_word' id='word_1_130' title='bbox 2097 590 2213 648; x_wconf 80' lang='lat' dir='ltr'><strong>Hoc</strong></span> <span class='ocrx_word' id='word_1_131' title='bbox 2246 596 2478 662; x_wconf 76' lang='lat' dir='ltr'><strong>scientes,</strong></span> <span class='ocrx_word' id='word_1_132' title='bbox 2527 602 2653 670; x_wconf 84' lang='lat' dir='ltr'><strong>quia</strong></span> <span class='ocrx_word' id='word_1_133' title='bbox 2693 614 2833 658; x_wconf 85' lang='lat' dir='ltr'><strong>vetus</strong></span> <span class='ocrx_word' id='word_1_134' title='bbox 2879 606 3030 660; x_wconf 84' lang='lat' dir='ltr'><strong>homo</strong></span> <span class='ocrx_word' id='word_1_135' title='bbox 3085 621 3256 665; x_wconf 87' lang='lat' dir='ltr'><strong>noster</strong></span> <span class='ocrx_word' id='word_1_136' title='bbox 3293 613 3448 668; x_wconf 89' lang='lat' dir='ltr'><strong>simul</strong></span> <span class='ocrx_word' id='word_1_137' title='bbox 3487 632 3604 671; x_wconf 87' lang='lat' dir='ltr'><strong>cru-</strong></span> 
     </span>
    </p>
   </div>
   <div class='ocr_carea' id='block_1_21' title="bbox 2025 685 3596 775">
    <p class='ocr_par' dir='ltr' id='par_1_21' title="bbox 2025 685 3596 775">
     <span class='ocr_line' id='line_1_21' title="bbox 2025 685 3596 775; baseline 0.017 -39"><span class='ocrx_word' id='word_1_138' title='bbox 2025 685 2213 753; x_wconf 72' lang='lat' dir='ltr'><strong>ciﬁxus</strong></span> <span class='ocrx_word' id='word_1_139' title='bbox 2251 698 2345 742; x_wconf 88' lang='lat' dir='ltr'><strong>est.</strong></span> <span class='ocrx_word' id='word_1_140' title='bbox 2392 689 2589 746; x_wconf 90' lang='lat' dir='ltr'><strong>Omnes</strong></span> <span class='ocrx_word' id='word_1_141' title='bbox 2625 693 2808 750; x_wconf 79' lang='lat' dir='ltr'><strong>ﬁdeles</strong></span> <span class='ocrx_word' id='word_1_142' title='bbox 2838 697 3056 764; x_wconf 73' lang='lat' dir='ltr'><strong>Christi,</strong></span> <span class='ocrx_word' id='word_1_143' title='bbox 3111 702 3239 756; x_wconf 86' lang='lat' dir='ltr'><strong>dicit</strong></span> <span class='ocrx_word' id='word_1_144' title='bbox 3290 704 3596 775; x_wconf 83' lang='lat' dir='ltr'><strong>Apostolus,</strong></span> 
     </span>
    </p>
   </div>
   <div class='ocr_carea' id='block_1_22' title="bbox 2023 777 3600 862">
    <p class='ocr_par' dir='ltr' id='par_1_22' title="bbox 2023 777 3600 862">
     <span class='ocr_line' id='line_1_22' title="bbox 2023 777 3600 862; baseline 0.018 -34"><span class='ocrx_word' id='word_1_145' title='bbox 2023 789 2144 829; x_wconf 92' lang='lat' dir='ltr'><strong>cum</strong></span> <span class='ocrx_word' id='word_1_146' title='bbox 2169 777 2384 834; x_wconf 88' lang='lat' dir='ltr'><strong>Christo</strong></span> <span class='ocrx_word' id='word_1_147' title='bbox 2407 795 2527 836; x_wconf 89' lang='lat' dir='ltr'><strong>esse</strong></span> <span class='ocrx_word' id='word_1_148' title='bbox 2574 784 2730 838; x_wconf 89' lang='lat' dir='ltr'><strong>simul</strong></span> <span class='ocrx_word' id='word_1_149' title='bbox 2767 789 3073 854; x_wconf 77' lang='lat' dir='ltr'><strong>cruciﬁxos,</strong></span> <span class='ocrx_word' id='word_1_150' title='bbox 3128 794 3217 862; x_wconf 88' lang='lat' dir='ltr'><strong>qui</strong></span> <span class='ocrx_word' id='word_1_151' title='bbox 3265 805 3391 851; x_wconf 87' lang='lat' dir='ltr'><strong>ante</strong></span> <span class='ocrx_word' id='word_1_152' title='bbox 3443 799 3600 856; x_wconf 86' lang='lat' dir='ltr'><strong>abre-</strong></span> 
     </span>
    </p>
   </div>
   <div class='ocr_carea' id='block_1_23' title="bbox 2022 867 3598 952">
    <p class='ocr_par' dir='ltr' id='par_1_23' title="bbox 2022 867 3598 952">
     <span class='ocr_line' id='line_1_23' title="bbox 2022 867 3598 952; baseline 0.018 -35"><span class='ocrx_word' id='word_1_153' title='bbox 2022 867 2408 922; x_wconf 87' lang='lat' dir='ltr'><strong>nuntiationem</strong></span> <span class='ocrx_word' id='word_1_154' title='bbox 2448 875 2669 939; x_wconf 86' lang='lat' dir='ltr'><strong>peccati,</strong></span> <span class='ocrx_word' id='word_1_155' title='bbox 2721 877 2803 929; x_wconf 91' lang='lat' dir='ltr'><strong>vel</strong></span> <span class='ocrx_word' id='word_1_156' title='bbox 2849 879 3044 934; x_wconf 86' lang='lat' dir='ltr'><strong>diaboli</strong></span> <span class='ocrx_word' id='word_1_157' title='bbox 3103 886 3445 952; x_wconf 84' lang='lat' dir='ltr'><strong>servitutem,</strong></span> <span class='ocrx_word' id='word_1_158' title='bbox 3510 906 3598 945; x_wconf 56' lang='lat' dir='ltr'><strong>ve.</strong></span> 
     </span>
    </p>
   </div>
   <div class='ocr_carea' id='block_1_24' title="bbox 2021 957 3598 1048">
    <p class='ocr_par' dir='ltr' id='par_1_24' title="bbox 2021 957 3598 1048">
     <span class='ocr_line' id='line_1_24' title="bbox 2021 957 3598 1048; baseline 0.018 -42"><span class='ocrx_word' id='word_1_159' title='bbox 2021 961 2188 1008; x_wconf 88' lang='lat' dir='ltr'><strong>terem</strong></span> <span class='ocrx_word' id='word_1_160' title='bbox 2241 957 2513 1013; x_wconf 88' lang='lat' dir='ltr'><strong>hominem</strong></span> <span class='ocrx_word' id='word_1_161' title='bbox 2565 963 2733 1016; x_wconf 88' lang='lat' dir='ltr'><strong>Adam</strong></span> <span class='ocrx_word' id='word_1_162' title='bbox 2787 965 3065 1034; x_wconf 90' lang='lat' dir='ltr'><strong>imitando,</strong></span> <span class='ocrx_word' id='word_1_163' title='bbox 3141 976 3454 1041; x_wconf 90' lang='lat' dir='ltr'><strong>peccabant,</strong></span> <span class='ocrx_word' id='word_1_164' title='bbox 3501 993 3598 1048; x_wconf 86' lang='lat' dir='ltr'><strong>per</strong></span> 
     </span>
    </p>
   </div>
   <div class='ocr_carea' id='block_1_25' title="bbox 2018 1044 3593 1134">
    <p class='ocr_par' dir='ltr' id='par_1_25' title="bbox 2018 1044 3593 1134">
     <span class='ocr_line' id='line_1_25' title="bbox 2018 1044 3593 1134; baseline 0.018 -38"><span class='ocrx_word' id='word_1_165' title='bbox 2018 1044 2534 1104; x_wconf 90' lang='lat' dir='ltr'><strong>abrenuntiationem</strong></span> <span class='ocrx_word' id='word_1_166' title='bbox 2574 1053 2821 1108; x_wconf 90' lang='lat' dir='ltr'><strong>vitiorum</strong></span> <span class='ocrx_word' id='word_1_167' title='bbox 2861 1065 3022 1126; x_wconf 90' lang='lat' dir='ltr'><strong>atque</strong></span> <span class='ocrx_word' id='word_1_168' title='bbox 3070 1074 3166 1129; x_wconf 89' lang='lat' dir='ltr'><strong>per</strong></span> <span class='ocrx_word' id='word_1_169' title='bbox 3204 1044 3593 1134; x_wconf 82' lang='lat' dir='ltr'><strong>baptismum...</strong></span> 
     </span>
    </p>
   </div>
   <div class='ocr_carea' id='block_1_26' title="bbox 2017 1133 3595 1226">
    <p class='ocr_par' dir='ltr' id='par_1_26' title="bbox 2017 1133 3595 1226">
     <span class='ocr_line' id='line_1_26' title="bbox 2017 1133 3595 1226; baseline 0.018 -42"><span class='ocrx_word' id='word_1_170' title='bbox 2017 1133 2141 1202; x_wconf 91' lang='lat' dir='ltr'><strong>quia</strong></span> <span class='ocrx_word' id='word_1_171' title='bbox 2189 1137 2488 1191; x_wconf 88' lang='lat' dir='ltr'><strong>membrum</strong></span> <span class='ocrx_word' id='word_1_172' title='bbox 2537 1143 2783 1211; x_wconf 90' lang='lat' dir='ltr'><strong>corporis</strong></span> <span class='ocrx_word' id='word_1_173' title='bbox 2844 1144 3042 1202; x_wconf 88' lang='lat' dir='ltr'><strong>Christi</strong></span> <span class='ocrx_word' id='word_1_174' title='bbox 3094 1149 3265 1205; x_wconf 73' lang='lat' dir='ltr'><strong>effecti</strong></span> <span class='ocrx_word' id='word_1_175' title='bbox 3328 1164 3452 1209; x_wconf 91' lang='lat' dir='ltr'><strong>sunt</strong></span> <span class='ocrx_word' id='word_1_176' title='bbox 3499 1173 3595 1226; x_wconf 91' lang='lat' dir='ltr'><strong>per</strong></span> 
     </span>
    </p>
   </div>
   <div class='ocr_carea' id='block_1_27' title="bbox 2015 1225 3596 1308">
    <p class='ocr_par' dir='ltr' id='par_1_27' title="bbox 2015 1225 3596 1308">
     <span class='ocr_line' id='line_1_27' title="bbox 2015 1225 3596 1308; baseline 0.015 -30"><span class='ocrx_word' id='word_1_177' title='bbox 2015 1226 2185 1279; x_wconf 81' lang='lat' dir='ltr'><strong>Sancti</strong></span> <span class='ocrx_word' id='word_1_178' title='bbox 2247 1225 2449 1282; x_wconf 86' lang='lat' dir='ltr'><strong>lavacri</strong></span> <span class='ocrx_word' id='word_1_179' title='bbox 2502 1233 2837 1301; x_wconf 88' lang='lat' dir='ltr'><strong>mysterium.</strong></span> <span class='ocrx_word' id='word_1_180' title='bbox 2904 1234 3150 1293; x_wconf 90' lang='lat' dir='ltr'><strong>Christus</strong></span> <span class='ocrx_word' id='word_1_181' title='bbox 3183 1241 3398 1308; x_wconf 89' lang='lat' dir='ltr'><strong>quidem</strong></span> <span class='ocrx_word' id='word_1_182' title='bbox 3440 1225 3596 1301; x_wconf 83' lang='lat' dir='ltr'><strong>inno-</strong></span> 
     </span>
    </p>
   </div>
   <div class='ocr_carea' id='block_1_28' title="bbox 2013 1313 3590 1393">
    <p class='ocr_par' dir='ltr' id='par_1_28' title="bbox 2013 1313 3590 1393">
     <span class='ocr_line' id='line_1_28' title="bbox 2013 1313 3590 1393; baseline 0.016 -27"><span class='ocrx_word' id='word_1_183' title='bbox 2013 1313 2160 1367; x_wconf 81' lang='lat' dir='ltr'><strong>xium</strong></span> <span class='ocrx_word' id='word_1_184' title='bbox 2212 1330 2366 1371; x_wconf 88' lang='lat' dir='ltr'><strong>suum</strong></span> <span class='ocrx_word' id='word_1_185' title='bbox 2404 1333 2600 1388; x_wconf 91' lang='lat' dir='ltr'><strong>corpus</strong></span> <span class='ocrx_word' id='word_1_186' title='bbox 2649 1323 2900 1393; x_wconf 86' lang='lat' dir='ltr'><strong>appendit</strong></span> <span class='ocrx_word' id='word_1_187' title='bbox 2947 1335 3006 1381; x_wconf 92' lang='lat' dir='ltr'><strong>ut</strong></span> <span class='ocrx_word' id='word_1_188' title='bbox 3052 1343 3150 1384; x_wconf 90' lang='lat' dir='ltr'><strong>nos</strong></span> <span class='ocrx_word' id='word_1_189' title='bbox 3195 1333 3414 1388; x_wconf 79' lang='lat' dir='ltr'><strong>noxium</strong></span> <span class='ocrx_word' id='word_1_190' title='bbox 3467 1351 3590 1392; x_wconf 83' lang='lat' dir='ltr'><strong>sus-</strong></span> 
     </span>
    </p>
   </div>
   <div class='ocr_carea' id='block_1_29' title="bbox 2009 1407 3591 1496">
    <p class='ocr_par' dir='ltr' id='par_1_29' title="bbox 2009 1407 3591 1496">
     <span class='ocr_line' id='line_1_29' title="bbox 2009 1407 3591 1496; baseline 0.018 -38"><span class='ocrx_word' id='word_1_191' title='bbox 2009 1407 2306 1496; x_wconf 84' lang='lat' dir='ltr'><strong>pendamus</strong></span> <span class='ocrx_word' id='word_1_192' title='bbox 2359 1425 2391 1465; x_wconf 87' lang='lat' dir='ltr'><strong>a</strong></span> <span class='ocrx_word' id='word_1_193' title='bbox 2434 1412 2580 1468; x_wconf 82' lang='lat' dir='ltr'><strong>vitiis</strong></span> <span class='ocrx_word' id='word_1_194' title='bbox 2607 1453 2622 1480; x_wconf 96' lang='lat'><strong>,</strong></span> <span class='ocrx_word' id='word_1_195' title='bbox 2678 1425 2735 1470; x_wconf 85' lang='lat' dir='ltr'><strong>ut</strong></span> <span class='ocrx_word' id='word_1_196' title='bbox 2801 1417 3103 1475; x_wconf 76' lang='lat' dir='ltr'><strong>destruatur</strong></span> <span class='ocrx_word' id='word_1_197' title='bbox 3147 1440 3332 1495; x_wconf 81' lang='lat' dir='ltr'><strong>corpus</strong></span> <span class='ocrx_word' id='word_1_198' title='bbox 3392 1433 3591 1496; x_wconf 79' lang='lat' dir='ltr'><strong>peccati</strong></span> 
     </span>
    </p>
   </div>
   <div class='ocr_carea' id='block_1_30' title="bbox 2010 1493 3590 1577">
    <p class='ocr_par' dir='ltr' id='par_1_30' title="bbox 2010 1493 3590 1577">
     <span class='ocr_line' id='line_1_30' title="bbox 2010 1493 3590 1577; baseline 0.02 -33"><span class='ocrx_word' id='word_1_199' title='bbox 2010 1503 2065 1544; x_wconf 89' lang='lat' dir='ltr'><strong>ut</strong></span> <span class='ocrx_word' id='word_1_200' title='bbox 2103 1493 2238 1548; x_wconf 89' lang='lat' dir='ltr'><strong>ultra</strong></span> <span class='ocrx_word' id='word_1_201' title='bbox 2277 1513 2379 1550; x_wconf 91' lang='lat' dir='ltr'><strong>non</strong></span> <span class='ocrx_word' id='word_1_202' title='bbox 2408 1500 2695 1555; x_wconf 72' lang='lat' dir='ltr'><strong>serviamus</strong></span> <span class='ocrx_word' id='word_1_203' title='bbox 2717 1513 2949 1572; x_wconf 87' lang='lat' dir='ltr'><strong>peccato.</strong></span> <span class='ocrx_word' id='word_1_204' title='bbox 2997 1507 3112 1564; x_wconf 86' lang='lat' dir='ltr'><strong>Hoc</strong></span> <span class='ocrx_word' id='word_1_205' title='bbox 3152 1493 3256 1577; x_wconf 79' lang='lat' dir='ltr'><strong>est,</strong></span> <span class='ocrx_word' id='word_1_206' title='bbox 3304 1523 3363 1569; x_wconf 90' lang='lat' dir='ltr'><strong>ut</strong></span> <span class='ocrx_word' id='word_1_207' title='bbox 3392 1493 3590 1575; x_wconf 77' lang='lat' dir='ltr'><strong>omnia</strong></span> 
     </span>
    </p>
   </div>
   <div class='ocr_carea' id='block_1_31' title="bbox 322 1582 3588 1680">
    <p class='ocr_par' dir='ltr' id='par_1_31' title="bbox 322 1582 3588 1680">
     <span class='ocr_line' id='line_1_31' title="bbox 322 1582 3588 1680; baseline 0.005 -32"><span class='ocrx_word' id='word_1_208' title='bbox 322 1595 424 1649; x_wconf 85' lang='lat' dir='ltr'><strong>sed</strong></span> <span class='ocrx_word' id='word_1_209' title='bbox 474 1609 574 1664; x_wconf 89' lang='lat' dir='ltr'><strong>per</strong></span> <span class='ocrx_word' id='word_1_210' title='bbox 610 1595 783 1665; x_wconf 90' lang='lat' dir='ltr'><strong>ipsum</strong></span> <span class='ocrx_word' id='word_1_211' title='bbox 838 1593 892 1646; x_wconf 91' lang='lat' dir='ltr'><strong>in</strong></span> <span class='ocrx_word' id='word_1_212' title='bbox 934 1592 1036 1646; x_wconf 90' lang='lat' dir='ltr'><strong>hoc</strong></span> <span class='ocrx_word' id='word_1_213' title='bbox 1065 1588 1260 1646; x_wconf 60' lang='lat' dir='ltr'><strong>saeculo</strong></span> <span class='ocrx_word' id='word_1_214' title='bbox 1313 1589 1562 1650; x_wconf 88' lang='lat' dir='ltr'><strong>solatium</strong></span> <span class='ocrx_word' id='word_1_215' title='bbox 1607 1604 1902 1663; x_wconf 80' lang='lat' dir='ltr'><strong>congruum</strong></span> <span class='ocrx_word' id='word_1_216' title='bbox 1922 1653 1972 1680; x_wconf 78' lang='lat'><strong><em>__</em></strong></span> <span class='ocrx_word' id='word_1_217' title='bbox 2011 1582 2062 1636; x_wconf 79' lang='lat' dir='ltr'><strong>in</strong></span> <span class='ocrx_word' id='word_1_218' title='bbox 2105 1585 2258 1639; x_wconf 69' lang='grc' dir='ltr'><strong>ιιοδίε</strong></span> <span class='ocrx_word' id='word_1_219' title='bbox 2313 1587 2464 1654; x_wconf 63' lang='lat' dir='ltr'><strong>Vilia.</strong></span> <span class='ocrx_word' id='word_1_220' title='bbox 2503 1604 2625 1658; x_wconf 75' lang='lat' dir='ltr'><strong>quae</strong></span> <span class='ocrx_word' id='word_1_221' title='bbox 2675 1601 2800 1661; x_wconf 74' lang='grc' dir='ltr'><strong>Ροεῑ</strong></span> <span class='ocrx_word' id='word_1_222' title='bbox 2830 1594 3155 1665; x_wconf 88' lang='lat' dir='ltr'><strong>baptismum</strong></span> <span class='ocrx_word' id='word_1_223' title='bbox 3197 1598 3588 1680; x_wconf 79' lang='lat' dir='ltr'><strong>commisimus,</strong></span> 
     </span>
    </p>
   </div>
   <div class='ocr_carea' id='block_1_32' title="bbox 322 1670 3586 1769">
    <p class='ocr_par' dir='ltr' id='par_1_32' title="bbox 322 1670 3586 1769">
     <span class='ocr_line' id='line_1_32' title="bbox 322 1670 3586 1769; baseline 0.006 -30"><span class='ocrx_word' id='word_1_224' title='bbox 322 1686 516 1748; x_wconf 86' lang='lat' dir='ltr'><strong>habet,</strong></span> <span class='ocrx_word' id='word_1_225' title='bbox 540 1694 594 1739; x_wconf 87' lang='lat' dir='ltr'><strong>et</strong></span> <span class='ocrx_word' id='word_1_226' title='bbox 620 1685 672 1738; x_wconf 92' lang='lat' dir='ltr'><strong>in</strong></span> <span class='ocrx_word' id='word_1_227' title='bbox 705 1683 881 1742; x_wconf 78' lang='lat' dir='ltr'><strong>futura</strong></span> <span class='ocrx_word' id='word_1_228' title='bbox 908 1687 1016 1741; x_wconf 85' lang='lat' dir='ltr'><strong>vita</strong></span> <span class='ocrx_word' id='word_1_229' title='bbox 1039 1685 1286 1758; x_wconf 79' lang='lat' dir='ltr'><strong>gaudium</strong></span> <span class='ocrx_word' id='word_1_230' title='bbox 1315 1683 1611 1756; x_wconf 87' lang='lat' dir='ltr'><strong>possidebit</strong></span> <span class='ocrx_word' id='word_1_231' title='bbox 1641 1693 1902 1738; x_wconf 81' lang='lat' dir='ltr'><strong>aeternum</strong></span> <span class='ocrx_word' id='word_1_232' title='bbox 1930 1670 1978 1733; x_wconf 82' lang='grc' dir='ltr'><strong>Β</strong></span> <span class='ocrx_word' id='word_1_233' title='bbox 2004 1687 2105 1747; x_wconf 85' lang='lat' dir='ltr'><strong>per</strong></span> <span class='ocrx_word' id='word_1_234' title='bbox 2167 1689 2357 1748; x_wconf 89' lang='lat' dir='ltr'><strong>puram</strong></span> <span class='ocrx_word' id='word_1_235' title='bbox 2403 1681 2795 1743; x_wconf 79' lang='lat' dir='ltr'><strong>confessionem</strong></span> <span class='ocrx_word' id='word_1_236' title='bbox 2862 1695 2919 1747; x_wconf 89' lang='lat' dir='ltr'><strong>et</strong></span> <span class='ocrx_word' id='word_1_237' title='bbox 2962 1690 3335 1761; x_wconf 66' lang='lat' dir='ltr'><strong>paenitentiam</strong></span> <span class='ocrx_word' id='word_1_238' title='bbox 3384 1670 3586 1769; x_wconf 67' lang='lat' dir='ltr'><strong>veram,</strong></span> 
     </span>
    </p>
   </div>
   <div class='ocr_carea' id='block_1_33' title="bbox 323 1769 3590 1860">
    <p class='ocr_par' dir='ltr' id='par_1_33' title="bbox 323 1769 3590 1860">
     <span class='ocr_line' id='line_1_33' title="bbox 323 1769 3590 1860; baseline 0.008 -37"><span class='ocrx_word' id='word_1_239' title='bbox 323 1789 427 1847; x_wconf 80' lang='lat' dir='ltr'><strong>per</strong></span> <span class='ocrx_word' id='word_1_240' title='bbox 450 1773 636 1832; x_wconf 83' lang='lat' dir='ltr'><strong>.lesum</strong></span> <span class='ocrx_word' id='word_1_241' title='bbox 669 1778 942 1835; x_wconf 81' lang='lat' dir='ltr'><strong>Christum</strong></span> <span class='ocrx_word' id='word_1_242' title='bbox 993 1776 1276 1831; x_wconf 88' lang='lat' dir='ltr'><strong>Dominum</strong></span> <span class='ocrx_word' id='word_1_243' title='bbox 1307 1783 1570 1839; x_wconf 89' lang='lat' dir='ltr'><strong>nostrum,</strong></span> <span class='ocrx_word' id='word_1_244' title='bbox 1631 1773 1736 1860; x_wconf 42' lang='lat' dir='ltr'><strong>qui‘</strong></span> <span class='ocrx_word' id='word_1_245' title='bbox 1773 1773 1908 1828; x_wconf 84' lang='lat' dir='ltr'><strong>vivit</strong></span> <span class='ocrx_word' id='word_1_246' title='bbox 2007 1769 2274 1840; x_wconf 87' lang='lat' dir='ltr'><strong>simulque</strong></span> <span class='ocrx_word' id='word_1_247' title='bbox 2325 1789 2420 1844; x_wconf 92' lang='lat' dir='ltr'><strong>per</strong></span> <span class='ocrx_word' id='word_1_248' title='bbox 2451 1776 2915 1849; x_wconf 87' lang='lat' dir='ltr'><strong>eleemosynarum</strong></span> <span class='ocrx_word' id='word_1_249' title='bbox 2953 1782 3261 1855; x_wconf 82' lang='lat' dir='ltr'><strong>largitatem</strong></span> <span class='ocrx_word' id='word_1_250' title='bbox 3305 1791 3590 1849; x_wconf 87' lang='lat' dir='ltr'><strong>destruan-</strong></span> 
     </span>
    </p>
   </div>
   <div class='ocr_carea' id='block_1_34' title="bbox 321 1864 1541 1940">
    <p class='ocr_par' dir='ltr' id='par_1_34' title="bbox 321 1864 1541 1940">
     <span class='ocr_line' id='line_1_34' title="bbox 321 1864 1541 1940; baseline -0.007 -15"><span class='ocrx_word' id='word_1_251' title='bbox 321 1881 384 1925; x_wconf 85' lang='lat' dir='ltr'><strong>et</strong></span> <span class='ocrx_word' id='word_1_252' title='bbox 412 1879 603 1940; x_wconf 82' lang='lat' dir='ltr'><strong>regnat</strong></span> <span class='ocrx_word' id='word_1_253' title='bbox 627 1869 679 1923; x_wconf 90' lang='lat' dir='ltr'><strong>iu</strong></span> <span class='ocrx_word' id='word_1_254' title='bbox 711 1867 902 1924; x_wconf 69' lang='lat' dir='ltr'><strong>saecula</strong></span> <span class='ocrx_word' id='word_1_255' title='bbox 946 1865 1284 1921; x_wconf 63' lang='lat' dir='ltr'><strong>saeculorum.</strong></span> <span class='ocrx_word' id='word_1_256' title='bbox 1351 1864 1541 1918; x_wconf 86' lang='lat' dir='ltr'><strong>Amen.</strong></span> 
     </span>
    </p>
   </div>
   <div class='ocr_carea' id='block_1_35' title="bbox 873 1962 1370 2032">
    <p class='ocr_par' dir='ltr' id='par_1_35' title="bbox 873 1962 1370 2032">
     <span class='ocr_line' id='line_1_35' title="bbox 873 1962 1370 2032; baseline -0.006 0"><span class='ocrx_word' id='word_1_257' title='bbox 873 1975 1150 2032; x_wconf 76' lang='lat' dir='ltr'><strong>HOMILIA</strong></span> <span class='ocrx_word' id='word_1_258' title='bbox 1193 1962 1370 2032; x_wconf 72' lang='lat' dir='ltr'><strong>CXI“.</strong></span> 
     </span>
    </p>
   </div>
   <div class='ocr_carea' id='block_1_36' title="bbox 613 2060 1608 2105">
    <p class='ocr_par' dir='ltr' id='par_1_36' title="bbox 613 2060 1608 2105">
     <span class='ocr_line' id='line_1_36' title="bbox 613 2060 1608 2105; baseline -0.004 -1"><span class='ocrx_word' id='word_1_259' title='bbox 613 2064 925 2105; x_wconf 65' lang='lat' dir='ltr'><strong>BEBDOSIADA</strong></span> <span class='ocrx_word' id='word_1_260' title='bbox 954 2064 1031 2102; x_wconf 84' lang='lat' dir='ltr'><strong>Vll</strong></span> <span class='ocrx_word' id='word_1_261' title='bbox 1062 2063 1188 2102; x_wconf 79' lang='lat' dir='ltr'><strong>POST</strong></span> <span class='ocrx_word' id='word_1_262' title='bbox 1215 2060 1608 2101; x_wconf 72' lang='lat' dir='ltr'><strong>PENTECOSTBN.</strong></span> 
     </span>
    </p>
   </div>
   <div class='ocr_carea' id='block_1_37' title="bbox 587 2135 1641 2208">
    <p class='ocr_par' dir='ltr' id='par_1_37' title="bbox 587 2135 1641 2208">
     <span class='ocr_line' id='line_1_37' title="bbox 587 2135 1641 2208; baseline -0.004 -15"><span class='ocrx_word' id='word_1_263' title='bbox 587 2139 768 2194; x_wconf 81' lang='lat' dir='ltr'><strong>Lectio</strong></span> <span class='ocrx_word' id='word_1_264' title='bbox 798 2138 1044 2208; x_wconf 61' lang='lat' dir='ltr'><strong>Epistolas</strong></span> <span class='ocrx_word' id='word_1_265' title='bbox 1078 2136 1227 2191; x_wconf 86' lang='lat' dir='ltr'><strong>Pauli</strong></span> <span class='ocrx_word' id='word_1_266' title='bbox 1257 2137 1323 2190; x_wconf 88' lang='lat' dir='ltr'><strong>ad</strong></span> <span class='ocrx_word' id='word_1_267' title='bbox 1353 2135 1641 2190; x_wconf 83' lang='lat' dir='ltr'><strong>Romanos.</strong></span> 
     </span>
    </p>
   </div>
   <div class='ocr_carea' id='block_1_38' title="bbox 399 2219 1901 2300">
    <p class='ocr_par' dir='ltr' id='par_1_38' title="bbox 399 2219 1901 2300">
     <span class='ocr_line' id='line_1_38' title="bbox 399 2219 1901 2300; baseline -0.001 -18"><span class='ocrx_word' id='word_1_268' title='bbox 399 2229 634 2294; x_wconf 76' lang='lat' dir='ltr'><strong>Fratres,</strong></span> <span class='ocrx_word' id='word_1_269' title='bbox 699 2231 991 2300; x_wconf 82' lang='lat' dir='ltr'><strong>quicunque</strong></span> <span class='ocrx_word' id='word_1_270' title='bbox 1042 2228 1290 2298; x_wconf 84' lang='lat' dir='ltr'><strong>baptizati</strong></span> <span class='ocrx_word' id='word_1_271' title='bbox 1334 2243 1515 2281; x_wconf 87' lang='lat' dir='ltr'><strong>sumus</strong></span> <span class='ocrx_word' id='word_1_272' title='bbox 1580 2219 1901 2280; x_wconf 51' lang='lat' dir='ltr'><strong>in&#39;Christo</strong></span> 
     </span>
    </p>
   </div>
   <div class='ocr_carea' id='block_1_39' title="bbox 318 2315 1898 2390">
    <p class='ocr_par' dir='ltr' id='par_1_39' title="bbox 318 2315 1898 2390">
     <span class='ocr_line' id='line_1_39' title="bbox 318 2315 1898 2390; baseline -0.006 -14"><span class='ocrx_word' id='word_1_273' title='bbox 318 2323 476 2385; x_wconf 79' lang='lat' dir='ltr'><strong>Jesu,</strong></span> <span class='ocrx_word' id='word_1_274' title='bbox 524 2323 577 2375; x_wconf 91' lang='lat' dir='ltr'><strong>in</strong></span> <span class='ocrx_word' id='word_1_275' title='bbox 622 2331 782 2374; x_wconf 87' lang='lat' dir='ltr'><strong>morte</strong></span> <span class='ocrx_word' id='word_1_276' title='bbox 820 2320 981 2390; x_wconf 81' lang='lat' dir='ltr'><strong>ipsius</strong></span> <span class='ocrx_word' id='word_1_277' title='bbox 1031 2317 1279 2389; x_wconf 83' lang='lat' dir='ltr'><strong>baptizati</strong></span> <span class='ocrx_word' id='word_1_278' title='bbox 1328 2334 1532 2371; x_wconf 87' lang='lat' dir='ltr'><strong>sumus.</strong></span> <span class='ocrx_word' id='word_1_279' title='bbox 1594 2315 1898 2384; x_wconf 86' lang='lat' dir='ltr'><strong>Consepulti</strong></span> 
     </span>
    </p>
   </div>
   <div class='ocr_carea' id='block_1_40' title="bbox 318 2409 1894 2480">
    <p class='ocr_par' dir='ltr' id='par_1_40' title="bbox 318 2409 1894 2480">
     <span class='ocr_line' id='line_1_40' title="bbox 318 2409 1894 2480; baseline -0.002 -16"><span class='ocrx_word' id='word_1_280' title='bbox 318 2414 462 2464; x_wconf 84' lang='lat' dir='ltr'><strong>enim</strong></span> <span class='ocrx_word' id='word_1_281' title='bbox 513 2428 692 2466; x_wconf 87' lang='lat' dir='ltr'><strong>sumus</strong></span> <span class='ocrx_word' id='word_1_282' title='bbox 741 2428 857 2464; x_wconf 90' lang='lat' dir='ltr'><strong>cum</strong></span> <span class='ocrx_word' id='word_1_283' title='bbox 902 2409 994 2464; x_wconf 89' lang='lat' dir='ltr'><strong>illo</strong></span> <span class='ocrx_word' id='word_1_284' title='bbox 1034 2426 1126 2480; x_wconf 89' lang='lat' dir='ltr'><strong>per</strong></span> <span class='ocrx_word' id='word_1_285' title='bbox 1176 2411 1485 2480; x_wconf 81' lang='lat' dir='ltr'><strong>baptismum</strong></span> <span class='ocrx_word' id='word_1_286' title='bbox 1542 2411 1597 2464; x_wconf 88' lang='lat' dir='ltr'><strong>in</strong></span> <span class='ocrx_word' id='word_1_287' title='bbox 1655 2419 1894 2472; x_wconf 87' lang='lat' dir='ltr'><strong>mortem,</strong></span> 
     </span>
    </p>
   </div>
   <div class='ocr_carea' id='block_1_41' title="bbox 317 2511 428 2556">
    <p class='ocr_par' dir='ltr' id='par_1_41' title="bbox 317 2511 428 2556">
     <span class='ocr_line' id='line_1_41' title="bbox 317 2511 428 2556; baseline -0.027 0"><span class='ocrx_word' id='word_1_288' title='bbox 317 2511 428 2556; x_wconf 85' lang='lat' dir='ltr'><strong>ctc.</strong></span> 
     </span>
    </p>
   </div>
   <div class='ocr_carea' id='block_1_42' title="bbox 390 2587 1893 2658">
    <p class='ocr_par' dir='ltr' id='par_1_42' title="bbox 390 2587 1893 2658">
     <span class='ocr_line' id='line_1_42' title="bbox 390 2587 1893 2658; baseline -0.002 -14"><span class='ocrx_word' id='word_1_289' title='bbox 390 2591 652 2655; x_wconf 84' lang='lat' dir='ltr'><strong>Audistis,</strong></span> <span class='ocrx_word' id='word_1_290' title='bbox 698 2590 892 2646; x_wconf 75' lang='lat' dir='ltr'><strong>fratres</strong></span> <span class='ocrx_word' id='word_1_291' title='bbox 919 2591 1244 2656; x_wconf 89' lang='lat' dir='ltr'><strong>charissimi,</strong></span> <span class='ocrx_word' id='word_1_292' title='bbox 1294 2591 1346 2644; x_wconf 92' lang='lat' dir='ltr'><strong>in</strong></span> <span class='ocrx_word' id='word_1_293' title='bbox 1386 2590 1611 2644; x_wconf 88' lang='lat' dir='ltr'><strong>lectione</strong></span> <span class='ocrx_word' id='word_1_294' title='bbox 1641 2587 1893 2658; x_wconf 76' lang='lat' dir='ltr'><strong>prtesenti</strong></span> 
     </span>
    </p>
   </div>
   <div class='ocr_carea' id='block_1_43' title="bbox 312 2678 1893 2750">
    <p class='ocr_par' dir='ltr' id='par_1_43' title="bbox 312 2678 1893 2750">
     <span class='ocr_line' id='line_1_43' title="bbox 312 2678 1893 2750; baseline -0.003 -15"><span class='ocrx_word' id='word_1_295' title='bbox 312 2683 587 2736; x_wconf 88' lang='lat' dir='ltr'><strong>dicentem</strong></span> <span class='ocrx_word' id='word_1_296' title='bbox 627 2681 958 2750; x_wconf 86' lang='lat' dir='ltr'><strong>Apostolum,</strong></span> <span class='ocrx_word' id='word_1_297' title='bbox 1012 2697 1082 2733; x_wconf 92' lang='lat' dir='ltr'><strong>an</strong></span> <span class='ocrx_word' id='word_1_298' title='bbox 1131 2680 1383 2750; x_wconf 82' lang='lat' dir='ltr'><strong>ignoratis</strong></span> <span class='ocrx_word' id='word_1_299' title='bbox 1421 2679 1545 2750; x_wconf 85' lang='lat' dir='ltr'><strong>quia</strong></span> <span class='ocrx_word' id='word_1_300' title='bbox 1600 2678 1893 2748; x_wconf 81' lang='lat' dir='ltr'><strong>quicunque</strong></span> 
     </span>
    </p>
   </div>
   <div class='ocr_carea' id='block_1_44' title="bbox 312 2768 1890 2842">
    <p class='ocr_par' dir='ltr' id='par_1_44' title="bbox 312 2768 1890 2842">
     <span class='ocr_line' id='line_1_44' title="bbox 312 2768 1890 2842; baseline -0.001 -17"><span class='ocrx_word' id='word_1_301' title='bbox 312 2773 567 2842; x_wconf 75' lang='lat' dir='ltr'><strong>baptizati</strong></span> <span class='ocrx_word' id='word_1_302' title='bbox 615 2787 795 2825; x_wconf 89' lang='lat' dir='ltr'><strong>sumus</strong></span> <span class='ocrx_word' id='word_1_303' title='bbox 858 2771 913 2825; x_wconf 88' lang='lat' dir='ltr'><strong>in</strong></span> <span class='ocrx_word' id='word_1_304' title='bbox 955 2768 1161 2824; x_wconf 77' lang='lat' dir='ltr'><strong>Christo</strong></span> <span class='ocrx_word' id='word_1_305' title='bbox 1201 2769 1352 2834; x_wconf 84' lang='lat' dir='ltr'><strong>Jesu,</strong></span> <span class='ocrx_word' id='word_1_306' title='bbox 1422 2770 1478 2822; x_wconf 88' lang='lat' dir='ltr'><strong>in</strong></span> <span class='ocrx_word' id='word_1_307' title='bbox 1518 2779 1683 2828; x_wconf 88' lang='lat' dir='ltr'><strong>morte</strong></span> <span class='ocrx_word' id='word_1_308' title='bbox 1727 2769 1890 2839; x_wconf 85' lang='lat' dir='ltr'><strong>ipsius</strong></span> 
     </span>
    </p>
   </div>
   <div class='ocr_carea' id='block_1_45' title="bbox 313 2857 1888 2930">
    <p class='ocr_par' dir='ltr' id='par_1_45' title="bbox 313 2857 1888 2930">
     <span class='ocr_line' id='line_1_45' title="bbox 313 2857 1888 2930; baseline -0.001 -16"><span class='ocrx_word' id='word_1_309' title='bbox 313 2861 568 2930; x_wconf 69' lang='lat' dir='ltr'><strong>baptismi</strong></span> <span class='ocrx_word' id='word_1_310' title='bbox 621 2877 801 2914; x_wconf 89' lang='lat' dir='ltr'><strong>sumus</strong></span> <span class='ocrx_word' id='word_1_311' title='bbox 848 2860 874 2914; x_wconf 72' lang='grc' dir='ltr'><em>γ</em></span> <span class='ocrx_word' id='word_1_312' title='bbox 926 2857 1224 2929; x_wconf 84' lang='lat' dir='ltr'><strong>Consepulti</strong></span> <span class='ocrx_word' id='word_1_313' title='bbox 1303 2860 1438 2914; x_wconf 89' lang='lat' dir='ltr'><strong>enim</strong></span> <span class='ocrx_word' id='word_1_314' title='bbox 1514 2875 1694 2913; x_wconf 88' lang='lat' dir='ltr'><strong>sumus</strong></span> <span class='ocrx_word' id='word_1_315' title='bbox 1772 2874 1888 2912; x_wconf 86' lang='lat' dir='ltr'><strong>cum</strong></span> 
     </span>
    </p>
   </div>
   <div class='ocr_carea' id='block_1_46' title="bbox 311 2950 1887 3020">
    <p class='ocr_par' dir='ltr' id='par_1_46' title="bbox 311 2950 1887 3020">
     <span class='ocr_line' id='line_1_46' title="bbox 311 2950 1887 3020; baseline 0 -16"><span class='ocrx_word' id='word_1_316' title='bbox 311 2951 408 3004; x_wconf 88' lang='lat' dir='ltr'><strong>illo</strong></span> <span class='ocrx_word' id='word_1_317' title='bbox 444 2968 536 3019; x_wconf 86' lang='lat' dir='ltr'><strong>per</strong></span> <span class='ocrx_word' id='word_1_318' title='bbox 584 2952 894 3020; x_wconf 82' lang='lat' dir='ltr'><strong>baptismum</strong></span> <span class='ocrx_word' id='word_1_319' title='bbox 955 2952 1010 3004; x_wconf 90' lang='lat' dir='ltr'><strong>in</strong></span> <span class='ocrx_word' id='word_1_320' title='bbox 1046 2961 1286 3016; x_wconf 89' lang='lat' dir='ltr'><strong>mortem,</strong></span> <span class='ocrx_word' id='word_1_321' title='bbox 1333 2959 1393 3004; x_wconf 90' lang='lat' dir='ltr'><strong>ut</strong></span> <span class='ocrx_word' id='word_1_322' title='bbox 1443 2950 1582 3004; x_wconf 89' lang='lat' dir='ltr'><strong>sicut</strong></span> <span class='ocrx_word' id='word_1_323' title='bbox 1640 2950 1887 3004; x_wconf 86' lang='lat' dir='ltr'><strong>Christus</strong></span> 
     </span>
    </p>
   </div>
   <div class='ocr_carea' id='block_1_47' title="bbox 2005 1861 3590 1951">
    <p class='ocr_par' dir='ltr' id='par_1_47' title="bbox 2005 1861 3590 1951">
     <span class='ocr_line' id='line_1_47' title="bbox 2005 1861 3590 1951; baseline 0.017 -41"><span class='ocrx_word' id='word_1_324' title='bbox 2005 1865 2093 1910; x_wconf 91' lang='lat' dir='ltr'><strong>tur</strong></span> <span class='ocrx_word' id='word_1_325' title='bbox 2117 1861 2347 1928; x_wconf 89' lang='lat' dir='ltr'><strong>penitus,</strong></span> <span class='ocrx_word' id='word_1_326' title='bbox 2397 1865 2522 1932; x_wconf 91' lang='lat' dir='ltr'><strong>quia</strong></span> <span class='ocrx_word' id='word_1_327' title='bbox 2573 1880 2737 1920; x_wconf 90' lang='lat' dir='ltr'><strong>unum</strong></span> <span class='ocrx_word' id='word_1_328' title='bbox 2762 1869 2950 1924; x_wconf 92' lang='lat' dir='ltr'><strong>vitium</strong></span> <span class='ocrx_word' id='word_1_329' title='bbox 2998 1875 3297 1931; x_wconf 89' lang='lat' dir='ltr'><strong>membrum</strong></span> <span class='ocrx_word' id='word_1_330' title='bbox 3339 1889 3422 1934; x_wconf 90' lang='lat' dir='ltr'><strong>est</strong></span> <span class='ocrx_word' id='word_1_331' title='bbox 3467 1897 3590 1951; x_wconf 88' lang='lat' dir='ltr'><strong>pec-</strong></span> 
     </span>
    </p>
   </div>
   <div class='ocr_carea' id='block_1_48' title="bbox 2002 1949 3588 2039">
    <p class='ocr_par' dir='ltr' id='par_1_48' title="bbox 2002 1949 3588 2039">
     <span class='ocr_line' id='line_1_48' title="bbox 2002 1949 3588 2039; baseline 0.017 -39"><span class='ocrx_word' id='word_1_332' title='bbox 2002 1949 2127 2006; x_wconf 87' lang='lat' dir='ltr'><strong>cati.</strong></span> <span class='ocrx_word' id='word_1_333' title='bbox 2175 1949 2325 2004; x_wconf 88' lang='lat' dir='ltr'><strong>Sicut</strong></span> <span class='ocrx_word' id='word_1_334' title='bbox 2357 1951 2601 2010; x_wconf 90' lang='lat' dir='ltr'><strong>Christus</strong></span> <span class='ocrx_word' id='word_1_335' title='bbox 2647 1971 2754 2010; x_wconf 91' lang='lat' dir='ltr'><strong>non</strong></span> <span class='ocrx_word' id='word_1_336' title='bbox 2784 1973 2850 2013; x_wconf 78' lang='lat' dir='ltr'><strong>ex</strong></span> <span class='ocrx_word' id='word_1_337' title='bbox 2877 1969 3064 2028; x_wconf 84' lang='lat' dir='ltr'><strong>parte,</strong></span> <span class='ocrx_word' id='word_1_338' title='bbox 3101 1965 3193 2019; x_wconf 88' lang='lat' dir='ltr'><strong>sed</strong></span> <span class='ocrx_word' id='word_1_339' title='bbox 3245 1949 3588 2039; x_wconf 19' lang='lat' dir='ltr'><strong>integer‘est</strong></span> 
     </span>
    </p>
   </div>
   <div class='ocr_carea' id='block_1_49' title="bbox 2001 2040 3582 2126">
    <p class='ocr_par' dir='ltr' id='par_1_49' title="bbox 2001 2040 3582 2126">
     <span class='ocr_line' id='line_1_49' title="bbox 2001 2040 3582 2126; baseline 0.016 -34"><span class='ocrx_word' id='word_1_340' title='bbox 2001 2040 2309 2104; x_wconf 78' lang='lat' dir='ltr'><strong>cruciﬁxus,</strong></span> <span class='ocrx_word' id='word_1_341' title='bbox 2361 2043 2433 2096; x_wconf 91' lang='lat' dir='ltr'><strong>ita</strong></span> <span class='ocrx_word' id='word_1_342' title='bbox 2459 2053 2517 2098; x_wconf 91' lang='lat' dir='ltr'><strong>ut</strong></span> <span class='ocrx_word' id='word_1_343' title='bbox 2545 2046 2891 2115; x_wconf 68' lang='lat' dir='ltr'><strong>prcediximus</strong></span> <span class='ocrx_word' id='word_1_344' title='bbox 2919 2065 3017 2120; x_wconf 91' lang='lat' dir='ltr'><strong>per</strong></span> <span class='ocrx_word' id='word_1_345' title='bbox 3039 2053 3455 2126; x_wconf 80' lang='lat' dir='ltr'><strong>confessionem,</strong></span> <span class='ocrx_word' id='word_1_346' title='bbox 3484 2077 3582 2116; x_wconf 85' lang='lat' dir='ltr'><strong>ne-</strong></span> 
     </span>
    </p>
   </div>
   <div class='ocr_carea' id='block_1_50' title="bbox 1998 2131 3582 2216">
    <p class='ocr_par' dir='ltr' id='par_1_50' title="bbox 1998 2131 3582 2216">
     <span class='ocr_line' id='line_1_50' title="bbox 1998 2131 3582 2216; baseline 0.017 -37"><span class='ocrx_word' id='word_1_347' title='bbox 1998 2140 2151 2181; x_wconf 91' lang='lat' dir='ltr'><strong>cesse</strong></span> <span class='ocrx_word' id='word_1_348' title='bbox 2203 2138 2288 2183; x_wconf 89' lang='lat' dir='ltr'><strong>est</strong></span> <span class='ocrx_word' id='word_1_349' title='bbox 2335 2137 2394 2183; x_wconf 89' lang='lat' dir='ltr'><strong>ut</strong></span> <span class='ocrx_word' id='word_1_350' title='bbox 2447 2131 2760 2188; x_wconf 88' lang='lat' dir='ltr'><strong>destruatur</strong></span> <span class='ocrx_word' id='word_1_351' title='bbox 2831 2137 2886 2191; x_wconf 89' lang='lat' dir='ltr'><strong>in</strong></span> <span class='ocrx_word' id='word_1_352' title='bbox 2938 2140 3092 2195; x_wconf 89' lang='lat' dir='ltr'><strong>nobis</strong></span> <span class='ocrx_word' id='word_1_353' title='bbox 3138 2151 3307 2199; x_wconf 91' lang='lat' dir='ltr'><strong>totum</strong></span> <span class='ocrx_word' id='word_1_354' title='bbox 3374 2152 3582 2216; x_wconf 88' lang='lat' dir='ltr'><strong>peccati</strong></span> 
     </span>
    </p>
   </div>
   <div class='ocr_carea' id='block_1_51' title="bbox 1997 2221 3568 2310">
    <p class='ocr_par' dir='ltr' id='par_1_51' title="bbox 1997 2221 3568 2310">
     <span class='ocr_line' id='line_1_51' title="bbox 1997 2221 3568 2310; baseline 0.017 -39"><span class='ocrx_word' id='word_1_355' title='bbox 1997 2232 2208 2288; x_wconf 90' lang='lat' dir='ltr'><strong>corpus,</strong></span> <span class='ocrx_word' id='word_1_356' title='bbox 2240 2230 2298 2274; x_wconf 91' lang='lat' dir='ltr'><strong>ut</strong></span> <span class='ocrx_word' id='word_1_357' title='bbox 2319 2221 2411 2275; x_wconf 89' lang='lat' dir='ltr'><strong>ﬁat</strong></span> <span class='ocrx_word' id='word_1_358' title='bbox 2435 2236 2563 2278; x_wconf 90' lang='lat' dir='ltr'><strong>caro</strong></span> <span class='ocrx_word' id='word_1_359' title='bbox 2587 2236 2770 2280; x_wconf 87' lang='lat' dir='ltr'><strong>nostra</strong></span> <span class='ocrx_word' id='word_1_360' title='bbox 2798 2227 3020 2294; x_wconf 75' lang='lat' dir='ltr'><strong>iustitia:</strong></span> <span class='ocrx_word' id='word_1_361' title='bbox 3049 2236 3399 2304; x_wconf 89' lang='lat' dir='ltr'><strong>mancipium,</strong></span> <span class='ocrx_word' id='word_1_362' title='bbox 3423 2243 3568 2310; x_wconf 89' lang='lat' dir='ltr'><strong>quod</strong></span> 
     </span>
    </p>
   </div>
   <div class='ocr_carea' id='block_1_52' title="bbox 1996 2307 3576 2396">
    <p class='ocr_par' dir='ltr' id='par_1_52' title="bbox 1996 2307 3576 2396">
     <span class='ocr_line' id='line_1_52' title="bbox 1996 2307 3576 2396; baseline 0.015 -36"><span class='ocrx_word' id='word_1_363' title='bbox 1996 2307 2202 2362; x_wconf 84' lang='lat' dir='ltr'><strong>solebat</strong></span> <span class='ocrx_word' id='word_1_364' title='bbox 2241 2324 2360 2364; x_wconf 88' lang='lat' dir='ltr'><strong>esse</strong></span> <span class='ocrx_word' id='word_1_365' title='bbox 2402 2311 2600 2366; x_wconf 88' lang='lat' dir='ltr'><strong>delicti.</strong></span> <span class='ocrx_word' id='word_1_366' title='bbox 2651 2312 2835 2370; x_wconf 85' lang='lat' dir='ltr'><strong>Omnis</strong></span> <span class='ocrx_word' id='word_1_367' title='bbox 2865 2319 3004 2372; x_wconf 89' lang='lat' dir='ltr'><strong>enim</strong></span> <span class='ocrx_word' id='word_1_368' title='bbox 3039 2323 3283 2392; x_wconf 60' lang='lat' dir='ltr'><strong>quiJacit</strong></span> <span class='ocrx_word' id='word_1_369' title='bbox 3306 2307 3576 2396; x_wconf 80' lang='lat' dir='ltr'><strong>peccatum</strong></span> 
     </span>
    </p>
   </div>
   <div class='ocr_carea' id='block_1_53' title="bbox 1994 2403 2565 2468">
    <p class='ocr_par' dir='ltr' id='par_1_53' title="bbox 1994 2403 2565 2468">
     <span class='ocr_line' id='line_1_53' title="bbox 1994 2403 2565 2468; baseline 0.009 -18"><span class='ocrx_word' id='word_1_370' title='bbox 1994 2413 2171 2451; x_wconf 89' lang='lat' dir='ltr'><strong>servus</strong></span> <span class='ocrx_word' id='word_1_371' title='bbox 2215 2408 2290 2452; x_wconf 83' lang='lat' dir='ltr'><strong>est</strong></span> <span class='ocrx_word' id='word_1_372' title='bbox 2345 2403 2565 2468; x_wconf 86' lang='lat' dir='ltr'><strong>peccati.</strong></span> 
     </span>
    </p>
   </div>
   <div class='ocr_carea' id='block_1_54' title="bbox 2067 2489 3578 2574">
    <p class='ocr_par' dir='ltr' id='par_1_54' title="bbox 2067 2489 3578 2574">
     <span class='ocr_line' id='line_1_54' title="bbox 2067 2489 3578 2574; baseline 0.015 -31"><span class='ocrx_word' id='word_1_373' title='bbox 2067 2489 2170 2556; x_wconf 87' lang='lat' dir='ltr'><strong>Qui</strong></span> <span class='ocrx_word' id='word_1_374' title='bbox 2204 2493 2341 2545; x_wconf 89' lang='lat' dir='ltr'><strong>enim</strong></span> <span class='ocrx_word' id='word_1_375' title='bbox 2369 2504 2606 2549; x_wconf 87' lang='lat' dir='ltr'><strong>mortuus</strong></span> <span class='ocrx_word' id='word_1_376' title='bbox 2627 2507 2702 2550; x_wconf 89' lang='lat' dir='ltr'><strong>est</strong></span> <span class='ocrx_word' id='word_1_377' title='bbox 2731 2508 2956 2567; x_wconf 90' lang='lat' dir='ltr'><strong>peccato</strong></span> <span class='ocrx_word' id='word_1_378' title='bbox 2982 2516 3080 2574; x_wconf 89' lang='lat' dir='ltr'><strong>per</strong></span> <span class='ocrx_word' id='word_1_379' title='bbox 3108 2504 3497 2564; x_wconf 80' lang='lat' dir='ltr'><strong>confessionem</strong></span> <span class='ocrx_word' id='word_1_380' title='bbox 3522 2518 3578 2566; x_wconf 91' lang='lat' dir='ltr'><strong>et</strong></span> 
     </span>
    </p>
   </div>
   <div class='ocr_carea' id='block_1_55' title="bbox 1993 2579 3572 2669">
    <p class='ocr_par' dir='ltr' id='par_1_55' title="bbox 1993 2579 3572 2669">
     <span class='ocr_line' id='line_1_55' title="bbox 1993 2579 3572 2669; baseline 0.015 -36"><span class='ocrx_word' id='word_1_381' title='bbox 1993 2579 2402 2638; x_wconf 87' lang='lat' dir='ltr'><strong>detestationem</strong></span> <span class='ocrx_word' id='word_1_382' title='bbox 2469 2586 2693 2655; x_wconf 87' lang='lat' dir='ltr'><strong>peccati,</strong></span> <span class='ocrx_word' id='word_1_383' title='bbox 2740 2589 3070 2659; x_wconf 75' lang='lat' dir='ltr'><strong>justi/iectus</strong></span> <span class='ocrx_word' id='word_1_384' title='bbox 3135 2607 3208 2650; x_wconf 89' lang='lat' dir='ltr'><strong>est</strong></span> <span class='ocrx_word' id='word_1_385' title='bbox 3267 2615 3298 2651; x_wconf 91' lang='lat' dir='ltr'><strong>a</strong></span> <span class='ocrx_word' id='word_1_386' title='bbox 3341 2611 3572 2669; x_wconf 83' lang='lat' dir='ltr'><strong>peccato.</strong></span> 
     </span>
    </p>
   </div>
   <div class='ocr_carea' id='block_1_56' title="bbox 1993 2669 3574 2761">
    <p class='ocr_par' dir='ltr' id='par_1_56' title="bbox 1993 2669 3574 2761">
     <span class='ocr_line' id='line_1_56' title="bbox 1993 2669 3574 2761; baseline 0.016 -38"><span class='ocrx_word' id='word_1_387' title='bbox 1993 2669 2234 2727; x_wconf 80' lang='lat' dir='ltr'><strong>Mortuus</strong></span> <span class='ocrx_word' id='word_1_388' title='bbox 2259 2683 2344 2728; x_wconf 91' lang='lat' dir='ltr'><strong>est</strong></span> <span class='ocrx_word' id='word_1_389' title='bbox 2362 2675 2505 2728; x_wconf 81' lang='lat' dir='ltr'><strong>enim</strong></span> <span class='ocrx_word' id='word_1_390' title='bbox 2530 2678 2750 2734; x_wconf 88' lang='lat' dir='ltr'><strong>omnino</strong></span> <span class='ocrx_word' id='word_1_391' title='bbox 2769 2681 2862 2749; x_wconf 88' lang='lat' dir='ltr'><strong>qui</strong></span> <span class='ocrx_word' id='word_1_392' title='bbox 2886 2696 2991 2736; x_wconf 89' lang='lat' dir='ltr'><strong>non</strong></span> <span class='ocrx_word' id='word_1_393' title='bbox 3018 2695 3228 2754; x_wconf 89' lang='lat' dir='ltr'><strong>peccat,</strong></span> <span class='ocrx_word' id='word_1_394' title='bbox 3255 2698 3308 2743; x_wconf 91' lang='lat' dir='ltr'><strong>et</strong></span> <span class='ocrx_word' id='word_1_395' title='bbox 3331 2693 3422 2761; x_wconf 87' lang='lat' dir='ltr'><strong>qui</strong></span> <span class='ocrx_word' id='word_1_396' title='bbox 3449 2707 3574 2747; x_wconf 79' lang='lat' dir='ltr'><strong>cru-</strong></span> 
     </span>
    </p>
   </div>
   <div class='ocr_carea' id='block_1_57' title="bbox 1989 2759 3572 2840">
    <p class='ocr_par' dir='ltr' id='par_1_57' title="bbox 1989 2759 3572 2840">
     <span class='ocr_line' id='line_1_57' title="bbox 1989 2759 3572 2840; baseline 0.017 -27"><span class='ocrx_word' id='word_1_397' title='bbox 1989 2759 2180 2815; x_wconf 84' lang='lat' dir='ltr'><strong>ciﬁxus</strong></span> <span class='ocrx_word' id='word_1_398' title='bbox 2210 2769 2294 2816; x_wconf 91' lang='lat' dir='ltr'><strong>est</strong></span> <span class='ocrx_word' id='word_1_399' title='bbox 2319 2778 2419 2832; x_wconf 91' lang='lat' dir='ltr'><strong>per</strong></span> <span class='ocrx_word' id='word_1_400' title='bbox 2441 2767 2815 2834; x_wconf 62' lang='lat' dir='ltr'><strong>paenitentiam</strong></span> <span class='ocrx_word' id='word_1_401' title='bbox 2844 2775 3102 2840; x_wconf 86' lang='lat' dir='ltr'><strong>peccatis,</strong></span> <span class='ocrx_word' id='word_1_402' title='bbox 3125 2775 3310 2834; x_wconf 87' lang='lat' dir='ltr'><strong>dolore</strong></span> <span class='ocrx_word' id='word_1_403' title='bbox 3333 2759 3397 2836; x_wconf 75' lang='lat' dir='ltr'><strong>ac</strong></span> <span class='ocrx_word' id='word_1_404' title='bbox 3421 2798 3572 2838; x_wconf 90' lang='lat' dir='ltr'><strong>com-</strong></span> 
     </span>
    </p>
   </div>
   <div class='ocr_carea' id='block_1_58' title="bbox 1989 2853 3330 2935">
    <p class='ocr_par' dir='ltr' id='par_1_58' title="bbox 1989 2853 3330 2935">
     <span class='ocr_line' id='line_1_58' title="bbox 1989 2853 3330 2935; baseline 0.015 -31"><span class='ocrx_word' id='word_1_405' title='bbox 1989 2853 2277 2919; x_wconf 91' lang='lat' dir='ltr'><strong>punctione</strong></span> <span class='ocrx_word' id='word_1_406' title='bbox 2298 2859 2526 2924; x_wconf 86' lang='lat' dir='ltr'><strong>peccati,</strong></span> <span class='ocrx_word' id='word_1_407' title='bbox 2557 2859 2646 2913; x_wconf 78' lang='lat' dir='ltr'><strong>vix</strong></span> <span class='ocrx_word' id='word_1_408' title='bbox 2672 2863 2871 2929; x_wconf 89' lang='lat' dir='ltr'><strong>poterit</strong></span> <span class='ocrx_word' id='word_1_409' title='bbox 2898 2866 3059 2920; x_wconf 89' lang='lat' dir='ltr'><strong>etiam</strong></span> <span class='ocrx_word' id='word_1_410' title='bbox 3087 2882 3330 2935; x_wconf 85' lang='lat' dir='ltr'><strong>peccare.</strong></span> 
     </span>
    </p>
   </div>
   <div class='ocr_carea' id='block_1_59' title="bbox 2063 2940 3572 3024">
    <p class='ocr_par' dir='ltr' id='par_1_59' title="bbox 2063 2940 3572 3024">
     <span class='ocr_line' id='line_1_59' title="bbox 2063 2940 3572 3024; baseline 0.015 -29"><span class='ocrx_word' id='word_1_411' title='bbox 2063 2940 2125 2996; x_wconf 96' lang='lat' dir='ltr'><strong>Si</strong></span> <span class='ocrx_word' id='word_1_412' title='bbox 2176 2954 2348 2998; x_wconf 82' lang='lat' dir='ltr'><strong>autem</strong></span> <span class='ocrx_word' id='word_1_413' title='bbox 2389 2948 2583 3002; x_wconf 84' lang='lat' dir='ltr'><strong>mortui</strong></span> <span class='ocrx_word' id='word_1_414' title='bbox 2631 2966 2812 3006; x_wconf 83' lang='lat' dir='ltr'><strong>sumus</strong></span> <span class='ocrx_word' id='word_1_415' title='bbox 2865 2971 2982 3009; x_wconf 87' lang='lat' dir='ltr'><strong>cum</strong></span> <span class='ocrx_word' id='word_1_416' title='bbox 3030 2954 3258 3024; x_wconf 82' lang='lat' dir='ltr'><strong>Christo,</strong></span> <span class='ocrx_word' id='word_1_417' title='bbox 3315 2963 3572 3019; x_wconf 85' lang='lat' dir='ltr'><strong>credimus</strong></span> 
     </span>
    </p>
   </div>
   <div class='ocr_carea' id='block_1_60' title="bbox 313 3010 3569 3109">
    <p class='ocr_par' dir='ltr' id='par_1_60' title="bbox 313 3010 3569 3109">
     <span class='ocr_line' id='line_1_60' title="bbox 313 3010 3569 3109; baseline 0.012 -39"><span class='ocrx_word' id='word_1_418' title='bbox 313 3042 473 3094; x_wconf 63' lang='lat' dir='ltr'><strong>lenia</strong></span> <span class='ocrx_word' id='word_1_419' title='bbox 515 3041 600 3094; x_wconf 66' lang='lat' dir='ltr'><strong>die</strong></span> <span class='ocrx_word' id='word_1_420' title='bbox 635 3042 927 3095; x_wconf 51' lang='lat' dir='ltr'><strong>resurrexit</strong></span> <span class='ocrx_word' id='word_1_421' title='bbox 963 3057 993 3096; x_wconf 64' lang='grc' dir='ltr'>ε</span> <span class='ocrx_word' id='word_1_422' title='bbox 1025 3041 1271 3106; x_wconf 73' lang='lat' dir='ltr'><strong>mortuis,</strong></span> <span class='ocrx_word' id='word_1_423' title='bbox 1321 3041 1390 3094; x_wconf 85' lang='lat' dir='ltr'><strong>ita</strong></span> <span class='ocrx_word' id='word_1_424' title='bbox 1417 3051 1474 3095; x_wconf 85' lang='lat' dir='ltr'><strong>et</strong></span> <span class='ocrx_word' id='word_1_425' title='bbox 1521 3056 1619 3095; x_wconf 91' lang='lat' dir='ltr'><strong>nos</strong></span> <span class='ocrx_word' id='word_1_426' title='bbox 1667 3041 1720 3094; x_wconf 95' lang='lat' dir='ltr'><strong>in</strong></span> <span class='ocrx_word' id='word_1_427' title='bbox 1748 3055 1886 3109; x_wconf 90' lang='lat' dir='ltr'><strong>aqua</strong></span> <span class='ocrx_word' id='word_1_428' title='bbox 1915 3010 1960 3072; x_wconf 66' lang='grc' dir='ltr'>(ἶ</span> <span class='ocrx_word' id='word_1_429' title='bbox 1993 3029 2116 3099; x_wconf 86' lang='lat' dir='ltr'><strong>quia</strong></span> <span class='ocrx_word' id='word_1_430' title='bbox 2145 3030 2302 3085; x_wconf 84' lang='lat' dir='ltr'><strong>simul</strong></span> <span class='ocrx_word' id='word_1_431' title='bbox 2320 3033 2544 3109; x_wconf 65' lang='lat' dir='ltr'><strong>vivemus</strong></span> <span class='ocrx_word' id='word_1_432' title='bbox 2567 3038 2722 3093; x_wconf 84' lang='lat' dir='ltr'><strong>etiam</strong></span> <span class='ocrx_word' id='word_1_433' title='bbox 2745 3057 2861 3095; x_wconf 88' lang='lat' dir='ltr'><strong>cum</strong></span> <span class='ocrx_word' id='word_1_434' title='bbox 2885 3042 2996 3098; x_wconf 88' lang='lat' dir='ltr'><strong>illo.</strong></span> <span class='ocrx_word' id='word_1_435' title='bbox 3028 3044 3083 3099; x_wconf 93' lang='lat' dir='ltr'><strong>Si</strong></span> <span class='ocrx_word' id='word_1_436' title='bbox 3111 3030 3430 3105; x_wconf 87' lang='lat' dir='ltr'><strong>conimortui</strong></span> <span class='ocrx_word' id='word_1_437' title='bbox 3463 3070 3569 3108; x_wconf 89' lang='lat' dir='ltr'><strong>non</strong></span> 
     </span>
    </p>
   </div>
   <div class='ocr_carea' id='block_1_61' title="bbox 310 3129 1885 3201">
    <p class='ocr_par' dir='ltr' id='par_1_61' title="bbox 310 3129 1885 3201">
     <span class='ocr_line' id='line_1_61' title="bbox 310 3129 1885 3201; baseline -0.005 -12"><span class='ocrx_word' id='word_1_438' title='bbox 310 3135 564 3198; x_wconf 76' lang='lat' dir='ltr'><strong>demersi,</strong></span> <span class='ocrx_word' id='word_1_439' title='bbox 611 3141 668 3187; x_wconf 93' lang='lat' dir='ltr'><strong>et</strong></span> <span class='ocrx_word' id='word_1_440' title='bbox 699 3133 918 3196; x_wconf 88' lang='lat' dir='ltr'><strong>mundo,</strong></span> <span class='ocrx_word' id='word_1_441' title='bbox 962 3141 1122 3201; x_wconf 89' lang='lat' dir='ltr'><strong>atque</strong></span> <span class='ocrx_word' id='word_1_442' title='bbox 1149 3129 1360 3185; x_wconf 89' lang='lat' dir='ltr'><strong>diabolo</strong></span> <span class='ocrx_word' id='word_1_443' title='bbox 1389 3129 1608 3194; x_wconf 90' lang='lat' dir='ltr'><strong>mortui,</strong></span> <span class='ocrx_word' id='word_1_444' title='bbox 1650 3138 1703 3184; x_wconf 91' lang='lat' dir='ltr'><strong>et</strong></span> <span class='ocrx_word' id='word_1_445' title='bbox 1725 3129 1885 3184; x_wconf 87' lang='lat' dir='ltr'><strong>Chri-</strong></span> 
     </span>
    </p>
   </div>
   <div class='ocr_carea' id='block_1_62' title="bbox 310 3219 1884 3292">
    <p class='ocr_par' dir='ltr' id='par_1_62' title="bbox 310 3219 1884 3292">
     <span class='ocr_line' id='line_1_62' title="bbox 310 3219 1884 3292; baseline -0.003 -14"><span class='ocrx_word' id='word_1_446' title='bbox 310 3234 397 3279; x_wconf 88' lang='lat' dir='ltr'><strong>sto</strong></span> <span class='ocrx_word' id='word_1_447' title='bbox 450 3223 769 3292; x_wconf 89' lang='lat' dir='ltr'><strong>conscpulti,</strong></span> <span class='ocrx_word' id='word_1_448' title='bbox 823 3237 946 3277; x_wconf 91' lang='lat' dir='ltr'><strong>cum</strong></span> <span class='ocrx_word' id='word_1_449' title='bbox 1001 3230 1122 3290; x_wconf 90' lang='lat' dir='ltr'><strong>post</strong></span> <span class='ocrx_word' id='word_1_450' title='bbox 1155 3221 1368 3274; x_wconf 88' lang='lat' dir='ltr'><strong>tertiam</strong></span> <span class='ocrx_word' id='word_1_451' title='bbox 1407 3220 1733 3275; x_wconf 89' lang='lat' dir='ltr'><strong>mersionem</strong></span> <span class='ocrx_word' id='word_1_452' title='bbox 1772 3219 1884 3274; x_wconf 85' lang='lat' dir='ltr'><strong>ele-</strong></span> 
     </span>
    </p>
   </div>
   <div class='ocr_carea' id='block_1_63' title="bbox 309 3309 1884 3381">
    <p class='ocr_par' dir='ltr' id='par_1_63' title="bbox 309 3309 1884 3381">
     <span class='ocr_line' id='line_1_63' title="bbox 309 3309 1884 3381; baseline -0.003 -15"><span class='ocrx_word' id='word_1_453' title='bbox 309 3329 506 3368; x_wconf 83' lang='lat' dir='ltr'><strong>vamur</strong></span> <span class='ocrx_word' id='word_1_454' title='bbox 554 3315 622 3370; x_wconf 89' lang='lat' dir='ltr'><strong>de</strong></span> <span class='ocrx_word' id='word_1_455' title='bbox 666 3313 831 3378; x_wconf 81' lang='lat' dir='ltr'><strong>fonte,</strong></span> <span class='ocrx_word' id='word_1_456' title='bbox 862 3312 1016 3381; x_wconf 89' lang='lat' dir='ltr'><strong>quasi</strong></span> <span class='ocrx_word' id='word_1_457' title='bbox 1065 3311 1313 3366; x_wconf 89' lang='lat' dir='ltr'><strong>Christus</strong></span> <span class='ocrx_word' id='word_1_458' title='bbox 1361 3309 1712 3380; x_wconf 72' lang='lat' dir='ltr'><strong>resurgimus,</strong></span> <span class='ocrx_word' id='word_1_459' title='bbox 1761 3309 1884 3363; x_wconf 90' lang='lat' dir='ltr'><strong>novi</strong></span> 
     </span>
    </p>
   </div>
   <div class='ocr_carea' id='block_1_64' title="bbox 308 3398 1882 3470">
    <p class='ocr_par' dir='ltr' id='par_1_64' title="bbox 308 3398 1882 3470">
     <span class='ocr_line' id='line_1_64' title="bbox 308 3398 1882 3470; baseline -0.003 -13"><span class='ocrx_word' id='word_1_460' title='bbox 308 3411 368 3457; x_wconf 87' lang='lat' dir='ltr'><strong>et</strong></span> <span class='ocrx_word' id='word_1_461' title='bbox 423 3401 779 3467; x_wconf 89' lang='lat' dir='ltr'><strong>immaculati,</strong></span> <span class='ocrx_word' id='word_1_462' title='bbox 821 3402 1058 3456; x_wconf 89' lang='lat' dir='ltr'><strong>omnium</strong></span> <span class='ocrx_word' id='word_1_463' title='bbox 1108 3408 1453 3470; x_wconf 89' lang='lat' dir='ltr'><strong>peccatorum</strong></span> <span class='ocrx_word' id='word_1_464' title='bbox 1501 3398 1663 3454; x_wconf 84' lang='lat' dir='ltr'><strong>sorde</strong></span> <span class='ocrx_word' id='word_1_465' title='bbox 1713 3399 1882 3468; x_wconf 87' lang='lat' dir='ltr'><strong>depo-</strong></span> 
     </span>
    </p>
   </div>
   <div class='ocr_carea' id='block_1_65' title="bbox 311 3494 439 3547">
    <p class='ocr_par' dir='ltr' id='par_1_65' title="bbox 311 3494 439 3547">
     <span class='ocr_line' id='line_1_65' title="bbox 311 3494 439 3547; baseline -0.023 0"><span class='ocrx_word' id='word_1_466' title='bbox 311 3494 439 3547; x_wconf 84' lang='lat' dir='ltr'><strong>sita.</strong></span> 
     </span>
    </p>
   </div>
   <div class='ocr_carea' id='block_1_66' title="bbox 381 3579 1882 3655">
    <p class='ocr_par' dir='ltr' id='par_1_66' title="bbox 381 3579 1882 3655">
     <span class='ocr_line' id='line_1_66' title="bbox 381 3579 1882 3655; baseline -0.002 -16"><span class='ocrx_word' id='word_1_467' title='bbox 381 3581 451 3639; x_wconf 85' lang='lat' dir='ltr'><strong>Ut</strong></span> <span class='ocrx_word' id='word_1_468' title='bbox 489 3581 926 3655; x_wconf 79' lang='lat' dir='ltr'><strong>quemadmodum</strong></span> <span class='ocrx_word' id='word_1_469' title='bbox 982 3579 1219 3635; x_wconf 81' lang='lat' dir='ltr'><strong>Christus</strong></span> <span class='ocrx_word' id='word_1_470' title='bbox 1270 3581 1550 3634; x_wconf 78' lang='lat' dir='ltr'><strong>resurrexit</strong></span> <span class='ocrx_word' id='word_1_471' title='bbox 1597 3598 1629 3635; x_wconf 93' lang='lat' dir='ltr'><strong>a</strong></span> <span class='ocrx_word' id='word_1_472' title='bbox 1663 3583 1882 3638; x_wconf 85' lang='lat' dir='ltr'><strong>mortuis</strong></span> 
     </span>
    </p>
   </div>
   <div class='ocr_carea' id='block_1_67' title="bbox 306 3669 1878 3743">
    <p class='ocr_par' dir='ltr' id='par_1_67' title="bbox 306 3669 1878 3743">
     <span class='ocr_line' id='line_1_67' title="bbox 306 3669 1878 3743; baseline -0.001 -17"><span class='ocrx_word' id='word_1_473' title='bbox 306 3690 400 3743; x_wconf 91' lang='lat' dir='ltr'><strong>per</strong></span> <span class='ocrx_word' id='word_1_474' title='bbox 443 3672 662 3742; x_wconf 80' lang='lat' dir='ltr'><strong>gloriam</strong></span> <span class='ocrx_word' id='word_1_475' title='bbox 695 3669 892 3735; x_wconf 89' lang='lat' dir='ltr'><strong>Patris,</strong></span> <span class='ocrx_word' id='word_1_476' title='bbox 940 3671 1015 3723; x_wconf 88' lang='lat' dir='ltr'><strong>ita</strong></span> <span class='ocrx_word' id='word_1_477' title='bbox 1061 3678 1108 3724; x_wconf 87' lang='lat' dir='ltr'><strong>et</strong></span> <span class='ocrx_word' id='word_1_478' title='bbox 1144 3685 1236 3722; x_wconf 91' lang='lat' dir='ltr'><strong>nos</strong></span> <span class='ocrx_word' id='word_1_479' title='bbox 1270 3669 1325 3723; x_wconf 88' lang='lat' dir='ltr'><strong>in</strong></span> <span class='ocrx_word' id='word_1_480' title='bbox 1351 3671 1574 3724; x_wconf 81' lang='lat' dir='ltr'><strong>nouitate</strong></span> <span class='ocrx_word' id='word_1_481' title='bbox 1615 3673 1731 3726; x_wconf 68' lang='lat' dir='ltr'><strong>vita?</strong></span> <span class='ocrx_word' id='word_1_482' title='bbox 1761 3688 1878 3724; x_wconf 89' lang='lat' dir='ltr'><strong>am-</strong></span> 
     </span>
    </p>
   </div>
   <div class='ocr_carea' id='block_1_68' title="bbox 309 3758 1900 3850">
    <p class='ocr_par' dir='ltr' id='par_1_68' title="bbox 309 3758 1900 3850">
     <span class='ocr_line' id='line_1_68' title="bbox 309 3758 1900 3850; baseline -0.002 -33"><span class='ocrx_word' id='word_1_483' title='bbox 309 3764 564 3818; x_wconf 84' lang='lat' dir='ltr'><strong>bulemus.</strong></span> <span class='ocrx_word' id='word_1_484' title='bbox 599 3760 796 3816; x_wconf 84' lang='lat' dir='ltr'><strong>Tribus</strong></span> <span class='ocrx_word' id='word_1_485' title='bbox 827 3760 970 3815; x_wconf 89' lang='lat' dir='ltr'><strong>enim</strong></span> <span class='ocrx_word' id='word_1_486' title='bbox 1023 3759 1197 3824; x_wconf 82' lang='lat' dir='ltr'><strong>modis</strong></span> <span class='ocrx_word' id='word_1_487' title='bbox 1235 3758 1557 3830; x_wconf 88' lang='lat' dir='ltr'><strong>baptismum</strong></span> <span class='ocrx_word' id='word_1_488' title='bbox 1615 3761 1900 3850; x_wconf 51' lang='lat' dir='ltr'><strong>accipitur\</strong></span> 
     </span>
    </p>
   </div>
   <div class='ocr_carea' id='block_1_69' title="bbox 307 3849 1878 3921">
    <p class='ocr_par' dir='ltr' id='par_1_69' title="bbox 307 3849 1878 3921">
     <span class='ocr_line' id='line_1_69' title="bbox 307 3849 1878 3921; baseline 0 -15"><span class='ocrx_word' id='word_1_489' title='bbox 307 3854 358 3906; x_wconf 89' lang='lat' dir='ltr'><strong>in</strong></span> <span class='ocrx_word' id='word_1_490' title='bbox 394 3851 710 3921; x_wconf 89' lang='lat' dir='ltr'><strong>Scripturis,</strong></span> <span class='ocrx_word' id='word_1_491' title='bbox 747 3865 920 3920; x_wconf 66' lang='lat' dir='ltr'><strong>aquae,</strong></span> <span class='ocrx_word' id='word_1_492' title='bbox 945 3849 1178 3920; x_wconf 87' lang='lat' dir='ltr'><strong>Spiritus</strong></span> <span class='ocrx_word' id='word_1_493' title='bbox 1201 3849 1391 3911; x_wconf 88' lang='lat' dir='ltr'><strong>sancti,</strong></span> <span class='ocrx_word' id='word_1_494' title='bbox 1423 3849 1514 3919; x_wconf 92' lang='lat' dir='ltr'><strong>qui</strong></span> <span class='ocrx_word' id='word_1_495' title='bbox 1539 3850 1690 3919; x_wconf 92' lang='lat' dir='ltr'><strong>quasi</strong></span> <span class='ocrx_word' id='word_1_496' title='bbox 1739 3851 1878 3919; x_wconf 85' lang='lat' dir='ltr'><strong>ignis</strong></span> 
     </span>
    </p>
   </div>
   <div class='ocr_carea' id='block_1_70' title="bbox 303 3941 1878 4012">
    <p class='ocr_par' dir='ltr' id='par_1_70' title="bbox 303 3941 1878 4012">
     <span class='ocr_line' id='line_1_70' title="bbox 303 3941 1878 4012; baseline -0.001 -14"><span class='ocrx_word' id='word_1_497' title='bbox 303 3945 481 3998; x_wconf 90' lang='lat' dir='ltr'><strong>omnia</strong></span> <span class='ocrx_word' id='word_1_498' title='bbox 508 3943 690 3998; x_wconf 81' lang='lat' dir='ltr'><strong>exurit</strong></span> <span class='ocrx_word' id='word_1_499' title='bbox 716 3950 952 4012; x_wconf 89' lang='lat' dir='ltr'><strong>peccata,</strong></span> <span class='ocrx_word' id='word_1_500' title='bbox 979 3949 1033 3997; x_wconf 90' lang='lat' dir='ltr'><strong>et</strong></span> <span class='ocrx_word' id='word_1_501' title='bbox 1057 3941 1330 4012; x_wconf 79' lang='lat' dir='ltr'><strong>sanguinis</strong></span> <span class='ocrx_word' id='word_1_502' title='bbox 1354 3941 1407 3996; x_wconf 89' lang='lat' dir='ltr'><strong>in</strong></span> <span class='ocrx_word' id='word_1_503' title='bbox 1435 3943 1712 4012; x_wconf 85' lang='lat' dir='ltr'><strong>martyrio,</strong></span> <span class='ocrx_word' id='word_1_504' title='bbox 1754 3959 1878 4012; x_wconf 91' lang='lat' dir='ltr'><strong>pro-</strong></span> 
     </span>
    </p>
   </div>
   <div class='ocr_carea' id='block_1_71' title="bbox 303 4031 1871 4106">
    <p class='ocr_par' dir='ltr' id='par_1_71' title="bbox 303 4031 1871 4106">
     <span class='ocr_line' id='line_1_71' title="bbox 303 4031 1871 4106; baseline -0.001 -16"><span class='ocrx_word' id='word_1_505' title='bbox 303 4044 425 4106; x_wconf 89' lang='lat' dir='ltr'><strong>pter</strong></span> <span class='ocrx_word' id='word_1_506' title='bbox 473 4050 670 4089; x_wconf 89' lang='lat' dir='ltr'><strong>nomen</strong></span> <span class='ocrx_word' id='word_1_507' title='bbox 714 4033 914 4089; x_wconf 87' lang='lat' dir='ltr'><strong>Christi</strong></span> <span class='ocrx_word' id='word_1_508' title='bbox 957 4031 1150 4089; x_wconf 72' lang='lat' dir='ltr'><strong>eﬁ‘usi:</strong></span> <span class='ocrx_word' id='word_1_509' title='bbox 1190 4034 1256 4089; x_wconf 87' lang='lat' dir='ltr'><strong>de</strong></span> <span class='ocrx_word' id='word_1_510' title='bbox 1293 4048 1400 4104; x_wconf 90' lang='lat' dir='ltr'><strong>quo</strong></span> <span class='ocrx_word' id='word_1_511' title='bbox 1450 4031 1700 4088; x_wconf 79' lang='lat' dir='ltr'><strong>Salvator</strong></span> <span class='ocrx_word' id='word_1_512' title='bbox 1739 4034 1815 4088; x_wconf 88' lang='lat' dir='ltr'><strong>ait</strong></span> <span class='ocrx_word' id='word_1_513' title='bbox 1857 4052 1871 4089; x_wconf 86' lang='lat'><strong><em>:</em></strong></span> 
     </span>
    </p>
   </div>
   <div class='ocr_carea' id='block_1_72' title="bbox 300 4107 1874 4198">
    <p class='ocr_par' dir='ltr' id='par_1_72' title="bbox 300 4107 1874 4198">
     <span class='ocr_line' id='line_1_72' title="bbox 300 4107 1874 4198; baseline -0.001 -17"><span class='ocrx_word' id='word_1_514' title='bbox 300 4127 572 4198; x_wconf 86' lang='lat' dir='ltr'><strong>Baptismo</strong></span> <span class='ocrx_word' id='word_1_515' title='bbox 618 4126 780 4180; x_wconf 86' lang='lat' dir='ltr'><strong>habeo</strong></span> <span class='ocrx_word' id='word_1_516' title='bbox 815 4107 1068 4196; x_wconf 75' lang='lat' dir='ltr'><strong>baptizari</strong></span> <span class='ocrx_word' id='word_1_517' title='bbox 1115 4125 1166 4178; x_wconf 90' lang='lat' dir='ltr'><strong>in</strong></span> <span class='ocrx_word' id='word_1_518' title='bbox 1211 4125 1471 4195; x_wconf 82' lang='lat' dir='ltr'><strong>sanguine</strong></span> <span class='ocrx_word' id='word_1_519' title='bbox 1511 4139 1651 4190; x_wconf 92' lang='lat' dir='ltr'><strong>meo,</strong></span> <span class='ocrx_word' id='word_1_520' title='bbox 1689 4132 1874 4180; x_wconf 90' lang='lat' dir='ltr'><strong>osten-</strong></span> 
     </span>
    </p>
   </div>
   <div class='ocr_carea' id='block_1_73' title="bbox 300 4215 1872 4288">
    <p class='ocr_par' dir='ltr' id='par_1_73' title="bbox 300 4215 1872 4288">
     <span class='ocr_line' id='line_1_73' title="bbox 300 4215 1872 4288; baseline -0.002 -14"><span class='ocrx_word' id='word_1_521' title='bbox 300 4221 435 4275; x_wconf 90' lang='lat' dir='ltr'><strong>dens</strong></span> <span class='ocrx_word' id='word_1_522' title='bbox 457 4234 554 4273; x_wconf 88' lang='lat' dir='ltr'><strong>nos</strong></span> <span class='ocrx_word' id='word_1_523' title='bbox 600 4227 884 4287; x_wconf 89' lang='lat' dir='ltr'><strong>propterea</strong></span> <span class='ocrx_word' id='word_1_524' title='bbox 924 4215 997 4270; x_wconf 90' lang='lat' dir='ltr'><strong>ita</strong></span> <span class='ocrx_word' id='word_1_525' title='bbox 1029 4215 1286 4285; x_wconf 87' lang='lat' dir='ltr'><strong>baptizari</strong></span> <span class='ocrx_word' id='word_1_526' title='bbox 1336 4222 1395 4269; x_wconf 92' lang='lat' dir='ltr'><strong>ut</strong></span> <span class='ocrx_word' id='word_1_527' title='bbox 1433 4230 1528 4286; x_wconf 92' lang='lat' dir='ltr'><strong>per</strong></span> <span class='ocrx_word' id='word_1_528' title='bbox 1559 4217 1872 4288; x_wconf 85' lang='lat' dir='ltr'><strong>mysterium</strong></span> 
     </span>
    </p>
   </div>
   <div class='ocr_carea' id='block_1_74' title="bbox 299 4304 1874 4377">
    <p class='ocr_par' dir='ltr' id='par_1_74' title="bbox 299 4304 1874 4377">
     <span class='ocr_line' id='line_1_74' title="bbox 299 4304 1874 4377; baseline 0 -15"><span class='ocrx_word' id='word_1_529' title='bbox 299 4307 728 4377; x_wconf 86' lang='lat' dir='ltr'><strong>consepeliamur</strong></span> <span class='ocrx_word' id='word_1_530' title='bbox 777 4306 994 4360; x_wconf 89' lang='lat' dir='ltr'><strong>Christo</strong></span> <span class='ocrx_word' id='word_1_531' title='bbox 1061 4306 1376 4360; x_wconf 91' lang='lat' dir='ltr'><strong>criminibus</strong></span> <span class='ocrx_word' id='word_1_532' title='bbox 1420 4304 1739 4370; x_wconf 73' lang='lat' dir='ltr'><strong>morientes,</strong></span> <span class='ocrx_word' id='word_1_533' title='bbox 1817 4316 1874 4362; x_wconf 91' lang='lat' dir='ltr'><strong>et</strong></span> 
     </span>
    </p>
   </div>
   <div class='ocr_carea' id='block_1_75' title="bbox 298 4395 1871 4468">
    <p class='ocr_par' dir='ltr' id='par_1_75' title="bbox 298 4395 1871 4468">
     <span class='ocr_line' id='line_1_75' title="bbox 298 4395 1871 4468; baseline -0.001 -15"><span class='ocrx_word' id='word_1_534' title='bbox 298 4399 671 4454; x_wconf 86' lang='lat' dir='ltr'><strong>renuntiantes</strong></span> <span class='ocrx_word' id='word_1_535' title='bbox 693 4397 930 4466; x_wconf 77' lang='lat' dir='ltr'><strong>pristina:</strong></span> <span class='ocrx_word' id='word_1_536' title='bbox 959 4396 1099 4462; x_wconf 66' lang='lat' dir='ltr'><strong>vitae,</strong></span> <span class='ocrx_word' id='word_1_537' title='bbox 1139 4405 1198 4450; x_wconf 92' lang='lat' dir='ltr'><strong>ut</strong></span> <span class='ocrx_word' id='word_1_538' title='bbox 1219 4398 1485 4465; x_wconf 91' lang='lat' dir='ltr'><strong>quomodo</strong></span> <span class='ocrx_word' id='word_1_539' title='bbox 1521 4395 1682 4452; x_wconf 85' lang='lat' dir='ltr'><strong>Pater</strong></span> <span class='ocrx_word' id='word_1_540' title='bbox 1709 4397 1871 4468; x_wconf 80' lang='lat' dir='ltr'><strong>glori—</strong></span> 
     </span>
    </p>
   </div>
   <div class='ocr_carea' id='block_1_76' title="bbox 298 4485 1867 4556">
    <p class='ocr_par' dir='ltr' id='par_1_76' title="bbox 298 4485 1867 4556">
     <span class='ocr_line' id='line_1_76' title="bbox 298 4485 1867 4556; baseline -0.001 -12"><span class='ocrx_word' id='word_1_541' title='bbox 298 4489 490 4544; x_wconf 85' lang='lat' dir='ltr'><strong>ﬁeatus</strong></span> <span class='ocrx_word' id='word_1_542' title='bbox 523 4496 605 4542; x_wconf 90' lang='lat' dir='ltr'><strong>est</strong></span> <span class='ocrx_word' id='word_1_543' title='bbox 642 4489 694 4542; x_wconf 93' lang='lat' dir='ltr'><strong>in</strong></span> <span class='ocrx_word' id='word_1_544' title='bbox 724 4486 839 4540; x_wconf 82' lang='lat' dir='ltr'><strong>Filii</strong></span> <span class='ocrx_word' id='word_1_545' title='bbox 885 4485 1300 4551; x_wconf 87' lang='lat' dir='ltr'><strong>resurrectione,</strong></span> <span class='ocrx_word' id='word_1_546' title='bbox 1347 4485 1421 4539; x_wconf 89' lang='lat' dir='ltr'><strong>ita</strong></span> <span class='ocrx_word' id='word_1_547' title='bbox 1447 4496 1498 4540; x_wconf 92' lang='lat' dir='ltr'><strong>et</strong></span> <span class='ocrx_word' id='word_1_548' title='bbox 1529 4503 1625 4556; x_wconf 90' lang='lat' dir='ltr'><strong>per</strong></span> <span class='ocrx_word' id='word_1_549' title='bbox 1668 4499 1867 4543; x_wconf 67' lang='lat' dir='ltr'><strong>nostras</strong></span> 
     </span>
    </p>
   </div>
   <div class='ocr_carea' id='block_1_77' title="bbox 295 4575 1870 4645">
    <p class='ocr_par' dir='ltr' id='par_1_77' title="bbox 295 4575 1870 4645">
     <span class='ocr_line' id='line_1_77' title="bbox 295 4575 1870 4645; baseline -0.002 -9"><span class='ocrx_word' id='word_1_550' title='bbox 295 4577 727 4636; x_wconf 85' lang='lat' dir='ltr'><strong>conversationis</strong></span> <span class='ocrx_word' id='word_1_551' title='bbox 762 4576 1053 4631; x_wconf 90' lang='lat' dir='ltr'><strong>novitatem</strong></span> <span class='ocrx_word' id='word_1_552' title='bbox 1099 4585 1220 4644; x_wconf 87' lang='lat' dir='ltr'><strong>post</strong></span> <span class='ocrx_word' id='word_1_553' title='bbox 1246 4575 1567 4645; x_wconf 87' lang='lat' dir='ltr'><strong>baptismum</strong></span> <span class='ocrx_word' id='word_1_554' title='bbox 1621 4577 1870 4633; x_wconf 87' lang='lat' dir='ltr'><strong>Christus</strong></span> 
     </span>
    </p>
   </div>
   <div class='ocr_carea' id='block_1_78' title="bbox 294 4666 1867 4737">
    <p class='ocr_par' dir='ltr' id='par_1_78' title="bbox 294 4666 1867 4737">
     <span class='ocr_line' id='line_1_78' title="bbox 294 4666 1867 4737; baseline -0.002 -13"><span class='ocrx_word' id='word_1_555' title='bbox 294 4671 363 4724; x_wconf 81' lang='lat' dir='ltr'><strong>ab</strong></span> <span class='ocrx_word' id='word_1_556' title='bbox 394 4669 646 4723; x_wconf 89' lang='lat' dir='ltr'><strong>omnibus</strong></span> <span class='ocrx_word' id='word_1_557' title='bbox 691 4666 1035 4737; x_wconf 75' lang='lat' dir='ltr'><strong>gloriﬁcatur,</strong></span> <span class='ocrx_word' id='word_1_558' title='bbox 1095 4673 1154 4719; x_wconf 91' lang='lat' dir='ltr'><strong>ut</strong></span> <span class='ocrx_word' id='word_1_559' title='bbox 1188 4681 1286 4720; x_wconf 91' lang='lat' dir='ltr'><strong>nec</strong></span> <span class='ocrx_word' id='word_1_560' title='bbox 1333 4666 1484 4734; x_wconf 81' lang='lat' dir='ltr'><strong>signa</strong></span> <span class='ocrx_word' id='word_1_561' title='bbox 1526 4666 1739 4735; x_wconf 88' lang='lat' dir='ltr'><strong>quidem</strong></span> <span class='ocrx_word' id='word_1_562' title='bbox 1769 4681 1867 4722; x_wconf 88' lang='lat' dir='ltr'><strong>ve-</strong></span> 
     </span>
    </p>
   </div>
   <div class='ocr_carea' id='block_1_79' title="bbox 291 4755 1864 4827">
    <p class='ocr_par' dir='ltr' id='par_1_79' title="bbox 291 4755 1864 4827">
     <span class='ocr_line' id='line_1_79' title="bbox 291 4755 1864 4827; baseline 0.001 -14"><span class='ocrx_word' id='word_1_563' title='bbox 291 4759 430 4813; x_wconf 84' lang='lat' dir='ltr'><strong>teris</strong></span> <span class='ocrx_word' id='word_1_564' title='bbox 471 4756 691 4812; x_wconf 77' lang='lat' dir='ltr'><strong>malitize</strong></span> <span class='ocrx_word' id='word_1_565' title='bbox 737 4764 1099 4827; x_wconf 78' lang='lat' dir='ltr'><strong>agnoscantur</strong></span> <span class='ocrx_word' id='word_1_566' title='bbox 1133 4755 1189 4810; x_wconf 90' lang='lat' dir='ltr'><strong>in</strong></span> <span class='ocrx_word' id='word_1_567' title='bbox 1218 4755 1393 4810; x_wconf 90' lang='lat' dir='ltr'><strong>nobis.</strong></span> <span class='ocrx_word' id='word_1_568' title='bbox 1441 4755 1550 4811; x_wconf 84' lang='lat' dir='ltr'><strong>Nec</strong></span> <span class='ocrx_word' id='word_1_569' title='bbox 1575 4757 1720 4811; x_wconf 89' lang='lat' dir='ltr'><strong>enim</strong></span> <span class='ocrx_word' id='word_1_570' title='bbox 1766 4759 1864 4814; x_wconf 90' lang='lat' dir='ltr'><strong>ali-</strong></span> 
     </span>
    </p>
   </div>
   <div class='ocr_carea' id='block_1_80' title="bbox 291 4847 1868 4920">
    <p class='ocr_par' dir='ltr' id='par_1_80' title="bbox 291 4847 1868 4920">
     <span class='ocr_line' id='line_1_80' title="bbox 291 4847 1868 4920; baseline 0.001 -17"><span class='ocrx_word' id='word_1_571' title='bbox 291 4850 423 4920; x_wconf 89' lang='lat' dir='ltr'><strong>quid</strong></span> <span class='ocrx_word' id='word_1_572' title='bbox 451 4849 586 4904; x_wconf 88' lang='lat' dir='ltr'><strong>vellc</strong></span> <span class='ocrx_word' id='word_1_573' title='bbox 610 4857 704 4902; x_wconf 90' lang='lat' dir='ltr'><strong>aut</strong></span> <span class='ocrx_word' id='word_1_574' title='bbox 730 4862 926 4918; x_wconf 89' lang='lat' dir='ltr'><strong>cupere</strong></span> <span class='ocrx_word' id='word_1_575' title='bbox 954 4847 1208 4902; x_wconf 84' lang='lat' dir='ltr'><strong>debemus</strong></span> <span class='ocrx_word' id='word_1_576' title='bbox 1237 4847 1378 4916; x_wconf 88' lang='lat' dir='ltr'><strong>quod</strong></span> <span class='ocrx_word' id='word_1_577' title='bbox 1406 4847 1592 4902; x_wconf 88' lang='lat' dir='ltr'><strong>volunt</strong></span> <span class='ocrx_word' id='word_1_578' title='bbox 1638 4857 1731 4902; x_wconf 87' lang='lat' dir='ltr'><strong>aut</strong></span> <span class='ocrx_word' id='word_1_579' title='bbox 1775 4866 1868 4905; x_wconf 92' lang='lat' dir='ltr'><strong>cu-</strong></span> 
     </span>
    </p>
   </div>
   <div class='ocr_carea' id='block_1_81' title="bbox 289 4936 1865 5008">
    <p class='ocr_par' dir='ltr' id='par_1_81' title="bbox 289 4936 1865 5008">
     <span class='ocr_line' id='line_1_81' title="bbox 289 4936 1865 5008; baseline 0.001 -16"><span class='ocrx_word' id='word_1_580' title='bbox 289 4941 448 5008; x_wconf 88' lang='lat' dir='ltr'><strong>piunt</strong></span> <span class='ocrx_word' id='word_1_581' title='bbox 481 4939 554 4992; x_wconf 88' lang='lat' dir='ltr'><strong>illi</strong></span> <span class='ocrx_word' id='word_1_582' title='bbox 603 4938 908 5008; x_wconf 88' lang='lat' dir='ltr'><strong>quicunque</strong></span> <span class='ocrx_word' id='word_1_583' title='bbox 946 4936 1122 4992; x_wconf 88' lang='lat' dir='ltr'><strong>adhuc</strong></span> <span class='ocrx_word' id='word_1_584' title='bbox 1166 4936 1364 4992; x_wconf 88' lang='lat' dir='ltr'><strong>veteris</strong></span> <span class='ocrx_word' id='word_1_585' title='bbox 1415 4936 1540 4991; x_wconf 76' lang='lat' dir='ltr'><strong>vita:</strong></span> <span class='ocrx_word' id='word_1_586' title='bbox 1589 4937 1865 4993; x_wconf 87' lang='lat' dir='ltr'><strong>erroribus</strong></span> 
     </span>
    </p>
   </div>
   <div class='ocr_carea' id='block_1_82' title="bbox 291 5027 650 5096">
    <p class='ocr_par' dir='ltr' id='par_1_82' title="bbox 291 5027 650 5096">
     <span class='ocr_line' id='line_1_82' title="bbox 291 5027 650 5096; baseline -0.008 -13"><span class='ocrx_word' id='word_1_587' title='bbox 291 5027 650 5096; x_wconf 84' lang='lat' dir='ltr'><strong>implicantur.</strong></span> 
     </span>
    </p>
   </div>
   <div class='ocr_carea' id='block_1_83' title="bbox 363 5117 1861 5191">
    <p class='ocr_par' dir='ltr' id='par_1_83' title="bbox 363 5117 1861 5191">
     <span class='ocr_line' id='line_1_83' title="bbox 363 5117 1861 5191; baseline -0.001 -17"><span class='ocrx_word' id='word_1_588' title='bbox 363 5120 425 5174; x_wconf 92' lang='lat' dir='ltr'><strong>Si</strong></span> <span class='ocrx_word' id='word_1_589' title='bbox 469 5121 608 5174; x_wconf 89' lang='lat' dir='ltr'><strong>enim</strong></span> <span class='ocrx_word' id='word_1_590' title='bbox 687 5118 1026 5191; x_wconf 88' lang='lat' dir='ltr'><strong>complantati</strong></span> <span class='ocrx_word' id='word_1_591' title='bbox 1086 5117 1214 5187; x_wconf 79' lang='lat' dir='ltr'><strong>facti</strong></span> <span class='ocrx_word' id='word_1_592' title='bbox 1269 5134 1450 5172; x_wconf 88' lang='lat' dir='ltr'><strong>sumus</strong></span> <span class='ocrx_word' id='word_1_593' title='bbox 1525 5117 1861 5173; x_wconf 81' lang='lat' dir='ltr'><strong>similitudini</strong></span> 
     </span>
    </p>
   </div>
   <div class='ocr_carea' id='block_1_84' title="bbox 287 5209 1855 5279">
    <p class='ocr_par' dir='ltr' id='par_1_84' title="bbox 287 5209 1855 5279">
     <span class='ocr_line' id='line_1_84' title="bbox 287 5209 1855 5279; baseline -0.001 -13"><span class='ocrx_word' id='word_1_594' title='bbox 287 5212 815 5279; x_wconf 77' lang='lat' dir='ltr'><strong>mortisejussimulet</strong></span> <span class='ocrx_word' id='word_1_595' title='bbox 842 5211 1232 5265; x_wconf 85' lang='lat' dir='ltr'><strong>resurrectionis</strong></span> <span class='ocrx_word' id='word_1_596' title='bbox 1281 5211 1493 5264; x_wconf 88' lang='lat' dir='ltr'><strong>erimus.</strong></span> <span class='ocrx_word' id='word_1_597' title='bbox 1587 5209 1645 5264; x_wconf 88' lang='lat' dir='ltr'><strong>Si</strong></span> <span class='ocrx_word' id='word_1_598' title='bbox 1713 5210 1855 5265; x_wconf 87' lang='lat' dir='ltr'><strong>enim</strong></span> 
     </span>
    </p>
   </div>
   <div class='ocr_carea' id='block_1_85' title="bbox 288 5299 1856 5371">
    <p class='ocr_par' dir='ltr' id='par_1_85' title="bbox 288 5299 1856 5371">
     <span class='ocr_line' id='line_1_85' title="bbox 288 5299 1856 5371; baseline -0.001 -15"><span class='ocrx_word' id='word_1_599' title='bbox 288 5302 489 5356; x_wconf 88' lang='lat' dir='ltr'><strong>mundo</strong></span> <span class='ocrx_word' id='word_1_600' title='bbox 509 5300 774 5356; x_wconf 86' lang='lat' dir='ltr'><strong>morimur</strong></span> <span class='ocrx_word' id='word_1_601' title='bbox 815 5310 870 5356; x_wconf 87' lang='lat' dir='ltr'><strong>et</strong></span> <span class='ocrx_word' id='word_1_602' title='bbox 895 5301 1346 5371; x_wconf 85' lang='lat' dir='ltr'><strong>concupiscentiis</strong></span> <span class='ocrx_word' id='word_1_603' title='bbox 1390 5299 1528 5369; x_wconf 88' lang='lat' dir='ltr'><strong>ejus,</strong></span> <span class='ocrx_word' id='word_1_604' title='bbox 1578 5308 1634 5355; x_wconf 88' lang='lat' dir='ltr'><strong>et</strong></span> <span class='ocrx_word' id='word_1_605' title='bbox 1665 5315 1856 5355; x_wconf 90' lang='lat' dir='ltr'><strong>conse-</strong></span> 
     </span>
    </p>
   </div>
   <div class='ocr_carea' id='block_1_86' title="bbox 287 5391 1858 5462">
    <p class='ocr_par' dir='ltr' id='par_1_86' title="bbox 287 5391 1858 5462">
     <span class='ocr_line' id='line_1_86' title="bbox 287 5391 1858 5462; baseline -0.001 -16"><span class='ocrx_word' id='word_1_606' title='bbox 287 5392 422 5462; x_wconf 89' lang='lat' dir='ltr'><strong>pulti</strong></span> <span class='ocrx_word' id='word_1_607' title='bbox 454 5406 597 5447; x_wconf 88' lang='lat' dir='ltr'><strong>nunc</strong></span> <span class='ocrx_word' id='word_1_608' title='bbox 625 5391 745 5446; x_wconf 83' lang='lat' dir='ltr'><strong>ﬁeri</strong></span> <span class='ocrx_word' id='word_1_609' title='bbox 792 5393 1036 5462; x_wconf 90' lang='lat' dir='ltr'><strong>cupimus</strong></span> <span class='ocrx_word' id='word_1_610' title='bbox 1063 5391 1284 5447; x_wconf 82' lang='lat' dir='ltr'><strong>Christo</strong></span> <span class='ocrx_word' id='word_1_611' title='bbox 1326 5391 1378 5444; x_wconf 91' lang='lat' dir='ltr'><strong>in</strong></span> <span class='ocrx_word' id='word_1_612' title='bbox 1407 5399 1579 5446; x_wconf 88' lang='lat' dir='ltr'><strong>morte</strong></span> <span class='ocrx_word' id='word_1_613' title='bbox 1627 5391 1858 5461; x_wconf 86' lang='lat' dir='ltr'><strong>peccati,</strong></span> 
     </span>
    </p>
   </div>
   <div class='ocr_carea' id='block_1_87' title="bbox 288 5480 1860 5551">
    <p class='ocr_par' dir='ltr' id='par_1_87' title="bbox 288 5480 1860 5551">
     <span class='ocr_line' id='line_1_87' title="bbox 288 5480 1860 5551; baseline 0.001 -16"><span class='ocrx_word' id='word_1_614' title='bbox 288 5482 342 5535; x_wconf 88' lang='lat' dir='ltr'><strong>in</strong></span> <span class='ocrx_word' id='word_1_615' title='bbox 393 5489 566 5536; x_wconf 75' lang='lat' dir='ltr'><strong>mone</strong></span> <span class='ocrx_word' id='word_1_616' title='bbox 609 5481 855 5550; x_wconf 84' lang='lat' dir='ltr'><strong>corporis</strong></span> <span class='ocrx_word' id='word_1_617' title='bbox 893 5481 1060 5535; x_wconf 89' lang='lat' dir='ltr'><strong>nostri</strong></span> <span class='ocrx_word' id='word_1_618' title='bbox 1105 5480 1547 5537; x_wconf 86' lang='lat' dir='ltr'><strong>ressurrcctionis</strong></span> <span class='ocrx_word' id='word_1_619' title='bbox 1579 5481 1695 5551; x_wconf 87' lang='lat' dir='ltr'><strong>ejus</strong></span> <span class='ocrx_word' id='word_1_620' title='bbox 1746 5495 1860 5536; x_wconf 87' lang='lat' dir='ltr'><strong>me-</strong></span> 
     </span>
    </p>
   </div>
   <div class='ocr_carea' id='block_1_88' title="bbox 291 5571 1858 5644">
    <p class='ocr_par' dir='ltr' id='par_1_88' title="bbox 291 5571 1858 5644">
     <span class='ocr_line' id='line_1_88' title="bbox 291 5571 1858 5644; baseline 0.004 -20"><span class='ocrx_word' id='word_1_621' title='bbox 291 5571 530 5624; x_wconf 76' lang='lat' dir='ltr'><strong>rebimur</strong></span> <span class='ocrx_word' id='word_1_622' title='bbox 561 5586 684 5627; x_wconf 84' lang='lat' dir='ltr'><strong>esse</strong></span> <span class='ocrx_word' id='word_1_623' title='bbox 705 5571 1010 5644; x_wconf 81' lang='lat' dir='ltr'><strong>participes.</strong></span> <span class='ocrx_word' id='word_1_624' title='bbox 1058 5573 1123 5625; x_wconf 78' lang='lat' dir='ltr'><strong>Et</strong></span> <span class='ocrx_word' id='word_1_625' title='bbox 1158 5574 1200 5628; x_wconf 91' lang='lat' dir='ltr'><strong>si</strong></span> <span class='ocrx_word' id='word_1_626' title='bbox 1253 5573 1305 5628; x_wconf 93' lang='lat' dir='ltr'><strong>in</strong></span> <span class='ocrx_word' id='word_1_627' title='bbox 1329 5572 1430 5628; x_wconf 91' lang='lat' dir='ltr'><strong>hac</strong></span> <span class='ocrx_word' id='word_1_628' title='bbox 1455 5573 1560 5627; x_wconf 84' lang='lat' dir='ltr'><strong>vita</strong></span> <span class='ocrx_word' id='word_1_629' title='bbox 1598 5572 1858 5630; x_wconf 77' lang='lat' dir='ltr'><strong>fuerimus</strong></span> 
     </span>
    </p>
   </div>
   <div class='ocr_carea' id='block_1_89' title="bbox 1993 3094 3564 3218">
    <p class='ocr_par' dir='ltr' id='par_1_89' title="bbox 1993 3094 3564 3218">
     <span class='ocr_line' id='line_1_89' title="bbox 1993 3094 3564 3218; baseline 0.015 -39"><span class='ocrx_word' id='word_1_630' title='bbox 1993 3140 2178 3182; x_wconf 87' lang='lat' dir='ltr'><strong>sumus</strong></span> <span class='ocrx_word' id='word_1_631' title='bbox 2203 3094 2438 3196; x_wconf 70' lang='lat' dir='ltr'><strong>Christi),</strong></span> <span class='ocrx_word' id='word_1_632' title='bbox 2490 3147 2592 3187; x_wconf 90' lang='lat' dir='ltr'><strong>nec</strong></span> <span class='ocrx_word' id='word_1_633' title='bbox 2618 3136 2965 3194; x_wconf 88' lang='lat' dir='ltr'><strong>convivemus</strong></span> <span class='ocrx_word' id='word_1_634' title='bbox 3004 3155 3126 3195; x_wconf 90' lang='lat' dir='ltr'><strong>cum</strong></span> <span class='ocrx_word' id='word_1_635' title='bbox 3171 3141 3409 3212; x_wconf 88' lang='lat' dir='ltr'><strong>Christo,</strong></span> <span class='ocrx_word' id='word_1_636' title='bbox 3440 3149 3564 3218; x_wconf 88' lang='lat' dir='ltr'><strong>quia</strong></span> 
     </span>
    </p>
   </div>
   <div class='ocr_carea' id='block_1_90' title="bbox 1990 3213 2741 3283">
    <p class='ocr_par' dir='ltr' id='par_1_90' title="bbox 1990 3213 2741 3283">
     <span class='ocr_line' id='line_1_90' title="bbox 1990 3213 2741 3283; baseline 0.012 -15"><span class='ocrx_word' id='word_1_637' title='bbox 1990 3213 2107 3283; x_wconf 83' lang='lat' dir='ltr'><strong>ejus</strong></span> <span class='ocrx_word' id='word_1_638' title='bbox 2136 3218 2376 3271; x_wconf 91' lang='lat' dir='ltr'><strong>membra</strong></span> <span class='ocrx_word' id='word_1_639' title='bbox 2405 3234 2510 3274; x_wconf 91' lang='lat' dir='ltr'><strong>non</strong></span> <span class='ocrx_word' id='word_1_640' title='bbox 2537 3235 2741 3277; x_wconf 90' lang='lat' dir='ltr'><strong>sumus.</strong></span> 
     </span>
    </p>
   </div>
   <div class='ocr_carea' id='block_1_91' title="bbox 2061 3304 3570 3396">
    <p class='ocr_par' dir='ltr' id='par_1_91' title="bbox 2061 3304 3570 3396">
     <span class='ocr_line' id='line_1_91' title="bbox 2061 3304 3570 3396; baseline 0.015 -37"><span class='ocrx_word' id='word_1_641' title='bbox 2061 3304 2296 3361; x_wconf 87' lang='lat' dir='ltr'><strong>Scientes</strong></span> <span class='ocrx_word' id='word_1_642' title='bbox 2333 3309 2472 3378; x_wconf 88' lang='lat' dir='ltr'><strong>quod</strong></span> <span class='ocrx_word' id='word_1_643' title='bbox 2517 3310 2755 3367; x_wconf 85' lang='lat' dir='ltr'><strong>Christus</strong></span> <span class='ocrx_word' id='word_1_644' title='bbox 2798 3331 3068 3387; x_wconf 83' lang='lat' dir='ltr'><strong>resurgens</strong></span> <span class='ocrx_word' id='word_1_645' title='bbox 3101 3339 3134 3373; x_wconf 92' lang='lat' dir='ltr'><strong>a</strong></span> <span class='ocrx_word' id='word_1_646' title='bbox 3179 3325 3418 3389; x_wconf 87' lang='lat' dir='ltr'><strong>mortuis,</strong></span> <span class='ocrx_word' id='word_1_647' title='bbox 3446 3328 3570 3396; x_wconf 82' lang='lat' dir='ltr'><strong>jam</strong></span> 
     </span>
    </p>
   </div>
   <div class='ocr_carea' id='block_1_92' title="bbox 1989 3397 3566 3472">
    <p class='ocr_par' dir='ltr' id='par_1_92' title="bbox 1989 3397 3566 3472">
     <span class='ocr_line' id='line_1_92' title="bbox 1989 3397 3566 3472; baseline 0.016 -26"><span class='ocrx_word' id='word_1_648' title='bbox 1989 3408 2094 3447; x_wconf 83' lang='lat' dir='ltr'><strong>non</strong></span> <span class='ocrx_word' id='word_1_649' title='bbox 2118 3397 2358 3462; x_wconf 87' lang='lat' dir='ltr'><strong>moritur,</strong></span> <span class='ocrx_word' id='word_1_650' title='bbox 2388 3413 2528 3452; x_wconf 88' lang='lat' dir='ltr'><strong>mors</strong></span> <span class='ocrx_word' id='word_1_651' title='bbox 2552 3399 2632 3452; x_wconf 89' lang='lat' dir='ltr'><strong>illi</strong></span> <span class='ocrx_word' id='word_1_652' title='bbox 2667 3400 2807 3456; x_wconf 87' lang='lat' dir='ltr'><strong>ultra</strong></span> <span class='ocrx_word' id='word_1_653' title='bbox 2835 3419 2939 3458; x_wconf 87' lang='lat' dir='ltr'><strong>non</strong></span> <span class='ocrx_word' id='word_1_654' title='bbox 2969 3407 3341 3465; x_wconf 84' lang='lat' dir='ltr'><strong>dominabitur.</strong></span> <span class='ocrx_word' id='word_1_655' title='bbox 3401 3414 3480 3469; x_wconf 72' lang='grc' dir='ltr'><strong>ιω</strong></span> <span class='ocrx_word' id='word_1_656' title='bbox 3510 3425 3566 3472; x_wconf 84' lang='lat' dir='ltr'><strong>et</strong></span> 
     </span>
    </p>
   </div>
   <div class='ocr_carea' id='block_1_93' title="bbox 1987 3483 3564 3569">
    <p class='ocr_par' dir='ltr' id='par_1_93' title="bbox 1987 3483 3564 3569">
     <span class='ocr_line' id='line_1_93' title="bbox 1987 3483 3564 3569; baseline 0.015 -32"><span class='ocrx_word' id='word_1_657' title='bbox 1987 3497 2087 3537; x_wconf 86' lang='lat' dir='ltr'><strong>nos</strong></span> <span class='ocrx_word' id='word_1_658' title='bbox 2115 3483 2159 3537; x_wconf 93' lang='lat' dir='ltr'><strong>si</strong></span> <span class='ocrx_word' id='word_1_659' title='bbox 2201 3483 2291 3539; x_wconf 85' lang='lat' dir='ltr'><strong>hic</strong></span> <span class='ocrx_word' id='word_1_660' title='bbox 2335 3486 2603 3542; x_wconf 90' lang='lat' dir='ltr'><strong>voluntate</strong></span> <span class='ocrx_word' id='word_1_661' title='bbox 2646 3493 2842 3546; x_wconf 89' lang='lat' dir='ltr'><strong>mortui</strong></span> <span class='ocrx_word' id='word_1_662' title='bbox 2893 3493 3156 3552; x_wconf 76' lang='lat' dir='ltr'><strong>fuerimus</strong></span> <span class='ocrx_word' id='word_1_663' title='bbox 3182 3501 3436 3569; x_wconf 90' lang='lat' dir='ltr'><strong>peccatis,</strong></span> <span class='ocrx_word' id='word_1_664' title='bbox 3477 3520 3564 3560; x_wconf 86' lang='lat' dir='ltr'><strong>se-</strong></span> 
     </span>
    </p>
   </div>
   <div class='ocr_carea' id='block_1_94' title="bbox 1986 3574 3560 3652">
    <p class='ocr_par' dir='ltr' id='par_1_94' title="bbox 1986 3574 3560 3652">
     <span class='ocr_line' id='line_1_94' title="bbox 1986 3574 3560 3652; baseline 0.017 -27"><span class='ocrx_word' id='word_1_665' title='bbox 1986 3574 2215 3628; x_wconf 90' lang='lat' dir='ltr'><strong>cundam</strong></span> <span class='ocrx_word' id='word_1_666' title='bbox 2271 3590 2377 3630; x_wconf 91' lang='lat' dir='ltr'><strong>non</strong></span> <span class='ocrx_word' id='word_1_667' title='bbox 2427 3577 2678 3635; x_wconf 88' lang='lat' dir='ltr'><strong>timemus</strong></span> <span class='ocrx_word' id='word_1_668' title='bbox 2731 3591 2982 3652; x_wconf 89' lang='lat' dir='ltr'><strong>mortem,</strong></span> <span class='ocrx_word' id='word_1_669' title='bbox 3032 3602 3133 3643; x_wconf 90' lang='lat' dir='ltr'><strong>nec</strong></span> <span class='ocrx_word' id='word_1_670' title='bbox 3184 3592 3486 3650; x_wconf 88' lang='lat' dir='ltr'><strong>tenebimur</strong></span> <span class='ocrx_word' id='word_1_671' title='bbox 3527 3611 3560 3651; x_wconf 91' lang='lat' dir='ltr'><strong>a</strong></span> 
     </span>
    </p>
   </div>
   <div class='ocr_carea' id='block_1_95' title="bbox 1983 3669 3278 3738">
    <p class='ocr_par' dir='ltr' id='par_1_95' title="bbox 1983 3669 3278 3738">
     <span class='ocr_line' id='line_1_95' title="bbox 1983 3669 3278 3738; baseline 0.008 -17"><span class='ocrx_word' id='word_1_672' title='bbox 1983 3669 2249 3738; x_wconf 85' lang='lat' dir='ltr'><strong>gehenna.</strong></span> <span class='ocrx_word' id='word_1_673' title='bbox 3274 3728 3278 3731; x_wconf 93' lang='lat'><em>_</em></span> 
     </span>
    </p>
   </div>
   <div class='ocr_carea' id='block_1_96' title="bbox 2054 3757 3554 3844">
    <p class='ocr_par' dir='ltr' id='par_1_96' title="bbox 2054 3757 3554 3844">
     <span class='ocr_line' id='line_1_96' title="bbox 2054 3757 3554 3844; baseline 0.016 -35"><span class='ocrx_word' id='word_1_674' title='bbox 2054 3757 2207 3823; x_wconf 82' lang='lat' dir='ltr'><strong>Quod</strong></span> <span class='ocrx_word' id='word_1_675' title='bbox 2234 3759 2370 3813; x_wconf 81' lang='lat' dir='ltr'><strong>enim</strong></span> <span class='ocrx_word' id='word_1_676' title='bbox 2404 3770 2640 3818; x_wconf 88' lang='lat' dir='ltr'><strong>mortuus</strong></span> <span class='ocrx_word' id='word_1_677' title='bbox 2665 3773 2740 3819; x_wconf 83' lang='lat' dir='ltr'><strong>est</strong></span> <span class='ocrx_word' id='word_1_678' title='bbox 2761 3777 2991 3835; x_wconf 86' lang='lat' dir='ltr'><strong>peccato,</strong></span> <span class='ocrx_word' id='word_1_679' title='bbox 3014 3780 3256 3828; x_wconf 86' lang='lat' dir='ltr'><strong>mortuus</strong></span> <span class='ocrx_word' id='word_1_680' title='bbox 3278 3784 3353 3829; x_wconf 80' lang='lat' dir='ltr'><strong>est</strong></span> <span class='ocrx_word' id='word_1_681' title='bbox 3377 3779 3554 3844; x_wconf 85' lang='lat' dir='ltr'><strong>semel,</strong></span> 
     </span>
    </p>
   </div>
   <div class='ocr_carea' id='block_1_97' title="bbox 1982 3846 3555 3937">
    <p class='ocr_par' dir='ltr' id='par_1_97' title="bbox 1982 3846 3555 3937">
     <span class='ocr_line' id='line_1_97' title="bbox 1982 3846 3555 3937; baseline 0.015 -37"><span class='ocrx_word' id='word_1_682' title='bbox 1982 3846 2033 3900; x_wconf 91' lang='lat' dir='ltr'><strong>id</strong></span> <span class='ocrx_word' id='word_1_683' title='bbox 2059 3855 2164 3912; x_wconf 84' lang='lat' dir='ltr'><strong>est,</strong></span> <span class='ocrx_word' id='word_1_684' title='bbox 2195 3862 2302 3902; x_wconf 92' lang='lat' dir='ltr'><strong>non</strong></span> <span class='ocrx_word' id='word_1_685' title='bbox 2341 3864 2629 3918; x_wconf 88' lang='lat' dir='ltr'><strong>possumus</strong></span> <span class='ocrx_word' id='word_1_686' title='bbox 2673 3854 2866 3910; x_wconf 87' lang='lat' dir='ltr'><strong>iterum</strong></span> <span class='ocrx_word' id='word_1_687' title='bbox 2909 3873 3048 3929; x_wconf 87' lang='lat' dir='ltr'><strong>aqua</strong></span> <span class='ocrx_word' id='word_1_688' title='bbox 3096 3861 3382 3932; x_wconf 80' lang='lat' dir='ltr'><strong>baptizari,</strong></span> <span class='ocrx_word' id='word_1_689' title='bbox 3430 3871 3555 3937; x_wconf 87' lang='lat' dir='ltr'><strong>quia</strong></span> 
     </span>
    </p>
   </div>
   <div class='ocr_carea' id='block_1_98' title="bbox 1979 3939 3558 4022">
    <p class='ocr_par' dir='ltr' id='par_1_98' title="bbox 1979 3939 3558 4022">
     <span class='ocr_line' id='line_1_98' title="bbox 1979 3939 3558 4022; baseline 0.014 -29"><span class='ocrx_word' id='word_1_690' title='bbox 1979 3939 2225 3996; x_wconf 87' lang='lat' dir='ltr'><strong>Christus</strong></span> <span class='ocrx_word' id='word_1_691' title='bbox 2254 3957 2359 3997; x_wconf 91' lang='lat' dir='ltr'><strong>non</strong></span> <span class='ocrx_word' id='word_1_692' title='bbox 2384 3952 2562 4013; x_wconf 90' lang='lat' dir='ltr'><strong>potest</strong></span> <span class='ocrx_word' id='word_1_693' title='bbox 2583 3946 2780 4001; x_wconf 89' lang='lat' dir='ltr'><strong>iterum</strong></span> <span class='ocrx_word' id='word_1_694' title='bbox 2803 3949 3044 4022; x_wconf 85' lang='lat' dir='ltr'><strong>cruciﬁgi</strong></span> <span class='ocrx_word' id='word_1_695' title='bbox 3071 3965 3172 4022; x_wconf 88' lang='lat' dir='ltr'><strong>pro</strong></span> <span class='ocrx_word' id='word_1_696' title='bbox 3197 3957 3370 4012; x_wconf 89' lang='lat' dir='ltr'><strong>nobis.</strong></span> <span class='ocrx_word' id='word_1_697' title='bbox 3405 3958 3558 4015; x_wconf 89' lang='lat' dir='ltr'><strong>Sicut</strong></span> 
     </span>
    </p>
   </div>
   <div class='ocr_carea' id='block_1_99' title="bbox 1979 4029 3554 4115">
    <p class='ocr_par' dir='ltr' id='par_1_99' title="bbox 1979 4029 3554 4115">
     <span class='ocr_line' id='line_1_99' title="bbox 1979 4029 3554 4115; baseline 0.014 -33"><span class='ocrx_word' id='word_1_698' title='bbox 1979 4029 2105 4084; x_wconf 85' lang='lat' dir='ltr'><strong>alibi</strong></span> <span class='ocrx_word' id='word_1_699' title='bbox 2139 4030 2367 4086; x_wconf 89' lang='lat' dir='ltr'><strong>dicitur:</strong></span> <span class='ocrx_word' id='word_1_700' title='bbox 2389 4033 2720 4104; x_wconf 83' lang='lat' dir='ltr'><strong>Impossibile</strong></span> <span class='ocrx_word' id='word_1_701' title='bbox 2742 4047 2816 4091; x_wconf 88' lang='lat' dir='ltr'><strong>est</strong></span> <span class='ocrx_word' id='word_1_702' title='bbox 2845 4038 2981 4093; x_wconf 88' lang='lat' dir='ltr'><strong>enim</strong></span> <span class='ocrx_word' id='word_1_703' title='bbox 3003 4057 3088 4096; x_wconf 85' lang='lat' dir='ltr'><strong>eos</strong></span> <span class='ocrx_word' id='word_1_704' title='bbox 3114 4046 3204 4115; x_wconf 88' lang='lat' dir='ltr'><strong>qui</strong></span> <span class='ocrx_word' id='word_1_705' title='bbox 3243 4048 3398 4102; x_wconf 84' lang='lat' dir='ltr'><strong>semel</strong></span> <span class='ocrx_word' id='word_1_706' title='bbox 3431 4050 3554 4104; x_wconf 85' lang='lat' dir='ltr'><strong>illu-</strong></span> 
     </span>
    </p>
   </div>
   <div class='ocr_carea' id='block_1_100' title="bbox 1976 4121 3554 4208">
    <p class='ocr_par' dir='ltr' id='par_1_100' title="bbox 1976 4121 3554 4208">
     <span class='ocr_line' id='line_1_100' title="bbox 1976 4121 3554 4208; baseline 0.013 -35"><span class='ocrx_word' id='word_1_707' title='bbox 1976 4121 2161 4175; x_wconf 89' lang='lat' dir='ltr'><strong>minati</strong></span> <span class='ocrx_word' id='word_1_708' title='bbox 2183 4131 2326 4188; x_wconf 88' lang='lat' dir='ltr'><strong>sunt,</strong></span> <span class='ocrx_word' id='word_1_709' title='bbox 2347 4133 2683 4194; x_wconf 83' lang='lat' dir='ltr'><strong>gustaverunt</strong></span> <span class='ocrx_word' id='word_1_710' title='bbox 2702 4128 2856 4182; x_wconf 88' lang='lat' dir='ltr'><strong>etiam</strong></span> <span class='ocrx_word' id='word_1_711' title='bbox 2892 4129 3087 4185; x_wconf 87' lang='lat' dir='ltr'><strong>donum</strong></span> <span class='ocrx_word' id='word_1_712' title='bbox 3114 4133 3334 4202; x_wconf 62' lang='lat' dir='ltr'><strong>caeleste,</strong></span> <span class='ocrx_word' id='word_1_713' title='bbox 3362 4147 3410 4190; x_wconf 84' lang='lat' dir='ltr'><strong>et</strong></span> <span class='ocrx_word' id='word_1_714' title='bbox 3429 4156 3554 4208; x_wconf 88' lang='lat' dir='ltr'><strong>par-</strong></span> 
     </span>
    </p>
   </div>
   <div class='ocr_carea' id='block_1_101' title="bbox 1975 4212 3548 4298">
    <p class='ocr_par' dir='ltr' id='par_1_101' title="bbox 1975 4212 3548 4298">
     <span class='ocr_line' id='line_1_101' title="bbox 1975 4212 3548 4298; baseline 0.013 -34"><span class='ocrx_word' id='word_1_715' title='bbox 1975 4212 2152 4282; x_wconf 86' lang='lat' dir='ltr'><strong>ticipes</strong></span> <span class='ocrx_word' id='word_1_716' title='bbox 2197 4224 2318 4268; x_wconf 87' lang='lat' dir='ltr'><strong>sunt</strong></span> <span class='ocrx_word' id='word_1_717' title='bbox 2364 4216 2492 4285; x_wconf 81' lang='lat' dir='ltr'><strong>[acti</strong></span> <span class='ocrx_word' id='word_1_718' title='bbox 2540 4217 2771 4288; x_wconf 87' lang='lat' dir='ltr'><strong>Spiritus</strong></span> <span class='ocrx_word' id='word_1_719' title='bbox 2802 4225 2990 4288; x_wconf 88' lang='lat' dir='ltr'><strong>sancti,</strong></span> <span class='ocrx_word' id='word_1_720' title='bbox 3034 4224 3223 4280; x_wconf 84' lang='lat' dir='ltr'><strong>iterum</strong></span> <span class='ocrx_word' id='word_1_721' title='bbox 3271 4228 3548 4298; x_wconf 77' lang='lat' dir='ltr'><strong>baptizari,</strong></span> 
     </span>
    </p>
   </div>
   <div class='ocr_carea' id='block_1_102' title="bbox 1974 4303 3547 4381">
    <p class='ocr_par' dir='ltr' id='par_1_102' title="bbox 1974 4303 3547 4381">
     <span class='ocr_line' id='line_1_102' title="bbox 1974 4303 3547 4381; baseline 0.012 -27"><span class='ocrx_word' id='word_1_722' title='bbox 1974 4303 2100 4370; x_wconf 88' lang='lat' dir='ltr'><strong>quia</strong></span> <span class='ocrx_word' id='word_1_723' title='bbox 2139 4303 2211 4359; x_wconf 89' lang='lat' dir='ltr'><strong>ibi</strong></span> <span class='ocrx_word' id='word_1_724' title='bbox 2252 4320 2358 4360; x_wconf 91' lang='lat' dir='ltr'><strong>non</strong></span> <span class='ocrx_word' id='word_1_725' title='bbox 2385 4307 2755 4376; x_wconf 71' lang='lat' dir='ltr'><strong>paenitentiam</strong></span> <span class='ocrx_word' id='word_1_726' title='bbox 2794 4310 3042 4381; x_wconf 77' lang='lat' dir='ltr'><strong>denegat,</strong></span> <span class='ocrx_word' id='word_1_727' title='bbox 3085 4315 3180 4370; x_wconf 87' lang='lat' dir='ltr'><strong>sed</strong></span> <span class='ocrx_word' id='word_1_728' title='bbox 3207 4315 3547 4373; x_wconf 89' lang='lat' dir='ltr'><strong>iterationem</strong></span> 
     </span>
    </p>
   </div>
   <div class='ocr_carea' id='block_1_103' title="bbox 1972 4392 2243 4462">
    <p class='ocr_par' dir='ltr' id='par_1_103' title="bbox 1972 4392 2243 4462">
     <span class='ocr_line' id='line_1_103' title="bbox 1972 4392 2243 4462; baseline 0.007 -16"><span class='ocrx_word' id='word_1_729' title='bbox 1972 4392 2243 4462; x_wconf 70' lang='lat' dir='ltr'><strong>baptismi.</strong></span> 
     </span>
    </p>
   </div>
   <div class='ocr_carea' id='block_1_104' title="bbox 2047 4480 3402 4561">
    <p class='ocr_par' dir='ltr' id='par_1_104' title="bbox 2047 4480 3402 4561">
     <span class='ocr_line' id='line_1_104' title="bbox 2047 4480 3402 4561; baseline 0.014 -30"><span class='ocrx_word' id='word_1_730' title='bbox 2047 4480 2200 4544; x_wconf 86' lang='lat' dir='ltr'><strong>Quod</strong></span> <span class='ocrx_word' id='word_1_731' title='bbox 2222 4490 2396 4536; x_wconf 85' lang='lat' dir='ltr'><strong>autem</strong></span> <span class='ocrx_word' id='word_1_732' title='bbox 2424 4483 2563 4548; x_wconf 85' lang='lat' dir='ltr'><strong>vivit,</strong></span> <span class='ocrx_word' id='word_1_733' title='bbox 2593 4485 2714 4539; x_wconf 89' lang='lat' dir='ltr'><strong>vivit</strong></span> <span class='ocrx_word' id='word_1_734' title='bbox 2736 4484 2868 4551; x_wconf 89' lang='lat' dir='ltr'><strong>Deo,</strong></span> <span class='ocrx_word' id='word_1_735' title='bbox 2895 4487 2947 4542; x_wconf 91' lang='lat' dir='ltr'><strong>in</strong></span> <span class='ocrx_word' id='word_1_736' title='bbox 2967 4489 3135 4561; x_wconf 82' lang='lat' dir='ltr'><strong>gloria</strong></span> <span class='ocrx_word' id='word_1_737' title='bbox 3165 4493 3402 4552; x_wconf 89' lang='lat' dir='ltr'><strong>deitatis.</strong></span> 
     </span>
    </p>
   </div>
   <div class='ocr_carea' id='block_1_105' title="bbox 2043 4569 3545 4658">
    <p class='ocr_par' dir='ltr' id='par_1_105' title="bbox 2043 4569 3545 4658">
     <span class='ocr_line' id='line_1_105' title="bbox 2043 4569 3545 4658; baseline 0.014 -36"><span class='ocrx_word' id='word_1_738' title='bbox 2043 4569 2130 4623; x_wconf 87' lang='lat' dir='ltr'><strong>Ita</strong></span> <span class='ocrx_word' id='word_1_739' title='bbox 2149 4580 2198 4624; x_wconf 78' lang='lat' dir='ltr'><strong>et</strong></span> <span class='ocrx_word' id='word_1_740' title='bbox 2220 4587 2310 4625; x_wconf 88' lang='lat' dir='ltr'><strong>vos</strong></span> <span class='ocrx_word' id='word_1_741' title='bbox 2343 4573 2634 4628; x_wconf 73' lang='lat' dir='ltr'><strong>existimate</strong></span> <span class='ocrx_word' id='word_1_742' title='bbox 2665 4591 2752 4629; x_wconf 89' lang='lat' dir='ltr'><strong>vos</strong></span> <span class='ocrx_word' id='word_1_743' title='bbox 2789 4588 3021 4634; x_wconf 86' lang='lat' dir='ltr'><strong>mortuos</strong></span> <span class='ocrx_word' id='word_1_744' title='bbox 3061 4583 3270 4652; x_wconf 81' lang='lat' dir='ltr'><strong>quidem</strong></span> <span class='ocrx_word' id='word_1_745' title='bbox 3295 4602 3403 4640; x_wconf 89' lang='lat' dir='ltr'><strong>esse</strong></span> <span class='ocrx_word' id='word_1_746' title='bbox 3425 4606 3545 4658; x_wconf 88' lang='lat' dir='ltr'><strong>pec-</strong></span> 
     </span>
    </p>
   </div>
   <div class='ocr_carea' id='block_1_106' title="bbox 1971 4659 3538 4732">
    <p class='ocr_par' dir='ltr' id='par_1_106' title="bbox 1971 4659 3538 4732">
     <span class='ocr_line' id='line_1_106' title="bbox 1971 4659 3538 4732; baseline 0.012 -20"><span class='ocrx_word' id='word_1_747' title='bbox 1971 4669 2108 4722; x_wconf 88' lang='lat' dir='ltr'><strong>cato,</strong></span> <span class='ocrx_word' id='word_1_748' title='bbox 2141 4660 2185 4714; x_wconf 90' lang='lat' dir='ltr'><strong>si</strong></span> <span class='ocrx_word' id='word_1_749' title='bbox 2208 4659 2419 4716; x_wconf 80' lang='lat' dir='ltr'><strong>fueritis</strong></span> <span class='ocrx_word' id='word_1_750' title='bbox 2454 4663 2660 4732; x_wconf 91' lang='lat' dir='ltr'><strong>puriter</strong></span> <span class='ocrx_word' id='word_1_751' title='bbox 2684 4664 2938 4732; x_wconf 81' lang='lat' dir='ltr'><strong>confessi,</strong></span> <span class='ocrx_word' id='word_1_752' title='bbox 2966 4669 3127 4725; x_wconf 81' lang='lat' dir='ltr'><strong>vicere</strong></span> <span class='ocrx_word' id='word_1_753' title='bbox 3147 4684 3319 4728; x_wconf 78' lang='lat' dir='ltr'><strong>autem</strong></span> <span class='ocrx_word' id='word_1_754' title='bbox 3348 4675 3456 4730; x_wconf 87' lang='lat' dir='ltr'><strong>Deo</strong></span> <span class='ocrx_word' id='word_1_755' title='bbox 3485 4681 3538 4732; x_wconf 79' lang='lat' dir='ltr'><strong>:‘n</strong></span> 
     </span>
    </p>
   </div>
   <div class='ocr_carea' id='block_1_107' title="bbox 1973 4748 3541 4827">
    <p class='ocr_par' dir='ltr' id='par_1_107' title="bbox 1973 4748 3541 4827">
     <span class='ocr_line' id='line_1_107' title="bbox 1973 4748 3541 4827; baseline 0.011 -25"><span class='ocrx_word' id='word_1_756' title='bbox 1973 4748 2179 4802; x_wconf 83' lang='lat' dir='ltr'><strong>Christo</strong></span> <span class='ocrx_word' id='word_1_757' title='bbox 2218 4749 2348 4804; x_wconf 81' lang='lat' dir='ltr'><strong>Jesu</strong></span> <span class='ocrx_word' id='word_1_758' title='bbox 2400 4750 2625 4806; x_wconf 87' lang='lat' dir='ltr'><strong>Domino</strong></span> <span class='ocrx_word' id='word_1_759' title='bbox 2679 4763 2877 4821; x_wconf 87' lang='lat' dir='ltr'><strong>nostra,</strong></span> <span class='ocrx_word' id='word_1_760' title='bbox 2920 4755 2976 4810; x_wconf 90' lang='lat' dir='ltr'><strong>in</strong></span> <span class='ocrx_word' id='word_1_761' title='bbox 3003 4761 3256 4827; x_wconf 89' lang='lat' dir='ltr'><strong>operibus</strong></span> <span class='ocrx_word' id='word_1_762' title='bbox 3302 4763 3458 4818; x_wconf 89' lang='lat' dir='ltr'><strong>bonis</strong></span> <span class='ocrx_word' id='word_1_763' title='bbox 3485 4775 3541 4819; x_wconf 84' lang='lat' dir='ltr'><strong>et</strong></span> 
     </span>
    </p>
   </div>
   <div class='ocr_carea' id='block_1_108' title="bbox 1969 4841 3539 4922">
    <p class='ocr_par' dir='ltr' id='par_1_108' title="bbox 1969 4841 3539 4922">
     <span class='ocr_line' id='line_1_108' title="bbox 1969 4841 3539 4922; baseline 0.011 -31"><span class='ocrx_word' id='word_1_764' title='bbox 1969 4841 2374 4894; x_wconf 88' lang='lat' dir='ltr'><strong>conversatione</strong></span> <span class='ocrx_word' id='word_1_765' title='bbox 2400 4850 2606 4906; x_wconf 83' lang='lat' dir='ltr'><strong>sancta,</strong></span> <span class='ocrx_word' id='word_1_766' title='bbox 2650 4843 2746 4897; x_wconf 89' lang='lat' dir='ltr'><strong>Dei</strong></span> <span class='ocrx_word' id='word_1_767' title='bbox 2790 4859 2889 4900; x_wconf 91' lang='lat' dir='ltr'><strong>vos</strong></span> <span class='ocrx_word' id='word_1_768' title='bbox 2944 4848 3312 4906; x_wconf 87' lang='lat' dir='ltr'><strong>misericordia</strong></span> <span class='ocrx_word' id='word_1_769' title='bbox 3359 4864 3539 4922; x_wconf 84' lang='lat' dir='ltr'><strong>prote-</strong></span> 
     </span>
    </p>
   </div>
   <div class='ocr_carea' id='block_1_109' title="bbox 1965 4928 3532 5001">
    <p class='ocr_par' dir='ltr' id='par_1_109' title="bbox 1965 4928 3532 5001">
     <span class='ocr_line' id='line_1_109' title="bbox 1965 4928 3532 5001; baseline 0.01 -21"><span class='ocrx_word' id='word_1_770' title='bbox 1965 4936 2146 4998; x_wconf 81' lang='lat' dir='ltr'><strong>gente,</strong></span> <span class='ocrx_word' id='word_1_771' title='bbox 2178 4928 2264 4983; x_wconf 90' lang='lat' dir='ltr'><strong>cui</strong></span> <span class='ocrx_word' id='word_1_772' title='bbox 2298 4929 2369 4984; x_wconf 88' lang='lat' dir='ltr'><strong>sit</strong></span> <span class='ocrx_word' id='word_1_773' title='bbox 2395 4930 2569 4984; x_wconf 89' lang='lat' dir='ltr'><strong>honor</strong></span> <span class='ocrx_word' id='word_1_774' title='bbox 2606 4939 2662 4986; x_wconf 90' lang='lat' dir='ltr'><strong>et</strong></span> <span class='ocrx_word' id='word_1_775' title='bbox 2683 4931 2853 5001; x_wconf 84' lang='lat' dir='ltr'><strong>gloria</strong></span> <span class='ocrx_word' id='word_1_776' title='bbox 2893 4934 2950 4988; x_wconf 91' lang='lat' dir='ltr'><strong>in</strong></span> <span class='ocrx_word' id='word_1_777' title='bbox 2977 4936 3170 4992; x_wconf 64' lang='lat' dir='ltr'><strong>saacula</strong></span> <span class='ocrx_word' id='word_1_778' title='bbox 3193 4939 3532 4997; x_wconf 64' lang='lat' dir='ltr'><strong>saeculorum.</strong></span> 
     </span>
    </p>
   </div>
   <div class='ocr_carea' id='block_1_110' title="bbox 1961 5018 2152 5072">
    <p class='ocr_par' dir='ltr' id='par_1_110' title="bbox 1961 5018 2152 5072">
     <span class='ocr_line' id='line_1_110' title="bbox 1961 5018 2152 5072; baseline 0.005 -1"><span class='ocrx_word' id='word_1_779' title='bbox 1961 5018 2152 5072; x_wconf 83' lang='lat' dir='ltr'><strong>Amen.</strong></span> 
     </span>
    </p>
   </div>
   <div class='ocr_carea' id='block_1_111' title="bbox 2508 5131 2999 5194">
    <p class='ocr_par' dir='ltr' id='par_1_111' title="bbox 2508 5131 2999 5194">
     <span class='ocr_line' id='line_1_111' title="bbox 2508 5131 2999 5194; baseline 0.01 -7"><span class='ocrx_word' id='word_1_780' title='bbox 2508 5131 2786 5190; x_wconf 75' lang='lat' dir='ltr'><strong>HOMILIA</strong></span> <span class='ocrx_word' id='word_1_781' title='bbox 2819 5137 2999 5194; x_wconf 72' lang='lat' dir='ltr'><strong>CXIV.</strong></span> 
     </span>
    </p>
   </div>
   <div class='ocr_carea' id='block_1_112' title="bbox 2526 5262 2985 5308">
    <p class='ocr_par' dir='ltr' id='par_1_112' title="bbox 2526 5262 2985 5308">
     <span class='ocr_line' id='line_1_112' title="bbox 2526 5262 2985 5308; baseline 0.015 -7"><span class='ocrx_word' id='word_1_782' title='bbox 2526 5262 2578 5301; x_wconf 71' lang='lat' dir='ltr'><strong>IN</strong></span> <span class='ocrx_word' id='word_1_783' title='bbox 2599 5264 2773 5304; x_wconf 75' lang='lat' dir='ltr'><strong>EODEI</strong></span> <span class='ocrx_word' id='word_1_784' title='bbox 2801 5266 2985 5308; x_wconf 79' lang='lat' dir='ltr'><strong>FESTO.</strong></span> 
     </span>
    </p>
   </div>
   <div class='ocr_carea' id='block_1_113' title="bbox 2030 5344 3454 5428">
    <p class='ocr_par' dir='ltr' id='par_1_113' title="bbox 2030 5344 3454 5428">
     <span class='ocr_line' id='line_1_113' title="bbox 2030 5344 3454 5428; baseline 0.007 -19"><span class='ocrx_word' id='word_1_785' title='bbox 2030 5352 2217 5410; x_wconf 87' lang='lat' dir='ltr'><strong>Lectio</strong></span> <span class='ocrx_word' id='word_1_786' title='bbox 2260 5355 2431 5410; x_wconf 85' lang='lat' dir='ltr'><strong>sancti</strong></span> <span class='ocrx_word' id='word_1_787' title='bbox 2475 5344 2750 5428; x_wconf 85' lang='lat' dir='ltr'><strong>Evangelii</strong></span> <span class='ocrx_word' id='word_1_788' title='bbox 2791 5361 3082 5416; x_wconf 87' lang='lat' dir='ltr'><strong>secundum</strong></span> <span class='ocrx_word' id='word_1_789' title='bbox 3126 5361 3454 5420; x_wconf 77' lang='lat' dir='ltr'><strong>Matthteum.</strong></span> 
     </span>
    </p>
   </div>
   <div class='ocr_carea' id='block_1_114' title="bbox 2031 5481 3527 5560">
    <p class='ocr_par' dir='ltr' id='par_1_114' title="bbox 2031 5481 3527 5560">
     <span class='ocr_line' id='line_1_114' title="bbox 2031 5481 3527 5560; baseline 0.007 -24"><span class='ocrx_word' id='word_1_790' title='bbox 2031 5481 2099 5537; x_wconf 82' lang='lat' dir='ltr'><strong>In</strong></span> <span class='ocrx_word' id='word_1_791' title='bbox 2126 5483 2216 5537; x_wconf 90' lang='lat' dir='ltr'><strong>illo</strong></span> <span class='ocrx_word' id='word_1_792' title='bbox 2239 5493 2485 5555; x_wconf 86' lang='lat' dir='ltr'><strong>tempore,</strong></span> <span class='ocrx_word' id='word_1_793' title='bbox 2516 5485 2649 5540; x_wconf 75' lang='lat' dir='ltr'><strong>dixit</strong></span> <span class='ocrx_word' id='word_1_794' title='bbox 2673 5485 2829 5544; x_wconf 73' lang='lat' dir='ltr'><strong>Iesus</strong></span> <span class='ocrx_word' id='word_1_795' title='bbox 2853 5489 3122 5560; x_wconf 86' lang='lat' dir='ltr'><strong>discipulis</strong></span> <span class='ocrx_word' id='word_1_796' title='bbox 3148 5491 3256 5546; x_wconf 87' lang='lat' dir='ltr'><strong>suis</strong></span> <span class='ocrx_word' id='word_1_797' title='bbox 3278 5505 3297 5544; x_wconf 89' lang='lat'><strong><em>:</em></strong></span> <span class='ocrx_word' id='word_1_798' title='bbox 3341 5493 3527 5560; x_wconf 81' lang='lat' dir='ltr'><strong>Amen,</strong></span> 
     </span>
    </p>
   </div>
   <div class='ocr_carea' id='block_1_115' title="bbox 1959 5573 3526 5653">
    <p class='ocr_par' dir='ltr' id='par_1_115' title="bbox 1959 5573 3526 5653">
     <span class='ocr_line' id='line_1_115' title="bbox 1959 5573 3526 5653; baseline 0.007 -26"><span class='ocrx_word' id='word_1_799' title='bbox 1959 5573 2077 5629; x_wconf 88' lang='lat' dir='ltr'><strong>dico</strong></span> <span class='ocrx_word' id='word_1_800' title='bbox 2123 5573 2263 5629; x_wconf 83' lang='lat' dir='ltr'><strong>vobis</strong></span> <span class='ocrx_word' id='word_1_801' title='bbox 2305 5575 2428 5647; x_wconf 83' lang='lat' dir='ltr'><strong>quia</strong></span> <span class='ocrx_word' id='word_1_802' title='bbox 2469 5576 2570 5632; x_wconf 89' lang='lat' dir='ltr'><strong>nisi</strong></span> <span class='ocrx_word' id='word_1_803' title='bbox 2614 5577 2952 5633; x_wconf 76' lang='lat' dir='ltr'><strong>abundaverit</strong></span> <span class='ocrx_word' id='word_1_804' title='bbox 2980 5578 3187 5649; x_wconf 85' lang='lat' dir='ltr'><strong>justitia</strong></span> <span class='ocrx_word' id='word_1_805' title='bbox 3216 5591 3381 5636; x_wconf 81' lang='lat' dir='ltr'><strong>vestra</strong></span> <span class='ocrx_word' id='word_1_806' title='bbox 3407 5582 3526 5653; x_wconf 89' lang='lat' dir='ltr'><strong>plus</strong></span> 
     </span>
    </p>
   </div>
  </div>
