1981 3090
219 114 273 142 359

540 107 572 135 Β.
593 105 719 134 RABANI
739 104 848 133 MAURI
867 102 1029 130 ARCillEP.
1052 100 1205 129 MOGUNT.
1225 100 1369 129 OPERUM
1391 99 1482 127 ΡΜιὸ
1501 99 1534 126 ll.

1796 102 1846 129 551i

220 175 299 204 quam
323 164 467 194 scribarum
491 168 515 191 et
534 162 742 194 Pltarisworum,
758 169 808 188 non
831 159 962 187 intrabitis
983 160 1008 185 in
1025 159 1046 188 A
1062 158 1142 185 aliam
1154 158 1271 193 linguam
1284 157 1361 185 facile
1372 156 1572 184 transferuntur
1585 165 1590 182 :
1604 164 1664 191 qntc
1675 164 1753 184 causa
1764 159 1847 194 utique

223 220 331 248 regnum
342 209 475 241 caelorum,
489 213 542 236 etc.

257 257 284 284 ιι]
299 260 350 288 est,
364 255 415 282 nisi
431 261 482 281 non
498 253 584 280 solum
597 252 642 279 illa
658 251 770 279 minima
792 250 859 286 legis
879 254 1013 285 prmepla

222 300 409 337 impleveritis,
427 307 486 333 qua:
504 298 633 325 inchoant
651 297 797 328 hominem,
822 297 870 324 sed
885 296 937 323 ista
956 303 1015 330 qua:

224 357 238 375 a
249 357 290 375 me
303 348 445 377 adduntur,
459 346 505 380 qui
521 353 571 372 non
583 345 639 372 veni
653 344 750 371 solvere
765 344 855 378 legem,
869 343 914 370 sed
931 342 1015 368 adi-n-

223 394 302 428 plere.
329 401 379 419 non
404 391 535 418 intrabitis
556 391 584 417 in
608 398 715 424 regnum
741 389 874 416 caalorunt.
903 387 1015 414 Iustitia

223 439 419 466 Pharisaeorum
437 442 488 469 est,
514 441 543 463 nt
558 445 609 462 non
633 436 772 467 occidant;
798 434 905 468 justitia
922 441 1015 460 eorum

223 485 267 518 qui
280 483 403 510 intraturi
415 486 476 509 sunt
487 482 632 515 inregnum
645 480 690 506 Dei
702 483 752 511 est,
762 484 790 506 ut
801 487 853 506 non
867 479 1017 505 irascantur

224 530 282 556 sine
293 535 394 555 causa:
413 527 553 553 minimum
574 531 615 553 est
635 533 700 560 ergo
717 529 745 552 et
766 532 820 551 non
838 523 971 555 occidere,
990 527 1018 549 et

225 574 270 608 qui
286 573 350 600 illud
371 572 482 599 solverit
506 571 634 598 minimus
650 570 790 597 vocabitur
812 569 838 596 in
861 575 944 603 regno
959 575 1018 594 co:-

224 618 324 645 lorum.
347 617 398 650 Qui
420 621 510 644 autem
530 616 594 643 illud
619 616 770 651 impleverit
783 619 811 641 ιιι
826 622 879 641 non
902 614 1016 645 occidat,

225 672 279 691 non
291 663 418 691 continuo
428 670 542 697 magnus
553 662 604 688 erit
614 666 642 688 et
652 661 764 688 idoneus
777 668 859 695 regno
870 660 1017 691 caelorum;

225 709 274 736 sed
295 713 385 735 tamen
399 707 521 734 ascendit
535 706 651 740 aliquem
670 705 783 740 gradum
796 713 803 736 ;
820 704 960 739 perficitur
971 712 1019 730 au-

226 757 280 780 tem
294 752 316 779 si
332 759 381 779 nec
396 751 523 778 irascitur
539 750 597 777 sine
618 757 699 777 causa
713 758 719 775 :
746 749 818 783 quod
837 749 860 775 si
875 748 1019 782 perfecerit

226 797 310 824 multo
323 796 452 823 remotior
474 795 526 822 erit
546 795 580 821 ab
599 794 762 826 homicidio;
787 799 951 828 quapropter
974 793 1019 827 qui

1065 204 1151 238 coegit
1165 209 1219 230 tam
1235 203 1359 231 Grzecum
1382 202 1556 236 interpretem
1575 210 1656 236 quam
1676 202 1795 230 Latinum
1808 212 1845 232 vo.

1065 257 1124 276 cem
1135 249 1218 284 ipsam
1230 256 1340 283 ponere,
1349 255 1410 275 cum
1419 247 1554 281 quomodo
1565 254 1624 274 eam
1637 247 1849 281 interpretaretur

1065 302 1118 321 non
1132 294 1276 321 inveniret.
1301 293 1407 321 Gradus
1429 293 1520 327 itaque
1535 293 1637 319 suntin
1657 292 1715 320 istis
1729 295 1848 328 peccatis,

1066 344 1095 366 ut
1111 340 1197 374 primo
1213 339 1327 374 quisque
1342 339 1475 365 irascatur
1499 341 1527 365 et
1548 345 1610 365 eum
1626 343 1727 365 motum
1743 339 1850 366 retineat

1066 387 1155 418 corde,
1173 390 1263 413 mente
1275 390 1455 419 conceptum:
1475 383 1533 417 jam
1555 383 1577 410 si
1601 384 1745 411 extorserit
1765 392 1849 411 vocem

1067 432 1230 467 indignantis
1245 432 1300 466 ipsa
1313 431 1458 458 commotio
1472 438 1523 457 non
1535 429 1733 464 significantem
1747 431 1849 465 aliquid.

1068 477 1114 504 sed
1137 476 1210 503 illum
1232 476 1314 503 animi
1340 480 1454 506 motum,
1479 476 1535 510 ipsa
1561 476 1701 509 eruptione
1717 479 1852 503 testantem

1068 530 1120 556 qtta
1148 521 1262 548 feriatur
1274 521 1315 547 ille
1329 521 1371 547 cui
1390 520 1530 547 irascitur:
1546 520 1606 554 plus
1619 525 1660 546 est
1671 521 1763 554 utique
1778 529 1853 555 quam

1069 566 1091 594 si
1107 574 1220 601 surgens
1235 566 1274 593 ira
1288 566 1396 593 silentio
1409 571 1587 600 premeretur.
1611 565 1639 592 Si
1665 573 1729 593 vero
1744 574 1794 592 non
1813 575 1854 593 so-

1069 612 1124 639 lum
1141 620 1192 639 vox
1215 612 1380 647 indignantis
1406 611 1542 643 audiatur,
1571 611 1617 638 sed
1642 612 1724 638 etiam
1750 612 1854 638 verbum

1069 657 1140 691 quod
1156 656 1214 690 jam
1228 662 1330 684 certam
1347 656 1405 690 ejus
1424 656 1648 691 vituperationem
1663 656 1689 683 in
1708 664 1785 690 quem
1800 665 1854 691 pro-

1070 702 1156 730 fertur
1169 702 1291 737 designet
1312 706 1339 729 et
1365 706 1448 735 notet,
1473 702 1534 736 quis
1547 702 1651 729 dubitet
1672 702 1786 736 amplius
1811 703 1856 729 hoc
1892 697 1895 700 ’

1070 754 1130 775 esse
1145 755 1226 783 quam
1239 747 1261 774 si
1276 747 1350 774 solus
1364 747 1556 781 indignationis
1569 755 1650 774 sonus
1659 747 1856 774 cderetur?lta-

1071 800 1124 827 que
1137 793 1163 820 in
1178 793 1265 827 primo
1280 801 1362 821 untnn
1384 797 1435 825 est,
1450 793 1539 825 idest,
1554 792 1592 818 ira
1609 792 1676 825 sola,
1701 793 1726 819 in
1748 793 1857 820 secundo

226 843 304 870 docet
319 847 349 869 ut
368 849 421 868 non
439 842 598 872 irascamur,
614 848 666 868 non
691 840 770 867 solvit
793 840 878 875 legem
896 846 931 867 ne
944 840 1017 866 occi-
1036 835 1058 866 Β
1072 838 1137 870 duo,
1154 838 1193 864 ira
1213 842 1240 865 et
1255 846 1305 865 vox
1321 846 1380 873 quae
1403 839 1477 865 iram
1496 838 1639 873 significat,
1664 839 1690 865 in
1710 840 1787 866 tertio
1801 840 1856 871 tria,

225 888 330 920 damus,
348 888 395 915 sed
412 887 504 922 implet
517 887 607 921 potius
620 891 650 913 ut
674 886 739 914 foris
757 886 821 913 dum
844 894 896 913 non
918 886 1019 913 occidi-

226 942 296 966 mus,
310 934 377 961 etin
400 933 482 960 corde
507 933 570 960 dum
597 940 650 960 non
677 933 820 959 irascimur
837 932 1021 960 innocentiam

226 979 420 1006 custodiamus.
997 1007 999 1010 η

263 1024 381 1051 Audistis
395 1024 457 1059 quia
479 1024 578 1051 dictum
599 1028 636 1050 est
659 1024 792 1058 antiquis:
819 1023 880 1050 Non
902 1024 1021 1050 occides:

227 1071 271 1106 qui
287 1075 373 1097 autem
384 1070 507 1096 occiderit
520 1077 578 1096 reus
589 1070 638 1096 erit
649 1069 763 1104 judicio.
775 1068 804 1095 In
818 1069 877 1104 lege
895 1069 966 1096 enim
981 1069 1022 1096 in-

228 1115 378 1147 dicabatur,
395 1115 478 1150 utqui
490 1115 632 1142 occidebat
649 1118 677 1142 et
691 1114 748 1149 ipse
761 1114 949 1142 occideretur:

263 1160 319 1195 Ego
333 1165 420 1186 autem
431 1160 489 1186 dico
507 1159 586 1186 vobis.
611 1158 640 1186 ld
663 1163 715 1190 est,
738 1166 825 1185 novus
849 1159 930 1185 homo
946 1158 1022 1185 vobis

228 1205 305 1232 novis
319 1211 388 1232 nova
412 1204 528 1238 loquor:
547 1203 616 1236 Quia
639 1204 723 1230 omnis
742 1204 786 1239 qui
797 1204 921 1230 irascitur
945 1203 1022 1238 fratri

227 1258 276 1278 suo
288 1258 346 1277 reus
360 1250 408 1277 erit
419 1250 534 1285 judicio.
551 1250 702 1277 Videndum
715 1253 757 1277 est
770 1254 901 1284 quantum
916 1249 1024 1277 intersit

228 1296 299 1323 inter
309 1296 442 1331 justitiam
463 1295 664 1323 Pharisaeorum
688 1299 716 1321 et
733 1294 948 1322 Christianorum
963 1302 1023 1329 qua:

228 1340 375 1367 introducit
398 1340 425 1366 in
452 1348 564 1375 regnum
593 1339 745 1367 emlorum:
769 1339 804 1366 ibi
825 1340 897 1366 enim
923 1340 1023 1367 occisio

229 1394 305 1414 reum
320 1385 384 1412 facit
401 1385 514 1419 judicio,
529 1385 574 1413 hic
586 1389 677 1412 autem
696 1385 737 1411 ira
752 1385 928 1412 nihilominus
947 1392 1022 1412 reum

230 1430 295 1458 facit
310 1430 423 1464 judicio.

267 1476 318 1509 Qui
339 1481 425 1502 autem
446 1475 540 1502 dixerit
554 1475 631 1510 fratri
645 1483 703 1507 suo,
720 1474 804 1508 Raca,
825 1483 884 1502 reus
898 1475 947 1501 erit
960 1483 1023 1502 con-

230 1520 300 1548 silio.
325 1521 383 1548 Hoc
403 1520 515 1547 verbum
540 1520 648 1555 proprie
672 1520 847 1548 Hebraeorum
872 1524 932 1547 est:
960 1516 1058 1547 racaC

229 1566 302 1593 enim
326 1566 425 1593 dicitur
438 1568 517 1597 κήναι,
533 1565 560 1592 id
583 1570 636 1598 est,
656 1565 745 1592 inanis
767 1569 795 1592 ct
819 1572 919 1593 vacuus
943 1573 1022 1600 quem

231 1619 279 1638 nos
291 1618 433 1645 possumus
449 1610 556 1646 vulgata
581 1610 679 1645 injuria
702 1610 805 1645 absque
827 1611 941 1638 cerebro
955 1619 1024 1638 nun-

230 1667 339 1695 cupare.
367 1658 395 1686 Si
410 1659 443 1686 de
456 1659 543 1686 otioso
563 1665 688 1686 sermone
717 1658 847 1685 reddituri
872 1666 965 1685 sumus
983 1666 1024 1685 ra-

232 1705 343 1738 tionem,
357 1709 458 1740 quanto
476 1704 561 1739 magis
575 1704 608 1731 de
618 1703 800 1731 contumelia?
815 1703 868 1730 Sed
879 1707 906 1730 et
916 1704 1025 1739 signan-

231 1755 274 1778 ter
288 1751 406 1784 additur,
420 1751 465 1786 qui
476 1750 571 1779 dixerit
583 1750 662 1784 fratri
675 1757 734 1782 suo,
750 1749 835 1782 Raca,
857 1749 940 1776 frater
952 1750 1024 1776 enim

231 1796 320 1824 nullus
338 1801 390 1829 est,
406 1796 458 1823 nisi
468 1796 514 1830 qui
526 1795 648 1823 eumdem
663 1795 803 1822 nobiscum
814 1794 895 1821 habet
909 1799 1022 1829 patrem.

231 1842 298 1870 Cum
311 1849 375 1876 ergo
389 1841 513 1869 similiter
526 1841 620 1868 credat
639 1840 665 1867 in
681 1841 764 1867 Deum
780 1844 807 1867 et
827 1840 964 1872 Christum
977 1841 1024 1868 Dei

231 1887 337 1916 noverit
351 1886 521 1921 sapientiam,
530 1893 582 1921 qua
595 1886 699 1913 ratione
710 1881 830 1913 stultitia:
842 1885 931 1920 elogio
942 1885 1026 1912 deno-

233 1933 284 1961 tnri
296 1932 404 1967 potest?
416 1932 485 1965 Quid
498 1932 611 1959 interest
626 1932 696 1959 inter
711 1939 787 1959 reum
795 1932 897 1967 judicio
910 1935 937 1958 et
949 1939 1025 1958 reum

233 1977 357 2009 consilio,
373 1981 401 2004 et
421 1983 496 2003 reum
510 1976 638 2011 gehennae
651 1976 740 2011 ignis?
763 1976 830 2003 Nam
849 1976 900 2003 hoc
921 1980 1025 2010 postre-

234 2025 306 2051 muni
318 2022 506 2058 gravissimum
518 2026 596 2048 sonat
608 2025 635 2048 et
645 2022 771 2049 admonet
781 2022 881 2057 gradus
893 2022 1024 2057 quosdam

233 2068 319 2097 factos
339 2076 354 2095 a
366 2067 513 2095 levioribus
529 2068 563 2094 ad
583 2066 705 2102 graviora
720 2067 806 2094 donec
820 2067 853 2094 ad
875 2068 1025 2101 gehennam

234 2116 305 2151 ignis
319 2115 468 2143 veniretur.
485 2114 520 2141 Et
542 2114 602 2141 ideo
615 2114 637 2140 si
652 2113 737 2140 levius
757 2117 799 2141 est
821 2121 896 2140 reum
912 2112 1026 2147 esseju-

233 2161 303 2189 dicio
318 2167 398 2195 quam
413 2167 472 2188 esse
493 2159 616 2192 consilio,
641 2159 706 2185 item
721 2158 805 2185 levius
822 2162 937 2186 estesse.
950 2166 1024 2185 reum

234 2207 356 2240 consilio,
377 2214 457 2241 quam
473 2213 549 2232 reum
575 2211 636 2232 esse
659 2204 787 2239 gehenna:
810 2203 888 2239 ignis.
914 2202 1026 2238 Oportet

234 2253 319 2281 levius
336 2260 396 2280 esse
411 2252 576 2287 intelligatur
588 2250 669 2278 irasci
685 2250 743 2277 sine
754 2257 835 2277 causa
849 2249 926 2277 fratri
944 2257 1026 2284 quam

235 2299 339 2331 dicere,
354 2297 439 2330 Raea,
466 2302 495 2324 et
513 2305 606 2325 rursus
631 2296 718 2323 levius
738 2303 800 2323 esse
827 2295 918 2323 dicere
941 2295 1025 2327 Raea,

235 2352 316 2379 quam
332 2344 434 2375 dicere,
452 2343 545 2370 Fatue.
559 2342 616 2370 Non
633 2341 706 2369 enim
728 2345 820 2368 reatus
833 2341 891 2375 ipse
913 2341 1028 2368 haberet

236 2389 346 2424 gradus,
360 2387 412 2415 nisi
431 2386 564 2422 gradatim
576 2387 658 2414 etiam
680 2390 791 2421 peccata
812 2393 1027 2413 commemoren-

237 2439 290 2461 tur.
306 2433 377 2461 Raea
401 2432 472 2459 enim
495 2432 638 2459 obscurum
663 2435 716 2463 est,
741 2430 803 2465 quia
829 2437 879 2457 nec
901 2430 1025 2457 Gl'chllm

237 2484 340 2507 estnec
364 2478 487 2510 latinum,
514 2477 633 2504 nonnulli
647 2481 736 2504 autem
752 2477 786 2503 de
808 2476 902 2504 Graeco
916 2476 1025 2503 trahere

237 2523 381 2551 voluerunt
394 2522 452 2555 ejus
471 2522 717 2556 interpretationem
732 2525 858 2556 putantes
875 2528 1025 2555 pannosum

238 2569 289 2597 dici
304 2578 310 2595 :
322 2567 415 2596 Graece
428 2568 499 2595 enim
511 2574 616 2601 pannus
627 2567 725 2594 rachus
735 2567 842 2594 dicitur.
856 2566 1025 2593 Probabilius

236 2618 327 2641 autem
341 2613 440 2641 dicitur
454 2619 547 2640 vocem
561 2619 621 2639 esse
640 2611 837 2646 signiﬁcantem
853 2619 906 2638 non
920 2611 954 2638 ad
977 2610 1026 2637 ali-

236 2660 300 2695 quid
317 2658 389 2686 aliud
411 2658 462 2687 nisi
482 2657 647 2693 indignantis
655 2658 737 2686 animi
752 2662 854 2686 motum
873 2658 1027 2693 exprimen-

236 2705 311 2738 dum,
327 2708 357 2732 ut
372 2708 434 2732 sunt
450 2703 519 2739 apud
533 2704 724 2739 grammaticos
743 2704 953 2738 interjectioncs,
964 2712 1025 2732 cum

237 2750 335 2778 dicitur
346 2758 361 2777 a
374 2750 491 2784 dolente,
516 2750 582 2778 heu!
609 2749 652 2778 vel
674 2750 707 2778 ab
722 2750 856 2778 irascente
870 2751 946 2779 hem!
967 2759 1027 2786 quae

238 2799 316 2824 voces
337 2803 505 2833 quarumque
527 2796 678 2832 linguarum
707 2800 769 2824 sunt
787 2796 902 2832 propriae
926 2804 976 2825 nec
999 2797 1026 2824 in

1072 884 1098 911 id
1114 888 1166 916 est,
1179 884 1220 910 ira
1232 888 1259 911 et
1271 892 1321 911 vox
1337 892 1396 919 quic
1413 885 1479 911 iram
1495 885 1639 919 significet,
1654 889 1681 911 et
1693 885 1719 911 in
1732 893 1795 912 voce
1805 886 1856 919 ipsa

1073 934 1154 958 certae
1167 930 1374 965 vituperationis
1388 931 1538 965 expressio.
1552 930 1617 958 Vide
1630 939 1701 958 nitnc
1714 931 1859 958 etiamtms

1073 981 1173 1008 reatus,
1187 976 1293 1011 judicii,
1316 977 1432 1008 consilii,
1447 980 1473 1003 et
1495 976 1624 1011 gehennae
1649 976 1729 1011 ignis.
1756 975 1819 1003 Nam
1834 977 1857 1003 in

1068 1022 1171 1056 judicio
1186 1023 1273 1050 adhuc
1288 1023 1436 1050 defensioni
1447 1022 1539 1048 ‘datur
1554 1021 1637 1054 locus,
1653 1022 1679 1048 in
1696 1022 1807 1049 consilio
1818 1029 1859 1048 au-

1073 1072 1126 1095 tem
1143 1075 1298 1102 quanquam
1313 1072 1340 1095 et
1352 1067 1484 1102 judicium
1499 1075 1560 1094 esse
1580 1067 1676 1098 soleat,
1702 1072 1789 1094 tamen
1803 1067 1860 1101 quia

1072 1113 1203 1140 interesse
1213 1113 1314 1148 aliquid
1327 1114 1378 1140 hoc
1393 1113 1452 1140 loco
1466 1113 1545 1140 fateri
1560 1113 1632 1148 cogit
1644 1113 1703 1148 ipsa
1719 1113 1859 1145 distinctio,

1072 1159 1179 1186 videtur
1191 1160 1224 1187 ad
1246 1160 1388 1187 consilium
1412 1160 1547 1194 pertinere
1574 1160 1718 1187 sententia!
1742 1161 1859 1195 probatio

1073 1206 1179 1240 quando
1194 1213 1245 1233 non
1268 1205 1325 1240 jam
1351 1213 1412 1233 cum
1427 1206 1485 1240 ipso
1503 1213 1550 1233 reo
1564 1206 1663 1241 agitur,
1688 1210 1779 1233 utrum
1793 1207 1861 1233 dam-

1073 1251 1177 1278 nandus
1190 1251 1235 1283 sit,
1252 1251 1299 1278 sed
1315 1251 1386 1277 inter
1398 1258 1427 1277 se
1440 1251 1485 1285 qui
1506 1250 1624 1284 iudicant
1643 1250 1796 1283 conferunt,
1811 1259 1860 1285 quo

1072 1296 1203 1332 supplicio
1214 1297 1336 1324 damnari
1352 1301 1476 1331 oporteat
1490 1304 1570 1330 quem
1595 1301 1703 1324 constat
1719 1305 1778 1325 esse
1792 1298 1861 1324 dam-

1073 1343 1190 1370 nandum
1204 1352 1210 1370 :
1226 1343 1346 1378 gehenna
1368 1351 1432 1371 vero
1452 1343 1522 1378 ignis
1538 1350 1587 1370 nec
1607 1343 1806 1371 damnationem
1821 1344 1863 1370 ha-

1073 1390 1118 1417 bet
1128 1389 1238 1416 dubiam
1247 1390 1322 1417 sicut
1331 1389 1474 1423 judicium,
1489 1397 1539 1417 nec
1550 1390 1668 1417 damnati
1680 1397 1786 1425 poenam
1799 1390 1862 1417 sicut

1074 1434 1226 1462 consilium.
1240 1435 1269 1461 ln
1286 1435 1407 1469 gehenna
1423 1436 1522 1469 quippe
1536 1440 1611 1462 certa
1633 1440 1675 1462 est
1690 1440 1719 1462 et
1732 1435 1862 1463 damnatio

1074 1484 1100 1506 ct
1116 1487 1193 1514 ptena
1215 1480 1345 1512 damnati.
1368 1481 1488 1513 gt'llcnna
1510 1488 1606 1507 nomen
1627 1481 1806 1515 compositum
1825 1484 1862 1507 est

1074 1534 1105 1554 ex
1122 1534 1154 1561 ge
1169 1531 1196 1553 ct
1207 1527 1312 1559 henna;
1328 1535 1359 1561 ge
1373 1527 1442 1553 enim
1458 1526 1534 1553 vallis
1556 1527 1760 1561 interpretum,
1773 1526 1865 1562 gehen-

1075 1579 1108 1598 na
1123 1576 1212 1598 autem
1229 1571 1307 1598 vallis
1333 1566 1442 1605 gravida
1459 1580 1465 1603 ;
1484 1572 1532 1598 fuit
1550 1572 1621 1598 enim
1651 1572 1730 1598 vallis
1755 1572 1862 1598 filiorum

1074 1619 1170 1646 Ennon
1186 1618 1263 1653 juxta
1282 1617 1442 1649 Jerusalem,
1467 1619 1494 1645 in
1509 1627 1560 1652 qua
1588 1619 1672 1645 multa
1698 1619 1809 1652 jacuere
1822 1626 1863 1645 ca-

1074 1664 1173 1692 davera
1201 1668 1387 1691 mortuorum:
1413 1663 1484 1690 unde
1500 1667 1528 1690 et
1551 1662 1649 1691 inferni
1673 1664 1795 1698 gehenna
1807 1670 1864 1690 con-

1075 1709 1148 1745 gruit
1164 1709 1277 1736 nomini.

1114 1755 1145 1783 Si
1164 1763 1224 1790 ergo
1244 1755 1337 1789 o/I‘eres
1350 1763 1445 1782 manus
1457 1760 1530 1782 tuum
1542 1756 1576 1782 ad
1588 1755 1683 1788 altare,
1700 1761 1724 1783 et
1738 1756 1774 1782 ibi
1786 1764 1865 1782 retor-

1075 1800 1153 1827 datus
1169 1800 1250 1835 fueris
1262 1800 1331 1835 quod
1349 1800 1432 1835 frater
1445 1805 1506 1827 tuus
1528 1800 1603 1827 habet
1616 1800 1717 1835 aliquid
1734 1801 1864 1827 adversum

1076 1851 1109 1878 te,
1126 1846 1243 1881 relinque
1253 1846 1289 1872 ibi
1309 1854 1404 1872 manus
1417 1851 1490 1873 tuum
1510 1851 1570 1873 ante
1590 1847 1674 1873 altare
1686 1852 1711 1874 et
1723 1848 1787 1874 uade
1798 1848 1864 1882 prius

1076 1890 1240 1917 reconciliari
1254 1891 1332 1925 fratri
1347 1896 1402 1923 tuo,
1422 1896 1446 1921 et
1461 1896 1523 1917 tunc
1545 1892 1647 1918 veniens
1662 1892 1757 1926 offeres
1777 1900 1863 1919 manus

1076 1935 1227 1962 tuum.Non
1238 1935 1316 1968 dixit,
1329 1935 1357 1963 Si
1370 1940 1398 1963 tu
1410 1936 1492 1963 habes
1504 1937 1633 1964 adversus
1650 1937 1761 1965 fratrem
1778 1942 1861 1965 tuum:

1077 1981 1136 2013 sed,
1152 1980 1181 2007 Si
1194 1980 1277 2015 frater
1290 1986 1350 2008 tuus
1365 1982 1440 2008 habet
1461 1981 1562 2016 aliquid
1577 1982 1715 2009 aduersam
1731 1988 1765 2015 te,
1781 1988 1809 2010 ut
1821 1983 1866 2009 du—

1076 2027 1133 2054 rior
1143 2026 1370 2054 reconciliationis
1378 2027 1426 2054 tibi
1441 2028 1594 2062 imponatur
1606 2029 1767 2055 necessitas.
1786 2028 1869 2062 Quan-

1077 2070 1122 2097 diu
1137 2078 1203 2105 ergo
1216 2070 1291 2097 illum
1304 2071 1411 2105 placare
1424 2079 1476 2098 non
1489 2079 1642 2106 possumus,
1655 2073 1749 2100 nescio
1761 2080 1794 2099 an
1807 2080 1865 2099 con-

1076 2120 1222 2151 sequenler
1250 2124 1362 2143 munera
1387 2121 1479 2144 nostra
1506 2116 1652 2144 offeramus
1690 2117 1757 2145 Deo.
1791 2118 1866 2144 Docet

1077 2162 1169 2195 utique
1184 2169 1245 2189 eum
1265 2162 1311 2196 qui
1327 2161 1353 2188 in
1368 2161 1479 2188 fratrem
1503 2161 1668 2196 impacificus
1681 2166 1722 2189 est
1737 2163 1812 2197 pacis
1824 2162 1864 2188 ho«

1078 2205 1155 2232 stiam
1165 2205 1237 2240 juste
1250 2205 1363 2232 Domino
1374 2205 1471 2232 offerre
1484 2213 1536 2232 non
1551 2213 1640 2240 posse.
1667 2206 1696 2233 Si
1711 2207 1739 2234 in
1752 2212 1863 2234 mentem

1077 2251 1182 2277 venerit
1207 2251 1278 2285 Quod
1300 2251 1401 2285 aliquid
1417 2251 1516 2278 habeat
1538 2252 1681 2279 adversum
1697 2260 1748 2279 nos
1775 2252 1861 2283 frater,

1078 2295 1105 2322 id
1118 2300 1169 2326 est.
1185 2296 1206 2323 si
1222 2304 1271 2323 nos
1287 2304 1348 2323 eum
1364 2296 1389 2322 in
1402 2296 1492 2331 aliquo
1506 2297 1636 2330 lzcsimus,
1653 2302 1716 2325 tunc
1727 2298 1800 2325 enim
1815 2299 1864 2332 ipse

1078 2341 1158 2368 habet
1172 2342 1314 2369 adversum
1336 2350 1386 2369 nos
1401 2341 1495 2369 frater.
1513 2341 1579 2369 Nam
1602 2351 1652 2370 nos
1672 2343 1803 2371 habentne
1820 2344 1863 2370 ad—

1078 2394 1172 2414 versus
1186 2387 1261 2414 illum
1277 2387 1299 2415 si
1315 2387 1360 2414 ille
1374 2395 1435 2420 nos,
1450 2388 1494 2415 ubi
1508 2396 1560 2415 non
1575 2396 1643 2423 opus
1658 2393 1699 2416 est
1712 2396 1823 2424 pergere
1832 2387 1861 2415 ad

1079 2433 1335 2460 reconciliationem.
1350 2433 1408 2460 Non
1425 2434 1497 2461 enim
1512 2434 1618 2461 veniam
1631 2434 1780 2468 postnlabis
1791 2434 1824 2461 ab
1835 2440 1863 2460 eo

1078 2480 1123 2514 qui
1139 2479 1202 2506 fecit
1219 2479 1266 2506 tibi
1283 2478 1417 2513 injuriam,
1434 2481 1479 2507 sed
1495 2483 1598 2506 tantum
1612 2480 1726 2507 dimittis
1740 2480 1810 2507 sicut
1821 2479 1862 2506 tibi

1077 2525 1176 2552 dimitti
1189 2532 1203 2552 a
1218 2525 1331 2552 Domino
1345 2525 1420 2560 cupis
1434 2525 1505 2559 quod
1528 2525 1584 2559 ipse
1602 2525 1778 2552 commiseris.
1802 2524 1861 2550 Per-

1078 2569 1192 2604 gendum
1204 2573 1246 2596 est
1261 2577 1326 2604 ergo
1340 2569 1371 2595 ad
1391 2569 1650 2601 reconciliationem,
1668 2577 1728 2596 cum
1751 2569 1777 2595 in
1792 2575 1861 2595 men-

1079 2618 1132 2640 tem
1142 2614 1247 2641 venerit
1258 2614 1328 2648 quod
1339 2621 1388 2641 nos
1401 2613 1471 2641 forte
1484 2613 1594 2640 fratrem
1602 2614 1629 2640 in
1639 2614 1728 2648 aliquo
1735 2613 1861 2644 laesimus;

1077 2658 1241 2693 pergendum
1253 2663 1344 2686 autem
1356 2666 1408 2685 non
1421 2659 1536 2694 pedibus
1546 2659 1678 2694 corporis,
1693 2658 1740 2686 sed
1753 2658 1862 2685 motibus

1078 2703 1171 2736 animi,
1184 2708 1215 2731 ut
1226 2708 1252 2731 te
1262 2703 1355 2730 humili
1365 2703 1462 2731 affectu
1474 2708 1631 2738 prosternas
1644 2703 1731 2734 fratri,
1744 2702 1777 2729 ad
1787 2708 1863 2736 quem

1078 2751 1160 2778 chara
1174 2750 1336 2785 cogitatione
1357 2750 1510 2777 cucurreris
1537 2750 1563 2776 in
1578 2753 1723 2784 conspectu
1749 2747 1807 2782 ejus
1823 2745 1862 2773 cui

1079 2804 1176 2825 munus
1190 2797 1331 2825 oblaturus
1357 2803 1396 2824 es.
1416 2795 1580 2831 Spiritaliter
1593 2795 1720 2830 templum
1745 2797 1862 2822 nostrum
