3962 6180
305 256 410 318 36!

1386 267 1691 327 ΠΟΜΙῙᾸᾸΞ
1727 270 1796 326 ιη
1838 274 2091 332 EVANG.
2135 276 2223 333 ET
2258 277 2476 339 EPIST.

3474 304 3580 362 363

302 368 545 427 interior
569 370 732 426 homo
753 381 859 439 est,
884 373 1237 444 altare,ﬁdes,
1263 383 1785 454 munus,prophctia,
1807 384 1904 438 do-
1929 388 1981 447 Λ
2007 384 2155 441 litico
2182 401 2441 458 peccante
2461 406 2623 447 orans
2645 394 2919 453 Abraham
2945 410 2999 457 et
3024 402 3172 463 lsaac
3193 415 3249 463 et
3283 406 3448 474 Iacob
3468 419 3589 486 qui.

305 458 484 486 ...ζ-..ι
536 460 710 486 Α-ΑΙξΑ
763 459 995 486 L..._.--_--
1048 466 1281 486 __-L_-_--
1349 478 1388 486 _.
1459 473 1472 485 ο
1577 472 1588 483 -
1612 471 1625 486 ι
1659 480 1673 486 -
1714 471 1727 486 ι
1853 474 1864 485 ι
2003 475 2019 486 .
2290 480 2302 486 -
2367 481 2379 486 -
2563 485 2568 486 ,

303 458 510 524 ctrina,
534 460 730 526 oratio,
763 459 1019 534 hymnus,
1048 466 1307 537 psalmus,
1339 478 1394 524 et
1430 473 1474 524 si
1499 471 1627 541 quid
1659 471 1764 527 tale
1783 474 1899 543 spi-

303 547 552 603 ritalium
596 548 862 606 donorum
908 553 1111 624 aliquid
1164 559 1479 613 occurrerit.
1520 560 1596 615 Ita
1643 561 1810 616 etiam
1854 564 1899 619 si

304 651 553 705 prasens
581 639 674 705 sit,
702 642 910 712 poteris
933 658 1058 699 eum
1085 662 1192 701 non
1214 647 1469 704 simulato
1497 652 1676 707 animo
1705 652 1894 721 lenire,

300 736 475 796 atque
494 728 549 782 in
578 730 808 800 gratiam
835 745 1095 789 revocare
1121 736 1332 791 veniam
1359 739 1699 808 postulando,
1727 742 1772 797 si
1795 743 1898 799 hoc

299 817 461 886 prius
490 832 675 872 curam
708 819 938 878 Domino
984 821 1195 889 feceris,
1252 842 1483 899 pergens
1511 830 1579 884 ad
1627 846 1751 886 eum
1788 843 1894 888 non

298 906 463 976 pigro
493 916 642 963 metu
669 911 933 982 corporis,
957 913 1050 968 sed
1086 924 1140 969 et
1165 915 1451 973 celerrimo
1476 918 1779 977 dilectionis
1808 923 1892 977 al-

299 994 472 1050 feetu.
505 996 683 1067 Atque
732 999 856 1055 inde
901 1003 1140 1068 veniens,
1173 1005 1226 1060 id
1269 1015 1375 1072 est,
1429 1006 1779 1066 intentionem
1806 1029 1891 1068 re-

297 1099 513 1141 vocans
561 1087 629 1142 ad
680 1089 735 1145 id
781 1091 923 1160 quod
981 1108 1137 1164 agerc
1187 1111 1432 1166 coeperas
1454 1097 1650 1156 offeres
1696 1119 1892 1160 munus

299 1185 460 1229 tuum
485 1192 503 1242 ;
530 1193 692 1234 omne
713 1180 857 1235 enim
885 1197 1081 1250 munus
1103 1187 1245 1255 quod
1276 1197 1423 1243 recta
1452 1190 1555 1245 title
1577 1200 1634 1246 et
1654 1192 1890 1262 perfecta

293 1268 597 1326 dilectione
622 1288 653 1327 a
698 1287 969 1345 quoquam
995 1277 1213 1334 homine
1254 1279 1365 1337 Deo
1401 1282 1627 1339 uﬂ'ertur
1656 1286 1725 1341 ab
1773 1287 1890 1358 ipso

291 1368 587 1430 gratanter
612 1363 895 1434 accipitur,
927 1374 982 1421 et
1020 1368 1069 1423 ei
1117 1371 1424 1426 mercedem
1469 1374 1789 1446 condignam
1832 1378 1891 1434 in

288 1452 508 1508 calesti
536 1470 703 1527 regno
727 1457 841 1527 ipse
866 1459 1065 1515 tribuet
1090 1477 1102 1514 :
1128 1463 1221 1533 qui
1251 1465 1386 1520 vivit
1405 1473 1461 1521 et
1484 1478 1671 1540 regnat
1695 1471 1747 1524 in
1771 1472 1891 1526 uni-

290 1556 413 1602 tate
436 1559 494 1604 et
521 1550 768 1608 trinitate
788 1553 1028 1623 perfecta
1058 1557 1219 1627 Deus,
1247 1576 1345 1632 per
1365 1566 1545 1620 omnia
1575 1568 1769 1623 satcula
1794 1584 1888 1625 sac-

288 1636 564 1694 culurmn.
595 1640 788 1698 Amen.

872 1733 1153 1793 HOMILIA
1183 1739 1276 1796 CX
1286 1743 1348 1798 ν.

728 1839 782 1878 IN
811 1839 1020 1882 OCTAVA
1047 1845 1451 1893 Αῐιοετοιοιιυιι.

720 1912 902 1971 Lectio
926 1916 1047 1973 libri
1080 1921 1466 1982 Ecclesiastici.

369 1996 442 2052 Ili
471 2010 594 2054 sunt
616 2001 716 2056 uiri
736 2006 1130 2077 misericordite,
1171 2029 1393 2083 quarunt
1414 2017 1644 2087 justitire
1670 2024 1881 2081 oblivio-

282 2105 409 2143 nem
439 2108 544 2145 non
582 2108 930 2166 acceperunt:
970 2118 1089 2156 cum
1133 2107 1327 2162 semine
1362 2126 1540 2165 eorum
1582 2127 1881 2183 permanent

285 2178 452 2245 bona,
475 2181 754 2240 hereditas
774 2199 957 2243 sancta
982 2202 1187 2257 nepotes
1203 2212 1403 2263 eorum,
1420 2211 1467 2255 et
1490 2203 1544 2256 in
1564 2211 1883 2262 testamentis

280 2271 430 2325 stetit
455 2288 629 2328 semen
653 2291 834 2332 eorum
855 2294 875 2334 :
922 2292 971 2335 et
997 2282 1099 2351 ﬁlii
1136 2302 1316 2342 eorum
1358 2303 1569 2362 prapter
1606 2313 1693 2351 eos
1722 2316 1883 2371 usque

281 2359 344 2414 in
376 2369 629 2417 retentum
662 2379 915 2436 manent;
941 2377 1208 2442 generatio
1233 2394 1413 2433 eorum
1436 2391 1483 2435 et
1510 2382 1677 2454 gloria
1702 2406 1880 2445 eorum

277 2470 396 2507 non
446 2454 853 2528 derelinquetur,
904 2479 1120 2534 corpora
1165 2485 1346 2524 eorum
1396 2474 1451 2528 in
1502 2492 1630 2545 pace
1678 2481 1879 2551 sepulta

276 2554 435 2608 sunt,
458 2555 509 2598 et
541 2549 755 2603 nomina
784 2567 962 2607 eorum
992 2557 1155 2611 vivent
1198 2560 1254 2613 in
1297 2563 1513 2619 swcula.
1556 2565 1877 2639 Sapientiam

273 2649 471 2688 eorum
497 2637 785 2693 narrabant
812 2656 987 2697 omnes
1006 2647 1206 2717 populi,
1241 2660 1289 2705 et
1314 2651 1524 2710 laudent
1558 2674 1737 2715 eorum
1753 2680 1879 2732 pro-

274 2723 494 2779 nuntiat
517 2727 687 2781 omnis
716 2720 1304 2795 Ecclesia'sanclorum.

357 2813 487 2871 [late
512 2818 678 2874 verba
708 2821 805 2875 viri
855 2824 1116 2894 sapientis
1155 2846 1263 2886 non
1291 2834 1462 2890 solum
1507 2841 1709 2897 sanctis
1745 2860 1876 2915 apo-

272 2904 439 2959 stolis
464 2913 628 2977 atque
673 2911 954 2979 prophetis
989 2920 1341 2988 conveniunt,
1374 2925 1469 2979 scd
1509 2929 1673 2984 etiam
1702 2934 1877 2989 omni-

273 2993 384 3049 bus
410 2998 617 3053 sanctis
644 3009 808 3070 atque
829 3003 1093 3073 ﬁdelibus,
1136 3011 1227 3079 qui
1258 3013 1419 3068 ﬁdem
1443 3019 1764 3076 catholicam
1797 3034 1875 3079 tc-

272 3095 481 3143 nentes
504 3104 610 3144 non
638 3091 856 3148 cessant
893 3098 1135 3166 quotidie
1169 3101 1258 3170 pio
1303 3102 1488 3161 labore
1534 3108 1672 3164 bona
1702 3127 1735 3165 ο

273 3191 558 3234 exercere.
587 3181 656 3235 Et
681 3197 787 3237 non
817 3191 923 3240 tam
956 3187 1306 3262 sibimetipsis
1336 3194 1476 3251 bene
1503 3181 1873 3259 conversandu

273 3270 589 3337 wnmlunt,
623 3274 689 3328 ad
718 3280 1131 3345 promerendam
1173 3293 1434 3340 aeternam
1466 3290 1746 3359 requiem;
1780 3311 1873 3350 ve-

274 3378 398 3418 rum
425 3365 591 3420 etiam
615 3369 868 3425 omnibus
893 3374 1227 3432 auditoribus
1265 3378 1377 3433 suis
1419 3382 1640 3436 student
1678 3385 1869 3440 volun-

276 3463 444 3509 tatem
481 3456 582 3512 Dei
613 3458 889 3527 intimare,
921 3473 1188 3533 quatenus
1220 3483 1318 3538 per
1358 3478 1563 3526 rectam
1606 3472 1766 3529 ﬁdem
1815 3485 1870 3532 et

272 3544 474 3600 bonam
499 3549 868 3617 nperatimtem
915 3554 1168 3610 studeant
1199 3558 1267 3612 ad
1301 3559 1524 3615 salutem
1555 3574 1867 3634 perpetuam

273 3640 585 3708 pervenire.
640 3640 738 3707 llli,
786 3642 980 3710 inquit,
1036 3647 1133 3700 riri
1182 3660 1304 3703 sunt
1349 3652 1745 3723 misericordiw,
1774 3659 1866 3726 qui

271 3740 429 3785 recta
470 3731 576 3786 ﬁde
601 3742 659 3787 et
705 3733 862 3790 bonis
893 3737 1145 3806 uperibus
1194 3740 1620 3797 miscricordiam
1657 3745 1867 3802 Domini

269 3833 710 3891 promeruernnt.
750 3824 884 3880 Nam
927 3828 1288 3885 misericordia
1317 3833 1431 3909 ejus
1458 3852 1490 3888 a
1524 3839 1771 3906 progenie
1812 3840 1866 3894 in

266 3916 545 3985 progenies
566 3926 641 3971 est
670 3918 965 3974 timentibus
999 3937 1138 3976 eum.
1188 3922 1392 3979 llorum
1431 3928 1674 3984 actiones
1713 3931 1866 3986 bonze

268 4019 382 4057 non
405 4003 624 4060 defuere
652 4007 707 4061 in
736 4008 1112 4077 retributione,
1144 4012 1236 4067 sed
1260 4029 1382 4069 cum
1420 4018 1625 4073 semine
1652 4033 1863 4086 eorum,

265 4094 377 4148 hoc
403 4104 508 4159 est,
537 4098 697 4152 unius
728 4098 825 4152 Dei
847 4099 1144 4157 cultoribus
1168 4103 1260 4173 qui
1288 4115 1509 4175 nepotes
1540 4117 1595 4163 et
1621 4111 1865 4168 hazredes

266 4182 477 4238 ﬁebant
497 4184 617 4240 ﬁdei
648 4195 703 4241 et
743 4189 1007 4261 religiosa:
1054 4199 1483 4254 conversationis
1528 4217 1737 4269 eorum,
1780 4212 1861 4260 tc-

265 4283 602 4329 stameutum
632 4276 763 4348 legis
802 4278 895 4333 Dei
926 4280 1142 4337 ﬁrmum
1191 4286 1362 4351 stetit,
1411 4298 1465 4343 et
1507 4305 1863 4363 propagoso-

264 4362 415 4418 bolis
450 4378 636 4420 eorum
674 4376 895 4438 propter
936 4370 1147 4426 illorunt
1187 4377 1379 4431 merita
1415 4378 1574 4451 longo
1621 4362 1861 4453 tempore

264 4455 515 4511 mansit:
545 4473 644 4513 nec
673 4458 840 4530 gloria
875 4472 1184 4518 sanctorum
1221 4475 1435 4535 patrum
1460 4469 1565 4523 ulla
1586 4471 1857 4529 oblivione

263 4546 559 4617 deiehitur,
590 4552 683 4607 sed
710 4568 936 4624 corpora
984 4556 1222 4627 ipsorum
1253 4560 1307 4615 in
1350 4577 1483 4631 pace
1525 4564 1857 4633 quiescentia

262 4648 587 4707 exspectant
618 4644 1030 4704 resurrectionis
1060 4647 1226 4714 diem,
1258 4658 1317 4702 ut
1343 4651 1610 4721 accipiant
1631 4654 1856 4723 gloriam

265 4722 713 4792 incorruptionis.
760 4723 966 4781 Nomen
1010 4738 1188 4784 autent
1235 4746 1422 4788 eorum
1468 4722 1680 4792 celebre
1716 4740 1857 4808 apud

263 4818 520 4879 posteros
542 4827 691 4866 «suos
739 4825 1075 4883 perseverat,
1131 4820 1222 4888 qui
1253 4822 1574 4891 sapientiam
1613 4826 1855 4895 ipsorum

265 4900 472 4969 ubique
495 4902 812 4971 praedicant,
849 4912 905 4959 et
949 4906 1272 4965 laudabilem
1304 4913 1470 4967 vitam
1494 4930 1681 4970 eorum
1716 4931 1854 4987 quo-

267 4991 401 5045 tidie
427 4992 479 5045 in
523 4991 766 5048 Ecclesia
817 5006 1130 5054 sanctorum
1178 5003 1386 5072 magnis
1439 5003 1686 5062 laudibus
1715 5009 1858 5063 exal-

266 5090 406 5134 tant.
435 5078 560 5136 Haec
588 5083 806 5152 quidem
843 5085 998 5155 juxta
1031 5090 1308 5146 historiam
1335 5093 1399 5148 ad
1437 5097 1777 5165 patriarchas
1801 5110 1856 5155 et

262 5172 559 5242 prophetas
593 5176 866 5245 pertinere
889 5179 1140 5237 videntur
1166 5199 1393 5254 quorum
1416 5202 1624 5256 semen,
1649 5190 1751 5247 hoc
1774 5201 1856 5248 est

260 5261 523 5319 Israelita:
572 5276 798 5338 propter
857 5284 1047 5328 eorum
1105 5277 1296 5331 merita
1349 5289 1404 5333 et
1451 5281 1853 5351 promissiones,

260 5368 386 5425 qua
411 5354 479 5409 ad
523 5355 671 5427 ipsos
695 5357 852 5415 facte
878 5371 1023 5428 sunt,
1078 5379 1219 5436 saepe
1247 5368 1314 5422 de
1353 5372 1617 5440 angustiis
1662 5372 1859 5428 libera-

262 5454 377 5500 tum
412 5454 523 5513 est,
538 5457 591 5501 et
616 5450 832 5505 veniam
861 5462 1205 5521 peccatorum
1243 5473 1346 5512 non
1377 5474 1473 5513 sua
1493 5461 1725 5532 justitia,
1757 5465 1852 5519 sed

258 5544 550 5605 parentum
582 5553 805 5594 suorum
840 5540 945 5596 ﬁde
990 5552 1044 5598 et
1090 5545 1302 5602 actione
1346 5550 1484 5605 bona
1528 5556 1849 5622 promeruit.

263 5625 418 5682 [inde
440 5637 528 5683 est
553 5626 704 5694 illud,
725 5632 869 5700 quod
895 5631 1106 5703 Moyses
1128 5651 1226 5707 pro
1253 5639 1442 5695 eodem
1464 5645 1661 5713 populo
1681 5644 1851 5704 Israe-

585 5719 862 5785 pATBOL.
903 5723 1036 5784 CX.

2002 475 2105 532 bus
2130 480 2517 548 promissiones
2543 485 2681 541 date
2718 497 2843 545 sunt
2873 492 3020 550 ducit
3060 496 3114 552 in
3161 475 3502 573 memoriam;
3527 520 3588 566 ut

1998 581 2191 623 eorum
2239 572 2448 629 meritis
2499 574 2757 634 Dominus
2790 581 3037 651 placatus
3084 595 3433 659 peccantibus
3459 598 3587 658 ﬁliis

1972 657 2224 715 donaret
2266 661 2670 735 indulgentitm.
2718 670 2811 727 Sic
2854 682 2909 729 et
2954 657 3121 734 David
3151 685 3404 743 meritum
3444 657 3585 749 ﬁlios

1994 747 2113 816 ejus
2148 752 2199 806 in
2228 754 2413 811 multis
2462 758 2700 829 adjuvat,
2743 764 2812 819 ob
2860 767 3015 837 cujus
3061 778 3376 832 memoriam
3417 784 3580 839 etiam

1995 839 2257 897 Dominus
2284 840 2406 901 ﬁliis
2431 847 2549 916 ejus
2575 851 2743 907 multo
2773 862 3013 926 tempore
3057 877 3279 933 regnum
3321 875 3579 939 servavit,

1994 931 2088 985 sed
2117 935 2410 990 sacratiore
2438 952 2599 993 sensu
2625 941 2726 995 viri
2769 946 3155 1006 misericordia:
3182 966 3309 1010 sunt
3337 959 3577 1029 Apostoli

1992 1020 2207 1076 Domini
2238 1028 2405 1081 nostri
2435 1027 2561 1083 Jesu
2591 1030 2811 1101 Christi,
2843 1049 2899 1092 et
2918 1043 3300 1109 praedicatores
3320 1020 3450 1106 Novi
3474 1055 3579 1111 Te-

1991 1114 2285 1168 stamenti:
2340 1118 2430 1185 qui
2462 1121 2626 1175 verbo
2652 1123 2923 1197 Evangelii
2966 1141 3020 1185 et
3046 1147 3204 1190 sacro
3255 1138 3581 1209 baptismate

1992 1203 2132 1260 ﬁlios
2170 1206 2282 1263 Deo
2328 1210 2519 1281 dignos
2565 1217 2804 1284 quotidie
2851 1223 3086 1291 pariunt,
3138 1229 3229 1297 qui
3277 1203 3580 1292 imitatores

1991 1306 2275 1365 parentum
2303 1315 2522 1357 suorum
2558 1306 2683 1361 facti
2715 1308 2768 1362 in
2812 1310 2914 1366 ﬁde
2957 1323 3012 1369 et
3052 1325 3462 1380 conversatione
3487 1343 3577 1382 co-

1992 1402 2111 1441 rum
2132 1391 2375 1460 exempla
2405 1405 2721 1463 sequuntur.
2756 1399 2957 1459 Horum
2982 1407 3188 1464 scilicet
3208 1428 3433 1483 corpora
3457 1431 3577 1486 post

1990 1474 2151 1532 ﬁnem
2175 1480 2300 1534 vitae
2326 1487 2607 1552 praesentis
2637 1489 2908 1549 dormiunt
2935 1497 2987 1552 in
3019 1506 3125 1570 Spe
3140 1508 3571 1575 resurrectionis,

1990 1577 2366 1636 exspectantes
2394 1572 2631 1630 futuram
2662 1580 2908 1649 gloriam,
2941 1591 3160 1655 quando
3192 1608 3376 1650 semen
3410 1572 3576 1655 bono;

1990 1671 2110 1711 rum
2131 1671 2358 1728 operum
2397 1663 2610 1722 illorum
2632 1671 2835 1727 ccelesti
2887 1681 3139 1736 mercede
3167 1698 3198 1736 a
3237 1699 3472 1756 superno
3487 1689 3576 1759 ju—

1911 1745 1959 1805 B
1989 1748 2109 1805 dice
2156 1765 2555 1825 remuneretur,
2602 1771 2893 1830 praestante
2936 1768 3163 1828 Domino
3217 1745 3404 1835 nostro
3444 1745 3573 1837 lesu

1988 1843 2228 1913 Christo,
2266 1850 2356 1917 qui
2402 1867 2526 1907 cum
2559 1854 2721 1913 Patre
2749 1867 2805 1913 et
2850 1859 3056 1932 Spiritu
3106 1881 3317 1939 saneto,
3361 1876 3492 1931 vivit
3520 1886 3576 1934 et

1988 1944 2180 2008 regnat
2205 1937 2347 1996 Deus
2366 1941 2420 1996 in
2451 1946 2645 2000 szecula
2668 1952 3009 2010 saeculorum.
3035 1957 3228 2016 Amen.

2485 2054 2835 2181 "(BMILIA
2862 2062 3076 2124 CXVI.

2581 2144 2612 2181 Ν
2641 2145 2813 2181 suum
2855 2151 3034 2181 πεςτη,

2581 2146 2612 2182 Ν
2641 2146 2814 2186 Εοοειι
2854 2151 3036 2192 ῑεετο.

2560 2145 2612 2182 IN
2641 2145 2814 2186 εοοειι
2854 2151 3036 2193 rcsro.

2054 2204 2243 2262 Lectio
2282 2216 2457 2268 sancti
2494 2214 2769 2289 Evangelii
2817 2228 3113 2284 secundum
3162 2231 3492 2293 Matthaaum.

2053 2294 2122 2350 In
2146 2296 2239 2352 illo
2273 2308 2523 2372 tempore,
2555 2307 2707 2371 iussit
2731 2308 2889 2368 Iesus
2912 2316 3192 2388 discipulos
3216 2328 3492 2383 ascendere
3516 2332 3571 2386 in

1981 2386 2301 2455 naviculam,
2339 2401 2387 2444 et
2434 2398 2727 2464 pra'cedere
2776 2419 2893 2457 eum
2945 2408 3092 2464 tralts
3142 2413 3357 2483 fretum,
3404 2420 3568 2477 donec

1977 2476 2261 2535 dimitteret
2293 2483 2491 2550 turbas,
2515 2497 2619 2544 etc.

2048 2570 2344 2644 Discipulis
2398 2582 2644 2651 praecipit
2693 2589 3048 2649 transfretare
3095 2605 3149 2652 et
3194 2604 3470 2673 compellit
3510 2616 3569 2662 ut

1978 2668 2283 2722 ascendant
2327 2667 2383 2723 in
2434 2674 2756 2731 naviculam.
2807 2680 2925 2748 Quo
2967 2681 3219 2744 sermone
3264 2667 3567 2753 ostenditur

1979 2842 2154 2909 pluris
2186 2845 2257 2900 ab
2299 2863 2366 2904 eo
2393 2850 2580 2907 nolunt
2618 2860 2875 2925 separari.
2920 2862 3100 2930 Quare
3139 2842 3382 2940 coegerit
3407 2876 3570 2933 disci-

1979 2931 2140 2999 pulos
2174 2941 2468 2995 ascendere
2497 2957 2710 3013 navem,
2742 2957 2797 3003 et
2821 2950 2937 3021 ipse
2976 2971 3099 3011 mox
3122 2960 3345 3019 dimisso
3369 2970 3567 3038 populo

1981 3023 2033 3077 in
2067 3039 2307 3084 montem
2337 3042 2589 3092 oraturus
2637 3040 2831 3096 abierit
2877 3044 3110 3106 Joannes
3152 3057 3434 3115 manifeste
3475 3063 3570 3119 de-

2949 3099 3109 3106 .,____--
3153 3099 3433 3115 ................
3475 3099 3566 3119 ηυ-

1738 3128 1868 3183 pem
1902 3099 1945 3161 C
1976 3113 2166 3183 elarat,
2197 3120 2287 3187 qui
2322 3125 2585 3194 contpleta
2616 3130 2905 3191 tefectiuue
2939 3137 3028 3193 illa
3059 3142 3266 3201 cmlesti
3309 3152 3566 3207 continuo

1970 3205 2202 3275 subjecit
2225 3227 2239 3263 :
2270 3210 2424 3267 Jesus
2452 3231 2572 3286 ergo
2599 3236 2717 3274 cum
2743 3229 3063 3294 cognouisset
3094 3237 3217 3303 quia
3243 3244 3445 3295 venturi
3479 3262 3564 3298 es-

1969 3306 2086 3350 sent
2131 3308 2184 3352 ut
2212 3316 2449 3371 raperent
2494 3324 2610 3362 eum
2656 3321 2704 3365 et
2753 3314 2981 3383 facerent
3018 3340 3135 3377 eum
3189 3344 3377 3398 regem,
3428 3335 3565 3406 fugit

3245 3384 3268 3398 ν
3364 3384 3377 3397 1
3428 3384 3560 3406 Ι“ὐ⁷’

1970 3384 2158 3439 iterum
2190 3389 2244 3443 in
2286 3403 2510 3449 montem
2536 3399 2645 3468 ipse
2673 3402 2836 3473 solus,
2867 3407 2957 3463 ubi
3011 3420 3374 3475 necessarium
3407 3427 3563 3482 nobis

1972 3473 2187 3531 vivendi
2219 3493 2485 3539 monstrat
2510 3492 2837 3560 exemplum,
2866 3505 2927 3552 ut
2949 3499 3000 3553 in
3031 3503 3185 3570 bonis
3208 3524 3326 3578 qua:
3350 3513 3562 3583 agimus

1974 3565 2194 3623 humani
2245 3572 2451 3631 favoris
2490 3581 2899 3641 retributionem
2943 3591 3193 3661 vitemus,
3241 3614 3417 3669 neque
3461 3620 3561 3661 nos

1968 3657 2212 3722 operatio
2260 3663 2518 3719 virtutum
2570 3671 2913 3742 spiritalium,
2963 3681 3030 3735 ad
3065 3688 3556 3757 concupiscentiam

1969 3746 2211 3802 reﬂectat
2237 3757 2607 3823 temporalium
2638 3763 2992 3833 voluptatum.
3035 3770 3316 3833 Nonnullis
3352 3785 3556 3841 ctenim

1967 3838 2209 3908 contigit,
2238 3848 2296 3894 ut
2320 3842 2443 3897 dum
2489 3861 2587 3915 per
2633 3852 2884 3909 meritum
2926 3858 3050 3914 vita:
3094 3865 3425 3925 sublimioris
3456 3875 3556 3929 mi-

1968 3927 2120 3981 randi
2155 3930 2452 3989 minoribus
2473 3951 2537 3991 ac
2566 3938 2861 4000 laudabiles
2902 3950 3195 4009 existerent
3220 3966 3276 4012 et
3305 3960 3428 4031 jure
3455 3927 3556 4021 ho-

1966 4019 2192 4073 uorandi
2237 4030 2572 4093 putarentur,
2616 4035 2853 4103 acceptis
2884 4044 3132 4107 pecuniis
3177 4019 3553 4122 sive'praediis

1966 4106 2217 4165 inchoata
2240 4110 2465 4181 justitite
2493 4121 2794 4181 rudimenta
2826 4106 3132 4199 perderent.
3185 4140 3248 4194 Et
3273 4106 3394 4199 cuin
3426 4164 3550 4202 car-

1965 4198 2178 4255 nalibus
2222 4218 2342 4261 sese
2392 4208 2659 4269 illecebris
2710 4228 2872 4289 atque
2899 4226 3124 4281 avaritia
3172 4230 3372 4288 incauti
3429 4251 3551 4293 cor-

1969 4303 2297 4359 rumperent,
2335 4297 2465 4367 ipsis
2504 4305 2665 4359 etiam
2695 4323 2725 4361 a
2775 4313 2969 4379 quibus
3015 4317 3422 4378 honorabantur
3451 4342 3548 4397 pro

1963 4378 2141 4447 bonis,
2170 4384 2345 4440 denuo
2366 4404 2463 4458 pro
2493 4395 2648 4450 malis
2680 4378 2913 4466 actibus,
2944 4419 3049 4458 non
3095 4408 3266 4464 solum
3309 4412 3360 4466 in
3402 4416 3551 4474 fasti-

1891 4457 1938 4514 D
1965 4470 2109 4526 dium
2131 4513 2146 4539 ,
2178 4490 2363 4532 verum
2404 4484 2567 4539 etiam
2598 4488 2913 4548 devenircnt
2942 4496 2995 4549 in
3029 4499 3231 4556 odium.
3267 4504 3547 4580 Minusque

1964 4563 2132 4620 multo
2157 4568 2514 4634 periculosum
2554 4586 2637 4631 est
2683 4579 2735 4634 in
2782 4580 2866 4637 his
2894 4599 3013 4654 quae
3040 4600 3185 4645 recte
3218 4596 3426 4665 agimus
3454 4563 3543 4657 ad-

1964 4657 2295 4711 vcrsantium
2326 4660 2670 4732 improbitate
2698 4668 2931 4741 fatigari,
2971 4691 3132 4744 quant
3164 4657 3545 4746 hutiorantium

1965 4743 2149 4801 favore
2174 4747 2488 4807 demulceri.
2523 4754 2622 4811 llic
2649 4761 2847 4815 etenim
2884 4768 3215 4825 securiorem
3239 4789 3382 4845 stupe
3417 4794 3544 4834 cur-

1959 4837 2159 4906 rumpit
2184 4839 2461 4897 animum:
2502 4844 2593 4899 illa
2632 4848 3085 4922 circumspectum
3128 4837 3343 4934 semper
3366 4869 3544 4926 reddit

1958 4933 2014 4980 et
2050 4938 2287 4984 cautum.
2331 4931 2481 4989 Unde
2526 4937 2785 4996 Dominus
2830 4945 2972 5001 viam
3016 4952 3171 5007 nobis
3215 4931 3338 5011 vitm
3380 4976 3541 5029 quam

1957 5030 2250 5086 sequamur
2278 5025 2547 5090 nuntians,
2591 5044 2715 5084 cum
2764 5033 2821 5087 hi
2873 5036 2966 5105 qui
3013 5040 3242 5101 virtutes
3288 5025 3412 5119 ejus
3442 5054 3559 5106 att--

1958 5107 2298 5165 mirabantur
2325 5128 2505 5184 regem
2533 5130 2657 5171 eum
2682 5119 2861 5178 facere
2891 5127 3106 5194 vellent,
3141 5132 3275 5205 fugit
3312 5107 3366 5192 iit
3387 5156 3540 5195 mon-

1958 5204 2060 5249 teat
2090 5214 2260 5254 orare.
2289 5201 2423 5256 Cum
2470 5220 2601 5260 vero
2631 5208 2704 5263 illi
2733 5214 2825 5282 qui
2865 5216 3161 5276 virtutibus
3185 5201 3302 5294 ejus
3328 5226 3537 5283 invide-

1959 5284 2087 5342 bant
2115 5302 2238 5344 eum
2268 5295 2424 5348 morti
2448 5298 2664 5355 tradere
2686 5302 3053 5374 disponerent,
3082 5284 3319 5370 occurrit
3358 5332 3541 5386 prom-

1955 5386 2101 5446 ptus,
2128 5389 2183 5435 et
2204 5381 2544 5441 vinciendum
2585 5403 2644 5445 se
2673 5394 3205 5472 crucitigendumque
3236 5381 3539 5463 furentibus

1955 5469 2170 5525 obtulit.
2200 5472 2446 5530 Evideuti
2476 5492 2589 5534 nos
2622 5479 2920 5541 informans
2975 5469 3220 5560 exemplo
3256 5502 3314 5547 ut
3363 5498 3534 5565 parati

1954 5559 2124 5617 simus
2154 5565 2219 5618 ad
2253 5565 2477 5623 adversa
2506 5572 2685 5626 muli
2715 5574 3007 5645 toleranda,
3036 5559 3179 5635 cauti
3223 5584 3289 5637 ad
3326 5559 3532 5643 blandi-

1953 5660 2155 5722 menta,
2185 5671 2307 5711 cum
2352 5656 2490 5716 forte
2529 5665 2813 5722 arriserint
2859 5667 3200 5739 declinanda,
3245 5684 3300 5731 et
3342 5693 3410 5734 ne
3439 5694 3541 5738 nos

3065 5761 3140 5823 12
