3962 6180
1390 259 1697 318 ἰΙΟὶΙὶιΙᾸΞ
1736 258 1802 314 ιΝ
1839 255 2091 312 EVA-NG.
2135 256 2219 310 ET
2261 254 2476 310 EPIST.

3500 256 3605 312 566

324 382 599 443 Dominus,
626 378 723 450 qui
772 378 962 449 sopitis
1010 377 1368 432 tentatiouum
1416 374 1670 445 periculis
1701 373 1909 443 plenam
1943 377 1987 435 Α
2019 376 2140 420 rant
2179 381 2340 437 quem
2375 364 2612 420 locutum
2639 363 2708 418 ad
2739 362 2955 436 Moysen
2990 375 3284 429 noverant,
3337 358 3445 420 lucc
3469 366 3608 421 dices

326 471 595 527 libertatis
645 469 901 525 ﬁduciam
953 483 1063 524 suae
1108 467 1428 540 protectioni
1479 466 1759 523 attribuat.
1819 462 1916 519 Se-

319 564 502 635 quitur
530 580 546 617 :

392 716 456 771 Et
480 714 713 771 uidentes
724 718 843 771 eum
857 719 1016 785 supra
1032 728 1178 769 mare
1189 704 1541 769 ambulantem
1561 712 1755 766 turbati
1768 722 1909 773 sunt,

316 807 544 860 dicentes
566 820 587 857 :
615 806 743 877 quia
773 804 1083 876 phantasma
1115 813 1212 858 est.
1241 802 1296 857 Si
1323 804 1476 875 juxta
1508 798 1832 869 Marcioncm
1861 806 1917 855 et

318 898 675 952 hiauit-lucum
694 894 952 951 Dominus
973 898 1155 950 noSter
1175 894 1282 949 non
1309 898 1392 949 est
1413 905 1569 948 natus
1595 909 1661 950 cx
1684 893 1733 946 vi
1743 892 1908 961 rgine,

315 989 405 1044 sed
436 987 592 1043 visus
640 988 693 1041 in
728 988 1126 1057 phantasmate,
1179 986 1449 1055 quomodo
1495 999 1636 1039 nunc
1681 981 1913 1055 apostoli

313 1077 507 1131 timent
538 1092 609 1132 ne
649 1077 969 1147 phantasma
1005 1075 1263 1130 videant?
1309 1072 1501 1130 Adhuc
1528 1075 1766 1131 haeretici
1818 1094 1915 1148 pu-

314 1178 428 1222 tant
454 1167 783 1239 phantasma
811 1166 977 1222 fuisse
1010 1163 1318 1229 Dominum,
1362 1181 1461 1221 nec
1487 1181 1673 1221 veram
1703 1182 1915 1223 assum-

314 1260 485 1330 psisse
512 1272 737 1313 carnem
779 1257 845 1312 de
871 1257 1101 1328 virgine.
1135 1256 1377 1325 Denique
1411 1255 1731 1311 Theodorus
1774 1255 1914 1310 Pha-

314 1351 588 1404 rinitanus
612 1346 883 1418 quondam
923 1346 1205 1416 episcopus
1250 1346 1324 1400 ita
1352 1345 1592 1416 scripsit,
1630 1345 1913 1416 corporale

310 1439 526 1510 pondus
573 1454 682 1494 non
718 1436 971 1494 habuisse
1023 1437 1317 1493 secundum
1355 1453 1574 1493 carnem
1604 1435 1907 1499 Dominum,

312 1532 405 1587 sed
426 1533 637 1602 absque
662 1530 900 1602 pondere
937 1539 991 1586 et
1030 1527 1257 1600 corpore
1286 1544 1450 1600 super
1477 1545 1626 1584 mare
1649 1528 1909 1584 deambu-

313 1624 473 1678 lasse.
503 1622 576 1676 At
603 1630 792 1677 contra
823 1618 956 1675 ﬁdes
983 1620 1270 1686 catholiCa,
1301 1628 1357 1673 et
1381 1620 1591 1688 pondus
1614 1620 1909 1674 secundum

2016 456 2143 525 [iliis
2179 455 2371 523 Israel,
2402 454 2505 522 Qui
2533 466 2608 511 est
2634 451 2774 511 misit
2803 473 2886 511 me
2908 457 2976 511 ad
3005 470 3111 509 vos.

2088 538 2424 621 Respondeas
2453 556 2628 601 autem
2657 532 2867 613 Petrus,
2893 546 3025 603 dixit
3053 550 3101 603 ei
3122 560 3142 600 :
3170 534 3392 603 Domine
3416 587 3430 613 ,
3480 549 3526 603 si
3551 558 3606 603 tu

2018 653 2092 702 es,
2110 636 2241 706 jube
2290 653 2372 692 me
2416 639 2587 691 venire
2632 635 2700 691 ad
2738 647 2787 691 te
2819 654 2976 710 super
3018 655 3205 710 aquas.
3248 633 3314 691 At
3353 638 3460 710 ipse
3482 638 3555 691 ait
3585 651 3605 689 :

2027 727 2176 782 Veni.
2205 728 2262 782 ln
2290 729 2542 784 omnibus
2570 726 2703 783 locis
2742 730 3136 785 ardentissimae
3181 712 3303 784 ﬁdei
3336 724 3610 784 invenitur

2015 817 2229 874 Petrus.
2257 819 2606 891 interrogatis
2652 819 2949 889 discipulis,
2974 835 3131 890 quem
3161 819 3406 877 homines
3455 816 3606 878 diee-

2017 924 2140 972 rent
2160 910 2367 978 Jesum,
2387 913 2478 968 Dei
2504 912 2672 966 lilium
2696 911 3003 968 conﬁtetur.
3036 909 3263 968 Veiente
3300 913 3367 967 ad
3391 910 3606 984 passio-

2017 1024 2140 1077 nem
2168 1019 2417 1077 pergere,
2444 1003 2571 1059 licet
2605 1012 2752 1058 erret
2803 1003 2857 1057 in
2908 1018 2994 1067 re,
3032 1011 3207 1058 tamen
3237 1019 3344 1058 non
3373 1014 3520 1060 errat
3550 1006 3606 1061 in

2015 1100 2241 1165 allecto;
2269 1096 2460 1151 uolens
2500 1110 2625 1150 eum
2669 1094 2808 1150 mori
2859 1110 3020 1167 quem
3062 1096 3230 1151 lilium
3281 1096 3376 1152 Dei
3427 1090 3607 1153 fuerat

2016 1189 2174 1261 paulo
2199 1198 2326 1244 ante
2354 1187 2654 1245 confessus.
2684 1186 2742 1241 ln
2771 1196 3007 1243 montem
3041 1202 3166 1244 cum
3212 1186 3493 1244 Salvatore
3519 1189 3604 1244 in-

2019 1290 2098 1335 ter
2123 1279 2330 1352 primos
2357 1278 2622 1343 ascendit,
2653 1287 2709 1334 et
2755 1278 2808 1333 in
2842 1278 3095 1348 passione
3141 1279 3288 1335 solus
3336 1280 3602 1349 sequitur.

2017 1369 2305 1426 Peccatum
2343 1371 2643 1439 negationis
2672 1371 2814 1439 quod
2863 1386 2931 1427 ex
2961 1371 3243 1440 repentino
3287 1371 3603 1439 timore..ch

2015 1462 2322 1526 scenderat,
2356 1461 2710 1516 amarissimis
2745 1462 2928 1515 statim
2958 1461 3127 1516 abluit
3162 1460 3437 1532 lacrymis.
3474 1461 3607 1521 Post

2014 1552 2319 1621 passionem
2342 1569 2466 1608 cum
2495 1553 2713 1607 essetin
2751 1552 2870 1609 lacu
2891 1552 3225 1608 Geuczaretlt
3251 1563 3307 1611 et
3328 1555 3575 1624 piscare-

2017 1653 2124 1707 tur,
2151 1650 2206 1698 et
2243 1643 2505 1697 Dominus
2530 1652 2703 1697 staret
2728 1643 2782 1697 in
2810 1643 2991 1698 littore
3019 1644 3140 1698 aliis
3166 1645 3424 1713 paulatim
3456 1646 3602 1700 navi-

309 1726 536 1765 c‘m‘em
562 1710 764 1804 Where
789 1724 910 1764 eum
934 1709 1215 1777 pmdicat’
1250 1714 1305 1763 θί
1323 1723 1829 1804 ⁰¹ξξ¹ῗ⁰⁰νιξ⁰τθ¹¹¹¹¹ν
1853 1717 1909 1763 et
1936 1731 1982 1791 Β
2010 1735 2284 1804 gantibus,
2313 1733 2400 1787 ille
2425 1750 2531 1787 non
2565 1735 2770 1803 patitur
2804 1750 3008 1798 moras,
3039 1736 3135 1791 sed
3166 1709 3462 1801 accinctus,
3496 1746 3603 1793 sta-

310 1817 436 1854 cum
473 1800 718 1870 pondere
747 1807 910 1869 atque
934 1813 1101 1854 onere
1142 1798 1409 1868 corporali
1456 1799 1706 1852 incedere
1743 1814 1907 1869 super

310 1894 481 1962 aquas
507 1906 616 1946 non
642 1889 836 1946 infusis
871 1888 1116 1959 pedibus.
1163 1888 1298 1942 Nam
1349 1887 1634 1960 Dionysius
1660 1890 1906 1959 egregius

310 1984 457 2038 inter
493 1982 893 2038 ecclesiasticos
924 1982 1240 2052 scriptores,
1286 1982 1339 2036 iu
1369 1982 1642 2052 opusculis
1671 1982 1737 2037 de
1765 1983 1904 2037 divi-

312 2076 396 2129 nis
450 2074 801 2138 nominibus,
855 2074 960 2129 hoc
1005 2072 1165 2127 modo
1208 2072 1487 2145 loquitur:
1544 2092 1562 2125 ι
1598 2072 1907 2146 Ignoramus

308 2168 457 2222 enim
510 2167 746 2238 qualiter
776 2162 843 2222 de
892 2165 1151 2237 virgineis
1206 2166 1601 2237 sanguinibus,
1653 2165 1755 2222 alia
1790 2167 1907 2239 lege

310 2269 514 2330 przcter
543 2258 845 2315 naturalem
876 2257 1229 2323 formabatur,
1262 2267 1317 2313 et
1349 2256 1582 2329 qualiter
1628 2275 1735 2314 non
1767 2260 1907 2315 infu-

310 2355 387 2409 sis
430 2353 681 2424 pedibus,
712 2348 993 2422 corporale
1017 2352 1228 2423 pondus
1277 2351 1599 2406 habentibus
1629 2359 1684 2406 et
1735 2361 1904 2409 matc-

312 2447 450 2501 riale
505 2461 684 2511 onus,
750 2445 1131 2500 deambulabat
1184 2443 1236 2499 in
1287 2442 1506 2497 humida
1566 2451 1621 2498 et
1671 2444 1907 2498 instabili

307 2536 640 2592 substantia.
683 2553 704 2589 ι
743 2534 1066 2589 Intuendum
1102 2545 1187 2590 est
1211 2534 1375 2605 igitur
1397 2534 1667 2604 quomodo
1693 2532 1908 2589 Marcus

310 2630 478 2693 dicat,
503 2627 649 2697 quod
677 2628 825 2684 circa
855 2634 1105 2696 quartam
1137 2626 1372 2697 vigiliam
1411 2627 1584 2681 noctis
1606 2626 1813 2681 veniret
1838 2626 1906 2683 ad

307 2735 407 2776 eos
440 2719 702 2774 Dominus
728 2718 1012 2773 ambulans
1045 2733 1207 2788 super
1245 2732 1395 2771 mare
1421 2729 1478 2772 et
1502 2717 1659 2772 vellet
1685 2728 1907 2789 practer-

309 2811 392 2865 ire
434 2825 549 2865 eos.
596 2809 875 2877 Quomodo
912 2818 1091 2863 autem
1124 2807 1338 2864 volebat
1370 2808 1628 2863 Dominus
1656 2825 1749 2865 eos
1777 2824 1909 2879 pta:-

308 2902 479 2956 terire
516 2909 770 2968 tanquam
794 2897 1024 2962 alienos,
1049 2898 1115 2953 ad
1156 2913 1293 2968 quos
1318 2899 1381 2953 de
1409 2898 1649 2968 periculo
1684 2898 1905 2953 natifra-

308 2991 385 3057 εὶί
436 2989 748 3045 liberandos
776 2988 1100 3044 advenerat?
1139 2988 1327 3043 nisiut
1368 2989 1437 3044 ad
1490 2989 1675 3043 horam
1707 2991 1905 3046 turbati

306 3092 364 3135 et
394 3088 678 3150 paventes,
709 3079 804 3134 sed
835 3080 1095 3136 continuo
1137 3079 1376 3143 liberat‘,
1406 3080 1636 3150 amplius
1662 3083 1899 3152 ereptio-
1929 3084 1973 3145 C

310 3174 398 3227 nis
425 3189 536 3229 sua:
560 3175 880 3230 miraculum
918 3184 1227 3246 stuperent,
1280 3191 1345 3232 ac
1394 3177 1629 3247 majores
1667 3178 1900 3248 ereptori

309 3283 423 3323 sua:
464 3269 671 3340 gratias
699 3268 985 3337 referrent,
1015 3271 1141 3339 quia
1171 3271 1300 3326 etin
1332 3271 1742 3340 tempestatibus
1773 3286 1900 3341 pas-

309 3358 526 3413 sionum
551 3374 673 3429 qua:
706 3375 806 3430 pro
835 3360 1141 3414 constantia
1173 3358 1296 3412 ﬁdei
1340 3376 1367 3412 a
1397 3357 1618 3429 perﬁdis
1644 3359 1900 3429 ingerun-

312 3459 403 3505 tur
433 3451 556 3506 talis
585 3466 972 3520 nonnunquam
1003 3449 1242 3519 provisio
1273 3449 1532 3503 divinitus
1577 3449 1900 3504 ostenditur.

313 3539 468 3611 Smne
488 3542 636 3596 enim
661 3541 735 3596 ita
761 3540 946 3595 ﬁdeles
978 3541 1032 3593 in
1065 3538 1412 3593 tribulatione
1440 3539 1645 3607 positos
1672 3554 1905 3609 superna

314 3632 485 3700 pictas
530 3631 839 3686 deseruisse
866 3630 978 3684 visa
1008 3637 1090 3684 est
1119 3669 1134 3694 ,
1187 3637 1247 3683 ut
1282 3629 1436 3698 quasi
1494 3629 1800 3684 laborantes
1847 3630 1901 3684 in

315 3723 451 3776 mari
478 3721 772 3792 discipulos
801 3720 1080 3790 pnetcrire
1129 3717 1286 3774 Iesus
1335 3718 1565 3773 voluisse
1599 3725 1900 3788 putaretur.

321 3810 471 3866 Unde
507 3819 594 3865 est
640 3809 768 3865 illud
817 3809 1071 3865 Ecclesiae
1118 3809 1367 3880 marzyrii
1413 3808 1710 3864 certamine
1746 3808 1907 3863 desu-

315 3901 514 3956 dautis.
547 3900 724 3966 Quare
752 3900 854 3954 mei
899 3900 1088 3955 oblitus
1115 3916 1201 3966 es,
1253 3916 1415 3970 quare
1446 3916 1525 3953 me
1558 3899 1830 3970 repultsti?
1856 3908 1905 3952 et

314 4008 476 4061 quare
498 3991 664 4045 tristis
688 3991 903 4056 incedo,
954 3989 1081 4044 dum
1129 3986 1307 4060 aﬂligit
1340 4006 1421 4044 me
1454 3990 1730 4056 inimicus,
1777 3989 1904 4044 dum

317 4082 722 4154 confrtnguntur
746 4082 921 4136 omnia
950 4097 1069 4135 ossa
1100 4068 1254 4134 mea?
1293 4088 1399 4135 etc.
1431 4078 1539 4135 Sed
1583 4079 1768 4135 dicant
1798 4078 1905 4133 iui—

317 4175 441 4231 mici
469 4182 778 4231 terrentes:
822 4171 922 4228 Ubi
958 4182 1033 4228 est
1064 4171 1204 4227 Deus
1250 4172 1469 4233 eorum?
1491 4172 1643 4241 quasi
1690 4171 1908 4226 naufra-

315 4269 461 4337 gium
484 4264 645 4321 fessis
659 4264 987 4320 'nuntiantes
1012 4262 1306 4333 Apostolis,
1330 4262 1460 4342 dicit
1488 4263 1600 4333 ipse
1626 4262 1771 4318 Deus
1816 4279 1907 4319 eo-

319 4375 437 4414 rum
466 4373 482 4411 :
511 4359 641 4412 Cum
671 4356 940 4411 transieris
966 4372 1058 4426 per
1079 4371 1264 4426 aquas,
1303 4365 1466 4408 tecum
1490 4370 1600 4418 ero,
1617 4364 1663 4407 et
1686 4354 1906 4423 ﬂumina

319 4465 423 4502 non
451 4449 682 4519 aperient
706 4456 775 4500 te.
805 4444 935 4501 Cum
959 4444 1306 4504 ambulaveris
1333 4445 1384 4498 in
1408 4445 1547 4514 igne,
1571 4461 1671 4498 non
1695 4445 1906 4500 cambu-
1932 4429 1985 4489 D

321 4542 447 4594 reris
474 4549 521 4593 et
548 4539 766 4610 ﬂamma
796 4555 898 4591 non
943 4535 1146 4591 ardebit
1190 4537 1245 4591 in
1290 4548 1358 4589 te.
1392 4534 1546 4602 Quod
1589 4544 1769 4589 autem
1820 4551 1908 4590 sc-

319 4632 523 4701 quitur,
547 4640 595 4686 et
624 4647 734 4702 pra:
782 4629 966 4684 timore
1013 4629 1389 4691 clamauerunt,
1418 4626 1676 4682 confusus
1704 4627 1907 4682 clamor

319 4734 373 4777 et
398 4724 607 4779 incerta
636 4737 737 4778 vox
766 4721 944 4792 magni
984 4716 1195 4775 timoris
1234 4712 1492 4775 indicium
1543 4728 1642 4773 est.
1677 4719 1784 4775 Sed
1814 4736 1905 4776 vc-

323 4831 440 4870 rum
471 4823 558 4870 est
584 4812 885 4870 Psaltuistze
908 4813 1276 4869 testimonium
1301 4853 1313 4876 ,
1360 4814 1483 4883 quia
1512 4830 1669 4884 prope
1696 4814 1906 4879 estDe-

318 4909 492 4962 tninus
524 4906 825 4961 timentibus
861 4922 915 4960 se
938 4946 954 4972 ,
999 4916 1045 4961 et
1087 4922 1191 4960 non
1244 4904 1552 4976 derelinquit
1598 4922 1774 4960 omnes
1812 4907 1903 4977 qui

319 5010 526 5071 sperant
553 4999 608 5053 in
636 5014 776 5052 eum.
807 4994 961 5052 Unde
993 5006 1043 5052 cl
1078 4996 1327 5053 subditur
1353 5011 1369 5051 :

392 5137 686 5209 Statimque
706 5135 1084 5192 Jesuslocatus
1116 5146 1195 5192 est
1219 5138 1293 5193 eis
1328 5138 1507 5193 dicens
1537 5152 1556 5190 :
1589 5137 1791 5195 Ilabete
1840 5141 1904 5212 ﬁ-

320 5228 553 5293 duciam,
580 5243 674 5298 ego
702 5243 841 5292 sum,
871 5226 1028 5281 nolite
1058 5227 1257 5281 timere.
1308 5227 1462 5295 Quod
1510 5229 1744 5297 primum
1783 5246 1904 5286 ver-

320 5319 543 5372 sabatur
585 5319 638 5372 in
679 5330 863 5381 causa,
891 5317 993 5371 hoc
1020 5326 1193 5382 curat,
1219 5324 1274 5371 et
1303 5319 1618 5373 timentibus
1663 5321 1908 5391 prrecipit

318 5408 527 5474 dicens,
558 5409 743 5463 habete
778 5409 1052 5477 ﬁduciam.
1088 5407 1266 5464 Nolim
1311 5410 1491 5464 timere
1515 5450 1529 5473 ,
1559 5411 1783 5480 etquod
1825 5426 1910 5467 se-

320 5503 640 5572 quitur,'ego
666 5510 805 5565 sunt,
831 5516 931 5554 nec
959 5498 1234 5572 subjungit
1260 5501 1382 5571 quis
1410 5501 1481 5556 sit
1515 5517 1529 5555 :
1570 5498 1653 5557 vel
1679 5516 1746 5557 ex
1778 5517 1909 5558 voce

323 5601 449 5647 nota
471 5600 728 5664 poterant
753 5606 875 5647 eum
905 5591 1227 5661 intelligere,
1248 5592 1372 5660 quia
1401 5606 1497 5662 per
1530 5592 1788 5647 obscuras
1816 5608 1912 5646 no.

324 5683 423 5742 etis
446 5688 699 5741 tenebras
726 5681 1066 5752 loquebatur,
1095 5681 1176 5737 vel
1217 5683 1390 5753 ipsum
1421 5697 1542 5737 esse
1583 5683 1724 5738 scire
1756 5692 1911 5752 pote-

2014 1824 2108 1878 tim
2135 1824 2503 1893 praecipitatur
2532 1823 2585 1876 in
2613 1825 2826 1877 ﬂuctus.
2857 1823 3061 1881 Eolem
3092 1825 3253 1894 igitur
3282 1825 3403 1879 ﬁdei
3434 1826 3596 1879 ardo-

2013 1930 2071 1970 re
2096 1930 2203 1984 quo
2227 1928 2441 1983 semper
2468 1921 2662 1968 caetera
2688 1928 2836 1969 nunc
2872 1928 3088 1983 quoque
3131 1915 3345 1969 czeieris
3373 1916 3599 1972 tacenti-

2010 2006 2110 2061 bus
2149 2006 2397 2069 credidit,
2424 2020 2483 2060 se
2522 2020 2683 2075 posse
2728 2004 2907 2061 facere
2952 2006 3283 2061 voluntatem
3329 2008 3600 2077 magistri.

2009 2098 2153 2168 quod
2183 2098 2271 2153 ille
2294 2114 2399 2153 non
2445 2108 2657 2169 poterat
2684 2114 2781 2170 per
2806 2108 3076 2166 naturam,
3098 2101 3229 2170 jube
3259 2118 3361 2166 me,
3389 2102 3601 2171 inquit,

2010 2190 2181 2243 venire
2205 2190 2275 2242 ad
2298 2198 2346 2244 te
2372 2206 2537 2258 supra
2558 2207 2744 2261 aquas.
2776 2190 2856 2245 Tu
2880 2192 3110 2261 praecipe
3147 2202 3202 2247 et
3230 2192 3374 2248 illico
3397 2192 3601 2251 solida-

2008 2278 2162 2345 buut,
2194 2279 2337 2335 unde
2362 2295 2427 2335 ac
2479 2279 2596 2335 leve
2636 2280 2728 2336 ﬁet
2774 2296 2971 2350 corpus
3020 2282 3163 2352 quod
3212 2296 3311 2352 per
3335 2297 3397 2337 se
3436 2297 3602 2353 grave

2007 2379 2110 2425 est.

2076 2461 2148 2517 Et
2174 2461 2492 2518 descendens
2522 2460 2712 2518 Petrus
2739 2463 2805 2517 de
2827 2462 3089 2527 nauicula,
3121 2462 3425 2518 ambulabat
3446 2481 3603 2535 super

2007 2568 2201 2623 aquam
2227 2563 2284 2605 ut
2309 2553 2500 2607 veniret
2529 2554 2597 2608 ad
2626 2552 2831 2607 Jesum.
2863 2550 2962 2620 Qui
3003 2562 3195 2622 putant
3218 2553 3431 2610 Domini
3477 2571 3602 2611 cor-—

2007 2660 2108 2714 pus
2134 2645 2257 2700 ideo
2289 2659 2397 2699 non
2428 2658 2549 2700 esse
2589 2658 2801 2710 verum,
2839 2644 2965 2714 quia
2993 2657 3158 2713 super
3194 2644 3384 2701 molles
3429 2660 3601 2717 aquas

2008 2733 2168 2789 molle
2197 2742 2254 2789 et
2296 2734 2506 2789 aerium
2554 2733 2869 2798 incesserit,
2922 2733 3284 2804 respondeant
3329 2736 3600 2805 quomodo

2006 2835 2365 2891 ambulavierit
2413 2834 2631 2901 Petrus,
2665 2848 2825 2906 quem
2875 2836 3059 2906 utique
3097 2851 3284 2891 verum
3324 2837 3599 2894 hominem

2007 2941 2114 2980 non
2139 2925 2434 2996 negabunt.

2090 3014 2280 3073 Videas
2308 3033 2430 3073 vero
2459 3017 2691 3072 validum
2713 3025 2943 3083 ventum,
2973 3019 3168 3083 timuit,
3201 3028 3390 3073 etcum
3417 3021 3602 3091 carpis-

2004 3116 2080 3161 set
2104 3108 2286 3179 mergi,
2313 3107 2561 3163 clamavit
2607 3108 2785 3163 dicens
2803 3125 2822 3163 :
2857 3109 3095 3174 Domine,
3124 3108 3327 3163 saluum
3375 3127 3455 3165 ate
3483 3112 3593 3181 Iac.

2003 3200 2249 3255 Ardebat
2268 3200 2435 3255 animi
2462 3200 2614 3266 ﬁdes,
2638 3202 2735 3256 sed
2761 3202 2995 3256 humana
3016 3200 3283 3272 fragilitas
3303 3204 3356 3257 in
3377 3204 3602 3274 profun-

2006 3291 2132 3347 dum
2182 3292 2464 3358 trahebat;
2496 3292 2770 3362 paululum
2815 3305 2943 3364 ergo
2966 3293 3290 3362 relinquitur
3314 3297 3598 3352 tentationi

2006 3392 2066 3438 ut
2090 3393 2350 3453 augeatur
2373 3382 2525 3448 ﬁdes,
2548 3393 2604 3437 et
2625 3382 2887 3454 intelligat
2907 3399 2967 3440 se
2991 3401 3098 3441 non
3129 3387 3387 3442 facilitate
3411 3397 3599 3458 postu-

2006 3475 2242 3540 lationis,
2267 3474 2361 3530 sed
2384 3475 2622 3544 potentia
2649 3473 2859 3530 Domini
2882 3484 3281 3532 conservatum.

2077 3566 2149 3622 Et
2167 3568 2412 3621 continuo
2424 3565 2705 3621 extendam
2728 3582 2940 3620 manum
2966 3569 3301 3638 apprehendit
3321 3585 3463 3624 eum.
3481 3570 3598 3627 Nisi

2006 3674 2136 3730 ergo
2157 3657 2416 3714 Dominus
2443 3658 2773 3713 extendisset
2814 3673 3052 3725 manum,
3077 3661 3169 3730 qui
3213 3661 3341 3717 alibi
3387 3677 3594 3733 negan-

2008 3769 2117 3810 tem
2154 3755 2392 3823 respexit
2415 3752 2657 3819 Petrum,
2692 3754 2806 3823 ipse
2831 3753 3022 3809 Petrus
3047 3754 3290 3824 protinus
3321 3770 3596 3828 mergere-

2007 3854 2096 3899 tur
2139 3845 2192 3899 in
2232 3843 2558 3915 profundum
2587 3884 2603 3910 ,
2658 3861 2761 3900 nec
2794 3845 2960 3901 etiam
3002 3845 3255 3900 evaderet
3301 3846 3593 3905 infernum.

2009 3935 2264 4005 Respexit
2288 3934 2547 3991 Dominus
2570 3944 2627 3991 et
2664 3937 2733 3992 ad
2761 3937 3135 4006 ptenitentiam
3165 3939 3453 4005 convertit,
3477 3957 3597 3996 ma-

2009 4040 2137 4079 num
2173 4026 2419 4080 extendit
2449 4034 2506 4080 et
2529 4024 2915 4095 indulgentiam
2944 4027 3156 4093 tribuit,
3178 4037 3232 4083 et
3260 4029 3340 4084 sic
3366 4030 3596 4087 salutem

2008 4115 2306 4186 perfectam
2344 4116 2638 4187 discipulus
2660 4117 2883 4172 invenit.
2909 4117 3042 4185 Quia
3058 4118 3213 4187 juxta
3239 4120 3387 4176 Pauli
3409 4139 3594 4179 vocent

2010 4226 2111 4263 non
2139 4217 2212 4262 est
2236 4207 2449 4263 volentis
2477 4222 2640 4279 neque
2665 4210 2921 4263 currentis
2943 4250 2958 4275 ,
3013 4209 3104 4263 sed
3132 4210 3203 4262 mi
3220 4215 3426 4265 erant.'s
3474 4213 3592 4268 Dei.

2010 4299 2122 4355 Nec
2151 4299 2293 4355 enim
2326 4307 2513 4355 nostro
2537 4300 2869 4354 salvabimur
2894 4300 3106 4362 merito,
3136 4299 3228 4353 sed
3261 4298 3401 4354 illius
3428 4300 3590 4358 dono.

2083 4392 2152 4446 Et
2174 4395 2247 4447 ait
2272 4392 2393 4446 illi:
2422 4392 2648 4446 Modica!
2673 4392 2819 4461 ﬁdei,
2850 4406 3014 4461 quare
3040 4390 3334 4446 dubitasti?
3373 4393 3431 4448 Si
3460 4410 3595 4464 apo-

2010 4481 2148 4537 stolo
2192 4481 2352 4537 Petro
2379 4482 2447 4536 de
2466 4482 2621 4551 cujus
2660 4480 2763 4534 lldc
2788 4489 2844 4534 ct
2872 4480 3068 4534 ardOre
3096 4484 3292 4537 mentis
3326 4498 3489 4554 supra
3518 4487 3599 4541 di-

2008 4572 2188 4627 ximus
2212 4612 2225 4637 ,
2272 4572 2415 4641 quod
2444 4570 2777 4625 conﬁdenter
2826 4570 3100 4641 rogaverit
3148 4571 3486 4630 Salvatorem
3514 4576 3598 4631 di-

2007 4681 2157 4729 cens,
2186 4665 2439 4728 Domine,
2471 4664 2516 4716 si
2545 4671 2602 4716 tu
2639 4678 2716 4727 es,
2761 4661 2889 4733 jube
2918 4679 2999 4717 me
3037 4667 3208 4719 uenire
3246 4666 3315 4719 ad
3341 4676 3391 4721 te
3431 4682 3595 4739 supra

2007 4773 2196 4826 aquas,
2219 4756 2345 4825 quia
2365 4754 2641 4824 paululum
2664 4755 2864 4821 timuit,
2889 4756 3088 4811 dicitur
3107 4773 3181 4822 et,
3205 4759 3426 4815 modica!
3442 4761 3591 4830 ﬁdei,

2007 4866 2167 4921 quare
2197 4844 2488 4902 dubitasti?
2508 4848 2638 4918 quid
2666 4850 2821 4905 nobis
2848 4850 3132 4905 dicendum
3182 4861 3284 4918 est,
3316 4854 3407 4923 qui
3437 4854 3597 4925 hujus

2012 4942 2236 4996 modica:
2267 4940 2387 4996 ﬁdei
2432 4948 2530 4996 nec
2561 4941 2838 4996 minimam
2890 4942 3108 5012 quidem
3153 4945 3415 5002 habemus
3463 4962 3594 5018 por-

2010 5030 2578 5102 tiunculamHtlyslice
2627 5040 2807 5087 autem
2841 5033 2987 5103 quod
3041 5034 3234 5091 Petrus
3288 5052 3318 5091 a
3366 5037 3595 5092 Domino

2003 5124 2189 5196 jUSSlls
2215 5125 2419 5189 venire,
2448 5123 2641 5180 ﬂuetus
2672 5125 2838 5181 maris
2857 5126 3032 5183 calcat
3065 5128 3173 5198 quo
3200 5129 3381 5183 veniat
3406 5131 3474 5182 ad
3499 5128 3591 5183 Je-

2010 5231 2151 5278 sum,
2179 5214 2445 5285 signiﬁcat
2473 5214 2768 5271 Ecclesium
2797 5216 2952 5286 cujus
2974 5218 3091 5289 ipse
3127 5226 3310 5290 pastor
3344 5226 3445 5284 est,
3476 5228 3594 5274 ten-
3654 5259 3658 5264 η

2011 5308 2225 5363 dentem
2256 5307 2322 5361 ad
2354 5306 2627 5363 caelestem
2680 5310 2933 5378 patriam,
2966 5309 3161 5366 ﬂuctus
3208 5309 3367 5380 hujus
3408 5310 3590 5364 seculi

2010 5408 2239 5480 vestigio
2270 5417 2431 5464 rectae
2474 5405 2599 5463 ﬁdei
2653 5417 2707 5463 et
2738 5406 3013 5476 gressibus
3040 5407 3304 5463 bonorum
3342 5418 3589 5475 Operam.

2011 5500 2316 5571 superando
2344 5500 2578 5567 calcare,
2600 5509 2656 5554 et
2684 5500 2827 5569 quod
2854 5498 3045 5555 Petrus
3074 5506 3391 5569 tempestate
3435 5498 3594 5550 torri-

2013 5603 2100 5648 tus
2127 5593 2179 5647 in
2204 5591 2452 5646 ﬂuctibus
2492 5590 2662 5662 mergi
2689 5591 2874 5660 etrapit,
2904 5588 3231 5646 inﬁrmiores
3259 5601 3501 5659 quosque
3538 5590 3593 5644 in

2015 5682 2251 5740 Ecclesia
2278 5696 2414 5752 quos
2438 5680 2671 5752 procella
2697 5680 3133 5750 persecutionum
3165 5695 3259 5736 seu
3291 5680 3581 5739 turbulen-
