3950 6184
311 282 412 338 367

932 278 994 333 Β.
1033 276 1287 333 RABANI
1328 275 1541 339 MAURI
1581 272 1897 330 ARClllEP.
1940 271 2243 328 MOGUNT.
2285 270 2564 328 CPERUM
2605 271 2782 326 PARS
2819 271 2881 326 ll.

3468 272 3574 328 368

314 398 571 452 Iatiunum
603 401 788 458 terret,
815 401 867 448 et
894 408 924 447 a
953 400 1140 447 tenore
1170 391 1292 446 ﬁdei
1334 391 1444 446 sive
1478 404 1506 443 a
1535 397 1677 443 statu
1710 388 1880 442 hono-
1911 393 1957 447 Α
1988 393 2137 440 ratus
2166 384 2327 439 fuerit
2355 400 2700 463 murmurans
2736 386 3005 440 recidetur
3029 425 3043 449 ,
3093 394 3149 440 et
3196 387 3334 457 peril
3366 402 3579 445 merces

312 504 432 544 tum
460 494 677 542 actuum
707 484 977 555 paululum
1005 481 1233 539 reflectit
1252 522 1267 544 ,
1315 480 1587 549 exprimit.
1616 478 1764 546 Quos
1803 485 1887 531 ta-

309 590 436 633 men
463 590 528 629 ue
555 574 790 628 funditus
811 573 862 625 in
891 570 1167 642 perﬁdiam
1193 579 1250 624 et
1274 569 1324 623 in
1356 567 1664 637 voraginem
1693 581 1889 637 pecca-

312 678 488 724 torum
520 671 850 735 mergantur,
873 670 1117 731 porrecta
1149 660 1340 715 divina:
1360 657 1738 727 propitationis
1763 656 1889 711 dex-

317 766 397 812 tra
423 754 675 810 extrahit.
706 752 771 806 Et
806 752 943 805 sicut
966 749 1185 804 Petrum
1238 758 1450 804 erutum
1479 745 1545 801 de
1576 746 1756 817 abyssi
1796 760 1891 815 pe-

314 849 455 918 lago,
484 845 555 899 ita
581 843 698 898 illos
725 850 939 910 ereptos
965 840 1031 895 de
1073 847 1481 909 persccutorum
1536 836 1789 891 seandalo
1835 836 1889 889 in

313 938 470 992 ﬁrmo
499 933 694 1003 quietis
738 944 986 999 superate
1018 929 1136 983 solo
1158 928 1311 998 juxta
1340 942 1398 981 sc
1426 924 1729 980 collocabit.
1754 924 1889 992 Quia

314 1021 643 1095 impossibile
680 1028 764 1075 est
790 1029 847 1073 ut
864 1033 1048 1073 eorum
1075 1017 1268 1087 aliquis
1288 1023 1492 1086 pereat,
1512 1029 1645 1083 quos
1664 1027 1891 1069 censura

307 1114 440 1185 justi
473 1110 673 1180 iudicis
696 1108 1106 1180 prazdestinatos
1136 1107 1297 1161 habet
1325 1106 1391 1159 ad
1417 1107 1583 1157 vitam
1610 1112 1889 1157 :eternam.

315 1200 467 1257 Unde
494 1201 609 1272 ipsa
629 1197 841 1253 Veritas
870 1197 966 1261 ait,
994 1196 1162 1251 Omne
1178 1194 1318 1266 quod
1362 1194 1452 1247 dat
1482 1193 1607 1246 mihi
1639 1190 1802 1246 Pater
1825 1191 1893 1245 ad

314 1307 398 1345 me
420 1291 606 1355 veniet,
634 1297 682 1343 et
709 1304 824 1343 eum
850 1287 938 1358 qui
961 1286 1095 1339 venit
1123 1284 1192 1338 ad
1222 1300 1321 1347 me,
1342 1298 1446 1336 non
1470 1281 1675 1352 ejiciam
1725 1281 1887 1349 foras.

315 1378 473 1434 Novit
487 1378 630 1433 enim
650 1377 908 1433 Dominus
923 1375 1039 1445 pius
1052 1374 1118 1429 de
1132 1374 1426 1428 tentatione
1450 1373 1684 1443 eripere,
1708 1381 1763 1426 et
1788 1388 1894 1426 non

315 1477 400 1523 est
421 1467 842 1538 impotensinter
866 1466 1109 1520 turbines
1134 1473 1511 1535 tempestatum
1540 1465 1698 1534 hujus
1716 1463 1898 1519 szeculi

316 1573 443 1613 suos
470 1558 539 1613 ab
563 1557 710 1612 omni
757 1556 996 1626 nequitia
1029 1570 1319 1626 pravorum
1364 1554 1559 1610 illiesos
1603 1554 1894 1610 custodire.

320 1646 425 1701 Sed
452 1645 729 1700 videamus
762 1646 905 1715 quod
936 1646 1183 1714 sequitur
1209 1664 1222 1699 :

1985 474 2124 544 ejus.
2157 472 2312 528 Sicut
2350 474 2515 528 etiam
2545 473 2802 528 Israelita:
2842 472 2998 542 quale
3034 471 3295 542 judicium
3328 489 3579 547 percepe-

1990 574 2117 620 runt
2144 574 2362 636 propter
2392 566 2897 629 murmurationem,
2927 575 3211 637 propterea
3256 568 3448 638 inquit,
3474 587 3581 623 nan

1988 655 2342 709 murmuretis.
2374 654 2487 710 Non
2513 656 2656 710 enim
2691 655 2866 726 placet
2895 657 3005 711 Deo
3035 657 3250 725 quando
3278 672 3400 711 cum
3432 674 3585 712 mur—

1989 746 2292 799 muratione
2318 746 2572 810 servitur,
2596 755 2650 799 et
2676 760 2780 798 non
2807 746 2857 800 ei
2882 760 2980 815 pro
3001 747 3254 801 omnibus
3279 748 3469 818 gratiae
3494 749 3584 802 ἀο-

1991 833 2256 899 feruntur,
2283 843 2338 889 ct
2378 848 2479 905 pro
2510 835 2938 901 teutationibus,
2988 844 3042 889 et
3087 850 3188 904 pro
3227 836 3581 906 spiritalibus.

1995 924 2145 978 Nihil
2173 941 2294 994 ergo
2320 923 2566 994 supinum
2612 923 2913 996 loquamur,
2949 924 3081 978 nihil
3127 926 3400 995 impudens
3426 968 3439 989 ,
3490 925 3587 982 sed

1993 1011 2358 1067 submittamus
2383 1029 2476 1067 nos
2497 1023 2551 1065 ut
2566 1011 2929 1067 venerabiliter
2949 1031 3012 1067 ac
3032 1026 3320 1068 reverenter
3339 1032 3448 1071 esse
3459 1033 3586 1087 pos-

1992 1106 2179 1169 simus,
2205 1104 2308 1158 hoc
2328 1111 2435 1169 est,
2466 1118 2587 1157 cum
2621 1105 2923 1158 reverentia
2951 1112 3006 1159 et
3030 1114 3175 1161 metu
3205 1107 3437 1161 Domini.

2064 1191 2306 1247 Charitas
2346 1193 2689 1262 fraternitatis
2721 1202 2953 1259 maneat,
2981 1202 3028 1247 et
3058 1194 3465 1263 hospitalitatem
3493 1212 3587 1249 no-

1996 1285 2085 1339 lite
2119 1284 2351 1339 obliscivi
2379 1297 2397 1335 :
2425 1302 2517 1356 per
2553 1283 2690 1338 hanc
2731 1285 2869 1338 enim
2894 1284 3203 1355 placuerunt
3233 1285 3448 1356 quidam
3481 1303 3585 1340 an-

1995 1373 2123 1445 gelis
2150 1374 2374 1444 hospitio
2410 1374 2642 1443 receptis.
2672 1372 2886 1428 intuere
2912 1376 3180 1444 quomodo
3208 1390 3300 1429 eos
3343 1378 3591 1446 praecipit

1997 1473 2261 1535 praecepta
2290 1464 2575 1534 praesentia
2603 1463 2876 1518 custodire
2902 1481 2915 1517 :
2943 1479 3048 1517 non
3080 1464 3222 1519 enim
3250 1465 3329 1519 eis
3358 1466 3459 1519 alia
3488 1479 3587 1519 su—

2000 1557 2344 1628 perimponit,
2376 1572 2483 1610 non
2514 1556 2677 1611 dixit:
2696 1554 3011 1610 Elliciamini
3039 1565 3309 1610 amatores
3333 1553 3588 1621 fratrum,

2001 1649 2093 1703 sed
2123 1656 2422 1719 permaneat
2471 1646 2700 1700 Charitas
2756 1644 3125 1716 fraternitatis.
3156 1645 3221 1699 Et
3259 1646 3451 1700 iterum
3481 1661 3589 1701 non

393 1737 459 1791 Et
497 1753 614 1791 cum
641 1738 953 1792 ascendisset
986 1738 1039 1792 in
1087 1735 1403 1800 naviculam,
1434 1737 1652 1790 cessavit
1696 1744 1894 1791 ventus.
1929 1733 1974 1793 Β
2002 1744 2139 1800 dixit
2162 1741 2455 1813 hospitales
2485 1739 2809 1802 elﬁciamiui.
2839 1748 3094 1809 tanquam
3145 1739 3186 1794 si
3234 1755 3337 1793 non
3367 1748 3585 1800 essent,

317 1830 498 1884 Prima
535 1842 666 1900 ergo
700 1828 1081 1899 trepidantium
1120 1836 1174 1883 et
1208 1827 1625 1899 periclitantium
1669 1826 1900 1882 subven-

320 1920 395 1973 tio
421 1926 525 1981 est,
558 1917 834 1971 incussum
879 1915 1133 1972 conlibus
1169 1917 1437 1986 expellere
1473 1916 1719 1969 timorem
1748 1955 1763 1978 ,
1816 1928 1901 1969 se-

317 2008 494 2064 cunda
546 2013 928 2075 tempestatum
972 2003 1141 2060 furias
1193 2020 1304 2060 suae
1352 2005 1651 2076 praesentiae
1700 2003 1901 2060 virtute

320 2111 684 2168 compescere.
712 2096 821 2152 Nec
833 2097 1144 2152 mirandum
1180 2098 1225 2152 si
1252 2097 1575 2152 ascendente
1603 2096 1653 2150 iu
1678 2096 1899 2150 navicu-

321 2194 427 2249 lam
457 2192 681 2248 Domino
729 2198 921 2246 ventus
964 2190 1220 2246 cessavit.
1273 2190 1329 2244 ln
1374 2203 1712 2259 quocumque
1755 2188 1899 2244 enim

320 2284 483 2339 corde
511 2285 649 2340 Deus
671 2298 770 2353 per
789 2282 1017 2353 gratiam
1067 2283 1147 2337 sui
1176 2283 1329 2337 adest
1369 2282 1589 2346 amoris,
1622 2297 1744 2335 mox
1782 2280 1903 2335 uni-

322 2389 477 2431 versa
507 2374 757 2430 vitiorum
781 2382 836 2428 et
863 2373 1199 2429 adversantis
1242 2373 1448 2437 mundi,
1474 2373 1590 2428 sive
1615 2372 1901 2444 spirituum

323 2464 675 2532 malignorum
704 2461 838 2517 bella
865 2476 1169 2530 compressa
1195 2463 1493 2532 quiescunt.

392 2553 496 2621 Qui
528 2562 701 2607 autent
752 2553 807 2605 in
837 2552 1079 2606 navicula
1110 2562 1278 2616 erant,
1307 2562 1552 2607 venerunt
1581 2564 1627 2606 et
1652 2553 1903 2606 adorave-

282 2714 285 2719 ἡ
321 2653 440 2696 rant
468 2656 586 2696 eum
639 2641 903 2695 dicentes:
948 2640 1075 2695 Vere
1116 2638 1294 2696 Filius
1330 2644 1427 2697 Dei
1470 2659 1542 2697 es.
1599 2642 1681 2696 Ad
1731 2656 1899 2697 unum

322 2733 533 2802 signum
564 2730 947 2800 tranquillitate
974 2731 1141 2786 maris
1166 2731 1392 2795 reddita,
1417 2747 1537 2802 quae
1564 2742 1687 2800 post
1706 2732 1903 2786 nimias

323 2823 586 2895 procellas
612 2823 884 2879 interdum
925 2832 981 2879 et
1007 2838 1136 2877 casu
1181 2822 1299 2878 ﬁeri
1344 2824 1500 2889 solet,
1530 2832 1707 2878 nauta:
1740 2831 1905 2891 atque

323 2924 572 2970 vectores
599 2927 727 2968 vere
766 2912 859 2967 Dei
909 2912 1077 2967 ﬁlium
1107 2912 1474 2977 conﬁtentur,
1528 2921 1583 2967 et
1631 2912 1792 2966 Arius
1848 2911 1901 2964 in

327 3006 565 3063 Ecclesia
591 3005 848 3077 pmdicat
876 3012 1200 3060 creaturam.
1250 3005 1363 3059 Non
1415 3018 1544 3074 ergo
1588 3004 1762 3073 ipsum
1794 3017 1900 3056 non

319 3097 471 3168 juxta
511 3096 887 3153 haereticorum
910 3096 1233 3151 dementiam
1262 3072 1585 3160 creaturam,
1609 3072 1749 3149 inter
1783 3109 1901 3149 om-
1932 3072 1975 3133 (ἶ

325 3191 414 3245 nia
440 3197 696 3251 creatam,
728 3188 821 3243 sed
869 3196 1168 3243 creatorem
1197 3194 1324 3242 ante
1367 3186 1549 3241 omnia
1581 3185 1741 3240 simul
1782 3200 1905 3239 cum

323 3278 487 3333 Patre
513 3285 569 3333 et
597 3276 800 3347 Spiritu
833 3284 1023 3331 sancto
1060 3274 1377 3329 existentem
1412 3280 1573 3342 atque
1599 3280 1907 3327 manentem

326 3369 614 3425 credamus
635 3377 690 3423 et
716 3366 1090 3431 conﬁteantur,
1111 3373 1164 3420 et
1199 3364 1254 3419 iu
1301 3363 1414 3434 ipsa
1440 3360 1779 3418 confessione
1823 3361 1907 3417 di-

325 3459 448 3529 gnis
481 3458 745 3515 honorum
786 3471 1010 3526 operum
1044 3454 1292 3509 laudibus
1324 3466 1648 3507 veneremur
1682 3465 1805 3505 eum
1853 3459 1909 3506 et

325 3550 679 3621 praedicemus
709 3548 763 3603 in
802 3554 1091 3617 conspectu
1141 3546 1370 3601 ﬁliorum
1423 3542 1703 3598 hominum
1733 3543 1906 3612 ipsum

324 3656 446 3699 esse
485 3640 651 3696 ﬁlium
682 3639 775 3694 Dei
826 3638 1179 3709 unigenitum,
1211 3641 1495 3690 narrantes
1539 3632 1768 3686 virtutes
1794 3629 1910 3698 ejus

325 3739 382 3785 et
416 3729 684 3787 mirabilia
717 3730 856 3800 ejus,
885 3743 1005 3798 qua:
1036 3726 1162 3782 fecit
1200 3725 1290 3795 qui
1337 3739 1457 3779 cum
1505 3721 1665 3777 Patre
1702 3730 1756 3777 et
1789 3722 1910 3792 Spi—

329 3820 436 3877 ritu
466 3828 655 3877 sancto
688 3821 819 3875 vivit
869 3827 924 3873 et
965 3825 1154 3887 regnat
1182 3817 1344 3881 Deus,
1378 3828 1473 3883 per
1501 3813 1683 3869 omnia
1713 3812 1909 3869 saecula

327 3907 665 3967 seculorum.
707 3907 898 3962 Amen.

854 4035 1132 4091 ilOiliLiA
1169 4035 1373 4092 CXVII.

984 4162 1142 4201 ΓΕΒΙᾹ
1180 4161 1256 4204 ιγ.

330 4261 515 4318 Lectio
562 4259 813 4332 Epistulae
867 4257 1008 4314 beati
1042 4256 1193 4312 Pauli
1241 4257 1467 4327 apostoli
1518 4258 1585 4311 ad
1633 4255 1906 4311 Hebraeos.

403 4371 642 4438 Fratres,
665 4372 914 4425 habemus
935 4370 1180 4440 gratiam,
1203 4384 1295 4438 per
1307 4384 1460 4439 quam
1476 4368 1765 4421 serviamus
1790 4365 1912 4437 pla-

1999 1834 2091 1888 sed
2119 1831 2523 1903 hospitalitatem
2563 1831 2719 1885 nolite
2744 1829 2976 1885 oblivisci
2999 1846 3017 1884 :
3047 1846 3112 1886 ex
3152 1829 3593 1884 tribula'innibns

1998 1924 2141 1980 enim
2197 1931 2407 1994 poterat
2450 1921 2677 1977 fortasse
2725 1921 3060 1991 contingere.
3106 1916 3214 1976 Per
3262 1920 3397 1974 hunc
3429 1922 3591 1984 enim,

2000 2014 2190 2083 inquit.
2222 2012 2434 2083 quidam
2462 2010 2806 2077 placuerunt,
2852 2010 3065 2081 angelos
3083 2008 3309 2080 hospitio
3346 2009 3595 2080 recipien-

2001 2115 2094 2159 tes.
2125 2103 2372 2158 Attendis
2396 2111 2626 2171 quantus
2652 2102 2850 2168 honor,
2885 2110 3144 2171 quantum
3190 2098 3427 2165 lucrum,
3476 2099 3596 2154 sive

2001 2194 2294 2250 secundum
2323 2192 2481 2246 aliam
2532 2192 2827 2246 editionem
2875 2191 3094 2261 quidam
3127 2190 3432 2254 latuerunt,
3488 2190 3593 2245 hoc

2001 2292 2106 2349 est,
2128 2282 2458 2347 nescientes,
2491 2282 2544 2336 in
2597 2281 2831 2351 hospitio
2862 2288 3200 2350 receperunt,
3228 2289 3509 2350 propterea
3537 2288 3596 2333 et

2002 2375 2171 2429 multa
2223 2388 2433 2429 merces
2458 2371 2595 2440 ejus,
2646 2374 2735 2442 qui
2771 2372 3019 2427 nesciens
3072 2386 3165 2427 eos
3209 2371 3425 2441 angelos
3470 2384 3596 2425 esse

2001 2466 2055 2522 in
2082 2466 2315 2537 hospitio
2361 2465 2584 2534 recepit.
2613 2462 2746 2518 Nam
2772 2464 2816 2517 si
2848 2465 3037 2525 sciret,
3086 2462 3219 2516 nihil
3274 2462 3470 2516 mirum
3507 2477 3595 2516 es-

2001 2567 2102 2613 set.
2129 2555 2357 2622 Quidam
2389 2556 2572 2610 dicunt
2603 2554 2747 2624 quod
2778 2556 2830 2609 in
2864 2555 2965 2609 hoc
2998 2554 3114 2609 loco
3152 2554 3314 2608 etiam
3344 2552 3482 2608 Loth
3520 2551 3593 2608 si-

1999 2648 2304 2718 gnilicatur.

2072 2738 2381 2791 Mementote
2406 2737 2712 2799 vinctorum,
2740 2745 2992 2806 tanquam
3017 2733 3175 2789 simul
3204 2735 3391 2799 vincti;
3435 2743 3484 2787 et
3516 2733 3600 2786 la-

2001 2830 2318 2892 borantium,
2343 2836 2595 2898 tanquam
2625 2838 2669 2881 et
2709 2828 2807 2896 ipsi
2839 2827 2891 2878 in
2935 2842 3150 2896 corpore
3175 2836 3454 2879 morantes.
3485 2823 3600 2877 Ilo-

2002 2920 2233 2976 norabile
2256 2919 2571 2972 connubium
2592 2918 2647 2972 in
2671 2918 2907 2971 omnibus
2930 2927 2976 2970 et
3003 2918 3181 2969 (horas
3208 2915 3599 2968 inmaculatus.

2008 3010 2377 3065 Fornicatores
2433 3018 2478 3063 et
2530 3009 2797 3077 adulteros
2851 3008 3112 3078 judicabit
3157 3006 3314 3061 Deus.
3345 3005 3604 3061 Content-

2008 3100 2158 3171 plare
2202 3108 2437 3169 quantus
2470 3099 2547 3152 illi
2594 3099 2659 3153 de
2706 3098 2962 3168 pudicitia
3010 3112 3190 3153 sermo
3234 3095 3601 3166 profunditur.

2012 3188 2226 3255 Pacem,
2260 3190 2454 3257 inquit,
2498 3204 2613 3241 cum
2648 3189 2885 3242 omnibus
2914 3188 3183 3242 sectamini
3221 3201 3267 3242 et
3294 3187 3603 3255 sanctiﬁca-

2008 3282 2235 3344 tionem,
2271 3295 2332 3332 ne
2361 3279 2478 3349 quis
2518 3278 2807 3347 ['ornicator
2852 3277 2928 3332 rel
2972 3278 3222 3347 pollutus.
3270 3278 3331 3332 Et
3374 3278 3600 3340 iterum.

2010 3369 2323 3438 fornicarios
2355 3378 2529 3422 autent
2569 3377 2615 3422 et
2652 3367 2917 3422 adulteros
2938 3368 3146 3438 jndicat
3185 3368 3344 3422 Deus.
3383 3368 3492 3424 Sed
3521 3371 3606 3423 vi-

2008 3458 2230 3515 deamus
2280 3474 2423 3513 nunc
2451 3458 2683 3527 qualiter
2728 3458 3074 3513 honorabiles
3119 3474 3241 3515 esse
3291 3462 3504 3530 nuptias
3547 3462 3605 3517 in

2009 3549 2258 3605 omnibus
2306 3550 2451 3604 dicat
2477 3558 2530 3603 et
2561 3550 2809 3604 thronum
2859 3550 3260 3606 immaculatum
3286 3594 3301 3617 ,
3345 3554 3607 3623 quoniam

2009 3641 2259 3696 videlicet
2289 3641 2342 3694 in
2365 3642 2653 3695 sanctitate
2687 3641 2958 3711 pudicitiae
2983 3641 3438 3699 facitcom‘crsat‘i
3473 3644 3607 3699 ﬁde-

2009 3732 2131 3786 lem.
2166 3731 2262 3785 llic
2292 3732 2455 3785 etiam
2484 3729 2696 3786 Judtcos
2720 3731 2897 3801 pulsat
2925 3774 2938 3796 ,
2991 3734 3083 3803 qui
3134 3734 3394 3803 pollutum
3440 3743 3607 3801 puta-

2009 3824 2140 3878 bant
2177 3820 2511 3891 conjugalcm
2547 3822 2912 3887 concubitum,
2944 3830 2993 3877 et
3043 3821 3294 3878 dicebant
3341 3840 3406 3879 ex
3463 3828 3611 3882 lecto

2013 3913 2255 3985 eunjng's
2307 3923 2614 3985 surgentem
2655 3915 2913 3969 mundum
2960 3932 3065 3969 non
3118 3931 3274 3986 posse
3326 3929 3607 3974 constare.

2014 4005 2126 4060 Non
2151 4006 2313 4077 igitur
2332 4005 2590 4076 pullulant
2620 4014 2720 4069 est,
2756 4007 2898 4076 quod
2926 4023 2993 4062 ex
3036 4018 3229 4063 natura
3263 4010 3607 4074 conceditur,

2011 4115 2045 4153 o
2088 4098 2439 4170 ingratissimi
2470 4107 2522 4153 et
2559 4098 2971 4153 inscnsatissimi
2999 4097 3193 4163 Judmi,
3220 4100 3311 4154 sed
3355 4100 3501 4169 quod
3534 4117 3609 4155 cx

2012 4203 2177 4258 prava
2208 4187 2482 4242 voluntate
2510 4188 2805 4242 descendit.
2838 4188 2969 4241 Nam
3015 4188 3059 4241 si
3089 4188 3432 4244 honorabiles
3457 4205 3613 4259 quac-

2014 4278 2137 4331 dam
2173 4287 2300 4332 sunt
2321 4278 2543 4348 nuptize,
2586 4280 2797 4332 munda:
2819 4279 2981 4332 etiam
3018 4288 3157 4332 sunt.
3186 4278 3294 4333 Cur
3324 4279 3505 4348 itaque
3536 4295 3609 4335 ex

2017 4366 2101 4421 his
2139 4367 2483 4436 pollutionem
2531 4366 2646 4421 ﬁeri
2683 4368 3007 4422 existimatis
3032 4410 3047 4430 ,
3077 4379 3129 4423 et
3170 4369 3345 4438 primo
3394 4383 3614 4439 ponens

329 4473 497 4518 centes
521 4463 628 4517 Deo
651 4477 771 4517 cum
803 4470 944 4515 metu
988 4469 1035 4513 et
1080 4458 1395 4523 reverentia;
1432 4456 1620 4511 etenim
1648 4455 1791 4510 Deus
1814 4470 1910 4509 no—
1939 4436 1990 4495 D
2019 4458 2328 4514 bonorabile
2356 4459 2681 4513 connubiutn
2718 4459 2769 4513 in
2797 4459 3047 4514 omnibus
3073 4467 3123 4514 et
3166 4436 3614 4515 thorumvimma-

330 4565 435 4609 ster
457 4552 588 4624 ignis
619 4567 926 4605 consumens
954 4560 1051 4605 est.

402 4640 681 4711 Quomodo
729 4643 853 4698 alibi
910 4642 1063 4707 dixit,
1118 4657 1239 4711 qua:
1294 4639 1546 4695 videntur
1598 4639 1913 4709 temporalia

333 4744 482 4801 sunt,
510 4748 632 4804 qua:
673 4750 802 4790 vero
832 4749 937 4790 non
981 4734 1232 4789 videntur
1270 4742 1496 4797 aeterna,
1527 4741 1582 4789 et
1610 4734 1733 4787 inde
1760 4748 1912 4788 sum-

333 4828 441 4897 psit
464 4827 859 4884 exhortationis
889 4833 944 4879 et
969 4824 1353 4881 consolationis
1381 4834 1781 4897 argumentum,
1810 4841 1909 4895 pro

334 4915 491 4971 malis
510 4931 631 4985 qua:
659 4916 710 4969 in
739 4914 990 4985 praesenti
1035 4923 1276 4984 tempore
1305 4915 1614 4980 toleramus,
1646 4916 1725 4971 sic
1746 4916 1910 4970 etiam

335 5005 426 5061 hic
449 5004 594 5068 facit,
609 5019 674 5058 ac
690 5004 839 5068 dicit,
868 5003 1008 5057 ﬁrmi
1022 5004 1277 5059 debemus
1295 5006 1526 5059 existere
1540 5014 1598 5059 ut
1618 5005 1915 5060 habeamus

335 5101 588 5172 gratiam,
613 5100 714 5154 hoc
738 5106 822 5153 est
847 5098 1050 5168 gratias
1080 5112 1304 5169 agamus
1328 5101 1460 5164 Deo,
1489 5114 1597 5153 non
1619 5098 1791 5154 solum
1822 5099 1914 5154 de-

292 5222 295 5225 ν
334 5192 528 5249 bemus
543 5190 919 5261 equanimiter
947 5189 1089 5246 ferre
1117 5191 1398 5261 praesentia
1430 5191 1589 5255 mala,
1622 5192 1716 5246 sed
1745 5191 1910 5245 etiam

335 5283 539 5357 gratias
564 5281 641 5336 illi
668 5296 766 5352 pro
794 5280 989 5335 futuris
1031 5280 1186 5334 bonis
1220 5278 1431 5335 olferre.
1470 5277 1570 5332 Per
1594 5296 1783 5351 quam,
1833 5280 1914 5333 in-

334 5374 491 5443 quit,
537 5372 823 5429 serviamus
863 5371 990 5424 bene
1019 5370 1277 5436 placentes
1314 5370 1442 5424 Deo.
1494 5370 1607 5425 Hoc
1665 5379 1786 5435 est,
1836 5371 1959 5429 sic.

336 5461 535 5532 quippe
569 5461 868 5532 placentes,
890 5459 1001 5515 Deo
1048 5460 1315 5515 servimus
1366 5474 1488 5514 cum
1521 5461 1570 5513 ei
1605 5475 1701 5529 per
1733 5461 1915 5516 omnia

339 5552 524 5617 gratiae
545 5552 872 5608 deteruntur.
915 5547 1126 5614 Omnia,
1161 5549 1353 5620 inquit,
1384 5548 1541 5618 facite
1566 5590 1580 5614 ,
1634 5549 1745 5603 sine
1774 5566 1917 5603 mur-

342 5641 632 5697 muratione
657 5651 705 5697 et
728 5641 838 5698 sine
869 5640 1214 5708 harsitatione,
1240 5640 1382 5710 quod
1420 5641 1615 5710 quippe
1645 5641 1765 5710 quis
1786 5655 1914 5711 ope-

2018 4549 2276 4614 calatum,
2300 4549 2537 4603 ostendit
2574 4549 2699 4618 quia
2741 4547 2887 4616 jnstc
2915 4549 3092 4603 intulit
3112 4564 3231 4618 qua:
3280 4557 3606 4618 sequuntur.

2020 4641 2077 4696 Si
2098 4642 2243 4695 enim
2271 4641 2596 4695 commhium
2624 4650 2709 4695 est
2732 4655 3047 4695 concessum
3071 4681 3083 4703 ,
3131 4639 3275 4708 juste
3307 4639 3614 4695 fornicator

2017 4729 2293 4800 suppliciis
2323 4729 2551 4783 afﬁcitur
2578 4770 2593 4794 ,
2629 4728 2772 4797 juste
2799 4728 3089 4799 punientur
3110 4728 3357 4783 adulteri.
3393 4726 3492 4781 Hic
3513 4729 3615 4781 ad-

2016 4837 2207 4877 versus
2234 4822 2516 4875 hmreticos
2546 4822 2784 4884 dimicat,
2808 4830 2865 4876 et
2886 4823 3006 4877 vide
3029 4836 3190 4890 quam
3218 4822 3354 4875 bene
3388 4834 3497 4873 non
3522 4819 3611 4872 di-

2017 4913 2118 4977 xit,
2156 4912 2350 4966 iterum
2392 4911 2569 4965 nullus
2595 4913 2664 4964 sit
2683 4927 2895 4972 avarus,
2925 4913 3017 4965 sed
3040 4910 3197 4965 simul
3219 4911 3419 4964 dicens.
3449 4908 3613 4965 Tunc

2019 5005 2197 5061 intulit
2223 5005 2384 5059 veluti
2419 5020 2703 5059 commune
2724 5005 3025 5070 consilium,
3051 5020 3157 5057 non
3179 5002 3322 5057 velut
3359 5003 3426 5056 ad
3456 5004 3610 5071 ipsos

2020 5097 2162 5152 solos
2187 5110 2465 5151 sermones
2492 5096 2745 5165 dirigens.

2090 5188 2206 5246 Sint
2233 5205 2402 5243 mores
2425 5190 2537 5258 sine
2561 5190 2803 5253 avaritia,
2821 5190 3045 5244 contenti
3064 5185 3428 5258 prcesentibus.
3451 5183 3609 5251 Sint,

2020 5279 2217 5351 inquit,
2239 5294 2408 5332 mores
2430 5279 2543 5332 sine
2565 5281 2812 5344 avaritia,
2831 5294 2936 5334 non
2960 5279 3095 5333 dixit
3117 5278 3280 5333 nolite
3302 5275 3608 5345 possidere,

2022 5369 2116 5423 sed
2141 5369 2244 5421 sint
2276 5380 2443 5420 mares
2479 5368 2591 5427 sine
2619 5369 2843 5421 avaritia
2865 5407 2881 5434 ,
2919 5366 3155 5421 ostendit
3206 5362 3608 5437 philosophiam

2023 5456 2284 5526 cujusque
2319 5455 2629 5511 voluntatis.
2679 5456 2891 5510 Etenim
2936 5472 3098 5526 supra
3128 5455 3357 5517 dixerat,
3387 5462 3435 5507 et
3464 5452 3610 5517 rapi~

2024 5565 2144 5603 nam
2166 5547 2580 5602 substantiarum
2602 5558 2888 5603 vestrarum
2920 5565 3034 5602 cum
3062 5547 3255 5618 gaudio
3280 5544 3607 5615 suscepistis,

2026 5643 2168 5699 unde
2214 5641 2448 5700 ostendit
2482 5655 2575 5697 eos
2605 5656 2711 5697 non
2740 5655 2861 5697 esse
2907 5639 3145 5696 avaritizc
3174 5636 3401 5695 deditos.
3448 5632 3609 5689 Iuste
