3950 6184
336 323 435 379 56!!

322 530 683 598 prasentium,
712 531 855 601 quod
890 532 1108 602 plurimi
1149 544 1272 604 post
1314 536 1736 592 exinanitionem
1782 539 1905 593 sub-

323 621 645 675 stantiarum
676 638 919 688 suarum,
949 634 1132 694 postea
1158 625 1378 694 cupiunt
1402 626 1501 680 sub
1526 625 1746 682 obtentu
1770 625 1909 682 elec-

324 696 565 781 moSynaa
602 710 798 766 iterum
847 691 1172 785 congregare
1215 713 1452 779 divitias,
1497 725 1781 786 propterea
1826 718 1908 772 in-

321 802 459 871 quit,
489 803 597 858 sint
626 819 795 859 mores
823 804 934 860 sine
959 808 1204 872 avaritia,
1228 807 1331 863 hoc
1356 817 1456 872 est,
1482 808 1683 864 utillud
1716 825 1907 880 exspe-

323 904 537 949 ctemus
579 896 722 965 quod
774 897 895 952 usui
933 914 1069 969 opus
1105 896 1309 966 fuerit,
1354 908 1409 956 et
1450 916 1548 971 pro
1584 903 1905 959 necessariis

320 993 532 1040 tantum
577 1002 762 1042 curam
800 1003 1068 1058 geramus.
1123 989 1277 1057 Quod
1325 1006 1454 1063 ergo
1497 992 1632 1047 dicit
1669 992 1901 1065 aliquis,

319 1077 435 1132 sive
479 1078 718 1149 ipsorum
749 1082 1178 1137 necessariorum
1209 1085 1364 1139 nobis
1394 1086 1670 1156 contingat
1707 1087 1907 1145 habere
1938 1076 1951 1083 ’

318 1166 600 1239 suffragia,
626 1184 729 1223 non
759 1178 841 1236 est
867 1171 986 1233 hoc,
1019 1171 1179 1226 crede
1208 1172 1361 1238 mihi,
1391 1190 1496 1229 non
1518 1184 1624 1230 est.

387 1257 515 1326 Ipse
546 1257 744 1328 quippe
772 1258 903 1312 dixit
926 1273 943 1311 :
966 1258 1091 1314 Non
1128 1270 1177 1314 te
1210 1262 1468 1326 deseram,
1496 1282 1657 1336 neque
1685 1265 1907 1321 derelin-

315 1362 512 1418 quam;
543 1346 617 1400 ita
651 1356 705 1399 ut
728 1347 1046 1416 conﬁdenter
1068 1335 1348 1407 dicamus:
1370 1351 1626 1408 Dominus
1660 1355 1788 1408 mitti
1812 1356 1904 1411 ad-

310 1436 465 1504 jutor
488 1444 597 1502 est,
624 1454 724 1490 non
746 1438 932 1492 timebo
952 1441 1078 1510 quid
1106 1441 1269 1510 faciat
1302 1444 1428 1498 mihi
1456 1446 1630 1500 homo.
1680 1446 1899 1514 lterum,

315 1525 369 1579 in
408 1527 796 1582 tentatiuuibus
822 1530 1117 1587 consolatio
1141 1550 1152 1585 :
1181 1533 1294 1602 ipse
1316 1535 1511 1608 quippe
1536 1538 1671 1593 dixit
1697 1547 1751 1593 et
1780 1556 1904 1610 pro-

315 1616 465 1669 tinus
494 1616 638 1670 nulla
680 1619 889 1674 ratione
930 1621 1206 1687 mentitus,
1239 1626 1492 1692 quoniam
1533 1635 1582 1681 te
1620 1645 1723 1682 non
1760 1630 1905 1684 dere-

312 1707 571 1778 linquam,
603 1709 827 1777 proinde
865 1726 984 1765 cum
1015 1712 1336 1769 conﬁdentia
1374 1732 1474 1771 nos
1502 1718 1680 1774 dicere
1706 1735 1900 1788 possu-

1417 332 1720 390 HOMILHE
1760 331 1824 388 IN
1864 333 2121 392 EVANG.
2160 335 2248 392 ET
2285 336 2505 397 EPlST.

326 454 452 510 ergo
484 453 582 494 eos
614 438 868 496 admonet
891 481 907 507 ,
958 443 1350 513 sufﬁcientiam,
1397 445 1601 515 inquit,
1666 447 1910 502 habentes
1938 451 1990 509 Α

3483 363 3517 417 3

3521 365 3588 420 70

2522 451 2800 510 HOMILIA
2847 455 2937 513 CX
2946 459 3073 516 Vill.

2574 557 2704 597 ιτειι
2753 561 2911 602 ΡΕΒΙΔ
2948 564 3023 605 ιν.

2127 644 2310 701 Lectio
2348 648 2519 703 sancti
2555 648 2832 721 Evangelii
2869 657 3168 713 secundum
3200 659 3463 719 Marcum.

2078 758 2143 812 In
2192 757 2283 812 illo
2313 769 2556 843 tempore,
2584 778 2701 815 cum
2735 780 2969 843 egressus
2992 778 3122 824 esset
3153 769 3309 828 Iesus
3341 774 3394 828 in
3426 777 3587 843 uiam,

2001 830 2567 913 procurrensquidam
2602 849 2735 901 genu
2762 830 2907 913 ﬂes-0
2929 849 3062 913 ante
3100 856 3225 913 eum
3261 845 3476 913 rogabat
3509 830 3588 900 di:

2003 897 2445 1004 cens..'.illaqister
2482 897 2641 966 bona,
2684 897 2815 972 quid
2835 906 3032 974 faciam
3061 919 3117 962 ut
3146 912 3303 966 vitam
3319 897 3587 970 "a'tt'rnalns

2003 982 2279 1004 "omnium
2332 978 2337 981 ’

2001 982 2280 1036 perri/aunt
2299 982 2314 1021 1

2069 1074 2349 1139 Audierat,
2381 1064 2565 1142 credo,
2597 1079 2700 1135 iste
2727 1082 2984 1149 quaesitor
3020 1085 3146 1140 vita:
3180 1095 3395 1143 azternte
3421 1105 3451 1144 a
3481 1090 3587 1146 Do-

2001 1162 2169 1228 mino,
2202 1172 2409 1219 tantum
2439 1180 2534 1221 eos
2559 1168 2649 1238 qui
2684 1172 3027 1238 parvulorum
3062 1174 3228 1230 velint
3271 1192 3395 1233 esse
3430 1179 3581 1232 simi-

2000 1251 2098 1318 les,
2134 1253 2325 1322 dignos
2361 1270 2483 1310 esse
2511 1257 2729 1312 introitu
2772 1261 2921 1329 regni
2960 1263 3218 1330 cmlestis,
3266 1275 3427 1336 atque
3464 1269 3586 1324 ideo

2013 1358 2203 1397 curam
2239 1359 2437 1414 gerens
2476 1354 2742 1401 tractatus
2776 1349 3048 1417 certioris,
3085 1352 3188 1407 sibi
3218 1369 3324 1407 non
3358 1368 3456 1413 uer
3480 1370 3574 1424 pa-

2009 1437 2251 1502 rabolas,
2310 1438 2403 1492 sed
2439 1450 2627 1508 aperte
2659 1440 2873 1507 quibus
2888 1459 3115 1513 opt-rum
3167 1447 3377 1502 meritis
3406 1447 3583 1502 vitam

1999 1538 2259 1584 aeternam
2278 1534 2539 1601 consequi
2561 1538 2760 1601 possit,
2783 1536 3026 1599 exponit.

2069 1614 2225 1670 Iesus
2279 1627 2451 1669 autem
2512 1617 2647 1671 dixit
2701 1619 2750 1671 ei
2780 1633 2798 1670 :
2834 1618 2983 1685 Quid
3031 1621 3295 1680 medicis
3350 1627 3539 1683 bonum
3562 1630 3599 1683 .9“

2006 1703 2173 1758 Nemo
2195 1705 2359 1758 bonus
2387 1706 2487 1759 nisi
2506 1723 2641 1759 unus
2666 1707 2822 1761 Dens.
2858 1708 2991 1775 Quia
3014 1713 3328 1783 magistrum
3354 1732 3583 1774 vocave-

314 1812 460 1860 mus,
490 1796 747 1852 Dominus
773 1800 901 1853 mihi
927 1801 1143 1870 adjutor
1171 1813 1270 1867 est,
1310 1820 1414 1860 non
1452 1807 1637 1862 timebo
1663 1809 1789 1879 quid
1818 1809 1902 1880 fa—
1931 1790 1974 1849 Β
2004 1804 2085 1849 κη
2126 1796 2325 1853 ιπηιυηῖ
2362 1806 2418 1850 et
2455 1812 2561 1851 “0"
2612 1799 2778 1853 Deum
2826 1800 2911 1854 "el
2953 1802 3046 1856 θεῖ
3092 1804 3259 1859 ﬁlim“
3305 1807 3583 1864 confessus

312 1889 416 1941 ciat
440 1888 571 1940 mihi
594 1889 767 1944 homo.
816 1890 1146 1946 Promissum
1178 1895 1364 1959 habes,
1389 1911 1494 1950 non
1531 1898 1695 1954 debes
1735 1901 1897 1956 Inusi-

243 1994 249 1998 ’
315 1988 453 2032 tare.
504 1977 625 2048 Ipse
651 1980 895 2049 promisit
925 1996 1032 2035 non
1064 1980 1328 2053 ambigas,
1357 1987 1497 2059 quod
1520 1998 1701 2042 autem
1726 1990 1858 2045 dicit
1882 2031 1899 2058 ,

312 2086 418 2122 non
461 2078 510 2123 te
545 2070 899 2140 derelinquam
929 2088 949 2126 :
976 2088 1083 2126 non
1113 2074 1178 2127 dc
1215 2077 1455 2144 pecuniis
1501 2086 1707 2134 tantum
1749 2080 1901 2148 dicit,

312 2158 409 2213 sed
441 2160 606 2214 etiam
633 2159 699 2214 de
720 2161 838 2215 aliis
870 2164 1101 2218 cunctis.
1134 2163 1409 2232 Dominus,
1439 2167 1631 2239 inquit,
1653 2171 1781 2225 mihi
1802 2174 1899 2226 atl-

304 2251 461 2322 jutor
486 2261 586 2317 cst,
614 2268 717 2305 non
747 2254 933 2308 timebo
957 2256 1083 2326 quid
1112 2256 1269 2326 faciat
1300 2259 1425 2312 milii
1452 2261 1627 2326 homo,
1657 2271 1712 2316 et
1733 2274 1897 2330 recte,

313 2343 419 2396 hoc
458 2342 624 2411 igitur
654 2345 817 2398 etiam
856 2362 955 2402 nos
986 2347 1036 2400 in
1073 2348 1340 2405 universis
1384 2353 1765 2409 tentationibus
1802 2370 1899 2410 ex-

312 2432 650 2498 clamcmus,
697 2442 750 2490 et
796 2435 963 2491 Deum
1008 2438 1270 2494 balentes
1320 2442 1610 2511 propitium
1665 2444 1900 2500 humana

310 2522 496 2575 omnia
526 2522 865 2581 irrideamus.
910 2524 1061 2581 Sicut
1094 2529 1237 2582 enim
1278 2528 1391 2585 Deo
1429 2531 1741 2601 indignante
1770 2534 1901 2589 nihil

312 2613 475 2667 nobis
525 2613 784 2682 proderit,
839 2632 903 2672 ac
950 2617 995 2671 si
1051 2619 1226 2673 cuncti
1266 2621 1426 2676 amici
1467 2622 1784 2690 consistant,
1822 2625 1902 2680 sic

309 2706 478 2757 etiam
526 2704 636 2759 Deo
674 2720 772 2761 nos
813 2707 1066 2779 diligente
1107 2709 1249 2764 nulla
1276 2712 1429 2766 nobis
1455 2713 1560 2768 erit
1586 2715 1898 2781 necessitas,

310 2792 458 2845 milia
510 2793 678 2860 laesio,
723 2810 788 2849 ac
818 2796 863 2850 si
904 2812 1001 2851 nos
1032 2800 1211 2853 cuncti
1238 2800 1901 2873 hostiliterinscquantur.

314 2878 441 2935 Non
469 2884 675 2949 timebo,
704 2885 897 2953 inquit,
925 2889 1053 2958 quid
1076 2889 1242 2959 faciat
1271 2893 1399 2945 mihi
1421 2893 1594 2948 homo.

383 2971 699 3028 Mementote
719 2980 1116 3046 praywsitorum
1151 2991 1431 3036 vestrorum
1459 2985 1550 3054 qui
1578 2986 1715 3041 vobis
1737 2987 1898 3043 locuti

311 3073 434 3115 sunt
476 3063 682 3117 verbum
718 3065 843 3130 Dei;
873 3085 1093 3137 quarunt
1127 3072 1382 3127 intuentes
1407 3076 1600 3130 exitum
1625 3094 1895 3133 conversa-

2002 1896 2141 1951 erat,
2191 1887 2350 1942 discit
2394 1889 2637 1957 quamvis
2678 1899 2925 1945 sanctum
2964 1892 3257 1962 hominem,
3305 1914 3584 1970 compara-

2001 1977 2147 2031 tione
2172 1976 2265 2030 Dei
2294 1993 2397 2031 non
2428 1991 2547 2032 esse
2579 1979 2799 2031 bonum.
2838 1979 2913 2035 De
2943 1997 3050 2050 quo
3089 1983 3286 2038 dicitur
3316 2004 3328 2039 :
3353 1984 3585 2056 Con/ite-

2000 2066 2131 2119 mini
2188 2064 2409 2119 Domino
2464 2068 2708 2137 quoniam
2755 2068 2936 2124 bonus.
3003 2070 3154 2127 Unus
3207 2078 3386 2130 autem
3447 2078 3588 2134 Deus

1999 2155 2172 2208 bonus
2203 2170 2306 2208 non
2334 2163 2487 2225 pater
2517 2156 2660 2211 solus
2686 2159 3060 2230 intelligendus
3086 2173 3189 2229 est,
3218 2165 3314 2221 sed
3352 2176 3405 2220 et
3447 2167 3587 2225 ﬁlius

1999 2244 2089 2314 qui
2140 2243 2308 2299 dicit:
2338 2244 2451 2315 liga
2496 2262 2611 2299 sum
2657 2244 2848 2301 Pastor
2891 2249 3075 2314 bonus,
3120 2254 3215 2308 sed
3257 2264 3312 2310 et
3355 2256 3599 2325 Spiritus

2000 2342 2238 2396 sanctus,
2263 2334 2388 2403 quia
2415 2332 2575 2388 Pater
2595 2335 2659 2389 de
2680 2335 2805 2390 cwlo
2831 2337 2974 2392 dabit
3002 2340 3242 2407 spiritum
3277 2343 3469 2396 bonum
3498 2362 3595 2415 pe-

1999 2422 2221 2477 tentibus
2266 2440 2341 2477 se.
2392 2424 2446 2478 IJ
2494 2434 2595 2490 est,
2637 2426 2751 2495 ipsa
2789 2442 2891 2481 una
2931 2438 2985 2484 et
3024 2430 3295 2487 individua
3327 2433 3591 2499 Trinitas,

1999 2510 2180 2577 Pater,
2208 2521 2264 2567 et
2311 2512 2503 2579 Filius,
2550 2524 2609 2570 et
2645 2516 2876 2586 Spiritus
2909 2531 3148 2587 sanctus,
3192 2522 3336 2578 solus
3363 2533 3417 2579 et
3444 2541 3586 2580 unus

1998 2602 2144 2659 Deus
2185 2606 2359 2661 bonus
2393 2616 2497 2661 est.
2556 2606 2671 2662 Non
2711 2609 2874 2677 igitur
2903 2610 3158 2668 Dominus
3181 2630 3238 2669 se
3266 2614 3463 2671 bonum
3491 2633 3585 2672 ne-

1997 2704 2120 2767 gat,
2153 2713 2213 2752 se
2240 2713 2360 2753 esse
2390 2699 2558 2755 Deum
2586 2701 2870 2771 signiﬁcat.
2919 2703 3033 2759 Non
3062 2721 3119 2759 se
3148 2709 3459 2778 magistrum
3488 2710 3583 2764 bo-

1997 2802 2123 2840 num
2166 2804 2270 2843 non
2301 2804 2448 2854 esse,
2496 2790 2588 2845 sed
2626 2793 2945 2863 magistrum
2984 2796 3187 2867 absque
3225 2799 3335 2855 Deo
3374 2800 3587 2857 nullum

1995 2878 2196 2933 bonum
2244 2894 2363 2935 esse
2408 2890 2657 2937 testatur.

2069 2966 2340 3041 Praecepta
2367 2975 2502 3027 nosti
2524 2987 2543 3026 :
2568 2975 2650 3029 Ne
2668 2976 2952 3043 adulteras,
2978 2979 3060 3034 Ne
3081 2981 3308 3049 occidas,
3336 2982 3413 3038 Ne
3434 2983 3599 3054 fure-°

1995 3059 2087 3125 ris,
2119 3059 2197 3114 Ne
2209 3062 2401 3131 falsum
2421 3067 2770 3119 testimonium
2791 3067 3006 3132 dixeris,
3026 3068 3109 3124 Ne
3121 3071 3579 3142 frandemfeceris,

310 3152 490 3216 tionis,
516 3152 795 3208 imitamini
816 3157 995 3224 ﬁdem.
1045 3158 1099 3212 In
1131 3161 1234 3216 hoc
1256 3161 1374 3219 loco
1403 3165 1564 3219 etiam
1592 3167 1657 3222 de
1681 3169 1895 3240 adjuto-

2002 3151 2219 3206 Honora
2249 3164 2450 3223 patrem
2475 3165 2621 3210 tuam
2650 3168 2696 3211 et
2729 3169 2967 3214 matrem.
3006 3161 3134 3218 Hzcc
3154 3173 3236 3218 est
3257 3165 3477 3233 puerilis
3501 3167 3582 3221 itt-

310 3241 393 3294 rio
430 3242 481 3295 in
522 3242 717 3298 fratres
760 3262 880 3300 eum
921 3249 1172 3306 existimo
1214 3253 1394 3310 dicere
1431 3273 1444 3309 :
1478 3257 1580 3311 hoc
1624 3266 1709 3312 est
1754 3259 1896 3314 enim

311 3334 455 3401 quod
486 3335 636 3400 dicit,
676 3339 764 3408 qui
793 3340 931 3393 vobis
954 3340 1112 3395 locati
1143 3354 1262 3398 sunt
1293 3347 1499 3400 verbum
1525 3348 1647 3413 Dei,
1673 3366 1896 3420 quorum

310 3425 715 3493 contemplantes
744 3428 935 3480 exitum
977 3435 1381 3487 conversationis
1411 3434 1686 3491 imitamini
1712 3438 1893 3507 ﬁdem.

310 3512 448 3579 Quid
469 3523 554 3568 est
580 3517 1044 3585 contemplantes?
1072 3523 1266 3592 saepius
1304 3525 1483 3581 animo
1513 3538 1811 3595 versantes,
1840 3537 1895 3585 et

310 3604 449 3672 apud
477 3607 834 3676 nosmetipsos
854 3610 1247 3677 examinantes,
1278 3615 1702 3682 considerantes,
1724 3619 1896 3673 subti-

310 3691 436 3746 liter
471 3694 846 3762 discutientes,
889 3698 1081 3768 inquit,
1119 3702 1314 3754 exitum
1343 3706 1765 3772 conversationis,
1793 3707 1895 3764 hoc

308 3792 414 3846 cst,
439 3788 898 3853 perseverantiam
927 3806 1097 3860 usque
1139 3791 1190 3846 in
1224 3792 1403 3861 ﬁnem,
1441 3798 1692 3866 quoniam
1732 3800 1893 3855 tinem

309 3873 498 3928 habuit
523 3878 719 3930 bonum
741 3893 928 3933 eorum
949 3884 1304 3949 conversatio,
1331 3882 1592 3955 Optimam
1614 3888 1890 3957 intuentes,

310 3961 504 4030 inquit,
528 3981 707 4018 eorum
731 3966 1186 4032 vitamfmitamini
1204 3971 1381 4040 ﬁdem.
1429 3973 1506 4028 Ex
1532 3975 1641 4028 vita
1667 3978 1886 4043 munda,

310 4053 468 4107 ﬁdem
502 4055 768 4110 firmatam
811 4059 975 4125 dicit;
1010 4061 1322 4128 quomodo?
1370 4065 1622 4133 qttoniam
1664 4067 1890 4122 credunt

310 4145 378 4196 de
409 4144 622 4199 futuris.
672 4144 788 4200 Non
818 4148 959 4202 enim
992 4151 1337 4207 ostenderent
1366 4154 1531 4208 vitam
1559 4156 1814 4211 mundam
1843 4158 1890 4213 si

310 4234 627 4290 hmsitarent
648 4239 712 4291 de
742 4237 956 4294 futuris.

379 4324 533 4379 Jesus
571 4324 810 4381 Christus
847 4330 959 4382 lteri
994 4339 1041 4383 et
1079 4331 1253 4397 hodie,
1294 4333 1399 4405 ipse
1426 4336 1481 4389 in
1506 4337 1698 4392 stecula
1723 4356 1889 4395 sa‘cu-

306 4411 498 4467 lorum.
533 4413 661 4470 lleri
686 4432 845 4471 omne
870 4420 1201 4489 praeteritum
1229 4423 1496 4493 significat
1528 4435 1758 4498 tempus,
1793 4431 1887 4485 bo-

306 4504 395 4558 die
417 4518 658 4573 prtesens
682 4514 741 4561 et
780 4511 974 4563 satctda
1000 4511 1338 4587 stectdorum,
1371 4514 1607 4571 futurum
1631 4519 1746 4574 sine
1773 4528 1883 4575 ter-

307 4594 475 4648 mino.
514 4592 795 4663 Tanquam
833 4597 879 4651 si
909 4599 1135 4665 diceret,
1171 4601 1411 4661 Audistis
1439 4608 1764 4675 pontificem,
1794 4613 1887 4668 sed

307 4701 413 4738 nun
454 4685 764 4755 pontificem
800 4689 892 4758 qui
933 4690 1146 4746 desinat
1172 4707 1314 4760 esse,
1356 4711 1568 4767 semper
1607 4699 1746 4755 idem
1773 4703 1887 4774 ipse

304 4784 409 4829 est.
469 4776 646 4832 Veluti
674 4778 721 4832 si
744 4790 926 4833 essent
950 4781 1166 4850 quidam
1191 4785 1280 4853 qui
1307 4785 1566 4851 dicerent,
1599 4792 1740 4859 quod
1780 4808 1885 4848 non

303 4876 407 4929 est,
453 4871 547 4925 sed
584 4869 722 4925 alter
749 4879 1014 4928 venturus
1034 4881 1135 4928 est.
1168 4874 1249 4928 Ad
1276 4876 1380 4931 hoc
1416 4880 1712 4947 respondit,
1743 4883 1887 4951 quod

304 4960 398 5030 qui
438 4958 539 5015 fuit
585 4961 705 5015 heri
743 4961 857 5032 ipse
889 4963 1046 5018 hodie
1074 4974 1131 5019 et
1161 4966 1214 5020 in
1242 4969 1515 5035 saeculum,
1547 4986 1672 5025 nam
1703 4973 1886 5029 hodie-

302 5046 421 5117 que
459 5048 627 5104 Judrei
676 5051 861 5105 dicunt
907 5052 1070 5106 alium
1115 5066 1239 5108 esse
1292 5065 1578 5112 venturum
1637 5069 1887 5130 expertes

302 5140 657 5211 semetipsos,
694 5142 765 5196 ab
802 5142 1173 5199 eo‘redientes
1204 5146 1296 5214 qui
1330 5162 1493 5203 verus
1528 5157 1614 5204 est
1645 5151 1884 5220 pontifex

301 5229 706 5285 declinaverunt
746 5231 800 5287 in
842 5248 1107 5300 errorem,
1152 5243 1213 5290 ut
1258 5234 1652 5295 Antichristum
1694 5251 1884 5312 putent

298 5332 423 5374 esse
472 5330 797 5389 venturum;
848 5338 1009 5393 quem
1063 5341 1304 5382 errorem
1361 5329 1667 5401 quicunque
1716 5348 1877 5389 secu-

297 5418 390 5465 tus
432 5413 614 5479 fuerit,
657 5414 703 5469 si
751 5431 859 5471 non
899 5431 959 5472 se
1004 5420 1323 5486 correxerit,
1362 5437 1461 5477 nec
1504 5423 1876 5492 paenitentiam

293 5504 615 5575 condignam
642 5505 766 5563 inde
794 5510 989 5581 egerit,
1017 5510 1212 5568 inferni
1235 5514 1533 5571 cruciatum
1553 5517 1700 5574 nullo
1720 5519 1877 5576 modo

293 5594 525 5651 evadere
546 5598 767 5668 poterit.

1998 3245 2261 3299 nocentiae
2289 3248 2530 3312 castitas,
2561 3265 2682 3318 qua:
2709 3251 2865 3306 nobis
2894 3252 3150 3309 imitanda
3185 3257 3503 3326 proponitur
3536 3258 3583 3314 si

1998 3350 2223 3406 regnum
2253 3337 2346 3392 Dei
2385 3338 2628 3393 volumus
2656 3340 2879 3396 intrare.
2931 3341 3234 3399 Notandum
3273 3361 3401 3401 sane
3438 3347 3583 3417 quod

1987 3420 2194 3491 justitia
2224 3424 2356 3496 legis
2382 3441 2478 3481 suo
2504 3434 2745 3498 tempore
2771 3431 3063 3497 custodita,
3106 3449 3211 3488 non
3245 3433 3415 3490 solum
3444 3437 3583 3491 bona

1994 3523 2173 3581 torrat,
2215 3532 2403 3572 verum
2434 3519 2596 3574 etiam
2645 3520 2758 3577 suis
2799 3520 3095 3579 cultoribus
3130 3525 3299 3580 vitam
3337 3525 3598 3583 confere-

1993 3606 2088 3660 bat
2130 3615 2411 3662 asternam.

2063 3698 2134 3752 Et
2192 3699 2282 3754 ille
2336 3701 2650 3769 respondens
2711 3704 2787 3758 ait
2830 3721 2850 3759 :
2893 3705 3145 3777 Magister
3178 3749 3193 3775 ,
3247 3711 3363 3765 Iure
3405 3713 3582 3767 omnia

1991 3789 2250 3842 observavi
2282 3805 2343 3863 ῥα
2396 3790 2666 3857 juventute
2719 3808 2855 3847 mea.
2921 3795 3077 3851 Iesus
3132 3811 3309 3854 autem
3362 3802 3599 3858 intuitus

1989 3895 2125 3945 eum,
2176 3881 2358 3936 dilexit
2403 3899 2545 3949 eum,
2595 3894 2642 3938 et
2691 3885 2824 3940 dixit
2878 3886 2958 3941 illi
2999 3905 3026 3944 τ
3056 3888 3231 3945 Unum
3277 3892 3371 3947 tibi
3418 3894 3591 3950 deest-

1989 3969 2107 4024 Non
2154 3979 2237 4025 est
2289 3974 2560 4042 putandus
2615 3975 2778 4032 homo
2838 3977 2941 4034 iste
2985 3980 3068 4034 vel
3125 3990 3249 4037 voto
3300 3987 3599 4051 tentantis,-

1989 4069 2049 4114 ttt
2098 4061 2314 4130 quidam
2378 4076 2678 4134 putavcre,
2729 4067 3021 4125 Dominum
3066 4071 3470 4146 interrogasse,
3519 4086 3593 4131 ct.

1990 4151 2057 4206 de
2098 4168 2195 4206 sua
2245 4169 2366 4208 esse
2416 4155 2522 4208 vita
2560 4158 2818 4213 mentitus
2845 4198 2860 4224 ,
2898 4175 3021 4214 eum
3061 4177 3119 4216 se
3154 4162 3288 4234 legis
3330 4167 3587 4220 mandata

1988 4245 2288 4301 custodisse
2331 4246 2568 4314 diccbat,
2622 4250 2716 4304 sed
2761 4251 3079 4321 simpliciter
3122 4262 3181 4307 ut
3220 4255 3414 4308 vixerit
3458 4268 3585 4312 esse

1992 4336 2294 4404 confessus,
2322 4341 2447 4409 quia
2496 4340 2542 4395 si
2582 4342 2862 4396 mendacio
2901 4352 2990 4396 aut
3033 4344 3391 4400 simulationis
3434 4362 3583 4402 noxa

1991 4440 2114 4482 reus
2161 4435 2456 4495 teneretur,
2508 4444 2847 4500 nequaquam
2895 4431 3121 4487 intuitus
3159 4449 3354 4490 arcana
3397 4437 3575 4494 cordis

1988 4519 2105 4590 ejus
2135 4521 2358 4591 diligere
2397 4522 2668 4575 diceretur
2695 4521 2870 4577 Jesus.
2918 4523 3098 4596 Diligit
3136 4528 3282 4582 enim
3318 4528 3598 4588 Dominus-

1988 4605 2082 4664 eos
2111 4610 2200 4679 qui
2239 4609 2494 4664 mandata
2522 4610 2675 4683 legis,
2709 4614 2956 4681 quamvis
2981 4616 3215 4685 tuittora,
3243 4604 3591 4689 cusiodiunt,

1989 4703 2081 4758 sed
2114 4703 2463 4758 nihilominus
2491 4705 2632 4773 quod
2669 4705 2722 4758 in
2763 4704 2878 4776 lege
2915 4708 3093 4764 minus
3132 4708 3328 4780 fuerat,
3369 4715 3452 4770 his
3481 4717 3593 4788 qui‘

1987 4793 2211 4864 perfecti
2255 4810 2376 4849 esse
2425 4795 2735 4850 desiderant
2778 4800 3060 4855 ostendit:
3095 4803 3220 4872 quia
3269 4821 3374 4861 non
3425 4808 3576 4863 venit

1987 4886 2196 4941 solvere
2218 4886 2388 4957 legem
2413 4896 2503 4940 aut
2527 4889 2835 4958 prophetas,
2861 4891 2954 4946 sed
2977 4893 3289 4964 adimplere.
3308 4896 3388 4952 Ad
3408 4913 3576 4970 quam

1984 4978 2234 5049 profecto
2281 4979 2716 5049 adimpletionem
2758 4983 3203 5051 pertinetyouod
3247 4989 3337 5043 hic
3381 5004 3552 5049 couse

1983 5076 2212 5139 quenter
2249 5067 2508 5139 adiungit.

2062 5158 2227 5225 Vade,
2251 5177 2573 5232 quacunque
2603 5161 2760 5216 habes
2787 5167 3025 5219 venrle'et
3054 5166 3122 5220 da
3150 5169 3488 5237 pauperibus,
3519 5174 3579 5223 et.

1980 5246 2190 5301 habebis
2215 5248 2516 5302 thesaurum
2551 5250 2605 5305 in
2633 5251 2792 5316 creto;
2819 5263 2867 5305 et
2894 5255 3027 5318 veni,
3056 5272 3267 5325 sequere
3290 5272 3385 5310 me.
3434 5257 3565 5324 Qui-

1982 5352 2194 5407 cunque
2236 5337 2510 5407 perfectus
2550 5355 2670 5396 esse
2716 5343 2949 5399 voluerit
2996 5345 3153 5400 debet
3187 5347 3570 5414 vendere~qure

1979 5428 2161 5494 habet,
2192 5438 2382 5484 etnon
2410 5444 2475 5485 ex
2506 5440 2659 5500 parte
2699 5435 2962 5499 vendere,
2998 5436 3415 5492 sicut-Ammius:
3441 5435 3572 5493 fecit

1978 5530 2033 5574 et
2070 5519 2323 5590 Saphira,
2369 5522 2462 5577 sed
2491 5532 2658 5577 totum
2700 5526 2951 5589 vendere,
2983 5536 3055 5591 et,
3095 5527 3564 5605 cum‘vcndlderit,

1979 5612 2108 5666 dare
2136 5626 2297 5667 omne
2326 5613 2651 5681 pauperibus
2671 5655 2686 5679 ,
2709 5623 2762 5668 et
2783 5616 2862 5669 sic
2885 5616 2988 5670 sibi
3018 5632 3321 5687 prieparare
3347 5618 3565 5676 thesau-

1980 5719 2098 5756 rum
2139 5702 2191 5757 iu
2231 5715 2397 5758 renuo
2426 5703 2706 5760 calorum.
2760 5705 2869 5763 Nec
2912 5707 3014 5762 hoc
3060 5707 3133 5762 ad
3170 5709 3566 5783 perfectionem
