3950 6184
379 339 476 392 δτι

1030 339 1086 393 Β.
1128 338 1376 392 RABANI
1419 338 1632 405 SMC-Ri
1666 337 1982 393 ARClilEP.
2028 337 2332 396 MCGUNT.
2372 341 2653 401 OPEBUM
2690 342 2867 396 PARS
2903 341 2966 396 ιι.

3536 341 3642 398 ’ὁτῖ

376 448 594 511 suifreit,
619 450 721 502 nisi
749 457 866 518 post
896 458 1230 517 contemptas
1258 448 1474 502 divitias
1513 447 1847 502 Salvatorem
1871 463 1953 502 se-
1981 453 2026 508 Α
2057 451 2334 516 altissimi,
2366 467 2464 508 nec
2490 468 2547 508 se
2573 453 2773 527 aliquid
2805 469 2925 513 cum
2957 451 3046 507 illo
3078 452 3229 524 pacis
3250 461 3342 511 ant
3367 457 3647 510 societatis

378 547 599 609 quatnr,
650 539 702 592 id
740 549 844 604 est,
885 528 1084 592 relictis
1121 537 1295 604 malis,
1333 537 1495 591 faciat
1523 539 1681 591 bona.
1720 537 1953 592 Facilius

378 630 521 683 enim
577 629 821 683 sacculus
872 627 1232 682 contemnitur
1271 642 1430 697 quam
1475 629 1742 682 voluntas.
1804 628 1952 682 Multi

379 723 592 776 divitias
622 721 981 789 relinquentes
1019 720 1306 776 Dominum
1337 736 1442 774 non
1469 731 1786 791 sequuntur.
1850 720 1951 774 Se-

378 813 558 880 quitur
590 821 766 878 autem
797 811 1076 864 Dominum
1104 811 1194 879 qui
1223 811 1463 865 imitator
1490 812 1607 881 ejus
1639 821 1744 874 est,
1776 821 1830 864 et
1857 825 1954 879 per

376 903 598 971 vestigia
633 903 769 956 illius
789 904 1049 972 graditur.
1103 902 1204 971 Qui
1241 903 1386 956 enim
1413 904 1542 958 dicit
1565 919 1623 956 se
1649 903 1702 956 in
1735 903 1954 957 Christo

373 993 614 1054 credere,
645 992 802 1046 debet
829 993 1097 1062 quomodo
1129 992 1215 1046 ille
1245 992 1541 1046 ambulavit
1587 1002 1638 1047 et
1685 994 1798 1063 ipse
1838 1009 1953 1047 am-

374 1083 577 1146 bulare,
609 1083 791 1152 sicque
821 1086 1095 1155 perveniet
1131 1083 1198 1137 ad
1231 1097 1451 1153 regnum
1491 1083 1734 1139 cmleste.

903 1194 1182 1258 llOMlLlA
1230 1194 1415 1250 CXIX.

1019 1304 1172 1350 FER“
1221 1304 1295 1342 γι.

496 1401 678 1467 Lectio
714 1403 887 1462 sancti
929 1400 1200 1470 Evangelii
1241 1401 1534 1456 secundum
1569 1401 1829 1457 Marcum.

375 1510 436 1565 In
476 1511 566 1564 illo
613 1520 838 1580 tempore
881 1510 1010 1564 canit
1057 1509 1212 1562 Jesns
1255 1512 1307 1563 in
1360 1511 1616 1578 regionem
1662 1511 1951 1565 Geraseno-

439 1597 573 1633 rum.
626 1579 694 1632 Et
717 1579 952 1644 exeunti
985 1582 1032 1634 ei
1069 1581 1131 1632 de
1161 1582 1276 1633 nari
1303 1581 1479 1632 statim
1505 1583 1728 1633 occurrit
1757 1582 1820 1633 de
1847 1599 1954 1634 inoo

441 1652 700 1704 numentis
723 1651 874 1703 homo
899 1651 953 1702 in
977 1651 1162 1720 spiritu
1183 1651 1471 1703 immundo.
1502 1649 1603 1715 Qui
1628 1651 1950 1705 domicilium

438 1720 654 1772 habebat
683 1723 734 1773 in
758 1720 1118 1782 monumentis,
1144 1729 1248 1773 etc.

438 1811 608 1865 llomo
639 1811 739 1866 iste
769 1813 857 1882 qui
896 1812 1086 1883 spiritu
1115 1813 1412 1866 vexabatur
1437 1812 1730 1875 immundo,
1764 1822 1819 1867 et
1847 1814 1949 1868 Do-
1979 1788 2025 1844 Β

370 1909 515 1960 mino
541 1921 775 1960 vesanus
812 1906 906 1960 sed
948 1921 1070 1959 mox
1115 1906 1387 1959 curandus
1425 1906 1682 1971 occurrit,
1726 1905 1951 1976 ﬁguram

371 2008 532 2060 habet
608 2006 788 2078 populi
813 2006 1044 2076 gentilis,
1087 2005 1176 2072 qui
1206 2019 1378 2073 usque
1405 2005 1471 2058 ad
1497 2012 1734 2074 tempora
1767 2003 1950 2058 Domi-

370 2081 501 2152 nieae
546 2097 934 2152 incarnationis
973 2077 1318 2150 dtemoniacis
1379 2095 1594 2150 delusus
1651 2096 1950 2160 doctrinis,

369 2189 506 2244 ilola
543 2204 638 2258 pro
677 2188 785 2242 Deo
833 2187 1059 2246 colebat.
1110 2185 1214 2251 Qui
1265 2186 1585 2240 domicilium
1632 2187 1849 2240 habebat
1897 2189 1950 2242 in

367 2278 736 2341 monumentis,
785 2278 908 2347 quia
951 2278 1005 2331 in
1054 2277 1282 2331 mortuis
1326 2275 1598 2346 operibus,
1637 2277 1740 2330 hoc
1769 2285 1869 2341 est,
1899 2277 1950 2330 in

367 2371 604 2446 peccatis
629 2369 1010 2433 delectabatur.
1066 2368 1204 2438 Quid
1231 2369 1380 2424 enim.
1408 2377 1534 2424 sunt
1569 2385 1793 2438 corpora
1832 2387 1952 2440 per-

366 2466 628 2528 fidorum,
693 2463 796 2517 nisi
843 2465 1087 2532 quaedam
1133 2461 1505 2516 defunctorum
1561 2461 1850 2531 sepulcra?
1898 2462 1950 2515 in

363 2555 560 2626 quibus
587 2569 692 2608 non
723 2554 815 2608 Dei
848 2552 1052 2607 habitat
1099 2566 1300 2617 sermo,
1350 2551 1447 2605 sed
1491 2551 1669 2604 anima
1713 2551 1961 2621 peccatis.

364 2656 576 2702 mortua
615 2645 928 2702 recluditur.

438 2735 506 2794 Et
538 2754 699 2808 neque
720 2739 914 2792 catenis
932 2739 1047 2807 jam
1070 2738 1341 2807 quisquam
1371 2751 1486 2789 eum
1523 2745 1724 2806 poterat
1745 2736 1948 2805 ligare,

363 2832 611 2913 quoniam
635 2847 769 2900 stcpe
790 2831 1116 2899 compedibus
1140 2840 1186 2883 et
1217 2830 1412 2882 catenis
1444 2829 1645 2882 vinctus
1673 2829 1950 2898 dirupisset

365 2938 597 2991 catenas,
649 2936 697 2980 et
741 2926 1007 2994 compedes
1040 2925 1439 2987 comminuisset,
1479 2932 1526 2976 et
1562 2939 1711 2976 nemo
1749 2930 1947 2992 poterat

365 3033 482 3083 eum
505 3015 736 3070 domare.
784 3013 1001 3082 Catenis
1025 3022 1078 3067 ct
1103 3012 1478 3082 compedibus,
1501 3027 1691 3082 graves
1718 3021 1772 3066 et
1798 3012 1945 3066 dura:

367 3109 511 3179 leges
549 3109 923 3182 significantur
951 3106 1210 3179 gentium,
1251 3105 1446 3175 quibus
1471 3105 1607 3160 etin
1637 3119 1824 3164 eorum
1861 3119 1945 3159 re-

366 3200 574 3270 publica
597 3209 817 3269 peccata
837 3199 1174 3253 cohibentur.
1223 3196 1504 3267 Ruptisque
1525 3195 1738 3258 catenis,
1765 3204 1824 3250 ut
1842 3195 1948 3249 Lu-

367 3307 459 3346 cas
507 3291 714 3356 scribit,
755 3291 1005 3360 agebatur
1051 3306 1082 3342 a
1129 3288 1387 3342 da'monio
1439 3287 1492 3340 in
1537 3286 1776 3343 deserto.
1822 3285 1946 3353 quia

366 3381 531 3454 etiam
563 3378 911 3450 transgressis
941 3378 1166 3448 legibus,
1206 3378 1272 3431 ad
1311 3391 1375 3432 ea
1416 3375 1618 3431 scelera
1655 3373 1948 3443 cupiditate

367 3471 687 3536 ducebatur,
717 3485 837 3540 qua:
857 3469 970 3540 jam
1005 3470 1279 3541 vulgarem
1311 3467 1755 3522 consuetudinem
1790 3480 1948 3522 exce-

367 3563 577 3626 tierent.

443 3654 510 3707 lit
536 3671 736 3725 semper
762 3665 908 3708 nocte
929 3671 990 3708 ac
1020 3655 1103 3708 die
1131 3656 1182 3708 in
1210 3655 1553 3707 monumentis
1587 3663 1635 3706 et
1661 3654 1713 3707 in
1756 3653 1948 3706 monti-

368 3743 462 3796 bus
484 3753 614 3807 erat,
644 3742 875 3798 clamans
912 3753 958 3796 et
1001 3743 1275 3797 concidens
1312 3760 1366 3797 se
1403 3743 1681 3813 lapidibus.
1722 3741 1950 3812 Semper

370 3845 526 3914 nocte
564 3851 629 3889 ac
673 3836 758 3890 die
799 3837 1029 3890 furiebat
1063 3837 1422 3892 daemoniosus
1461 3837 1627 3906 :quia
1676 3837 1948 3908 gentilitas

369 3929 481 3982 sive
511 3928 752 4001 adversis
789 3943 970 3999 rerum
1005 3929 1220 3982 casibus
1268 3929 1554 3991 laboraret,
1608 3945 1699 3984 seu
1748 3946 1850 3998 pax
1893 3939 1948 3985 et

369 4017 700 4086 prosperitas
749 4016 926 4085 aliqua
963 4015 1146 4070 mutuli
1184 4016 1504 4071 blandientis
1534 4020 1816 4083 arriderct,
1857 4035 1950 4074 ne-

368 4093 639 4174 quaquam
683 4119 714 4158 a
759 4104 979 4159 servitio
1023 4103 1378 4174 malignorum
1423 4106 1705 4174 spirituum
1750 4108 1946 4164 collum

373 4194 567 4256 mentis
592 4202 845 4250 excutere
875 4201 1117 4258 noverat,
1153 4193 1243 4248 sed
1273 4209 1367 4261 per
1396 4210 1617 4263 operum
1647 4196 1943 4252 fmditatem

369 4285 521 4353 quasi
553 4285 605 4340 in
645 4284 1008 4339 monumentis
1033 4282 1262 4351 iacebat.
1304 4285 1410 4358 Per
1447 4285 1642 4340 fastum
1685 4289 1948 4358 superbia:

373 4376 422 4428 iu
448 4377 707 4431 montium
728 4376 872 4447 jugis
899 4375 1136 4438 errabat,
1176 4390 1273 4445 per
1305 4377 1466 4431 verba
1500 4377 1803 4433 durissimm
1824 4379 1944 4434 infi-

2059 540 2275 595 habere.

2125 631 2326 700 Adjuro
2367 641 2414 692 te
2436 649 2528 703 per
2556 633 2741 699 Deum,
2767 651 2831 688 ne
2851 651 2930 688 me
2951 644 3214 705 torqueas.
3253 633 3465 687 Dicebat
3503 635 3645 688 enim

2053 721 2172 774 illi:
2198 719 2320 786 Exi,
2367 724 2580 791 spiritus
2616 723 2896 786 immunde,
2936 724 3001 777 ab
3042 724 3268 776 homine.
3321 723 3501 778 Hostis
3544 725 3646 777 hu-

2053 827 2226 865 mana:
2256 811 2440 866 salutis
2471 828 2575 867 non
2599 815 2852 882 exiguum
2873 815 2974 868 sibi
2999 815 3144 868 ducit
3163 830 3282 869 esse
3310 823 3645 873 tormentum

2053 901 2121 955 ab
2150 901 2378 956 hominis
2413 902 2628 957 laesione
2662 917 2893 965 cessare,
2931 912 3240 973 quantoque
3271 904 3413 958 hunc
3441 905 3646 959 diutius

2052 991 2328 1062 possidere
2367 990 2592 1056 solebat,
2632 1001 2780 1047 tanto
2811 990 3077 1046 difficilius
3107 992 3381 1046 dimittere
3407 1009 3646 1048 consen-

2054 1083 2136 1137 tit.
2196 1083 2346 1138 Unde
2369 1085 2690 1138 studendum
2727 1097 3068 1153 summopere
3089 1092 3192 1147 est,
3215 1093 3273 1138 ut
3293 1085 3558 1153 siquanlo
3588 1096 3648 1139 ut

2054 1170 2300 1225 homines
2321 1186 2352 1223 a
2377 1171 2590 1226 diabolo
2619 1187 2956 1242 superentur,
2986 1156 3108 1225 mox
3138 1170 3254 1238 ejus
3279 1173 3499 1241 laqueos
3526 1176 3645 1228 evi-

2054 1270 2167 1314 tare
2189 1269 2517 1332 satagamus,
2539 1277 2606 1316 ne
2625 1262 2670 1316 si
2691 1261 2964 1330 aliquanto
2987 1261 3190 1317 tardius
3215 1263 3312 1332 ipsi
3337 1264 3648 1327 resistatur,

2051 1352 2376 1407 laboriosius
2404 1353 2725 1423 quandoque
2757 1353 3009 1422 pellatur.

2119 1441 2192 1496 Et
2219 1443 2570 1511 interrogabat
2598 1459 2716 1496 eunt
2747 1443 2886 1514 quod
2915 1444 3010 1497 tibi
3039 1460 3222 1498 nomen
3249 1454 3323 1498 est
3347 1445 3372 1498 ?
3411 1443 3478 1497 Et
3514 1445 3642 1498 dicit

2049 1535 2118 1599 ei,
2145 1532 2298 1605 Legio
2321 1551 2506 1588 nomen
2527 1535 2653 1588 mihi
2683 1545 2780 1600 est,
2806 1536 2928 1606 quia
2959 1535 3110 1589 multi
3131 1553 3332 1590 sumus.
3361 1537 3474 1590 Non
3497 1538 3648 1592 velut

2051 1626 2253 1681 inscius
2288 1642 2480 1681 nomen
2507 1627 2750 1696 inquirit,
2781 1628 2874 1681 sed
2898 1635 2958 1680 ut
2985 1625 3228 1686 confessa
3257 1627 3466 1697 publice
3492 1637 3647 1702 peste

2052 1733 2214 1786 quam
2252 1716 2437 1772 furens
2476 1717 2761 1780 tolerabat,
2800 1717 2974 1770 virtus
3004 1716 3244 1770 curantis
3277 1717 3480 1787 gratior
3508 1717 3650 1770 emi-

2055 1815 2222 1862 caret.
2273 1807 2377 1862 Sed
2427 1815 2483 1862 et
2524 1809 2692 1862 nostri
2727 1807 2982 1876 temporis
3023 1807 3350 1872 sacerdotes,
3399 1809 3491 1877 qui
3545 1825 3651 1878 per

2054 1896 2341 1951 exorcismi
2367 1897 2596 1967 gratiam
2625 1896 2894 1950 daemones
2918 1896 3112 1965 ejicere
3141 1906 3335 1950 norunt
3364 1896 3539 1951 solent
3564 1899 3644 1951 di-

2053 2001 2200 2051 cere,
2238 1987 2504 2057 patientes
2538 2002 2645 2041 non
2683 1987 2840 2042 aliter
2870 1987 3051 2041 valere
3086 1989 3286 2050 curari,
3324 1989 3424 2044 nisi
3461 2005 3636 2058 quan-

2055 2083 2164 2128 tum
2197 2091 2385 2145 sapere
2413 2085 2658 2146 possunt,
2687 2089 2845 2129 omne
2875 2076 3019 2145 quod
3048 2075 3115 2129 ab
3147 2076 3435 2132 immundis
3475 2080 3642 2148 spiri-

2053 2168 2211 2231 tibus,
2245 2168 2384 2233 visu,
2412 2169 2613 2231 auditu,
2645 2175 2823 2236 gustu,
2853 2176 2995 2231 tactu
3021 2176 3075 2223 et
3102 2169 3208 2223 alio
3241 2170 3482 2238 quolibet
3517 2187 3645 2226 cor-
3701 2234 3718 2242 _

2051 2262 2200 2329 poris
2224 2269 2317 2315 aut
2337 2262 2499 2316 animi
2525 2276 2684 2316 sensu
2709 2261 3012 2331 vigilantes,
3037 2263 3430 2319 dormientcsve
3451 2273 3645 2334 pertu-

2052 2350 2229 2405 lerunt
2253 2350 2558 2405 confitendo
2580 2357 2821 2420 patenter
2841 2358 3126 2421 exponant.
3166 2349 3317 2416 Quod
3342 2365 3471 2406 vero
3493 2353 3644 2407 dice-

2051 2443 2144 2496 bat
2169 2442 2423 2511 spiritus:
2450 2440 2606 2511 Legio
2638 2441 2764 2494 mibi
2789 2458 2974 2495 nomen
2995 2450 3089 2504 est,
3111 2443 3233 2512 quia
3254 2442 3404 2497 multi
3423 2461 3636 2508 sumus,

2052 2536 2318 2606 signiﬁcat
2345 2535 2595 2606 populum
2629 2536 2866 2605 gentium
2897 2551 3007 2602 non
3032 2537 3120 2591 uni
3151 2537 3387 2607 cuilibet,
3419 2537 3513 2593 sed
3545 2519 3649 2593 in-l

2053 2628 2289 2683 numeris
2305 2643 2368 2682 ac
2382 2627 2607 2681 diversis
2623 2626 2936 2682 idololatria:
2957 2628 3190 2684 cultibus
3217 2645 3336 2684 esse
3358 2631 3638 2701 mancipa-

2053 2727 2190 2782 tum,
2215 2717 2301 2772 cui
2333 2726 2521 2771 contra
2545 2717 2803 2786 scriptum
2831 2724 2930 2780 est,
2963 2717 3104 2786 quod
3126 2718 3475 2773 multitudinis
3500 2739 3642 2775 cre—

2050 2809 2284 2862 dentium
2311 2819 2421 2861 erat
2453 2825 2544 2861 cor
2573 2823 2733 2861 unum
2764 2817 2810 2860 et
2843 2808 3019 2860 anima
3046 2824 3170 2861 una.
3210 2809 3362 2864 Unde
3400 2811 3540 2867 bene
3583 2813 3637 2866 in

2052 2903 2335 2974 Babylonis
2361 2903 2759 2960 constructione
2790 2901 3095 2972 linguarum
3127 2901 3326 2964 unitas,
3349 2916 3448 2969 per
3475 2902 3641 2970 spiri-

2053 3005 2163 3058 tum
2187 2994 2447 3063 superbiae
2468 2993 2690 3047 inscissa
2715 2993 2768 3046 iu
2791 2991 3154 3061 Hierosolyma
3176 2999 3280 3054 est,
3295 3006 3392 3059 per
3407 2991 3641 3062 gratiam

2027 3083 2223 3136 .sancti
2257 3081 2487 3152 Spiritus
2513 3082 2816 3152 linguarum
2864 3081 3097 3134 varietas
3140 3079 3394 3134 adunata.
3435 3080 3503 3134 Et
3545 3080 3646 3148 illa

2051 3174 2312 3236 confusio,
2340 3174 2455 3228 lucc
2492 3173 2628 3227 visio
2668 3174 2816 3242 pacis
2852 3173 3257 3242 interpretatur,
3291 3172 3414 3242 quia
3439 3172 3637 3228 videli—

2049 3275 2140 3329 cet,
2165 3266 2364 3321 electos
2395 3267 2447 3318 in
2478 3265 2722 3335 pluribus
2747 3265 2942 3335 linguis
2969 3273 3023 3318 et
3055 3265 3326 3335 gentibus,
3364 3281 3472 3319 una
3502 3267 3641 3321 fides

2049 3373 2111 3411 ac
2138 3357 2309 3427 pietas
2333 3364 2444 3411 toto
2469 3356 2600 3410 orbe
2621 3355 2981 3425 pacificandos
3001 3353 3351 3421 confirmant,
3377 3356 3650 3426 mprobos.

2047 3459 2226 3504 autem
2259 3449 2440 3520 plures
2487 3458 2646 3502 sectae
2688 3462 2849 3518 quam
2899 3445 3090 3518 lingua:
3132 3447 3472 3508 diSSOClalLdO
3500 3462 3639 3502 con-

2048 3538 2298 3593 fundunt.

2120 3635 2186 3689 Et
2224 3635 2534 3705 precabatur
2565 3652 2681 3689 eum
2718 3633 2957 3699 multum,
2987 3651 3049 3688 ne
3079 3651 3132 3696 se
3167 3633 3443 3704 expelleret
3482 3645 3636 3690 extra

2051 3726 2329 3796 regionem.
2372 3724 2426 3778 lu
2453 3724 2740 3795 Evangelio
2764 3725 2919 3778 Luca:
2949 3725 3021 3781 ita
3048 3726 3305 3793 scriptum
3331 3734 3434 3791 est,
3461 3737 3510 3778 et
3550 3744 3642 3780 ro-

2047 3815 2237 3884 gabant
2280 3831 2398 3868 eum
2440 3832 2500 3868 ne
2542 3814 2816 3885 imperaret
2862 3813 2989 3878 illis,
3031 3824 3085 3868 ut
3115 3815 3170 3871 in
3202 3815 3444 3884 abyssum
3473 3815 3634 3870 irent.

2050 3906 2302 3960 Sciebant
2338 3922 2466 3977 ergo
2514 3907 2784 3960 dtemoncs
2825 3904 3112 3975 aliquando
3157 3905 3394 3961 futurum
3438 3914 3498 3960 ut
3539 3921 3641 3974 per

2048 3999 2335 4054 adventum
2373 3999 2580 4070 Domini
2613 3998 2955 4052 mitterentur.
2994 3997 3046 4050 in
3083 3997 3358 4069 abyssum.
3391 4012 3495 4051 non
3530 3998 3635 4064 ipsi

2050 4091 2246 4146 futura
2269 4091 2701 4160 prccdiviuantes.
2745 4090 2837 4144 sed
2879 4089 3267 4159 Prophetarum
3303 4090 3368 4144 de
3399 4105 3458 4144 se
3489 4090 3635 4144 dicta

2049 4182 2364 4244 recolentes,
2398 4181 2624 4249 ideoque
2646 4179 2868 4248 gloriam
2896 4179 3157 4238 Dominici
3183 4181 3444 4238 adventus
3467 4195 3636 4250 quam

2047 4271 2400 4334 mirabantur,
2425 4269 2492 4324 ad
2517 4283 2668 4324 suam
2698 4268 3150 4337 pertimescebant
3175 4269 3395 4324 tendere
3410 4269 3636 4324 damna-

2051 4361 2269 4414 tionem.

370 4469 625 4536 delitatis,
657 4469 810 4540 quasi
851 4469 1084 4540 arreptis
1116 4467 1402 4524 furibunda
1435 4471 1680 4525 cautibus
1716 4472 1944 4541 seipsam
1975 4476 2025 4535 ο
2123 4472 2250 4525 Erat
2274 4481 2448 4525 autem
2474 4469 2542 4524 ibi
2565 4471 2702 4523 circa
2729 4477 2950 4522 montem
2970 4484 3096 4538 grex
3110 4483 3386 4537 porcorum
3411 4483 3639 4535 magnus

369 4561 706 4616 concidebat.
750 4560 855 4616 Sed
903 4570 1194 4617 attestante
1233 4559 1440 4616 Joanne
1477 4560 1732 4632 Baptista,
1763 4563 1945 4629 Domi-

372 4643 472 4706 nus
492 4651 558 4706 de
587 4651 851 4726 lapidibus
875 4653 1154 4706 suscitavit
1185 4653 1321 4708 filios
1357 4653 1604 4718 Abrahze,
1649 4669 1772 4719 cum
1815 4656 1948 4712 dura

373 4744 846 4804 infideliumcorda
876 4746 940 4798 ad
968 4746 1192 4816 gratiam
1217 4747 1430 4816 pietatis
1449 4748 1732 4802 convertit.

456 4835 642 4892 Videas
672 4846 842 4890 autent
873 4837 1053 4890 Iesum
1079 4854 1111 4891 a
1140 4838 1307 4908 longe,
1336 4839 1588 4904 cucurrit,
1629 4850 1676 4894 et
1713 4842 1949 4905 adoravit

369 4945 504 4992 eum,
540 4937 587 4981 et
611 4927 843 4981 clamans
874 4944 991 4981 voce
1013 4944 1222 4997 magna,
1248 4929 1380 4982 dixit
1409 4943 1427 4980 :
1457 4929 1594 4992 Quid
1624 4931 1750 4984 mihi
1770 4942 1816 4984 et
1835 4931 1947 4995 tibi,

368 5017 494 5070 Jesu
531 5014 640 5072 Fili,
673 5015 766 5069 Dei
796 5014 1078 5069 altissimi?
1119 5016 1327 5084 Quanta
1358 5018 1471 5072 Arii
1503 5019 1745 5083 vesania,
1769 5018 1948 5074 Jesum

371 5114 675 5160 creaturam
715 5117 770 5159 et
812 5121 915 5158 non
961 5104 1125 5158 Deum
1158 5107 1398 5168 credere,
1432 5123 1592 5178 quem
1633 5108 1829 5162 Filium
1856 5109 1950 5164 Dei

368 5198 616 5254 altissimi
656 5197 926 5254 dtemones
964 5198 1189 5252 credunt
1235 5208 1288 5253 et
1327 5201 1782 5257 contremiscunt!
1832 5216 1952 5270 qua:

372 5270 617 5361 impietas
655 5288 960 5344 Judarorum
1003 5306 1124 5345 eum
1176 5291 1355 5346 dicere
1393 5292 1446 5346 in
1486 5293 1726 5361 principe
1755 5293 1950 5347 dicmoo

372 5385 580 5440 nierum
612 5381 834 5453 ejecisse
857 5383 1137 5446 (humanis),
1166 5398 1325 5452 quem
1353 5384 1464 5452 ipsa
1493 5385 1752 5439 dmmonia
1779 5383 1951 5439 faten-

372 5484 456 5534 tur
499 5475 632 5546 nihil
675 5491 857 5530 secum
904 5475 1100 5530 habere
1149 5490 1454 5542 commune,
1501 5477 1591 5548 qui
1638 5478 1740 5540 hoc
1777 5477 1949 5546 ipsum

367 5567 508 5632 quod
548 5574 674 5622 tunc
705 5583 801 5638 per
841 5565 1154 5620 daemoniaci
1185 5565 1484 5622 clamavere
1512 5566 1770 5631 furorem,
1803 5578 1952 5638 post-

369 5647 586 5732 modum
617 5657 670 5711 iu
697 5655 935 5712 delubris
968 5655 1229 5710 idolorum
1255 5656 1436 5710 dicere
1468 5664 1522 5711 et
1560 5659 1802 5713 confiteri
1844 5674 1948 5714 non

369 5756 668 5812 cessarunt,
699 5747 878 5808 Jcsum
911 5749 1157 5807 videlicet
1191 5764 1307 5805 esse
1338 5749 1608 5806 Christum
1640 5752 1829 5811 Filiam
1857 5752 1947 5808 Dei

2050 4583 2284 4635 pascens.
2341 4564 2406 4617 Et
2455 4561 2864 4634 deprecabantur
2899 4577 3015 4621 eum
3057 4561 3308 4631 spiritus,
3359 4559 3590 4613 dicentes
3617 4576 3638 4613 :

2054 4655 2202 4710 Mitte
2233 4672 2325 4708 nos
2350 4655 2403 4707 in
2425 4670 2607 4724 porcos
2635 4663 2687 4706 ut
2718 4654 2771 4706 in
2799 4669 2886 4708 eos
2912 4653 3248 4706 introeamus.
3282 4647 3350 4702 Et
3381 4650 3636 4703 concessit

2050 4748 2122 4801 eis
2151 4750 2325 4802 statim
2361 4747 2535 4800 Jesus.
2581 4745 2704 4802 Ideo
2729 4744 2973 4813 permisit
3001 4743 3080 4796 eis
3102 4743 3244 4812 quod
3267 4741 3544 4811 petebant,
3579 4751 3639 4795 ut

2051 4853 2147 4907 per
2184 4836 2612 4892 interfectionem
2651 4850 2934 4904 porcorum
2973 4833 3280 4888 hominibus
3311 4832 3502 4886 salutis
3543 4848 3640 4887 oc-

2050 4931 2197 4986 casio
2222 4931 2570 4998 prazberetur,
2597 4936 2843 4996 pastores
2872 4927 3015 4980 enim
3055 4926 3155 4980 ista
3197 4933 3482 4982 cernentes
3525 4935 3642 4980 sta-

2053 5027 2145 5078 tim
2176 5025 2424 5080 mmtiant
2450 5023 2675 5077 civitati.
2700 5021 2996 5076 Erubescat
3017 5021 3407 5076 Manichzcussi
3429 5021 3644 5091 quippe.

2051 5116 2117 5172 dc
2143 5116 2329 5170 eadem
2359 5114 2676 5177 substantia,
2710 5121 2767 5167 et
2793 5129 2858 5166 ex
2889 5113 3075 5166 eodem
3105 5119 3324 5166 auctore
3350 5111 3634 5166 hominum

2051 5206 2451 5274 bestiarumque
2481 5212 2605 5258 sunt
2633 5203 2844 5267 auimre,
2874 5201 3142 5272 quomodo
3171 5201 3239 5254 ob
3266 5202 3424 5256 unius
3449 5199 3634 5252 homi-

2051 5297 2135 5354 nis
2183 5297 2410 5352 salutem
2454 5296 2560 5351 duo
2604 5295 2769 5350 millia
2816 5309 3102 5364 porcorum
3146 5291 3515 5348 suil‘ocanutr?
3571 5291 3634 5344 In

2051 5401 2280 5455 quorum
2310 5397 2484 5440 tamen
2515 5385 2733 5440 interitu
2761 5384 3057 5454 figuraliter
3075 5383 3324 5446 homines
3345 5381 3632 5446 immundi,

2050 5476 2198 5530 vocis
2230 5484 2284 5530 et
2309 5475 2569 5531 orationis
2591 5472 3203 5544 expertcsindicantur,
3243 5472 3332 5540 qui
3369 5471 3636 5526 iumento

2051 5566 2313 5636 superbia:
2333 5574 2614 5636 pascentes
2646 5563 2920 5626 lutulentis
2949 5562 3284 5621 obiectantur
3312 5560 3631 5624 inactibus,

2053 5660 2249 5714 talibus
2275 5659 2417 5712 enim
2455 5672 2549 5727 per
2579 5657 2755 5711 cultus
2795 5653 3053 5708 idolorum
3095 5660 3322 5721 possunt
3365 5649 3630 5724 dilationis

2053 5751 2335 5806 dominari.
2367 5750 2498 5804 Nam
2541 5749 2642 5804 nisi
2685 5749 2804 5820 quis
2839 5747 2986 5817 porci
3019 5759 3165 5800 more
3191 5743 3406 5810 vixerit,
3438 5759 3547 5798 non
3576 5743 3631 5800 in
