3910 6174
273 328 364 387 τη

1338 336 1643 394 BOIILIE
1682 340 1751 394 1N
1787 340 2041 399 EVANG.
2079 342 2169 399 ET
2207 344 2423 403 EPIST.

3393 356 3499 415 378

272 441 533 514 longion
570 445 683 498 non
724 443 903 508 venit,
951 444 1078 514 quia
1126 461 1225 516 per
1276 447 1732 521 incorruptionem
1766 462 1823 510 et
1849 458 1896 515 Α
1925 455 2202 527 discipulis
2232 459 2404 526 daret,
2451 461 2786 530 apertionem
2836 463 3084 533 designat
3127 478 3499 527 mmmam-

271 532 602 591 innooenliatn
630 534 911 603 proximus
932 536 1053 592 fuit.
1084 539 1256 606 Alius,
1283 541 1424 596 nulla
1462 543 1815 614 impudicitia,

269 623 411 679 nullis
446 622 659 694 ﬂagitiis
697 625 1029 695 inquinatus,
1074 629 1188 685 sola
1226 640 1405 687 autem
1435 635 1683 706 conjugis
1724 652 1820 692 ex-

267 722 445 785 pertus,
475 714 543 769 ad
586 715 947 772 ministerium
984 720 1226 788 spiritale
1261 736 1557 780 conversus
1581 735 1688 792 est,
1724 743 1819 783 ne-

265 820 355 874 que
383 805 479 860 iste
504 805 652 861 venit
685 821 718 860 e
741 806 1052 879 longinquo,
1096 812 1223 881 quia
1261 828 1392 869 usus
1437 817 1816 887 conjunctione

264 910 492 951 concessa
514 911 614 967 per
639 898 825 954 illicita
862 915 969 954 non
994 904 1217 957 erravit.
1253 903 1356 959 Alii
1399 921 1527 961 vero
1553 918 1676 978 post
1697 925 1818 965 car-

262 985 335 1041 nis
366 985 580 1056 tlagitia,
602 988 692 1043 alii
723 998 844 1059 post
866 989 996 1047 falsa
1029 994 1331 1049 testimonia
1358 1037 1373 1062 ,
1417 998 1508 1052 alii
1529 1010 1651 1068 post
1673 1001 1815 1058 facta

260 1075 404 1141 furta,
427 1077 516 1131 alii
539 1087 662 1148 post
694 1080 870 1136 illatas
893 1082 1195 1151 violentias,
1231 1086 1322 1141 alii
1355 1097 1481 1157 post
1503 1100 1815 1160 perpetrata

259 1169 525 1223 homicidia
553 1171 619 1225 ad
652 1172 1022 1240 penitentiam
1064 1176 1310 1243 redeunt,
1341 1187 1506 1248 atque
1539 1182 1606 1235 ad
1640 1184 1815 1237 omni-

258 1261 468 1330 potentis
497 1261 593 1317 Dei
614 1264 894 1317 servitium
937 1276 1346 1335 convertuntur,
1386 1271 1440 1325 bi
1464 1272 1714 1329 videlicet
1745 1276 1813 1331 ad

258 1349 519 1406 Dominum
576 1352 643 1407 de
698 1353 988 1425 longinquo
1044 1357 1286 1412 veniunt.
1347 1359 1560 1427 Quanto
1609 1364 1808 1419 etenim

256 1443 459 1511 quisque
485 1442 607 1512 plus
633 1444 686 1498 in
722 1459 888 1514 pravo
915 1460 1077 1515 opere
1106 1450 1330 1515 erravit,
1362 1459 1510 1506 tanto
1541 1454 1610 1507 ab
1643 1456 1815 1510 omni-

255 1545 451 1604 potente
493 1537 723 1593 Domino
750 1538 959 1610 longius
999 1544 1244 1598 recessit.
1278 1545 1483 1601 Deutur
1511 1549 1674 1617 igitur
1712 1552 1812 1606 ali-

253 1637 410 1681 menta
456 1629 538 1683 eis
564 1629 745 1692 etiam,
810 1632 901 1699 qui
934 1632 1001 1687 de
1046 1632 1339 1706 longinquo
1389 1640 1632 1704 veniunt,
1680 1642 1807 1710 quia

250 1722 503 1777 conversis
551 1725 925 1792 peccatoribus
971 1727 1230 1783 doctrinm
1276 1741 1475 1787 sanctae
1520 1733 1624 1788 cibi
1663 1751 1804 1804 prae-

1922 561 2063 612 rum,
2098 551 2293 617 quibus
2314 553 2383 607 ad
2420 562 2735 623 perpetuam
2766 554 2996 611 salutem
3037 559 3356 618 nutriendus
3380 571 3501 619 erat

1919 640 2169 695 mundus.
2195 640 2329 696 Cum
2360 643 2503 698 enim
2529 644 2607 699 ait
2632 643 2891 702 Dominus
2917 647 3033 717 ipse
3058 667 3072 704 :
3097 649 3165 704 Et
3189 667 3340 707 nemo
3359 655 3499 710 nouit

1915 728 2086 797 ﬁlium
2110 730 2214 785 nisi
2262 731 2443 798 Pater,
2484 750 2646 805 neque
2672 745 2870 805 patrem
2896 754 2967 808 qu
2977 741 3015 793 ’s
3049 740 3188 794 novit
3209 742 3312 796 nisi
3330 743 3498 812 ﬁlius,

1916 827 1965 870 et
2000 819 2087 872 cui
2116 819 2336 874 soluerit
2375 821 2519 890 ﬁlius
2550 823 2817 883 revelare?
2839 828 2981 895 quod
3018 828 3122 884 nisi
3148 845 3346 900 partem
3373 833 3498 890 vita

1917 906 2077 962 nobis
2094 922 2195 977 per
2217 924 2275 964 se
2298 910 2647 979 aperiendum
2680 913 3087 983 demonstravit,
3123 918 3192 972 ad
3230 919 3385 991 cuius
3412 921 3497 976 in—

1916 998 2118 1054 teriora
2143 1001 2413 1055 cernenda
2444 1016 2540 1070 per
2567 1017 2665 1056 nos
2691 1002 2837 1073 ipsos
2864 1017 3149 1074 penetrare
3183 1011 3493 1079 nequimus,

1915 1089 2002 1145 cui
2042 1101 2230 1145 contra
2269 1090 2536 1161 Propheta
2582 1095 2885 1151 mirabilem
2911 1100 3267 1167 quorumdam
3295 1101 3492 1159 famem

1914 1178 2200 1249 deplorans
2244 1182 2442 1247 aiebat,
2482 1185 2689 1253 parvuli
2725 1187 2984 1255 petierunt
3008 1204 3219 1258 panem,
3253 1207 3343 1246 nec
3379 1204 3494 1248 erat

1911 1268 2002 1335 qui
2034 1269 2294 1341 frangeret
2340 1273 2414 1326 eis
2438 1273 2627 1339 ?Quod
2667 1284 2751 1330 est
2794 1276 2916 1333 aliis
2950 1278 3132 1334 verbis
3166 1280 3368 1348 dicere,
3411 1283 3494 1338 in-

1913 1361 2055 1416 docti
2104 1363 2437 1432 qutesierunt
2459 1366 2715 1434 pabulum
2750 1368 2901 1422 verbi
2933 1370 3048 1435 Dei,
3091 1385 3200 1439 quo
3226 1372 3294 1426 ad
3320 1373 3490 1428 virtu-

1915 1462 2023 1507 tem
2050 1453 2204 1509 bona:
2229 1457 2561 1524 operationis
2583 1459 3024 1515 convalescerent
3048 1460 3215 1523 reﬁci.
3246 1478 3346 1518 nec
3370 1472 3490 1519 erat

1912 1543 2186 1613 magistris
2230 1545 2602 1603 deﬁcientibus
2625 1550 2716 1618 qui
2742 1550 2823 1605 eis
2852 1549 3144 1620 Scriptura:
3173 1568 3368 1608 arcana
3394 1569 3491 1623 pa-

1914 1636 2192 1701 telacerct,
2246 1652 2448 1706 eosque
2473 1640 2539 1692 ad
2582 1640 2720 1693 viam
2752 1641 2995 1695 veritatis
3034 1643 3346 1699 instrueret.
3377 1647 3487 1699 Ac-

1912 1727 2084 1797 ceptis
2110 1736 2288 1782 autem
2318 1731 2384 1783 ad
2415 1730 2771 1800 frangendum
2810 1734 3037 1803 panibus
3069 1736 3327 1790 Dominus
3364 1752 3487 1809 gra-

250 1810 561 1877 beudisunt,
600 1822 662 1866 ut
690 1812 745 1867 in
772 1815 937 1868 Deum
969 1817 1110 1871 vires
1137 1828 1390 1887 raperent
1415 1836 1552 1891 quas
1577 1822 1630 1876 in
1655 1801 1805 1894 flagi-
1836 1801 1880 1859 B
1911 1818 2011 1871 tias
2033 1820 2163 1889 agit,
2193 1827 2253 1873 ut
2281 1829 2335 1875 et
2374 1821 2485 1891 ipse
2514 1833 2774 1891 quantum
2822 1827 2888 1880 de
2930 1826 3099 1880 salute
3138 1829 3353 1897 generis
3380 1830 3485 1883 hu-

250 1900 326 1953 tiis
352 1901 661 1956 amiserunt.
718 1903 850 1958 Item
888 1903 1056 1960 Judaei
1113 1908 1441 1980 quicumque
1490 1913 1542 1967 in
1587 1913 1804 1969 Christo

247 1992 590 2057 crediderunt,
621 1994 688 2049 de
727 2010 893 2063 prepe
921 1998 989 2050 ad
1018 1995 1165 2050 illum
1212 2011 1491 2065 venerunt,
1519 2004 1645 2072 quia
1670 2005 1803 2074 legis

247 2088 294 2134 et
318 2081 696 2152 Prophetarum
721 2097 877 2142 erant
903 2089 1098 2146 litteris
1126 2093 1303 2148 cdocti
1338 2096 1405 2150 de
1436 2097 1546 2163 illo,
1578 2101 1803 2155 creden-

247 2176 315 2223 tes
342 2186 462 2226 vero
491 2188 559 2228 ex
603 2177 853 2246 gentibus
887 2180 954 2235 de
992 2179 1149 2251 longe
1189 2183 1375 2253 utique
1426 2199 1689 2243 venerunt
1734 2192 1801 2246 ad

243 2258 515 2328 Christum,
554 2266 681 2334 quia
729 2267 888 2323 nullis
926 2271 1241 2339 paginarum
1293 2289 1569 2332 sacrarum
1614 2296 1802 2335 monu-

242 2352 413 2407 mentis
440 2354 507 2408 de
545 2356 660 2421 ejus
681 2366 836 2411 erant
866 2360 970 2413 lide
997 2364 1321 2429 praemoniti.

299 2443 361 2497 Et
386 2448 764 2516 responderunt
793 2450 841 2503 ei
860 2450 1106 2521 discipuli
1129 2455 1212 2508 sui
1243 2474 1256 2510 :
1288 2454 1439 2512 Unde
1459 2463 1587 2513 istos
1609 2463 1796 2531 poterit

236 2535 335 2603 quis
358 2536 438 2590 hic
464 2548 710 2593 saturare
727 2542 946 2611 panibus
969 2544 1024 2597 in
1053 2545 1338 2601 solitudine
1354 2550 1379 2602 ?
1408 2549 1472 2603 Et
1496 2553 1796 2623 interroga-

235 2626 297 2676 ri!
323 2641 402 2679 eos
424 2644 441 2681 :
467 2638 595 2700 quot
624 2647 785 2700 panes
832 2631 1074 2688 habetis?
1115 2636 1217 2701 Qui
1251 2638 1496 2693 dixerunt
1523 2657 1542 2694 :
1566 2640 1795 2712 Septem.

234 2714 362 2772 Bene
400 2728 606 2789 septem
645 2736 811 2790 panes
860 2723 914 2777 in
965 2726 1267 2782 ministerio
1313 2730 1435 2783 novi
1489 2735 1794 2789 testamenti

234 2819 523 2877 ponuntur,
570 2813 622 2865 in
659 2828 765 2882 quo
786 2814 1116 2884 septiformis
1145 2820 1319 2889 gratia
1354 2819 1588 2889 Spiritus
1612 2824 1788 2878 sancti

228 2897 418 2967 plenius
467 2901 717 2957 ﬁdelibus
758 2905 989 2970 cunctis,
1027 2913 1081 2960 et
1114 2908 1379 2962 credenda
1424 2910 1698 2965 revelatur
1738 2922 1795 2967 et

230 2988 563 3045 credentibus
609 2991 789 3045 datur.
819 2991 1003 3062 Neque
1039 2995 1325 3051 hordeacei
1355 2997 1522 3053 fuisse
1548 3001 1790 3068 produn-

229 3087 322 3145 tur,
350 3081 490 3135 sicut
515 3081 592 3136 illi
619 3083 856 3152 quinque
882 3083 948 3139 de
972 3086 1168 3154 quibus
1190 3087 1430 3158 quinque
1460 3099 1587 3144 sunt
1617 3091 1791 3145 homi-

227 3187 340 3226 num
367 3174 539 3229 millia
568 3176 805 3231 saturata
826 3218 841 3243 ,
876 3194 944 3233 ne
981 3179 1176 3234 iterum
1211 3182 1352 3237 sicut
1396 3183 1449 3237 in
1480 3183 1598 3254 lege
1626 3185 1789 3241 vitale
1817 3152 1861 3214 C

226 3266 401 3322 animae
461 3268 777 3323 alimentum
820 3273 1188 3341 corporalibus
1248 3279 1600 3332 sacramentis
1640 3281 1793 3335 obte—

227 3366 455 3427 geretur,
501 3360 694 3416 hordei
727 3363 928 3417 etenim
968 3365 1198 3421 medulla
1249 3370 1592 3424 tenacissima
1625 3372 1779 3440 palea

229 3448 375 3518 tegitu
383 3466 426 3503 r.

286 3537 350 3591 Et
371 3542 618 3611 prwcepit
652 3544 819 3598 turbae
845 3545 1167 3600 discumbere
1194 3563 1348 3617 super
1366 3556 1579 3602 terram.
1613 3547 1788 3620 Supra

225 3628 271 3683 in
295 3632 581 3689 refectione
602 3637 844 3707 quinque
868 3652 1064 3707 panum
1115 3640 1270 3694 turba
1302 3657 1462 3711 supra
1490 3642 1672 3697 fenum
1702 3645 1785 3698 vi-

221 3721 329 3776 ride
365 3724 777 3794 diseumbebat,
822 3745 965 3785 nunc
1010 3732 1100 3786 ubi
1145 3741 1350 3802 septem
1394 3734 1621 3804 panibus
1665 3738 1789 3791 reﬁ-

222 3812 394 3869 cienda
442 3825 565 3882 est,
612 3834 773 3888 supra
814 3829 1013 3875 terram
1053 3823 1392 3880 discumbere
1444 3828 1783 3897 praecipitur,

218 3902 333 3970 quia
358 3920 455 3973 per
480 3907 806 3976 scripturam
840 3908 973 3980 legis
999 3913 1181 3967 carnis
1208 3913 1473 3969 desideria
1501 3917 1709 3972 calcare
1733 3927 1788 3973 et

217 3998 565 4065 comprimere
598 4000 870 4070 jubemur.
921 4000 1105 4058 Omnis
1160 4006 1297 4059 enim
1340 4024 1463 4062 caro
1507 4008 1706 4078 fenum,
1739 4028 1787 4075 ει

216 4087 371 4140 omnis
398 4088 568 4156 gloria
599 4091 714 4160 ejus
744 4100 990 4162 tanquam
1032 4096 1131 4163 [los
1164 4097 1290 4166 feni.
1344 4097 1401 4151 In
1437 4114 1576 4153 novo
1605 4110 1783 4157 autem

216 4178 528 4230 testamento
557 4176 729 4246 ipsam
754 4193 967 4247 quoque
1008 4191 1206 4237 terram
1245 4200 1309 4239 ac
1331 4184 1613 4243 facultates
1644 4198 1783 4245 tem-

210 4262 417 4327 porales
476 4267 848 4337 derelinquere
890 4273 1253 4342 praecipimur,
1298 4276 1382 4330 vel
1432 4285 1603 4346 certe,
1656 4282 1782 4352 quia

212 4367 359 4409 mons
404 4356 458 4410 in
487 4373 595 4427 quo
628 4360 783 4415 turba
816 4356 1104 4418 Do'minicis
1137 4365 1366 4433 panibus
1411 4368 1779 4437 reﬁciebatur,

208 4441 561 4513 altitudinem,
590 4456 652 4502 ut
677 4464 837 4519 supra
863 4449 1117 4519 diximus,
1134 4456 1489 4526 redemptoris
1515 4463 1682 4516 nostri
1706 4463 1781 4517 si-

1906 1907 2051 1960 mani
2080 1910 2414 1977 congaudent
2445 1912 2715 1977 ostendat,
2752 1921 2806 1966 et
2832 1928 2931 1968 nos
2961 1916 3027 1969 ad
3057 1918 3293 1985 agendas
3335 1932 3484 1973 scm-

1904 2013 2002 2068 pcr
2030 2000 2139 2054 Deo
2167 2003 2370 2070 gratias
2395 2003 2671 2067 informet,
2702 2022 2823 2060 cum
2845 2008 2928 2061 vel
2960 2016 3175 2062 terreno
3202 2025 3340 2079 pane
3366 2025 3485 2064 car-

1905 2103 2050 2154 nem,
2089 2090 2174 2145 vel
2205 2092 2440 2146 animam
2494 2093 2702 2149 caelesti
2740 2110 2970 2165 superna
3006 2099 3175 2168 gratia
3225 2099 3487 2170 largiente

1902 2180 2198 2236 reﬁcimus.

1971 2269 2038 2323 Et
2072 2271 2329 2327 habebant
2369 2275 2650 2344 pisciculos
2680 2294 2895 2346 paucos,
2935 2288 2982 2333 et
3018 2281 3157 2349 ipsos
3202 2281 3483 2348 benedixit,

1898 2367 1948 2410 et
1965 2357 2121 2427 jussit
2149 2363 2357 2429 apponi.
2402 2362 2459 2417 Si
2489 2366 2543 2417 in
2573 2366 2802 2433 panibus
2821 2377 3024 2435 septem
3055 2369 3321 2439 scriptura
3356 2371 3482 2426 novi

1901 2452 2206 2505 testamenti
2240 2453 2572 2524 designatur,
2599 2457 2652 2510 in
2683 2456 2836 2525 cujus
2870 2458 3101 2514 lectione
3126 2476 3221 2529 per
3249 2462 3480 2532 gratiam

1899 2540 2068 2593 sancti
2100 2539 2337 2610 Spiritus
2369 2543 2889 2614 iuternas_meutium
2921 2549 3106 2617 epulas
3154 2551 3478 2619 invenimus,

1896 2629 2024 2698 quid
2055 2632 2107 2684 in
2152 2631 2413 2699 piscibus,
2443 2649 2578 2703 quos
2622 2635 2944 2691 benedicens
2984 2640 3185 2707 pariter
3217 2642 3477 2697 Dominus
3507 2666 3512 2671 “

1898 2723 2066 2776 turba:
2099 2721 2264 2792 jussit
2300 2727 2517 2795 apponi,
2569 2726 2672 2781 nisi
2717 2736 2936 2784 sanctos
2988 2730 3282 2800 accipimus
3332 2731 3478 2790 illius

1896 2811 2155 2880 temporis
2190 2829 2299 2882 quo
2336 2815 2525 2869 eadem
2553 2825 2636 2871 est
2664 2818 2877 2872 condita
2907 2819 3199 2889 scriptura,
3229 2821 3313 2876 vel
3336 2837 3476 2891 quo-

1836 2888 1859 2911 ⁶
1894 2918 2011 2956 rum
2052 2903 2165 2972 ipsa
2199 2906 2465 2974 scriptura
2497 2906 2676 2972 ﬁdem,
2737 2909 2901 2962 vitam
2943 2917 2999 2963 et
3040 2911 3319 2979 passiones
3344 2928 3476 2968 eon-

1892 2992 2048 3057 tiuet,
2076 2995 2166 3063 qui
2197 2995 2264 3049 de
2287 2996 2605 3052 turbulentis
2645 2998 2804 3068 hujus
2844 2999 3024 3053 smculi
3060 2998 3310 3057 ﬂuctibus
3347 3017 3471 3058 ere-

1893 3085 1993 3153 pti,
2044 3100 2110 3141 ac
2156 3087 2334 3142 divina
2362 3088 2734 3144 benedictione
2773 3091 3071 3146 consecrati
3118 3090 3466 3150 refectionem

1892 3176 2048 3231 nobis
2087 3176 2374 3242 internum,
2417 3194 2484 3233 ne
2511 3180 2564 3234 in
2590 3180 2749 3249 hujus
2790 3182 2977 3235 mundi
3009 3185 3340 3240 transeuntis
3371 3201 3471 3242 ex-

1890 3284 2051 3325 cursu
2096 3271 2467 3336 deﬁceremus,
2500 3273 2747 3341 exemplo
2783 3289 2896 3329 sua:
2925 3274 3008 3329 vel
3038 3275 3161 3331 vitae
3185 3278 3466 3347 [imbuere

1889 3359 1972 3413 vel
2000 3360 2231 3418 mortis?

1962 3448 2025 3502 Et
2054 3454 2516 3517 ntanducaverunt,
2546 3462 2593 3506 et
2625 3455 2852 3508 saturati
2879 3464 3016 3510 sunt.
3051 3455 3374 3514 Mauducnnt
3397 3457 3466 3515 de

1888 3539 2117 3607 panibus
2144 3541 2355 3595 Domini
2402 3556 2466 3597 ac
2494 3542 2748 3611 piscibus,
2798 3554 2851 3600 et
2895 3554 3209 3601 saturantur
3246 3548 3336 3616 qui
3374 3564 3470 3604 au-

1888 3629 2095 3684 dientes
2118 3631 2281 3685 verba
2329 3630 2424 3686 Dei
2450 3642 2506 3688 et
2543 3634 2786 3702 exempla
2830 3634 3119 3699 intuentes,
3171 3637 3239 3692 ad
3287 3636 3466 3707 profc-

1887 3730 2033 3776 ctum
2084 3721 2206 3775 vita:
2237 3724 2589 3777 correctionis
2629 3740 2725 3793 per
2762 3725 2875 3779 hzcc
2921 3726 3147 3780 excitari
3188 3735 3353 3797 atque
3380 3743 3469 3784 as-

1887 3822 2110 3876 surgere
2152 3809 2434 3870 festinant,
2478 3810 2673 3879 quibus
2717 3820 2842 3880 apte
2870 3812 3118 3883 congruit
3145 3813 3272 3867 illud
3318 3813 3471 3871 Psal-

1887 3900 2081 3965 mistar,
2130 3901 2278 3954 edent
2305 3917 2556 3971 pauperes
2594 3913 2642 3956 et
2677 3904 3056 3959 saturabuutur
3087 3914 3135 3960 et
3171 3906 3462 3964 laudabunt

1886 3988 2192 4057 Dominum,
2222 3999 2328 4046 etc.

1956 4078 2027 4134 Et
2084 4081 2404 4136 susulerunt
2458 4085 2598 4154 quod
2653 4096 2989 4156 superaverat
3039 4087 3104 4143 de
3159 4089 3466 4162 [ingruentis

1884 4184 2077 4245 septem
2101 4185 2325 4245 sportas.
2359 4175 2511 4244 Quod
2543 4178 2714 4233 turbis
2744 4179 3000 4234 saturatis
3038 4192 3277 4249 superat,
3320 4186 3465 4253 Apo-

1883 4267 2009 4323 stoli
2058 4267 2365 4332 sustollant,
2418 4277 2473 4323 et
2526 4278 2733 4338 septem
2776 4280 2989 4339 sportas
3044 4272 3285 4341 implent,
3334 4277 3461 4344 quia

1884 4372 2013 4412 vero
2049 4366 2176 4413 sunt
2225 4359 2415 4413 altiora
2455 4359 2803 4428 perfectionis
2853 4372 3116 4430 przecepta
3164 4363 3247 4417 vel
3283 4365 3461 4432 potius

1882 4448 2313 4511 cxhortameuta,
2354 4454 2409 4502 et
2457 4448 2703 4511 consilia,
2754 4464 2874 4516 qua:
2918 4450 3185 4519 generalis
3224 4452 3460 4510 ﬁdelium

207 4533 446 4602 gniﬁcat,
485 4536 560 4592 ibi
608 4552 770 4608 super
800 4539 1001 4607 fenum,
1046 4542 1134 4599 hic
1166 4521 1334 4613 super
1358 4556 1554 4603 terram
1594 4551 1770 4607 reﬁci-

1899 4538 2170 4593 nultitudo
2217 4539 2402 4606 nequit
2443 4538 2710 4592 servando
2745 4547 2799 4593 et
2849 4540 3119 4608 implendo
3167 4544 3456 4615 attingere,

207 4634 304 4682 tur.
333 4627 409 4684 lbi
451 4630 597 4684 enim
633 4631 896 4687 celsitudo
918 4632 1117 4690 Chrisd
1157 4646 1380 4706 propter
1402 4640 1648 4696 carnales
1682 4642 1778 4698 ho.

205 4718 372 4773 mines
402 4729 460 4773 et
485 4717 784 4775 Jerusalem
820 4729 1089 4778 terrenam
1118 4727 1320 4780 cameli
1351 4743 1444 4798 spe
1471 4738 1528 4783 et
1564 4730 1775 4788 deside-

202 4807 279 4888 rio
303 4811 542 4881 tegitur;
578 4811 666 4866 hic
687 4820 868 4866 autem
905 4823 1111 4870 remota
1139 4817 1284 4871 omni
1323 4819 1618 4888 cupiditate
1651 4838 1777 4878 car-

266 4897 615 4979 ﬁ‘convivas
666 4903 789 4956 novi
848 4907 1198 4972 testamenti,
1246 4909 1360 4976 spei
1408 4915 1773 4979 permanentis

202 4987 597 5045 ﬁrmamentum
621 4998 876 5063 tanquam
894 4994 1072 5065 ipsius
1098 4998 1298 5054 montis
1327 4999 1591 5069 soliditas,
1624 5004 1772 5060 nullo

198 5078 316 5135 leno
345 5082 670 5151 interposito
694 5085 1024 5142 continebat.

262 5170 330 5225 Et
361 5175 625 5243 accipiens
646 5159 838 5244 septem
858 5192 1039 5245 panes,
1082 5179 1280 5249 gratias
1318 5196 1476 5251 agens
1518 5181 1692 5254 fregit,
1724 5193 1773 5240 et

193 5261 350 5317 dabat
387 5264 662 5335 discipulis
694 5266 823 5330 suis,
870 5277 926 5319 ut
956 5279 1290 5338 opponerent,
1336 5280 1384 5324 et
1424 5285 1774 5341 opposuerunt

195 5352 378 5407 urbe.
434 5353 694 5410 Dominus
738 5356 1011 5424 accipiens
1056 5373 1225 5428 panes
1277 5360 1442 5414 dabat
1497 5361 1774 5431 discipulis

192 5443 322 5507 suis,
351 5451 417 5497 nt
450 5443 549 5514 ipsi
578 5453 830 5515 acceptos
856 5447 1027 5501 turbae
1052 5459 1403 5519 apponereut,
1455 5451 1580 5520 quia
1609 5453 1773 5521 spiri-

194 5529 315 5586 talis
364 5533 510 5588 dona
549 5535 790 5590 scientia:
841 5536 1084 5593 tribuens
1125 5537 1398 5610 Apostolis
1447 5555 1546 5609 per
1584 5556 1772 5598 eorum

188 5621 558 5680 ministerium
601 5626 770 5682 voluit
813 5628 1065 5684 Ecclesiae
1105 5646 1219 5685 suae
1273 5645 1374 5700 per
1417 5632 1605 5687 orbem
1650 5634 1774 5689 vita:

194 5713 403 5771 citari:
451 5716 717 5775 distribui.
773 5716 926 5787 Quod
975 5728 1155 5777 autem
1204 5720 1363 5794 fregit
1398 5736 1588 5793 panes,
1637 5738 1775 5794 quos

1877 4648 2108 4702 quorum
2134 4631 2412 4686 exsecutio
2448 4630 2566 4685 illos
2596 4631 2808 4699 proprie
2852 4633 3092 4701 respicit,
3132 4636 3224 4704 qui
3267 4635 3459 4706 majori

1878 4721 2053 4777 sancti
2089 4720 2321 4791 Spiritus
2365 4720 2536 4789 gratia
2582 4721 2723 4789 pleni
2768 4723 3077 4792 generalem
3124 4726 3302 4797 populi
3337 4728 3455 4793 Dei,

1877 4813 2291 4870 conversatione
2326 4813 2524 4867 mentis
2550 4820 2708 4881 atque
2736 4815 2917 4883 operis
2945 4815 3274 4875 sublimitate
3310 4829 3460 4877 tran-

1874 4905 2153 4962 scendunt.
2174 4904 2432 4972 Qualibus
2452 4904 2648 4959 dicitur
2665 4923 2678 4959 :
2696 4905 2757 4960 Si
2782 4907 2855 4960 vis
2875 4907 3131 4977 perfectus
3154 4926 3285 4976 esse,
3308 4912 3458 4980 unde,

1875 4996 2035 5052 vende
2064 4997 2239 5049 omnia
2267 5012 2383 5066 qua:
2410 4994 2592 5061 habes,
2620 5004 2724 5050 etc.
2756 4995 2910 5052 Unde
2937 4998 3075 5053 bene
3108 5006 3303 5068 sporta:
3340 5001 3461 5071 qui-

1877 5087 1979 5141 bus
2005 5085 2406 5140 Dominicorum
2450 5092 2574 5140 sunt
2616 5086 2829 5141 condita
2878 5085 3177 5158 fragmenta
3213 5089 3456 5147 ciborum

1878 5185 2099 5247 propter
2126 5174 2491 5245 scptiformem
2515 5174 2748 5245 Spiritus
2776 5177 3028 5246 gratiam,
3056 5186 3262 5248 septem
3292 5177 3462 5236 fuisse

1879 5274 2272 5321 memorantur.
2314 5264 2450 5319 Nam
2487 5264 2614 5334 quia
2650 5273 2844 5334 spartae
2866 5266 3033 5335 junco
3065 5276 3122 5322 et
3156 5266 3455 5337 palmarum

1878 5356 2023 5412 foliis
2042 5355 2218 5410 solent
2242 5356 2480 5421 contexi,
2529 5355 2724 5410 merito
2758 5355 2812 5409 in
2840 5366 3150 5411 sanctorum
3178 5355 3454 5427 signiﬁca-

1882 5449 2031 5504 tione
2073 5454 2368 5516 ponuntur.
2411 5443 2615 5501 Juucus
2663 5445 2859 5515 quippe
2895 5460 3059 5517 super
3097 5460 3266 5516 aquas
3302 5444 3454 5501 nasci

1876 5539 2179 5603 consuevit,
2222 5538 2401 5609 palma
2445 5551 2574 5593 vero
2612 5538 2891 5594 victricem
2923 5545 3087 5593 ornat
3119 5551 3358 5591 manum.
3388 5535 3461 5591 Et

1874 5631 2087 5702 junceis
2112 5630 2258 5687 vasis
2305 5637 2453 5686 recte
2496 5636 2881 5699 comparantur
2923 5628 3102 5693 electi,
3139 5643 3261 5683 cum
3307 5627 3457 5683 radi-

1880 5735 2002 5779 cem
2031 5721 2228 5789 cordis,
2258 5734 2326 5778 nc
2373 5719 2516 5779 forte
2554 5721 2623 5777 ab
2652 5735 2838 5776 amore
2873 5718 3193 5777 aeternitatis
3219 5731 3457 5784 arescat.
