3950 6184
474 310 580 369 Βτυ

1114 310 1177 368 s.
1214 309 1463 366 nsum
1502 292 1724 365 usum
1765 308 2083 366 ARCltlEP'.
2124 307 2433 365 uocum.
2473 307 2755 366 armum
2795 306 2979 363 rans
3014 306 3076 363 ιι.

3584 321 3681 379 38)

471 426 531 484 in
567 428 687 498 ipso
726 427 852 483 vitae
891 426 1038 481 l’oute
1087 425 1374 479 collocant.
1428 423 1812 481 Assimilantur
1850 434 1906 480 et
1949 423 2054 489 eis,
2083 426 2129 484 Α
2157 436 2339 476 eorum
2394 430 2473 476 est
2512 421 2605 491 qui
2644 422 2931 476 secundum
2971 421 3215 487 spiritum
3258 424 3525 485 caltulam.
3573 432 3682 493 επ

468 534 594 591 quae
619 520 690 575 de
716 518 1012 589 palmarum
1040 526 1185 573 sunt
1223 517 1367 571 loliis
1394 525 1673 582 contexta,
1712 533 1836 575 cum
1871 518 1926 572 in
1954 517 2049 572 do-

473 608 617 664 l‘ectu
655 608 767 678 jam
803 618 1019 665 aeternae
1055 606 1426 662 retributionis
1452 607 1779 662 memoriam
1814 620 1952 676 puro
1992 607 2047 661 in

471 697 635 754 corde
657 697 905 752 retinent.
930 696 995 751 Et
1018 695 1158 753 bene
1181 698 1363 762 turba,
1390 697 1638 766 quamvis
1660 696 1917 766 reliquias
1945 695 2051 750 Do-

470 788 655 843 nunici
690 786 898 857 prandii
941 802 1048 842 non
1082 797 1321 858 caperet,
1372 787 1731 842 manducasse
1778 796 1959 841 tamen
1992 795 2049 841 et

469 888 712 935 saturata
740 895 861 935 esse
886 889 1157 943 narratur,
1191 882 1315 951 quia
1350 889 1478 935 sunt
1515 880 1776 946 nonnulli,
1821 880 1912 951 qui
1943 882 2048 935 etsi

468 969 647 1023 omnia
673 983 769 1024 sua
796 970 1102 1040 relinquere
1134 979 1424 1040 nequeunt,
1456 980 1633 1025 tamen
1655 972 1957 1026 esurientes
1993 978 2049 1025 et

467 1058 715 1113 sitientes
735 1058 1023 1127 justitiam,
1068 1067 1400 1125 saturantur,
1444 1075 1567 1117 cum
1596 1060 1863 1115 audiendo
1897 1075 2049 1115 man-

468 1147 593 1201 data
632 1147 765 1219 legis
793 1148 888 1203 Dei
918 1149 986 1208 ad
1023 1149 1189 1202 vitam
1232 1151 1553 1219 perveniunt
1582 1160 1861 1205 aeternam.
1906 1150 2049 1206 Bene

476 1246 710 1307 quatuor
758 1238 963 1303 millia,
1018 1247 1079 1292 ut
1119 1239 1234 1309 ipso
1294 1240 1455 1295 etiam
1506 1255 1730 1295 numero
1793 1241 2049 1294 docerent

472 1326 812 1397 Evangelicis
844 1346 906 1383 se
941 1336 1124 1397 pastos
1172 1343 1293 1384 esse
1330 1329 1583 1392 cibariis,
1629 1345 1726 1400 per
1759 1329 2044 1383 Dominum

472 1424 718 1472 nostrum
766 1416 1062 1483 Christum,
1109 1417 1201 1487 qui
1235 1433 1356 1472 eum
1394 1417 1555 1473 Patre
1585 1427 1640 1473 et
1684 1417 1888 1488 Spiritu
1920 1434 2048 1473 san-

469 1516 559 1563 eto
584 1508 715 1562 vivit
741 1518 796 1563 et
830 1516 1019 1579 regnat
1044 1507 1218 1573 Deus,
1255 1523 1352 1578 per
1383 1509 1567 1565 omnia
1600 1509 1795 1565 szeeula
1824 1509 2051 1565 Saecula-

472 1612 612 1652 rum.
640 1597 833 1653 Amen.

991 1690 1273 1747 HOMlLlA
1309 1690 1519 1749 CXXII.

1117 1798 1274 1839 FERIA
1330 1799 1404 1837 IV.

505 1872 692 1929 Lectio
722 1874 976 1944 Epistolas
1006 1875 1149 1931 beati
1175 1874 1323 1930 Pauli
1354 1876 1580 1947 apostoli
1619 1878 1686 1933 ad
1714 1877 2009 1933 Romanos.

500 1982 504 1991 ι
543 1961 781 2026 Fratres,
810 1964 940 2018 nillil
965 1981 1103 2019 nunc
1127 1966 1479 2022 damnationis
1506 1978 1581 2023 est
1609 1967 1690 2023 Itis
1723 1970 1812 2038 qui
1837 1978 1958 2024 sunt
1994 1970 2049 2024 in

462 2051 677 2107 Christo
707 2052 856 2120 Jesu,
893 2062 999 2109 etc.

549 2143 700 2199 Nihil
727 2162 864 2200 nunc
898 2147 1252 2204 damnationis
1279 2159 1352 2204 est
1374 2150 1455 2205 Itis
1482 2152 1572 2222 qui
1595 2162 1718 2209 sunt
1754 2152 1809 2207 in
1839 2151 2049 2208 Christo

468 2233 619 2289 Iesu.
654 2233 761 2290 Lex
780 2236 918 2291 enim
945 2236 1175 2308 Spiritus
1203 2239 1319 2295 vitae
1343 2242 1399 2296 in
1421 2238 1629 2296 Christo
1655 2241 1787 2297 Jesu
1812 2242 2050 2298 liberavit

470 2341 553 2379 me
576 2343 609 2380 a
635 2324 745 2397 lege
766 2328 963 2397 peccati
986 2338 1036 2383 et
1059 2332 1262 2385 mortis.
1305 2330 1386 2386 Ex
1420 2347 1529 2402 quo
1556 2332 1871 2406 intelligitur
1911 2349 2050 2405 quo-

470 2414 677 2469 tidiana
722 2416 896 2487 gratia
942 2416 1145 2473 Cbristi
1187 2433 1375 2475 omnes
1419 2430 1637 2477 sanctos
1681 2421 1755 2477 ab
1791 2423 1892 2478 hac
1934 2424 2049 2496 lege

468 2506 673 2576 peccati
702 2516 759 2562 et
791 2508 1001 2574 mortis,
1046 2508 1103 2564 in
1137 2526 1298 2581 quam
1320 2509 1523 2584 iugiter
1558 2514 1641 2569 vel
1671 2514 1917 2570 nolentes
1953 2530 2048 2571 co-

469 2605 691 2665 guntur,
718 2598 1017 2665 incurrere,
1042 2614 1165 2654 cum
1189 2602 1561 2658 remissionem
1591 2603 1893 2659 debitorum
1924 2619 2050 2661 suo-

473 2700 592 2738 rum
612 2702 642 2740 a
674 2686 901 2743 Domino
926 2699 1219 2757 precantur
1245 2692 1470 2747 absolvi.
1500 2694 1724 2749 Videtur
1747 2708 1893 2765 ergo,
1940 2711 2049 2751 non

470 2790 539 2831 ex
586 2790 815 2845 persona
859 2790 1225 2847 peccatorum,
1276 2783 1372 2837 sed
1413 2797 1480 2836 ex
1522 2782 1735 2839 illorum
1786 2784 1877 2854 qui
1922 2800 2048 2840 vere

470 2869 647 2923 sancti
671 2876 829 2939 atque
856 2869 1080 2939 perfecti
1106 2879 1230 2926 sunt
1255 2911 1271 2936 ,
1320 2873 1462 2927 banc
1486 2872 1703 2928 beatum
1730 2852 2045 2945 Apostolum
2066 2852 2091 2878 ⁸

469 2957 798 3028 prompsisse
846 2960 1189 3027 sententiam,
1226 2960 1349 3016 Non
1390 2964 1529 3017 enim
1569 2967 1710 3034 quod
1753 2963 1864 3019 solo
1908 2966 2048 3035 facio

470 3048 686 3114 bonum,
720 3048 811 3103 sed
831 3050 971 3121 quod
1001 3051 1090 3105 odi
1118 3052 1314 3106 malum
1352 3054 1450 3107 hoc
1473 3071 1592 3126 ago,
1623 3065 1673 3109 et
1711 3056 1857 3111 rideo
1881 3058 2044 3112 aliam

2150 510 2297 565 enim
2327 510 2394 565 ad
2417 511 2647 581 gratiam
2687 512 2960 581 pertinent
3007 509 3240 581 Spiritus
3275 516 3460 583 sancti,
3500 526 3686 589 quando

2146 601 2295 655 enim
2329 616 2437 656 non
2463 610 2586 656 erat
2626 602 2871 657 charitas
2899 600 3128 670 iustitiae
3166 604 3259 659 sed
3294 605 3464 673 timor,
3493 609 3569 665 lex
3592 629 3687 671 nm

2149 694 2499 765 implebantur.
2547 695 2674 751 Ideo
2714 695 2879 763 igitur
2916 696 3229 750 damnatum
3266 696 3392 752 dicit
3416 710 3689 769 peccatum,

2147 793 2209 838 ut
2261 784 2574 855 impleretur
2628 786 2686 841 in
2740 785 2897 841 nobis
2944 785 3260 855 iustiﬁcatio
3317 787 3443 857 legis
3495 791 3620 847 data:
3658 811 3689 849 a

2149 874 2348 945 Moyse.
2374 873 2584 931 Sublati
2612 876 2750 931 enim
2782 876 2848 930 de
2879 877 3177 931 conditione
3217 875 3361 947 legis,
3390 879 3508 948 facti
3531 897 3690 938 suetus

2148 966 2304 1019 amici
2352 964 2585 1035 ejusdem
2607 1005 2624 1032 ,
2669 964 2946 1035 iustificati
2991 967 3135 1022 enim
3185 969 3342 1023 amici
3397 979 3516 1025 sunt
3554 970 3690 1042 legis.

2149 1054 2429 1121 Quomodo
2467 1064 2650 1112 autem
2688 1057 2944 1128 impletur
2976 1059 3028 1113 in
3070 1058 3226 1115 nobis
3253 1059 3572 1129 justiticatio,
3604 1065 3693 1120 nisi

2150 1162 2273 1202 cum
2318 1148 2481 1203 datur
2523 1150 2771 1206 remissio
2817 1151 3060 1205 omnium
3096 1154 3485 1221 peccatorum?
3527 1163 3583 1209 ut
3615 1170 3694 1210 su-

2150 1240 2313 1295 blatis
2335 1240 2573 1309 peccatis
2603 1239 2934 1311 justiﬁeatus
2979 1252 3239 1313 appareat
3281 1252 3453 1299 mente
3477 1246 3689 1301 serviens

2147 1328 2252 1399 legi
2289 1330 2405 1392 Dei,
2441 1329 2544 1387 hoc
2584 1338 2670 1385 est
2700 1345 2807 1385 non
2846 1332 3139 1386 secundum
3169 1346 3387 1388 carnem
3423 1334 3693 1397 ambulans,

2148 1418 2242 1472 sed
2266 1417 2558 1473 secundum
2580 1418 2852 1488 spiritum,
2870 1426 2931 1473 ut
2950 1418 3167 1474 devotio
3188 1420 3373 1486 animi,
3395 1422 3485 1490 qui
3507 1432 3584 1477 est
3607 1423 3697 1491 spi-

2148 1506 2302 1569 ritus,
2320 1521 2425 1563 non
2441 1506 2744 1562 consentiat
2755 1506 3023 1562 desiderio
3036 1508 3390 1577 peccati,quia
3402 1523 3496 1578 per
3507 1524 3699 1565 carnem

2146 1598 2447 1655 scminatur
2464 1598 2899 1669 concupiscentia
2921 1597 3140 1662 animus,
3154 1598 3299 1668 quod
3322 1609 3404 1654 est
3428 1609 3697 1669 peccatum.

2220 1689 2325 1757 Qui
2346 1690 2483 1745 enim
2506 1691 2792 1745 secundum
2812 1706 3025 1745 carnem
3035 1701 3181 1758 sunt,
3197 1707 3312 1762 qua:
3328 1693 3497 1746 carnis
3510 1702 3618 1746 sunt
3631 1708 3705 1747 sa-

2078 1796 2127 1857 B
2153 1782 2299 1853 piunt
2314 1799 2334 1847 ;
2359 1783 2450 1854 qui
2479 1798 2597 1837 vero
2622 1780 2908 1837 secundum
2930 1781 3174 1852 spiritum
3190 1821 3207 1847 ,
3243 1798 3362 1850 quae
3382 1794 3496 1836 sunt
3516 1783 3705 1852 spiritus

2149 1874 2401 1929 sentiunt.
2436 1871 2539 1927 Hic
2559 1872 2674 1942 jam
2697 1871 2877 1943 aptius
2898 1870 3055 1941 quasi
3082 1871 3228 1927 inter
3258 1886 3356 1927 nos
3382 1881 3437 1925 et
3454 1870 3707 1927 ludarosiu

2150 1962 2330 2018 medio
2359 1968 2604 2017 statuens
2636 1959 2811 2032 legem
2852 1958 3050 2031 Moysi,
3083 1959 3219 2017 dicit
3256 1977 3273 2016 :
3316 1958 3420 2025 Qui
3451 1958 3708 2013 «motuin

2148 2069 2362 2108 carnem
2390 2061 2533 2118 sunt,
2556 2068 2674 2123 qua:
2704 2051 2879 2105 carnis
2898 2060 3019 2105 sunt
3041 2051 3276 2121 sapiunt,
3307 2051 3411 2106 hoc
3435 2058 3534 2115 est,
3559 2047 3717 2105 Judaei

2149 2161 2288 2217 quos
2322 2145 2455 2201 dicit
2478 2144 2775 2201 secundum
2805 2158 3025 2199 carnem
3045 2142 3233 2210 lsraei,
3267 2144 3360 2214 qui
3383 2159 3445 2200 ea
3473 2157 3586 2213 ante
3602 2155 3713 2196 car-

2149 2237 2234 2291 nis
2262 2243 2407 2302 sunt,
2428 2234 2644 2304 sapiunt
2670 2234 2724 2289 in
2744 2247 2812 2289 eo
2836 2232 2983 2302 quod
3005 2232 3544 2288 secundumcarnem
3560 2230 3717 2300 legem

2149 2325 2455 2397 intelligunt
2474 2342 2488 2379 :
2507 2322 2610 2390 Qui
2630 2340 2748 2379 vero
2761 2323 3049 2378 secundam
3068 2323 3338 2393 spiritum,
3353 2324 3421 2378 de
3437 2322 3717 2385 bisdicens,

2147 2430 2286 2485 quos
2315 2414 2537 2471 Judmos
2567 2413 2702 2469 dicit
2728 2413 2927 2482 spiritu
2953 2428 3065 2470 non
3088 2412 3275 2471 littera
3294 2454 3314 2480 ,
3344 2429 3463 2483 qua:
3485 2421 3598 2467 sunt
3622 2411 3724 2481 cpi.

2149 2507 2281 2560 ritus
2314 2505 2567 2561 sentiunt.

2221 2594 2365 2650 Nam
2398 2594 2680 2666 prudentia
2709 2595 2885 2650 carnis
2929 2610 3072 2650 mors
3101 2604 3183 2650 est
3206 2612 3228 2651 :
3257 2593 3536 2665 prudentia
3560 2600 3719 2646 auum

2148 2686 2365 2753 spiritus
2403 2684 2511 2740 uita
2551 2695 2599 2739 et
2630 2701 2737 2754 pax
2772 2683 2828 2739 in
2864 2682 3074 2739 Christo
3108 2685 3244 2741 Iesu
3278 2684 3503 2740 Domino
3537 2691 3723 2737 nostro.

2149 2775 2400 2847 Nunquid
2455 2790 2563 2831 non
2609 2791 2778 2830 unum
2827 2785 2994 2846 atque
3027 2776 3175 2833 idem
3216 2783 3339 2840 est,
3397 2773 3539 2844 quod
3582 2770 3723 2835 dicit,

2146 2869 2425 2941 prudentia
2446 2868 2621 2923 carnis
2646 2884 2791 2923 mors
2807 2877 2880 2923 est
2907 2881 2928 2920 :
2953 2867 3041 2924 cui
3062 2882 3221 2925 mors
3242 2867 3365 2924 est?
3388 2866 3599 2930 sumat,
3620 2864 3727 2919 sine

2148 2964 2350 3031 dubio;
2379 2962 2473 3034 qui
2513 2963 2659 3018 enim
2689 2962 2865 3034 legem
2901 2962 3207 3018 secundum
3246 2975 3494 3025 cantem,
3536 2958 3587 3014 id
3630 2966 3727 3019 est,

2147 3055 2442 3110 secundum
2462 3055 2698 3110 litteram
2711 3054 3056 3118 intellexerit,
3073 3068 3193 3109 non
3207 3053 3362 3109 venit
3382 3054 3453 3107 ad
3470 3048 3730 3107 Christum

468 3146 632 3211 legens
662 3143 721 3196 in
744 3141 985 3198 umbris
1010 3143 1137 3198 meis
1161 3156 1529 3216 repugnantem
1555 3147 1655 3219 legi
1678 3150 1862 3204 mentis
1893 3167 2039 3217 mete,
2071 3148 2115 3211 C
2147 3146 2238 3217 qui
2269 3154 2355 3201 est
2378 3145 2490 3200 vita
2509 3184 2525 3210 ,
2555 3154 2611 3200 et
2638 3145 2763 3201 ideo
2790 3144 3070 3215 prudentia
3104 3144 3294 3199 caricis
3322 3157 3469 3197 mors
3491 3149 3585 3206 est,
3615 3154 3729 3208 pru-

465 3244 517 3288 et
546 3234 809 3303 captiuum
848 3250 930 3289 me
965 3235 1237 3291 ducentem
1269 3237 1324 3291 in
1348 3237 1458 3308 lege
1486 3240 1700 3308 peccati,
1733 3256 1852 3311 qua:
1875 3250 1951 3295 est
1992 3241 2048 3295 in

468 3325 709 3378 membris
739 3325 884 3378 meis.
924 3323 1033 3380 Lex
1062 3326 1219 3393 enim,
1242 3326 1338 3393 ait,
1368 3323 1596 3398 Spiritus
1619 3330 1735 3383 vitae
1757 3330 1812 3383 in
1841 3328 2047 3385 Christo

460 3413 595 3467 Jesu
620 3414 855 3470 liberavit
893 3432 976 3471 me
1004 3434 1037 3471 a
1060 3415 1169 3488 lege
1186 3418 1382 3487 peccati
1407 3428 1455 3473 et
1484 3420 1686 3474 mortis.
1716 3419 1965 3491 Magnam
1993 3421 2046 3475 in

469 3505 573 3559 hoc
608 3504 759 3561 dedit
784 3507 1149 3572 securitatem,
1171 3509 1295 3578 quia
1327 3508 1467 3579 quod
1491 3510 1804 3580 impossibile
1826 3521 1939 3565 erat
1968 3512 2048 3566 le-

466 3595 567 3664 gis,
582 3595 639 3653 iu
655 3596 1487 3669 quoiuﬁnmabaturper‘carnem,
1505 3599 1649 3655 Deus
1671 3600 1870 3657 Filium
1891 3621 2047 3659 suum

466 3686 672 3741 mittens
702 3687 761 3742 in
800 3687 1199 3744 similitudinem
1242 3692 1421 3745 carnis
1456 3693 1693 3763 peccati,
1731 3694 1795 3748 de
1836 3705 2046 3765 peccato

467 3775 733 3832 damnavit
760 3791 1026 3849 peccatum
1052 3781 1105 3833 in
1136 3797 1312 3836 carne.
1345 3781 1466 3837 [iure
1497 3784 1626 3839 dicit
1651 3793 1710 3839 ut
1743 3786 2048 3857 baptizatos

465 3882 686 3923 securos
711 3870 899 3923 reddat
925 3870 1016 3939 qui
1056 3870 1270 3926 liberati
1308 3888 1336 3926 a
1368 3883 1591 3943 peccato
1621 3885 1767 3942 sunt,
1797 3879 2047 3949 quoniam

464 3960 604 4030 quod
630 3960 943 4029 impossibile
963 3972 1094 4024 erat,
1134 3963 1327 4033 inquit,
1374 3963 1521 4036 legis,
1552 3968 1638 4022 cui
1682 3969 2048 4038 impossibile?

468 4049 623 4105 nolis
656 4047 862 4107 scilicet
900 4051 1227 4121 impossibile
1267 4064 1386 4109 erat
1422 4059 1734 4113 mandatum
1772 4060 1905 4129 legis
1936 4061 2044 4118 im—

466 4139 636 4211 plere,
664 4138 789 4209 quia
803 4139 1029 4209 subjecti
1050 4154 1140 4194 era
1148 4151 1500 4212 muspeccato
1511 4155 1572 4199 ut
1580 4147 1599 4217 j
1609 4148 1897 4206 ustillcatio
1909 4151 2044 4223 legis

464 4231 781 4303 impleretur
807 4232 867 4287 in
887 4233 1061 4298 nobis,
1076 4234 1167 4305 qui
1195 4250 1297 4287 non
1321 4235 1606 4289 secundum
1633 4231 1842 4294 carnem
1864 4241 2046 4297 ambu-

463 4322 656 4390 lamus,
686 4325 779 4379 sed
807 4324 1091 4381 secundum
1114 4326 1376 4394 spiritum.
1409 4325 1513 4381 Per
1539 4329 1677 4384 hanc
1709 4331 1910 4386 etenim
1939 4333 2039 4389 bo—

460 4414 622 4468 stiam
651 4415 852 4480 carnis,
893 4430 1014 4485 quae
1042 4416 1221 4471 oblata
1249 4424 1332 4471 est
1357 4431 1455 4486 pro
1486 4426 1730 4487 peccato,
1764 4420 2042 4479 damnavit

2147 3237 2325 3292 dentia
2354 3252 2472 3292 vero
2496 3236 2711 3306 spiritus
2736 3236 2840 3291 vita
2863 3244 2913 3288 et
2936 3250 3065 3306 pax,
3092 3235 3272 3291 vitam
3308 3247 3546 3304 namque
3572 3238 3625 3287 et
3641 3244 3732 3301 pa-

2148 3343 2271 3385 cem
2294 3343 2414 3399 qum
2441 3337 2526 3384 est
2551 3327 2803 3385 Christus
2826 3326 2996 3383 habet
3017 3325 3113 3398 qui
3140 3325 3475 3398 spiritaliter
3501 3321 3734 3392 intelligit

2148 3419 2339 3490 legem,
2373 3428 2428 3476 et
2452 3420 2608 3476 bonis
2641 3418 2897 3489 operibus
2930 3418 3119 3490 implet
3142 3419 3299 3490 quod
3332 3426 3482 3475 recte
3512 3418 3565 3473 in
3588 3428 3735 3471 man~

2148 3512 2292 3568 datis
2318 3511 2412 3567 Dei
2438 3511 2545 3567 sibi
2578 3519 2911 3581 praeceptum
2938 3511 3226 3584 intelligit;
3261 3513 3356 3569 hic
3379 3526 3508 3567 eum
3533 3507 3738 3566 Christo

2147 3602 2263 3672 ipso
2287 3610 2579 3673 praestante
2600 3603 2654 3658 in
2676 3603 2782 3657 vita
2808 3605 3052 3674 regnabit
3071 3612 3308 3670 :eterna,
3322 3604 3420 3674 qui
3441 3617 3567 3658 cum
3586 3599 3738 3656 Patre

2145 3701 2202 3749 et
2224 3691 2431 3764 Spiritu
2455 3701 2665 3757 sancto,
2687 3693 2823 3747 vivit
2839 3702 2894 3749 et
2914 3703 3103 3765 regnat
3126 3694 3307 3762 Deus,
3328 3709 3431 3766 per
3450 3693 3630 3752 omnia
3651 3704 3744 3746 sa:-

2147 3783 2271 3841 cula
2300 3783 2640 3841 saeculorum.
2672 3784 2864 3839 Amen.

2659 3891 2938 3948 HOMILIA
2976 3892 3223 3950 CXXIII.

2731 3978 2864 4019 ιτειι
2883 3979 3041 4019 ῩΕΜΑ
3061 3980 3137 4021 ιν.

2243 4054 2428 4110 Lectio
2456 4053 2630 4110 sancti
2659 4053 2938 4126 Evangelii
2970 4056 3281 4112 secundum
3311 4055 3652 4113 Muttinem.

2214 4142 2284 4198 In
2321 4144 2412 4198 illo
2450 4154 2677 4212 tempore
2710 4153 3041 4199 accesserunt
3068 4145 3140 4199 ad
3174 4145 3376 4201 Iesum
3406 4144 3671 4201 Pharisaei
3696 4152 3740 4198 et

2146 4233 2432 4289 Sadductri
2465 4241 2743 4299 tentantes,
2777 4242 2825 4288 et
2861 4243 3172 4304 rogauerunt
3198 4251 3334 4291 eum
3357 4247 3418 4292 ut
3454 4238 3663 4310 signum
3686 4233 3745 4289 de

2143 4322 2269 4379 caelo
2300 4324 2587 4379 ostenderet
2612 4324 2708 4389 eis,
2736 4332 2844 4380 etc.

2216 4412 2443 4485 Signum
2472 4413 2539 4468 de
2566 4412 2705 4468 conlo
2729 4421 2980 4484 quaerant
3009 4421 3067 4471 et
3099 4414 3235 4486 quia
3259 4416 3448 4474 multa
3473 4416 3742 4475 hominum

462 4511 764 4570 peccatum,
796 4503 898 4558 hoc
926 4512 1011 4558 est
1044 4502 1248 4574 fugavit
1287 4514 1585 4575 peccatum,
1626 4514 1683 4562 et
1705 4510 1947 4578 abstulit,
1980 4521 2040 4569 ut
2068 4495 2117 4554 D
2145 4504 2311 4559 mima
2337 4504 2574 4559 secundo
2602 4506 2791 4574 W013
2832 4506 2901 4561 (ιθ
2933 4505 3164 4577 Panibus
3194 4509 3473 4575 εαιίθνίῑν
3518 4522 3661 4565 nm
3694 4506 3743 4560 in

454 4587 773 4659 justiﬁeatio
800 4591 933 4663 legis
964 4593 1278 4665 impleretur
1321 4596 1376 4651 in
1411 4598 1586 4663 nobis.
1628 4601 1719 4670 qui
1749 4600 1923 4674 legem
1949 4619 2038 4661 se-

462 4680 696 4735 cundum
750 4683 998 4751 spiritum
1052 4688 1422 4756 custodimus,
1478 4700 1535 4745 et
1584 4706 1691 4747 non
1743 4696 2039 4752 secundum

461 4786 705 4827 carnem.
735 4772 793 4827 lu
834 4789 943 4844 qua
983 4786 1136 4845 parte
1179 4780 1471 4835 secundum
1502 4796 1565 4836 ea
1595 4798 1716 4853 quae
1759 4799 1921 4855 supra
1947 4800 2042 4841 ex-

458 4861 738 4932 posuimus
765 4861 1117 4933 impossibilis
1148 4877 1266 4922 erat
1296 4869 1402 4936 lex,
1440 4880 1495 4926 et
1522 4873 1759 4928 infirma.
1794 4875 1850 4930 ld
1892 4878 2038 4933 enim

461 4951 571 5022 egit
600 4967 747 5006 mors
775 4950 1008 5019 Domini,
1037 4970 1104 5010 ne
1137 4972 1281 5011 mors
1304 4960 1616 5028 timetetur,
1657 4972 1712 5018 et
1743 4979 1809 5018 ex
1836 4980 1901 5020 eo
1924 4966 2037 5035 jam

460 5052 846 5115 appellarentur
900 5048 1217 5116 temporalia
1273 5051 1408 5105 bona
1436 5091 1453 5118 ,
1516 5068 1616 5108 nec
1669 5063 2040 5114 metuerentur

459 5138 781 5209 temporalia
819 5137 981 5205 mala,
1028 5140 1083 5194 in
1121 5141 1315 5210 quibus
1351 5146 1582 5202 carnalis
1621 5159 1739 5203 erat
1775 5150 1861 5204 illa
1901 5167 2035 5221 pru-

456 5230 722 5287 dentia-in
760 5244 863 5299 qua
901 5229 1109 5300 impleri
1140 5231 1271 5302 legis
1309 5247 1581 5305 prtecepta
1603 5255 1708 5294 non
1749 5248 2032 5311 poterant;

460 5322 574 5375 hanc
603 5328 783 5374 autem
810 5319 1096 5388 prudentia
1129 5321 1181 5374 in
1208 5323 1431 5378 homine
1457 5325 1736 5384 Dominico
1764 5330 2032 5385 exstincta

453 5421 512 5466 et
538 5411 714 5466 ablata
739 5409 953 5480 iustitia
979 5411 1113 5483 legis
1145 5411 1397 5483 impletur
1420 5430 1544 5470 cum
1581 5421 1877 5475 secundum
1908 5435 2032 5477 carr-

459 5515 719 5558 nemlnon
746 5501 1070 5567 ambulatur,
1105 5503 1200 5557 sed
1240 5504 1535 5561 secundum
1566 5507 1852 5578 Spiritu-ru.
1886 5512 2036 5571 Unde

456 5594 737 5648 verissime
784 5592 986 5648 dictum
1020 5603 1126 5659 est,
1156 5593 1291 5651 Non
1320 5599 1432 5651 ueni
1479 5598 1677 5655 soluere
1712 5600 1909 5672 legem,
1944 5604 2037 5659 sed

448 5688 754 5749 adimplere»
795 5683 1081 5741 Plenitudo
1112 5700 1243 5757 ergo
1273 5685 1409 5759 legis
1440 5688 1694 5758 maritas,
1719 5702 1765 5747 et
1803 5694 2033 5752 clamitas

2141 4594 2447 4666 exemplum
2474 4594 2643 4666 Moysi
2676 4609 2877 4651 manna
2900 4596 3117 4653 cmlitus
3146 4598 3423 4657 missoet
3446 4614 3550 4672 per
3577 4597 3747 4656 sumis

2140 4688 2342 4758 passim
2389 4688 2635 4757 disperso
2681 4688 2936 4759 populum
2984 4704 3205 4746 omnem
3257 4691 3450 4749 multo
3515 4700 3746 4759 tempore

2143 4781 2371 4836 reﬁciat.
2421 4779 2576 4847 Quod
2626 4780 2684 4836 in
2732 4780 3024 4851 Evangelia
3058 4779 3297 4839 Joannis
3333 4794 3475 4855 post
3525 4781 3751 4841 edulium

2140 4886 2339 4942 panum
2397 4872 2585 4927 turbas
2628 4872 2699 4926 ab
2745 4885 2813 4927 eo
2859 4871 3125 4941 quaesisse
3162 4872 3423 4944 legimus
3469 4875 3745 4931 dicentes:

2153 4956 2306 5022 Quod
2333 4970 2457 5024 ergo
2489 4964 2542 5007 tu
2578 4955 2710 5025 facis
2734 4955 2965 5025 signum.
2986 4963 3043 5009 ut
3079 4955 3371 5013 rideamus
3396 4967 3453 5013 et
3478 4958 3747 5012 credam

2143 5053 2286 5108 tibi?
2319 5049 2448 5122 quid
2472 5048 2758 5110 operaria?
2802 5060 2983 5121 putres
3043 5050 3214 5103 nostri
3280 5054 3747 5107 manducantem

2148 5143 2349 5201 manna
2370 5146 2437 5198 in.
2456 5146 2685 5207 deserto,
2707 5145 2848 5199 sicut
2880 5144 3134 5214 scriptum
3157 5151 3261 5210 est,
3304 5161 3525 5214 panem
3542 5147 3607 5200 de
3633 5141 3751 5199 rtelo

2141 5238 2281 5291 dedit
2307 5237 2373 5290 iis
2409 5236 2756 5294 manducare.

2213 5330 2279 5384 At
2307 5330 2398 5383 ille
2428 5327 2745 5396 respondens
2778 5326 2855 5381 ait
2896 5329 2970 5383 eis
2999 5343 3016 5384 :
3064 5327 3238 5382 Facto
3270 5347 3505 5399 uespere
3537 5331 3754 5387 dicitis:

2141 5422 2401 5476 Serenum
2433 5421 2552 5481 crit,
2577 5421 2932 5476 rubicundum
2965 5432 3041 5475 est
3060 5422 3199 5475 enim
3215 5424 3474 5493 calum;
3499 5434 3757 5480 ιιι-νηπίη

2141 5515 2316 5569 Hodie
2346 5523 2651 5580 tempestas,
2688 5514 2877 5568 rutilat
2892 5515 3034 5568 enim
3071 5516 3219 5571 triste
3257 5519 3498 5577 uelum.
3540 5517 3759 5574 Facient

2139 5623 2264 5677 ergo
2307 5608 2424 5661 caeli
2456 5607 2756 5678 dijudicare
2800 5611 2983 5670 nostis,
3033 5608 3187 5678 signa
3214 5620 3424 5665 autem
3458 5622 3761 5681 temporum

2140 5716 2245 5755 non
2268 5702 2529 5767 potestis?
2552 5699 2866 5760 Secundum
2895 5700 3182 5757 historiam
3199 5711 3411 5761 autem
3438 5703 3762 5762 sensuum

3350 5966 3391 5997 ἥ
