3950 6184
251 262 354 321 581

1362 261 1665 320 ῙΙΟΜῘΜᾸΞ
1707 256 1772 316 iN
1815 260 2063 327 EVANG.
2107 262 2197 317 ET
2236 262 2452 329 EPiST.

3416 270 3520 339 33.3

253 374 585 439 manifestus
619 382 722 440 est,
753 374 898 446 quod
918 390 997 441 ,αι
1026 374 1412 439 elementorum
1444 377 1633 432 ordine
1671 383 1835 444 atque
1864 378 1910 453 ᾼ
1940 373 2073 444 legis
2116 375 2307 430 divina:
2339 374 2714 430 traditionibus
2751 374 3026 433 hominum
3053 389 3393 450 postponere,
3430 388 3513 438 vel

252 466 614 527 consonantia
638 467 849 540 possint
876 475 930 522 et
953 466 1132 527 sereni
1152 474 1205 519 et
1225 466 1391 531 pluvii
1415 467 1531 523 dies
1557 463 1836 535 praenosci,

249 558 451 625 scriba;
481 565 660 621 autem
694 565 748 610 et
784 554 1043 621 Pharisaei
1074 556 1164 626 qui
1197 556 1521 610 videbantur
1554 568 1675 609 esse
1709 553 1841 625 legis

252 648 511 703 doctores
533 661 598 700 ex
617 646 1011 729 Prophetarum
1034 647 1436 710 vaticinatione,
1463 662 1568 700 non
1592 654 1842 717 poterant

250 738 569 808 intelligere
606 736 903 791 Saivatoris
931 736 1218 790 adventum
1252 755 1265 790 :
1307 736 1618 805 spiritaliter
1656 744 1837 789 autem

249 831 401 901 quod
445 829 583 884 dixit
608 828 889 893 Dominus,
919 828 1061 897 [acta
1098 844 1304 901 vespere
1341 828 1554 882 dicitis:
1583 827 1836 883 Serenum

246 923 373 987 erit,
412 918 761 985 rubicundum
804 928 877 972 est
921 920 1057 977 enim
1100 918 1316 983 emittm,
1377 916 1647 991 significat
1693 919 1836 987 quod

246 1026 352 1082 per
393 1010 711 1082 sanguinem
742 1009 1009 1081 passionis
1049 1009 1248 1067 Christi
1290 1010 1342 1064 in
1383 1008 1558 1078 primo
1602 1009 1835 1064 adventu

248 1102 584 1172 indulgentia:
618 1110 960 1170 peccatorum
990 1100 1168 1155 datur.
1204 1100 1269 1155 Et
1298 1115 1482 1154 mane:
1511 1099 1680 1154 Hodie
1705 1111 1835 1154 tem-

245 1202 448 1262 pestas,
477 1191 644 1253 rubet
695 1191 834 1249 enim
876 1206 993 1259 cum
1040 1191 1251 1249 tristitia
1282 1187 1468 1252 caelum
1512 1207 1525 1242 :
1566 1188 1836 1259 significat

243 1284 397 1355 quod
431 1284 484 1338 in
523 1282 761 1339 secundo
800 1281 1031 1335 adventu
1056 1280 1178 1353 igne
1212 1278 1547 1350 prazcedcnte
1575 1287 1834 1332 venturus

240 1386 354 1431 est.
374 1373 589 1431 Faciem
605 1390 725 1446 ergo
740 1371 851 1427 caeli
865 1371 1157 1445 diiudicare
1172 1370 1507 1440 nostis,signa
1522 1379 1693 1424 autem
1710 1380 1831 1422 tem-

242 1485 438 1538 porum
461 1484 563 1520 non
576 1467 808 1537 potestis.
838 1464 1005 1537 Signa
1023 1472 1321 1535 temporum
1341 1464 1476 1523 dixit
1504 1464 1572 1519 de
1600 1466 1829 1519 adventu

243 1573 369 1620 suo,
414 1556 498 1611 vei
543 1556 787 1624 passione
813 1556 899 1610 cui
933 1554 1108 1610 simile
1143 1565 1229 1612 est
1269 1569 1486 1609 roseum
1513 1553 1710 1610 coelum
1745 1570 1832 1608 vc-

242 1662 432 1716 spcre,
463 1655 520 1702 et
553 1646 683 1701 item
715 1646 780 1700 de
812 1645 1167 1701 tribulatione.
1197 1652 1322 1700 ante
1350 1647 1638 1701 adventum
1671 1660 1827 1700 suum

1939 474 2089 522 certe
2134 466 2305 538 legem
2359 466 2538 522 verbis
2590 468 2904 537 praedicare,
2965 469 3123 527 factis
3174 473 3520 544 impugnare;

1940 554 2262 610 fermentum
2311 563 2396 611 est
2454 554 2875 611 Sadduceorum
2934 559 3217 615 Dominum
3273 571 3519 621 tentare.

1938 660 2040 711 nec
2064 646 2321 701 doctrinae
2347 646 2463 715 ejus
2492 656 2585 700 aut
2622 647 2876 716 operibus
2904 648 3127 704 credere
3160 668 3173 704 :
3206 652 3300 706 sed
3341 651 3513 708 insul-

1938 737 2104 792 tando
2136 737 2241 792 alia
2282 738 2477 806 quibus
2512 738 2732 793 credere
2757 740 2988 794 debeant
3016 750 3217 811 petere.
3262 742 3518 799 Formen-

1936 835 2050 882 tum
2104 826 2334 883 Herodis
2390 838 2473 883 est
2521 828 2881 893 adulterium,
2930 831 3301 898 homicidium,
3351 842 3517 888 teme-

1936 918 2071 985 ritas
2089 915 2308 986 juraudi
2330 957 2345 983 ,
2370 917 2646 972 simulatio
2676 918 2952 988 religionis
2970 959 2984 981 ,
3012 928 3067 973 et
3100 921 3247 987 quod
3272 923 3513 977 omnium

1933 1016 2017 1061 est
2053 1016 2215 1078 caput
2241 1015 2296 1062 et
2323 1008 2474 1078 origo
2506 1007 2772 1063 scelerum
2807 1008 2990 1062 odium
3019 1024 3087 1062 ac
3125 1014 3428 1079 persecutio
3458 1013 3510 1067 in

1933 1095 2225 1163 Christum,
2239 1107 2294 1153 et
2308 1113 2696 1168 praecursorem
2711 1099 3262 1169 ejus,pr.econemque
3279 1102 3510 1171 primum

1934 1188 2084 1259 regni
2116 1189 2372 1244 caelestis.
2402 1187 2449 1243 A
2471 1204 2578 1259 quo
2618 1198 2969 1258 utrorumque
3013 1187 3298 1253 fermento,
3346 1190 3510 1244 etiam

1930 1278 2220 1347 Apostolus
2247 1294 2347 1334 nos
2385 1280 2679 1351 prohibens
2720 1281 2796 1334 ait
2833 1295 2847 1333 :
2878 1280 3067 1351 Itaque
3110 1280 3382 1351 epulamur
3408 1300 3510 1337 non

1930 1372 1984 1424 in
2029 1371 2279 1441 fermento
2317 1373 2537 1427 malitia:
2571 1382 2619 1426 et
2665 1374 2928 1445 nequitiae,
2966 1375 3055 1429 sed
3087 1376 3141 1430 in
3175 1394 3374 1449 azymis
3398 1379 3510 1434 sin—

1930 1462 2162 1515 ceritatis
2190 1471 2237 1515 et
2265 1462 2516 1517 veritatis.

1999 1550 2065 1604 At
2088 1551 2165 1605 illi
2184 1552 2477 1622 cogitabant
2501 1553 2639 1606 inter
2660 1569 2716 1606 se
2741 1553 2970 1609 dicentes
2998 1570 3017 1609 :
3051 1555 3191 1623 Quia
3214 1574 3377 1627 panes
3405 1576 3509 1614 non

1929 1645 2237 1712 accepimus.
2270 1643 2451 1699 Sciens
2480 1655 2651 1699 autem
2680 1643 2856 1711 Iesus,
2886 1647 3018 1701 dixit
3048 1661 3067 1699 :
3094 1646 3233 1715 Quid
3268 1652 3511 1721 cogitatis

240 1738 517 1811 tium-um!
562 1737 651 1796 cui
679 1736 856 1793 simne
888 1745 972 1799 est,
1014 1752 1169 1793 mane
1195 1751 1411 1793 roseum
1442 1752 1565 1793 cum
1601 1736 1819 1791 tristitia
1853 1725 1894 1782 Β
1924 1733 2057 1786 inter
2078 1733 2421 1797 ros,m0tlica:
2441 1733 2584 1802 ﬁdei,
2612 1735 2736 1805 quia
2756 1753 2916 1807 panes
2953 1754 3056 1791 non
3082 1739 3321 1793 habetis?
3353 1740 3506 1795 Non-

241 1830 469 1889 calum.

319 1918 596 1989 Generatio
633 1918 775 1973 mala
802 1927 849 1973 et
898 1918 1139 1976 adultera
1179 1918 1382 1987 signum
1421 1920 1630 1990 qutrrit,
1664 1930 1713 1974 et
1756 1920 1830 1974 si-

240 2027 412 2081 gnum
441 2026 544 2064 non
588 2011 802 2063 dabitur
840 2009 904 2071 ei,
954 2009 1058 2063 nisi
1105 2009 1307 2079 signant
1334 2008 1508 2064 Jontr.
1541 2008 1656 2064 Non
1698 2026 1828 2079 ergo

242 2102 407 2154 tiatur
430 2100 644 2171 signum
676 2100 1012 2170 generationi
1042 2099 1138 2164 illi,
1170 2100 1221 2153 id
1254 2108 1337 2155 est
1365 2101 1685 2160 tentantiutn
1718 2101 1823 2156 Do-

240 2189 451 2243 minum
491 2200 547 2244 et
585 2188 955 2247 insultantium
991 2190 1171 2247 verbis
1203 2187 1341 2258 ejus,
1386 2191 1491 2244 tale
1533 2191 1715 2261 utique
1747 2193 1823 2246 si-

237 2298 430 2353 gnum,
457 2282 617 2351 quale
657 2289 929 2336 tentantes
963 2282 1299 2352 quazrehant,
1324 2283 1428 2338 hoc
1457 2291 1559 2348 est,
1578 2284 1644 2338 de
1663 2284 1821 2351 caelo,

238 2373 440 2445 quibus
471 2383 650 2429 tamen
694 2374 858 2428 multa
887 2374 1126 2429 eteiestia
1169 2375 1320 2446 signa
1360 2375 1523 2430 dabat
1552 2375 1605 2428 in
1655 2384 1822 2432 terra.

237 2466 512 2521 Caeterum
551 2466 887 2537 generationi
928 2466 1280 2536 qumreutium
1301 2464 1608 2529 Dominum,
1641 2467 1823 2535 requi-

235 2557 479 2612 rentium
508 2555 699 2612 faciem
730 2556 823 2610 Dei
852 2555 1042 2620 Iacob,
1071 2557 1280 2627 signum
1308 2556 1373 2610 de
1402 2554 1539 2609 caelo
1567 2555 1820 2609 ostende-

234 2648 353 2711 bat,
375 2647 592 2716 quando
611 2646 958 2702 cernentibus
985 2646 1256 2715 Apostolis
1279 2644 1817 2711 ascenditincmlum,

231 2737 456 2807 quando
489 2737 652 2791 misso
681 2736 746 2792 de
777 2736 976 2805 Spiritu
1002 2734 1335 2804 primitivum
1360 2734 1602 2803 implevit
1631 2733 1818 2793 Eccle-

231 2826 375 2881 siatn
408 2844 420 2877 :
450 2827 668 2895 quanto
694 2826 760 2878 ad
790 2825 1190 2894 impositioncm
1219 2840 1409 2879 manus
1438 2824 1818 2894 Apostolorum

230 2916 286 2970 in
323 2915 608 2981 Samaria,
639 2916 903 2981 Caesarea,
944 2916 1193 2986 Epheso,
1231 2914 1457 2985 aliisque
1501 2916 1725 2971 urbibus
1756 2930 1820 2971 ac

232 3009 372 3064 locis
404 3009 682 3079 plurimis,
708 3009 934 3079 gratiam
959 3009 1023 3062 de
1053 3008 1191 3064 cmlo
1216 3006 1439 3077 Spiritui
1468 3015 1659 3061 sancto
1694 3024 1809 3062 cre-A

1926 1823 2051 1877 dum
2070 1823 2356 1893 intelligitis
2382 1841 2545 1895 neque
2571 1826 2920 1880 recordamini
2939 1829 3378 1898 quinquepanum
3405 1828 3507 1903 [in]

1924 1917 2150 1987 quinque
2175 1915 2339 1969 millia
2365 1916 2656 1979 hominum,
2688 1925 2735 1971 et
2760 1928 2885 1988 quot
2909 1920 3155 1989 cophinos
3178 1922 3511 1992 sumpsistis?

1928 2004 2112 2077 Neque
2139 2016 2329 2074 septem
2369 2023 2566 2077 panum
2609 2005 2710 2079 [in]
2752 2018 2980 2078 quatuor
3009 2009 3176 2063 millia
3214 2009 3507 2083 hominum,

1924 2106 1971 2151 et
1994 2107 2117 2168 quat
2146 2104 2350 2167 spartes
2381 2098 2717 2168 sumpsistis.’
2744 2097 2922 2164 Quare
2945 2116 3049 2153 non
3072 2098 3359 2170 intelligitis
3383 2102 3509 2172 quia

1925 2206 2028 2243 non
2049 2189 2112 2242 de
2140 2205 2273 2258 pane
2295 2189 2405 2243 dixi
2427 2188 2567 2243 vobis
2597 2205 2616 2243 :
2648 2187 2836 2244 Cavete
2862 2207 2894 2243 tt
2916 2190 3169 2259 fermento
3203 2189 3507 2248 Pharistco-

1924 2295 2040 2331 rum
2067 2288 2114 2332 et
2148 2278 2584 2333 Sadduca-orum.
2619 2278 2724 2334 Per
2744 2281 3085 2336 occasionem
3114 2284 3367 2353 praecepti
3398 2300 3506 2352 quo

1924 2367 2170 2422 Salvator
2218 2368 2455 2439 jasscrat
2485 2370 2673 2425 dicens
2706 2388 2720 2423 :
2755 2367 2941 2424 Cavete
2965 2389 2995 2424 a
3023 2371 3274 2441 fermento
3308 2370 3503 2426 Phari-

1921 2475 2145 2513 sa'orum
2172 2468 2219 2511 et
2249 2458 2502 2526 fermento
2527 2459 2752 2514 Herodis
2779 2473 2798 2511 :
2831 2461 2986 2515 docet
3017 2475 3110 2515 eos
3142 2462 3267 2531 quid
3301 2461 3505 2534 signifi-

1922 2558 2045 2602 cent
2094 2548 2332 2618 quinque
2372 2564 2537 2619 panes
2571 2558 2627 2604 et
2669 2558 2875 2619 septem
2932 2550 3047 2606 sive
3090 2551 3357 2621 pisciculi,
3412 2562 3506 2610 aut

1920 2640 2155 2709 quinque
2178 2639 2340 2693 millia
2367 2639 2642 2694 hominum
2673 2649 2728 2695 et
2749 2649 2982 2711 quatuor
3017 2642 3177 2696 millia
3203 2660 3323 2714 qua:
3352 2655 3505 2714 pasta

1920 2741 2045 2785 sunt
2074 2731 2126 2785 in
2156 2746 2358 2797 eremo,
2380 2747 2485 2802 quo
2511 2732 2635 2787 licet
2661 2733 2936 2803 signorum
2965 2734 3276 2805 magnitudo
3296 2737 3476 2808 perspi

1904 2812 2021 2876 'cua
2046 2821 2132 2884 sit,
2167 2831 2344 2877 tamen
2369 2823 2510 2877 aliud
2541 2824 2767 2893 Spit-itali
2802 2824 3506 2894 intelligentiademonstre-

1920 2921 2027 2968 tur.
2060 2914 2115 2969 Si
2146 2915 2289 2969 eniut
2316 2914 2637 2969 fermentum
2670 2914 3067 2972 Pharisteorum
3098 2926 3154 2973 et
3183 2916 3499 2977 Sadducaao-

1922 3020 2040 3059 rum
2072 3013 2127 3059 et
2161 3006 2481 3060 fermentum
2525 3005 2752 3061 llcrodis
2778 3023 2883 3062 l|0.l
2915 3008 3249 3078 corporalem
3281 3025 3497 3080 panem,

233 3066 496 3155 dentibus
521 3066 863 3155 ministravit.
899 3097 1038 3162 Quid
1066 3066 1485 3166 autem-signum
1517 3093 1673 3168 Jonas
1712 3097 1815 3151 sibi
1846 3066 1890 3127 Ο
1924 3097 2019 3151 sed
2078 3097 2398 3151 traditiones
2459 3112 2743 3167 perversas
2804 3106 2860 3151 et
2917 3066 3170 3156 iraeietica
3235 3066 3504 3171 significat

237 3188 400 3253 velit,
426 3187 541 3257 jam
571 3202 735 3256 supra
763 3186 966 3240 dictum
995 3195 1098 3250 cst,
1129 3183 1385 3255 Sequitur
1413 3201 1428 3240 :

308 3279 402 3343 Et,
434 3278 632 3333 relictis
662 3277 788 3339 illis.
821 3276 966 3330 abiit.
994 3276 1214 3332 Relictis
1240 3278 1435 3333 scribis
1456 3288 1510 3333 et
1532 3277 1821 3335 Pltarismis

234 3369 436 3436 quibus
474 3369 719 3431 dixerat,
749 3366 1029 3421 Ccneratio
1073 3367 1213 3421 mala
1239 3377 1286 3421 et
1324 3368 1565 3425 adultera
1610 3372 1818 3441 signum

234 3459 423 3529 quierit
456 3474 476 3512 :
505 3466 551 3511 et
581 3458 786 3527 signum
824 3475 925 3511 non
951 3456 1162 3510 dubitur
1186 3459 1234 3511 ei
1273 3459 1371 3512 nisi
1407 3460 1615 3529 signum
1640 3461 1815 3530 laute,

237 3556 388 3600 recte
411 3545 546 3599 abiit
577 3556 727 3599 trans
763 3545 959 3611 fretum
1003 3554 1058 3600 et
1087 3547 1329 3617 gentium
1358 3560 1578 3606 secutus
1611 3564 1696 3607 est
1721 3569 1817 3623 po-

235 3638 416 3709 palus.

308 3730 375 3785 Et
404 3747 522 3783 cum
560 3732 814 3789 cenissent
843 3730 1090 3802 discipuli
1120 3732 1238 3802 ejus
1265 3742 1410 3787 trans
1433 3733 1644 3804 fretum,
1670 3734 1816 3790 obliti

232 3831 357 3872 sunt
399 3837 562 3888 panes
597 3822 848 3891 accipere.
889 3822 1107 3889 Qua-rat
1137 3823 1365 3892 aliquis,
1400 3835 1455 3877 et
1484 3826 1644 3890 dicat,
1678 3841 1814 3894 quo-

233 3912 397 3965 modo
418 3926 583 3980 panes
604 3928 707 3964 non
735 3912 1000 3966 habebant
1023 3913 1112 3983 qui
1137 3915 1316 3968 statim
1349 3914 1581 3983 impletis
1610 3926 1817 3985 St'pll'ln

233 4002 434 4070 sporUs
463 4002 820 4057 ascenderunt
863 4003 915 4056 in
948 4003 1251 4058 naviculam
1279 4013 1333 4058 et
1368 4014 1632 4059 venerunt
1668 4008 1720 4058 in
1758 4005 1812 4058 fi-

232 4108 335 4147 ncs
369 4092 655 4163 ilagedan,
698 4093 875 4163 ibique
910 4095 1138 4149 audiunt
1167 4096 1512 4165 navigantes,
1550 4098 1690 4167 quod
1721 4116 1813 4153 ca-

232 4199 363 4238 vere
391 4184 621 4240 debeant
649 4201 677 4237 a
707 4185 972 4242 fermento
996 4186 1391 4243 Pharisazorum
1415 4198 1468 4243 et
1494 4188 1814 4247 Sadductco-

238 4290 381 4337 rum,
415 4273 509 4328 sed
545 4272 829 4342 Scriptura
865 4284 1096 4335 testatur
1121 4277 1263 4344 quod
1288 4275 1440 4330 obliti
1471 4278 1582 4331 sint
1609 4294 1702 4333 eos
1730 4294 1794 4333 se

230 4375 356 4413 cum
396 4361 600 4416 tollere.
639 4363 791 4429 Quod
838 4371 1016 4418 autem
1063 4364 1369 4436 navigaturi
1419 4375 1567 4421 trans
1611 4365 1806 4422 fretum

228 4454 385 4509 obliti
430 4465 557 4509 sunt
599 4456 854 4517 viaticum
902 4472 1113 4511 sumere
1160 4474 1364 4524 secum,
1424 4459 1681 4514 indicium
1727 4468 1811 4513 est

228 4562 395 4617 quant
430 4549 699 4603 modicam
721 4550 904 4606 carnis
939 4564 1125 4603 curam
1160 4551 1421 4606 haberent
1461 4551 1514 4604 in
1544 4551 1808 4622 reliquiis,

230 4635 426 4705 quibus
456 4636 569 4707 ipsa
608 4638 880 4692 reficiendi
909 4639 1152 4708 corporis
1187 4642 1481 4695 necessitas
1507 4657 1626 4710 qua:
1654 4652 1808 4696 natu-

232 4725 418 4780 raliter
446 4728 656 4785 cunctis
695 4728 1006 4784 mortalibus
1026 4730 1181 4789 .inest
1210 4731 1509 4787 intentione
1541 4732 1805 4789 Dominici

229 4815 520 4873 comitatus
562 4826 742 4871 mente
764 4828 1094 4875 excesserat.
1127 4820 1276 4875 Unus
1303 4837 1429 4876 vero
1460 4824 1617 4893 panis
1644 4840 1805 4894 quem

232 4924 413 4962 secum
446 4908 721 4965 habebant
753 4910 804 4979 in
847 4911 969 4965 navi
1002 4912 1227 4983 mystice
1264 4912 1435 4983 ipsum
1461 4928 1652 4982 panetn
1686 4916 1808 4969 vitm

232 4998 519 5054 Dominum
576 5000 827 5055 videlicet.
892 5001 1227 5057 Salvatorem
1290 5005 1538 5072 designat
1587 5022 1600 5059 :
1656 5006 1808 5076 cujus

235 5110 418 5150 amore
460 5096 593 5162 quia
638 5111 852 5164 semper
904 5097 1052 5163 intus
1104 5097 1485 5153 reficiebantur
1540 5096 1591 5151 in
1646 5099 1808 5152 corde

231 5188 410 5242 minus
436 5186 501 5240 de
537 5194 753 5243 terreno
777 5203 918 5258 pane
945 5204 1052 5259 quo
1080 5205 1277 5259 corpus
1303 5189 1453 5259 pasci
1483 5187 1621 5242 solet
1647 5204 1807 5243 cura-

230 5276 354 5330 bant
391 5295 405 5330 :

303 5368 407 5432 Qui
436 5368 566 5422 dixit
594 5367 700 5424 illis
732 5384 754 5424 :
802 5368 1128 5434 Intuemini,
1179 5377 1227 5422 et
1269 5377 1439 5423 cavete
1479 5386 1511 5421 a
1553 5367 1805 5438 fermento

235 5455 1148 5527 Pliarisa'orumletSaddaca-orum.
1166 5458 1222 5512 in
1243 5459 1422 5514 Marco
1442 5461 1516 5513 ita
1543 5461 1805 5529 scriptum

229 5556 346 5601 est:
382 5547 558 5603 lidrte
584 5560 634 5603 et
656 5560 830 5605 cavete
868 5569 899 5605 a
930 5552 1180 5618 fermento
1207 5549 1597 5607 Pharisa'orum
1627 5561 1672 5604 et
1704 5550 1807 5619 fer-

239 5649 403 5693 mento
424 5638 670 5709 Herodis.
702 5638 1047 5695 Fcrmentum
1061 5640 1459 5698 Pharismorutn
1482 5653 1566 5700 est
1586 5642 1805 5699 decreta

1923 3186 2198 3256 dogmata,
2230 3201 2399 3255 quare
2432 3192 2487 3239 et
2516 3184 2639 3247 cibi,
2670 3186 2866 3255 quibus
2902 3188 3139 3243 nutritus
3167 3198 3250 3243 est
3275 3191 3503 3261 populus

1922 3274 2049 3338 Dei,
2083 3291 2187 3329 non
2218 3291 2399 3331 veram
2430 3273 2728 3330 doctrinam
2765 3277 3137 3349 integramque
3165 3280 3504 3353 signiﬁcent?

1918 3366 2224 3421 istiusmodi
2255 3365 2575 3420 fermentum
2594 3408 2609 3431 ,
2642 3366 2782 3438 quod
2811 3369 2959 3423 omni
2990 3371 3198 3426 ratione
3219 3374 3498 3431 vitandum

1919 3465 2019 3519 est,
2054 3457 2269 3522 habuit,
2304 3457 2540 3513 Marcion
2574 3467 2628 3512 et
2660 3459 2994 3525 Valentinus,
3027 3470 3080 3516 et
3105 3478 3295 3519 omnes
3323 3466 3498 3522 luere-

1923 3551 2044 3616 tici;
2077 3550 2394 3605 fermentum
2418 3551 2555 3605 hanc
2584 3550 2690 3613 vim
2715 3550 2877 3606 habet
2905 3562 2962 3606 ut
2987 3553 3030 3609 si
3061 3554 3248 3609 farina:
3277 3556 3495 3612 mistum

1919 3643 2120 3706 fuerit,
2156 3642 2296 3711 quod
2326 3658 2548 3712 parvum
2581 3643 2862 3697 videbatur
2883 3684 2899 3707 ,
2937 3652 3147 3698 crescat
3193 3645 3243 3698 in
3276 3644 3451 3714 majus
3478 3688 3495 3714 ,

1917 3742 1972 3788 et
2039 3733 2104 3787 ad
2164 3748 2407 3801 saporem
2470 3748 2626 3786 suum
2689 3733 2999 3789 universam
3055 3736 3494 3806 conspersionem

1920 3823 2115 3877 trahat.
2148 3820 2221 3875 ita
2243 3829 2297 3874 et
2317 3818 2559 3873 doctrina
2582 3819 2855 3886 lueretica,
2882 3822 2926 3876 si
2949 3822 3031 3875 vel
3058 3824 3322 3879 modicam
3350 3827 3495 3882 scin-

1915 3912 2081 3966 tiliam
2109 3912 2160 3966 in
2191 3920 2336 3966 tuum
2367 3919 2551 3981 pectus
2569 3910 2776 3978 jecerit,
2797 3912 2849 3965 in
2886 3912 3035 3967 brevi
3068 3913 3256 3985 ingens
3280 3912 3496 3972 flamma

1916 4013 2329 4068 smzcrescet,et
2374 4012 2537 4058 totam
2582 4004 2813 4060 hominis
2864 4007 3265 4076 possessionem
3320 4011 3388 4066 ad
3435 4024 3496 4066 se

1918 4096 2111 4150 trahet.
2148 4094 2260 4149 [ioc
2289 4104 2370 4151 est
2398 4095 2461 4151 de
2489 4112 2596 4165 quo
2627 4105 2681 4150 et
2702 4094 2990 4166 Apostolus
3018 4098 3283 4169 loquitur,
3311 4098 3489 4161 Modi-

1914 4201 2029 4239 cum
2058 4185 2364 4255 fermentum
2388 4196 2549 4240 totum
2577 4204 2803 4241 massam
2831 4188 3132 4257 corrumpit.

1987 4275 2130 4329 Tunc
2177 4276 2538 4339 intellexerunt
2578 4278 2716 4349 quod
2760 4296 2862 4332 non
2913 4279 3105 4332 dixerit
3146 4292 3429 4332 carendum
3459 4296 3493 4333 ιι

1914 4364 2166 4435 fermento
2186 4383 2400 4436 panum,
2425 4367 2515 4420 sed
2542 4385 2572 4419 a
2599 4368 2838 4421 doctrina
2866 4365 3258 4422 Pharistrorum
3283 4378 3329 4421 et
3354 4367 3494 4424 Sad-

1912 4457 2233 4510 duca‘orum.
2259 4456 2409 4523 Quod
2436 4456 2515 4510 eis
2541 4456 2669 4510 utile
2698 4465 2819 4510 erat
2845 4455 3134 4525 persuasit,
3165 4456 3307 4526 quod
3340 4457 3491 4511 uoci-

1912 4562 2036 4600 vum
2079 4546 2253 4600 vitare
2292 4546 2484 4616 jussit;
2532 4545 2775 4599 doctrina
2825 4545 2967 4599 enim
3014 4546 3389 4617 superstitiosa
3437 4557 3495 4602 et

1913 4640 2164 4695 haeretica
2192 4648 2382 4711 gravat
2411 4639 2579 4709 magis
2606 4653 2766 4709 quam
2795 4639 3031 4709 adjuvat,
3064 4641 3259 4711 mergit
3285 4648 3341 4694 et
3383 4655 3491 4694 non

1909 4732 2089 4802 erigit.
2121 4732 2163 4784 Α
2196 4732 2334 4785 bono
2359 4747 2489 4802 ergo
2510 4731 2765 4801 magistro
2792 4731 3038 4801 discipuli
3070 4732 3317 4786 instructi
3341 4731 3495 4788 intel-

1912 4821 2161 4876 lexerunt
2202 4821 2253 4874 in
2298 4820 2562 4874 fermento
2603 4820 2969 4875 seductionem
3007 4820 3404 4877 Pharismorum
3437 4830 3491 4877 et

1912 4911 2359 4975 Sadductcorum,
2404 4910 2512 4964 imo
2544 4908 2783 4964 omnium
2821 4910 3195 4967 htercticorum
3236 4913 3327 4982 qui
3355 4928 3489 4967 eon-

1911 5001 2076 5055 traria
2125 4998 2341 5069 sapiunt
2391 4997 2605 5051 veritati
2657 5012 2972 5067 expressam
3022 5000 3291 5055 vitandam
3345 5015 3489 5065 esse,

1909 5110 2069 5165 quam
2098 5102 2151 5147 et
2182 5092 2404 5146 omnino
2437 5091 2534 5161 ipsi
2563 5090 2869 5144 vitaverunt
2903 5100 2958 5145 et
2989 5092 3147 5149 nobis
3182 5091 3487 5164 fugiendam

1910 5202 2032 5241 esse
2059 5190 2408 5248 ερηειιετυιη,
2437 5191 2701 5253 quatenus
2723 5197 2938 5237 omnem
2962 5196 3202 5238 errorem
3232 5195 3490 5254 spenten-

1912 5287 1993 5331 tes
2022 5284 2076 5331 et
2113 5276 2251 5329 viam
2294 5273 2538 5329 veritatis
2568 5288 2666 5343 per
2698 5274 2879 5328 omnia
2917 5283 3234 5343 sequentes,
3271 5283 3488 5341 pmnam

1910 5377 2167 5423 aeternam
2203 5366 2431 5423 evadere
2459 5373 2513 5421 et
2540 5367 2705 5420 vitam
2734 5374 2989 5421 :etcrnam
3014 5361 3306 5434 promereri
3341 5359 3488 5414 festi-

1912 5474 2124 5529 nemus,
2163 5466 2452 5527 praestante
2485 5456 2713 5512 Domino
2752 5467 2942 5512 nostro
2967 5454 3093 5523 .iesu
3131 5451 3365 5513 Christo,
3394 5447 3491 5518 qui

1913 5563 2037 5603 cum
2081 5546 2243 5601 Patre
2282 5554 2338 5602 et
2379 5545 2583 5618 Spiritu
2617 5555 2808 5601 sancto
2848 5544 2978 5597 vivit
3008 5552 3061 5599 et
3097 5547 3288 5611 regnat
3319 5538 3486 5608 Deus,

1914 5656 2011 5710 per
2035 5637 2216 5695 omnia
2245 5639 2438 5697 sa‘cula
2470 5638 2807 5696 saiculorum.
2841 5635 3030 5691 Amen.
