3950 6184
1004 521 1283 579 HOMlLlA
1305 521 1539 578 CXXIV.

1141 628 1297 668 FERIA
1327 627 1401 667 VI.

589 704 777 763 Lectio
801 704 971 761 sancti
1002 704 1277 776 Evangelii
1304 705 1598 759 secundum
1630 703 1965 759 Matthteum.

566 795 628 851 In
654 796 743 850 illo
768 806 991 866 tempore
1026 795 1152 849 abiit
1178 792 1336 848 Iesus
1357 794 1571 848 sabbato
1598 811 1691 865 per
1722 804 1884 848 sata:
1910 792 2043 847 disci

487 886 599 956 puli
632 896 803 940 autem
835 886 949 956 ejus
986 886 1269 940 esurientes
1307 895 1569 957 caeperunt
1602 884 1785 940 vellere
1818 885 1989 957 spicas
2018 897 2067 940 et

495 975 831 1040 manducare,
857 984 962 1031 etc.

566 1064 636 1122 Ut
664 1067 719 1121 in
749 1067 856 1122 alio
880 1081 1094 1137 quoque
1124 1064 1467 1139 Evangelista
1490 1065 1720 1137 legimus
1745 1073 1966 1137 propter
1986 1064 2071 1119 ni-

496 1157 661 1215 miam
684 1157 1146 1228 importunitatem
1175 1172 1243 1211 ne
1272 1157 1522 1212 vescendi
1555 1157 1771 1226 quidem
1798 1156 2070 1211 habebant

498 1247 697 1312 locum,
729 1255 783 1302 et
812 1246 931 1301 ideo
956 1245 1111 1315 quasi
1148 1246 1393 1302 homines
1425 1246 1770 1313 esuriebant;
1801 1246 1943 1315 quod
1973 1261 2069 1299 au-

496 1347 605 1393 tem
657 1338 834 1408 spicas
882 1347 1120 1406 segetum
1179 1337 1425 1392 manibus
1469 1334 1841 1390 eonfricabant
1879 1344 1934 1391 et
1982 1337 2067 1393 in-

492 1429 667 1483 ediam
698 1427 1116 1482 consolabantur
1142 1468 1157 1492 ,
1211 1427 1334 1482 vitm
1391 1427 1706 1482 austerioris
1758 1414 2016 1483 indicium
2048 1470 2064 1496 ,

489 1533 594 1570 non
633 1526 963 1587 prmparatas
1009 1515 1224 1586 epulas,
1276 1516 1369 1570 scd
1413 1516 1563 1571 cibos
1615 1516 1887 1585 simplices
1922 1532 2068 1588 qua:-

488 1611 740 1664 rentium.

559 1699 821 1754 P/tarisa’t'
862 1709 1036 1754 autem
1070 1699 1296 1753 videntes
1327 1699 1572 1754 dixerunt
1613 1700 1661 1753 ei
1689 1715 1708 1754 :
1746 1698 1878 1754 Ecce
1900 1699 2064 1753 disci-

483 1790 594 1860 puli
637 1792 714 1844 tui
755 1790 955 1860 faciunt
1009 1790 1147 1861 quod
1189 1807 1291 1843 non
1329 1790 1445 1842 licet
1475 1790 1549 1843 eis
1593 1790 1765 1860 [acere
1810 1790 2058 1844 sabbatis.

1154 407 1215 462 Β.
1256 405 1507 462 MBAN!
1544 405 1764 465 MAURI
1799 407 2117 466 ARCHIEP.
2155 406 2461 464 MOGUNT.
2498 405 2782 463 OPERUM
2817 404 2999 462 PARS
3033 404 3098 461 ll.

3645 411 3755 468 εει

2093 522 2143 584 Α
2173 518 2262 573 ubi
2315 515 2759 589 transgressionis
2808 515 3073 588 discipuli
3120 519 3204 573 sui
3258 523 3413 591 argui
3460 529 3753 594 poterant,

2169 607 2339 663 David
2373 616 2428 661 ct
2456 606 2803 662 Achimelech
2834 607 2969 663 dicit
2996 608 3242 678 exempla
3267 619 3523 667 sectatos.
3557 613 3759 670 Veram

2169 707 2350 752 autem
2391 705 2449 750 et
2482 698 2685 768 absque
2721 698 3069 755 necessitatis
3097 699 3320 755 obtentu
3358 698 3583 758 Sabbati
3620 711 3761 773 pra:-

2168 788 2560 845 varieationem
2598 788 2653 843 in
2685 788 2835 858 ipsos
2872 787 3061 854 refert,
3106 789 3201 859 qui
3242 790 3570 847 calumniam
3613 794 3762 849 fece-

2171 888 2315 935 rant.

2244 969 2373 1025 Dico
2431 980 2604 1023 autent
2655 970 2796 1025 vobis
2847 971 2972 1040 quia
3028 970 3219 1041 templo
3280 972 3458 1041 maior
3515 983 3595 1028 est
3649 975 3757 1029 hic.

2170 1060 2276 1116 Hic
2310 1076 2416 1116 non
2459 1074 2778 1131 pronomen,
2813 1060 2909 1116 sed
2948 1060 3259 1115 adverbium
3293 1060 3395 1116 loci
3440 1062 3757 1134 legendum,

2170 1148 2314 1219 quod
2359 1147 2533 1218 major
2570 1147 2769 1217 templo
2808 1149 2877 1203 sit
2914 1148 3066 1204 locus
3104 1149 3196 1220 qui
3235 1148 3523 1205 Dominum
3569 1153 3757 1223 templi

2170 1248 2372 1293 teneat.

2239 1332 2299 1389 Si
2325 1343 2497 1387 autem
2524 1334 2727 1388 sciretis
2755 1332 2882 1405 quid
2910 1342 2985 1387 est
3027 1343 3045 1385 .‘
3084 1331 3501 1390 Misericordia":
3548 1335 3664 1391 volo
3705 1348 3756 1393 et

2169 1440 2271 1477 non
2294 1423 2631 1492 sacri/icium,
2665 1440 2931 1494 nunquam
2958 1423 3397 1478 condemnassctis
3428 1425 3753 1481 innocentes.

2168 1511 2303 1578 Quid
2331 1522 2431 1579 est,
2461 1513 2873 1568 misericordiam
2896 1511 3007 1567 volo
3033 1522 3079 1566 et
3109 1530 3211 1567 non
3243 1515 3564 1583 sacrificium
3587 1532 3754 1588 supra

2176 1605 2418 1661 diximus.
2443 1605 2596 1674 Quod
2622 1614 2801 1660 autem
2832 1606 3099 1675 sequitur,
3124 1622 3389 1677 nunquam
3410 1609 3745 1663 condemnas-

2166 1695 2288 1748 setis
2328 1694 2646 1761 innocentes,
2695 1696 2760 1751 de
2800 1694 3074 1765 Apostolis
3117 1695 3524 1766 intelligendum
3553 1708 3657 1752 est.
3688 1699 3759 1754 Et

2167 1795 2253 1840 est
2276 1801 2486 1850 sensus,
2513 1786 2936 1842 misericordiam
2961 1786 3358 1856 comprobastis
3380 1785 3758 1856 Achimelech,

486 1881 620 1936 Nota
652 1883 791 1952 quod
823 1883 980 1953 primi
1016 1882 1244 1953 apostoli
1277 1881 1597 1947 Salvatoris,
1653 1883 1888 1937 litteram
1927 1882 2060 1954 legis
2092 1877 2133 1936 Β
2162 1894 2227 1933 co
2256 1880 2398 1949 quod
2440 1878 2581 1934 fame
2614 1878 2957 1948 periclitante
2984 1879 3151 1934 David
3180 1878 3479 1934 refocillare
3519 1889 3575 1935 et
3620 1896 3757 1950 pue—

405 2036 409 2040 μ
488 1974 737 2029 Sabbatis
787 1976 1070 2029 destruunt
1127 1975 1411 2028 adversum
1446 1974 1760 2040 Ebionitas,
1802 1976 1895 2044 qui
1942 1992 2065 2032 cum

487 2074 712 2119 Caeteros
737 2065 998 2135 recipiant
1018 2064 1323 2134 Apostolos,
1349 2064 1575 2119 Paulum
1592 2067 1745 2134 quasi
1768 2074 2068 2139 transgres-

487 2160 663 2210 sOrem
696 2155 828 2224 legis
866 2157 1168 2226 repudiarit.

558 2248 622 2300 At
661 2248 746 2301 ille
777 2249 908 2301 dixit
959 2249 1031 2303 eis
1073 2263 1090 2299 :
1125 2248 1246 2303 Non
1285 2248 1480 2319 legistis
1508 2249 1633 2321 quid
1662 2249 1841 2320 fecerit
1876 2249 2064 2317 David,

487 2338 697 2408 quando
729 2338 910 2393 esuriit
929 2379 944 2403 ,
976 2349 1022 2391 et
1052 2339 1142 2411 qui
1167 2355 1283 2392 cum
1309 2355 1368 2392 eo
1396 2349 1564 2403 erant,
1607 2339 1863 2410 quomodo
1893 2340 2064 2394 intra-

489 2429 558 2479 vit
584 2427 637 2480 in
667 2427 878 2480 domum
905 2427 1021 2492 Dei,
1047 2436 1093 2480 et
1118 2444 1279 2497 panes
1306 2428 1674 2498 propositionis
1706 2428 2063 2495 manducavit,

485 2533 613 2586 quos
650 2533 751 2571 non
786 2518 971 2571 licebat
1001 2518 1050 2571 ei
1081 2518 1261 2579 edere,
1302 2535 1393 2572 nec
1421 2519 1502 2572 his
1528 2519 1618 2590 qui
1654 2535 1770 2573 cum
1798 2536 1858 2573 eo
1893 2528 2063 2584 erant,

484 2608 587 2661 nisi
619 2606 741 2661 solis
768 2608 1126 2663 sacerdotibus
1151 2609 1175 2662 Ζ)
1203 2608 1283 2663 Ad
1323 2608 1705 2663 confutandam
1737 2608 2063 2664 calumniam

484 2696 882 2753 Pharisu'ot‘um
920 2700 1119 2752 veteris
1166 2698 1484 2753 recordatur
1531 2699 1803 2765 historize,
1843 2699 2065 2769 quando

488 2787 653 2839 David
685 2787 892 2857 fugiens
920 2786 1140 2841 Saulem
1177 2789 1229 2841 in
1263 2788 1497 2851 Nobaia,
1529 2796 1584 2842 et
1618 2788 1686 2842 ab
1716 2788 2063 2843 Aehimelech

486 2876 766 2930 Sacer-dote
795 2886 1094 2946 susceptus,
1122 2878 1412 2947 postulavit
1437 2878 1609 2944 cibos,
1633 2879 1723 2948 qui
1752 2894 1872 2933 cum
1894 2894 2071 2949 panes

487 2966 651 3020 laicus
682 2982 787 3020 non
817 2967 1064 3031 haberet,
1096 2968 1240 3022 dedit
1268 2968 1316 3022 ei
1344 2979 1706 3033 consecratos,
1734 2969 1929 3039 quibus
1954 2986 2062 3025 non

486 3056 680 3111 licebat
720 3057 864 3111 vesci
906 3057 1006 3112 nisi
1054 3057 1181 3112 solis
1225 3058 1595 3113 sacerdotibus
1637 3068 1692 3114 et
1725 3058 1961 3127 Levitis,
2007 3069 2064 3116 et

486 3146 588 3201 hoc
624 3155 828 3201 Lautum
862 3148 1240 3217 interrogavit,
1273 3148 1318 3203 si
1358 3149 1539 3204 mundi
1576 3149 1777 3204 fuerint
1800 3166 1830 3206 a
1864 3150 2058 3205 mulie-

2170 1986 2260 2025 ros
2282 1970 2418 2041 ejus,
2450 1985 2620 2039 quare
2646 1970 2809 2026 simili
2846 1971 3008 2027 modo
3039 1970 3174 2025 meis
3196 1970 3471 2041 discipulis
3499 1971 3645 2027 fame
3674 1972 3758 2027 la-

2168 2064 2491 2118 borantibus
2526 2079 2633 2119 non
2674 2065 2941 2133 compassi
2978 2062 3143 2127 estis,
3185 2062 3276 2132 qui
3306 2078 3401 2117 vos
3434 2078 3577 2132 pane
3601 2065 3758 2120 verbi

2173 2152 2407 2208 cmlcstis
2443 2153 2683 2223 quotidie
2734 2161 2997 2222 pascunt,
3040 2162 3308 2222 quatenus
3347 2152 3464 2223 ejus
3499 2154 3758 2209 satietate

2169 2244 2279 2313 repl
2319 2244 2356 2298 ti
2386 2243 2451 2298 ad
2476 2245 2641 2298 vitam
2678 2243 2898 2314 possitis
2932 2243 3215 2312 pervenire
3242 2251 3583 2312 perpetuam,
3615 2259 3757 2313 pra:-

2168 2342 2349 2389 stante
2385 2334 2612 2388 Domino
2649 2342 2836 2389 nostro
2863 2330 2989 2388 Jesu
3017 2331 3233 2387 Christo
3258 2372 3274 2398 ,
3312 2332 3403 2401 qui
3439 2346 3562 2387 cum
3592 2331 3765 2387 Patre

2167 2434 2222 2480 et
2276 2424 2481 2494 Spiritu
2511 2432 2700 2479 sancto
2737 2422 2869 2479 vivit
2903 2432 2958 2478 et
2985 2432 3177 2495 regnat
3208 2422 3263 2477 in
3294 2422 3493 2478 saecula
3520 2423 3762 2479 saeculo-

2168 2531 2309 2569 rum.
2332 2514 2526 2570 Amen.

2678 2602 2962 2660 HOMILIA
2996 2602 3208 2660 CXXV.

2437 2713 2753 2754 ΗΕΒυΟΠΛυΛ
2801 2714 2858 2753 IX
2899 2713 3030 2753 POST
3076 2712 3468 2753 PESTECOSTEN.

2377 2787 2567 2843 Lectio
2598 2788 2851 2859 Epistolas
2876 2787 2939 2841 Β.
2965 2787 3114 2842 Pauli
3143 2788 3209 2842 ad
3238 2787 3511 2843 Romanos

2238 2876 2475 2945 Fratres,
2504 2879 2756 2934 debitores
2792 2894 2973 2933 sumus
3001 2895 3103 2932 non
3140 2880 3321 2945 carni,
3358 2888 3411 2932 ut
3463 2880 3757 2935 secundum

2164 2986 2372 3024 carnem
2396 2971 2648 3025 vivamus.
2679 2969 2738 3025 Si
2762 2971 2898 3023 enim
2928 2968 3213 3025 secundum
3250 2985 3460 3023 carnem
3488 2971 3753 3036 vixeritis,

2163 3063 2492 3128 moriemini;
2531 3063 2577 3117 si
2606 3073 2780 3117 autem
2808 3062 2998 3132 spiritu
3026 3061 3168 3132 facta
3194 3062 3368 3117 carnis
3403 3063 3729 3133 morti/ianva

2165 3152 2298 3215 ritis,
2329 3153 2524 3216 vinetis,
2560 3161 2665 3207 etc.

485 3238 657 3294 ribus.
697 3238 765 3293 Et
789 3238 881 3292 illo
913 3240 1270 3309 respondente
1305 3240 1373 3293 ab
1401 3240 1517 3294 heri
1551 3247 1607 3294 et
1643 3240 2052 3305 nudiustertius,
2086 3223 2130 3286 Ο
2235 3241 2590 3312 Apertissime
2622 3258 2720 3297 nos
2745 3243 2935 3297 beatus
2962 3240 3283 3311 Apostolus,
3314 3240 3516 3300 fratres
3539 3245 3754 3300 charis-

488 3347 592 3386 nou
621 3326 883 3385 dubitavit
904 3348 1071 3401 panes
1084 3333 1233 3397 dare,
1253 3332 1445 3388 melius
1468 3334 1778 3400 arbitratus,
1794 3334 2063 3406 Propheta

489 3424 703 3479 dicente
734 3441 747 3477 :
784 3423 1203 3479 Misericordium
1242 3425 1357 3480 volo
1386 3437 1431 3480 et
1470 3444 1573 3482 non
1610 3428 1961 3496 sacriﬁcium,
1998 3430 2066 3486 de

489 3512 649 3567 famis
677 3514 915 3583 periculo
953 3514 1197 3569 homines
1237 3515 1497 3577 liberare.
1540 3533 1698 3586 quam
1731 3516 1843 3572 Deo
1870 3516 2065 3574 offerre

489 3602 854 3667 sacrificium;
897 3602 1071 3657 hosda
1117 3603 1260 3657 enim
1304 3603 1584 3673 placabilis
1625 3604 1757 3672 Deo,
1789 3607 2065 3662 hominum

485 3691 634 3746 salus
659 3700 760 3746 est.
785 3690 1015 3761 Opponit
1043 3707 1171 3763 ergo
1194 3692 1453 3748 Dominus
1479 3702 1534 3748 et
1561 3693 1715 3759 dicit,
1744 3695 1788 3750 si
1817 3703 1871 3750 et
1894 3695 2065 3752 David

484 3794 704 3837 sanctus
742 3791 826 3837 est
860 3791 913 3837 et
951 3782 1296 3839 Achinielech
1328 3783 1567 3856 pontifex
1599 3800 1631 3839 a
1659 3784 1812 3841 vobis
1848 3800 1956 3841 non
1984 3800 2067 3841 re-

478 3873 854 3941 prehenditur,
897 3873 989 3928 sed
1018 3874 1147 3945 legis
1186 3883 1412 3944 uterque
1438 3873 1751 3930 mandatum
1791 3876 2060 3947 probabili

486 3964 832 4019 excusatione
863 3966 1181 4033 transgressi
1212 3975 1360 4031 sunt,
1388 3977 1443 4021 et
1474 3966 1643 4023 fames
1674 3968 1728 4023 in
1757 3983 1922 4025 causa
1949 3977 2055 4034 est,

485 4070 584 4110 cur
612 4053 853 4108 eamdem
879 4051 1074 4108 famem
1098 4071 1203 4108 non
1225 4056 1464 4123 probatis
1496 4057 1548 4111 in
1577 4057 1868 4127 Apostolis,
1900 4074 2061 4128 quam

491 4144 729 4215 probatis
755 4144 807 4197 in
840 4145 1082 4199 emteris?
1107 4143 1426 4213 Quanquam
1469 4153 1524 4200 et
1563 4146 1615 4199 in
1648 4146 1750 4200 hoc
1777 4146 1944 4202 multa
1974 4146 2060 4201 di-

484 4235 683 4290 stantia
723 4235 795 4290 sit
826 4253 838 4288 :
872 4233 959 4289 isti
990 4236 1167 4307 Spicas
1193 4236 1243 4289 in
1278 4236 1505 4291 sabbato
1531 4251 1693 4290 manu
1726 4235 2058 4304 eonfricant,

481 4327 557 4381 illi
599 4342 765 4399 panes
793 4327 1145 4383 comederunt
1171 4326 1471 4392 Leviticos,
1513 4336 1569 4381 et
1605 4328 1674 4383 ad
1713 4326 1935 4383 Sabbati
1982 4344 2062 4383 so-

476 4419 812 4477 lemnitatem
853 4419 1181 4477 accedebant
1230 4419 1637 4475 neomcniarum
1680 4419 1813 4483 dies,
1866 4421 2062 4490 quibus

482 4514 536 4569 in
580 4516 825 4570 convivio
863 4515 1155 4585 requisitus
1187 4512 1322 4584 fugit
1360 4529 1427 4568 ex
1461 4512 1582 4568 aula
1612 4513 1781 4584 regia.
1814 4511 2055 4568 Observa

478 4607 624 4675 quod
660 4621 824 4675 panes
862 4606 1243 4675 propositionis
1286 4621 1387 4660 nec
1424 4605 1589 4660 David
1627 4620 1729 4659 nec
1760 4605 1908 4675 pueri
1939 4605 2057 4675 ejus

481 4696 790 4766 acceperint
834 4705 1122 4766 antequam
1165 4711 1226 4752 se
1265 4713 1295 4752 a
1339 4695 1654 4752 mulieribus
1684 4695 1914 4751 mundos
1938 4711 2057 4752 esse

484 4786 898 4856 responderunt.

550 4880 653 4932 Aut
691 4895 794 4933 non
827 4877 1018 4957 legistis
1049 4878 1102 4932 in
1136 4881 1242 4948 lege
1268 4879 1393 4949 quia
1424 4877 1653 4932 sabbatis
1682 4877 1974 4931 sacerdotes
2002 4876 2055 4931 in

479 4971 669 5040 templo
698 4970 968 5024 sabbatum
997 4968 1227 5034 violant,
1263 4977 1311 5023 et
1349 4969 1459 5024 sine
1498 4968 1713 5022 crimine
1752 4977 1872 5021 sunt
1900 4968 1925 5021 ?
1955 4967 2058 5021 Ca-

479 5059 814 5114 lumniamini
834 5100 849 5124 ,
882 5059 1076 5129 inquit,
1117 5059 1407 5128 discipulos
1438 5075 1620 5124 meos,
1660 5075 1757 5115 cur
1782 5072 1879 5129 per
1903 5074 2056 5127 sege-

479 5164 561 5211 tes
587 5163 928 5210 transeuntes
956 5154 1133 5223 Spicas
1160 5154 1438 5217 triverint,
1482 5163 1537 5208 et
1564 5154 1667 5209 hoc
1699 5153 1940 5208 fecerunt
1973 5152 2056 5208 fa-

478 5248 583 5304 mis
614 5248 935 5302 nccessitate
964 5257 1191 5317 cogente
1222 5264 1235 5299 :
1267 5263 1389 5302 cum
1420 5246 1520 5316 ipsi
1556 5244 1859 5300 Sabbatum
1895 5244 2055 5300 viole-

475 5338 549 5396 ιὶε
574 5339 628 5393 in
660 5336 858 5406 templo
888 5336 1229 5392 immolantes
1257 5336 1526 5402 victimas,
1554 5336 1823 5392 cmdentes
1848 5345 2049 5403 tauros,

474 5425 788 5483 holocausta
814 5441 977 5497 super
1001 5426 1265 5495 lignorum
1303 5434 1507 5481 struem
1547 5425 1798 5480 incendio
1823 5439 2051 5480 concre-

473 5527 706 5584 mantes,
737 5526 792 5574 et
814 5518 968 5589 juxta
994 5517 1216 5573 alterius
1242 5516 1514 5590 Evangelii
1545 5516 1730 5583 fidem,
1762 5517 2052 5573 circumci-

473 5603 664 5663 dentes
711 5605 963 5679 parvulos
999 5608 1054 5663 in
1098 5606 1368 5671 Sabbato,
1427 5614 1482 5663 et
1509 5607 1639 5662 dum
1687 5607 1849 5663 aliam
1877 5607 2050 5679 legem

476 5708 694 5753 servare
736 5699 932 5768 cupitis
961 5698 1256 5755 Sabbatum
1284 5698 1597 5755 destruatis.
1638 5697 1923 5769 Nunquam
1961 5714 2052 5752 au-

480 5793 585 5841 tem
622 5790 764 5861 leges
798 5791 1012 5849 Domini
1038 5792 1136 5848 sibi
1166 5793 1453 5850 contraritc
1481 5802 1637 5861 sunt,
1669 5800 1719 5847 et
1757 5791 2051 5864 prudenter

2168 3334 2314 3400 simi,
2356 3335 2608 3404 praesenti
2641 3333 2874 3390 lectione
2909 3350 3072 3405 quam
3107 3335 3354 3399 audistis,
3397 3337 3583 3392 carnis
3607 3336 3756 3392 desi-

2168 3423 2336 3478 deriis
2364 3439 2470 3478 non
2501 3424 2698 3479 debere
2722 3423 2931 3478 servire
2960 3424 3138 3490 docet,
3179 3423 3367 3479 dicens
3397 3441 3412 3476 :
3447 3424 3614 3495 Ergo,
3644 3425 3757 3495 fra-

2166 3522 2289 3580 tres,
2314 3513 2570 3568 debitores
2600 3530 2782 3569 sumus
2812 3530 2915 3568 non
2945 3514 3116 3580 carni,
3146 3522 3200 3567 ut
3235 3514 3520 3569 secundum
3535 3532 3754 3570 corneus

2165 3605 2416 3659 vivamus.
2457 3604 2642 3675 Neque
2670 3614 2958 3677 propterea
2992 3622 3092 3662 nos
3124 3604 3252 3662 fecit
3279 3605 3420 3663 Deus
3456 3608 3523 3662 ad
3558 3607 3755 3680 imagi-

2165 3711 2287 3751 nem
2316 3711 2503 3762 suam,
2532 3704 2593 3751 ut
2618 3697 2799 3752 carnis
2828 3696 3073 3752 servituti
3103 3711 3347 3751 essemus
3373 3698 3629 3763 obnoxii,
3655 3698 3756 3754 sed

2164 3786 2342 3859 potius
2372 3795 2432 3842 ut
2453 3788 2689 3843 creatori
2712 3803 2812 3843 suo
2835 3787 3015 3842 anima
3035 3785 3350 3843 deserviens
3373 3787 3490 3857 ipso
3515 3788 3753 3844 servitio

2165 3890 2228 3931 ac
2268 3862 2571 3933 ministerio
2605 3878 2785 3933 carnis
2834 3886 3098 3933 uteretur.
3155 3877 3264 3934 Sed
3318 3876 3549 3933 fortasse
3594 3877 3749 3934 dicat

2164 3965 2361 4038 aliquis
2390 3967 2663 4037 quomodo
2684 3967 2835 4023 carni
2865 3982 2973 4023 non
3003 3983 3189 4023 sumus
3211 3968 3508 4034 debitores,
3544 3983 3672 4023 cum
3696 3977 3754 4024 et

2164 4055 2365 4111 victum
2388 4056 2438 4112 ei
2464 4065 2520 4112 et
2549 4057 2925 4113 indumentum
2952 4059 3236 4130 providere
3274 4066 3482 4113 natura:
3507 4060 3754 4115 necessi-

2165 4154 2276 4202 tate
2325 4149 2628 4219 cogamur?
2681 4147 2788 4204 Sed
2840 4157 2902 4204 ut
2955 4150 3268 4204 ostenderet
3307 4147 3600 4220 Apostolus
3639 4166 3749 4205 non

2165 4240 2317 4296 carni
2348 4241 2549 4311 aliquid
2576 4240 2826 4297 conferre
2851 4242 3083 4313 propria:
3121 4241 3458 4297 necessitatis
3479 4241 3752 4311 culpabile

2162 4344 2315 4396 esse,
2350 4332 2444 4386 sed
2482 4331 2652 4401 ipsam
2681 4332 2847 4386 vitam
2876 4331 3060 4387 carnis
3096 4330 3553 4400 concupiscentiis
3586 4346 3746 4385 man~

2162 4426 2381 4497 cipare,
2434 4425 2556 4480 ideo
2606 4423 2850 4488 addidit,
2904 4423 2951 4477 si
3000 4422 3137 4476 enim
3188 4419 3475 4475 secundm
3531 4436 3746 4476 corneus

2162 4516 2414 4579 vixeritis,
2452 4513 2761 4569 moriemini.
2811 4512 3118 4568 Secundum
3160 4526 3382 4566 carnem
3429 4510 3616 4565 vivere
3666 4520 3750 4566 est

2163 4606 2477 4661 carnalibus
2515 4603 2797 4659 desideriis
2836 4601 3138 4673 indulgere.
3173 4600 3229 4655 ln
3274 4601 3376 4655 hoc
3414 4615 3549 4670 ergo
3587 4608 3748 4671 negat

2162 4695 2451 4767 Apostolus
2496 4710 2594 4749 nos
2638 4692 2911 4749 debitores
2957 4706 3098 4756 esse,
3142 4691 3284 4746 sicut
3312 4698 3367 4745 et
3403 4689 3531 4744 alibi
3561 4690 3745 4745 dicit:

2164 4786 2231 4841 Et
2256 4788 2430 4841 carnis
2465 4802 2646 4839 curam
2678 4801 2779 4837 non
2804 4783 3030 4854 feceritis
3066 4782 3117 4835 in
3149 4781 3580 4851 concupiscentiis
3603 4782 3745 4853 ejus.

2164 4877 2279 4932 Non
2322 4879 2509 4947 utique
2532 4876 2781 4945 denegat,
2820 4884 2873 4928 et
2904 4873 2979 4928 ibi
3009 4874 3189 4928 carnis
3222 4887 3409 4927 curam
3438 4870 3747 4927 habendam

2166 4968 2219 5022 in
2252 4966 2576 5023 necessariis
2616 4965 2742 5019 vita:
2772 4963 2977 5026 usibus,
3010 4961 3103 5016 sed
3141 4961 3258 5031 ejus
3289 4959 3751 5031 concupiscentiis

2156 5058 2479 5114 consentire.
2524 5055 2779 5125 Sequitur
2810 5069 2825 5108 :
2859 5052 2916 5107 Si
2945 5062 3117 5107 autem
3156 5052 3346 5122 spiritu
3390 5050 3532 5120 facta
3564 5051 3746 5105 carnis

2156 5146 2589 5217 morti/icaveritis
2619 5144 2813 5199 vivetis.
2851 5142 2953 5209 Qui
2977 5159 3107 5213 ergo
3151 5141 3445 5196 secundum
3475 5139 3749 5209 spiritalia

2155 5240 2287 5295 vivit
2319 5239 2605 5303 desideria,
2640 5244 2694 5292 et
2732 5235 3028 5290 mortificat
3059 5242 3213 5288 actus
3240 5231 3421 5287 carnis
3459 5245 3590 5295 sure,
3622 5230 3750 5300 ipse

2155 5330 2289 5385 vivit
2346 5337 2567 5400 propter
2626 5325 3016 5381 inhabitantem
3071 5323 3124 5378 in
3176 5338 3236 5379 se
3279 5321 3545 5393 Spiritum
3590 5320 3745 5376 vita.

2157 5422 2264 5477 lsto
2308 5422 2451 5476 enim
2501 5419 2660 5474 modo
2698 5418 2821 5489 quis
2859 5425 3013 5471 actus
3056 5414 3236 5469 carnis
3270 5411 3597 5470 mortiﬁcare
3642 5425 3750 5480 po-

2158 5512 2296 5567 test?
2321 5511 2454 5566 Natn
2495 5509 2702 5564 fructus
2725 5507 2946 5578 spiritus
2972 5513 3055 5560 est
3082 5502 3343 5567 Charitas,
3367 5501 3551 5557 odium
3577 5507 3746 5555 actus

2157 5611 2241 5658 est
2276 5603 2474 5657 carnis.
2510 5600 2706 5657 Odium
2734 5611 2862 5667 ergo
2900 5611 2998 5666 per
3019 5594 3337 5649 charitatem
3380 5588 3751 5645 mortificatur

2158 5706 2215 5752 et
2251 5694 2633 5767 exstinguitur.
2687 5689 2952 5746 Gaudium
2996 5687 3050 5740 in
3090 5685 3205 5741 Deo
3240 5684 3490 5741 similiter
3527 5681 3750 5736 fruetus

2159 5798 2242 5846 est
2291 5788 2529 5860 spiritus.
2589 5781 2829 5839 Tristitia
2892 5778 3051 5850 hujus
3108 5774 3288 5831 smeuli
3339 5788 3458 5846 Qua:
3500 5781 3747 5827 mortem
