3950 6184
229 245 323 305 τες

1325 245 1630 303 ῐιοΜιιιεΕ
1671 246 1738 302 IN
1780 247 2034 305 EVANG.
2078 250 2164 305 ET
2203 249 2423 308 EPIST.

3398 264 3503 323 336

221 367 505 432 operatur,
531 354 719 413 carnis
742 362 829 412 est
854 363 1045 422 actus,
1071 355 1191 413 haec
1215 370 1348 427 ergo
1367 358 1735 430 exstinguitur
1761 359 1808 415 si
1841 365 1888 422 Α
1988 359 2047 416 Si
2067 372 2242 417 autem
2269 363 2371 431 ﬁlii
2400 374 2448 418 et
2484 364 2717 422 Iiwredes
2738 383 2758 422 :
2779 369 3014 426 heredes
3037 371 3250 443 φιὶάω
3269 374 3389 438 Dei,
3412 392 3499 432 co-

216 451 522 524 perfeetum
550 450 607 505 in
633 450 792 505 nobis
818 458 902 505 est
923 449 1180 520 gaudium
1215 450 1268 505 in
1296 450 1428 506 Deo.
1465 450 1577 505 Pax
1599 450 1811 513 fruetus

217 554 299 602 est
324 543 582 615 spiritus,
615 541 885 597 dissensio
912 551 967 596 et
1003 541 1272 597 discordia
1302 541 1486 597 carnis
1514 550 1660 596 sunt.
1701 540 1808 597 Sed

218 646 425 694 eertum
450 644 538 691 est
560 635 891 690 discordiam
923 633 1243 689 mortificari
1269 648 1428 704 posse
1459 648 1560 703 per
1590 649 1805 705 pacem.

218 728 530 785 Castitaset
550 727 888 783 continentia
919 725 1133 781 fructus
1167 726 1392 797 spiritus
1417 735 1567 791 sunt,
1597 728 1810 784 adulte-

219 821 351 877 rium
403 829 461 876 et
508 816 797 876 fornicatio
844 819 1030 874 carnis
1073 827 1222 875 sunt.
1280 820 1479 875 Verum
1528 829 1614 877 est
1660 822 1807 878 enim

218 908 531 965 mrtiﬂcari
578 922 742 980 posse
790 906 1076 964 libidinem
1132 922 1233 977 per
1282 911 1697 975 continentiam,
1753 920 1812 966 et

217 999 498 1055 emundari
524 999 665 1054 mala
688 1006 835 1063 acta,
861 998 1131 1055 adulteria
1160 1008 1215 1054 et
1238 998 1646 1067 fornicationes,
1661 1002 1811 1057 sicet

217 1092 536 1169 paenitentia
571 1090 695 1166 [Ρη
734 1090 1023 1163 patientia]
1054 1092 1447 1162 impatientiam
1487 1093 1805 1162 exstinguit,

217 1196 267 1241 et
299 1186 526 1242 bonitas
575 1184 837 1240 malitiam
883 1185 1125 1254 perimit,
1171 1193 1225 1241 et
1264 1186 1624 1241 mansuetudo
1666 1186 1810 1242 fero-

214 1278 375 1343 ciam,
406 1287 464 1334 et
491 1278 720 1335 castitas
741 1276 1135 1349 impudicitiam
1169 1286 1348 1342 necat,
1383 1279 1583 1349 talique
1617 1279 1809 1336 ordine

215 1370 299 1439 qui
331 1386 438 1442 per
460 1370 710 1440 spiritum
742 1378 899 1425 actus
947 1370 1129 1425 carnis
1155 1370 1568 1426 mortibcaverit
1591 1411 1607 1438 ,
1638 1371 1804 1427 vivet.

215 1459 479 1532 Sequitur
511 1478 525 1515 :

278 1552 600 1623 Quicunque
631 1552 766 1607 enim
799 1551 998 1624 Spiritu
1031 1552 1129 1607 Dei
1159 1562 1425 1624 aguntur,
1464 1552 1521 1607 lii
1548 1552 1650 1622 lilii
1687 1562 1807 1608 sunt

213 1644 329 1700 Dei.
374 1644 514 1699 Nam
533 1644 628 1714 qui
658 1644 713 1698 in
740 1644 983 1714 peccatis
1012 1652 1140 1699 sunt
1167 1643 1360 1714 spiritu
1402 1643 1610 1698 Diaboli
1638 1657 1805 1715 agun-

214 1746 320 1801 tur,
360 1736 457 1805 qui
496 1713 678 1791 autem
721 1713 928 1805 Spiritu
955 1744 1147 1790 sancto
1188 1713 1479 1805 gubernari
1505 1713 1798 1796 merentur,
1834 1713 1880 1772 Β

214 1837 264 1884 et
294 1829 394 1899 qui
434 1828 731 1884 secundum
763 1828 1069 1883 doctrinam
1100 1827 1338 1898 Spiritus
1381 1827 1557 1883 sancti
1594 1826 1801 1891 vivunt,

216 1920 314 1991 ipsi
344 1920 557 1991 Spiritu
583 1919 678 1975 Dei
709 1929 964 1991 aguntur.

281 2009 415 2063 Non
451 2010 591 2063 enim
633 2010 905 2079 accepistis
946 2010 1187 2079 spiritum
1234 2010 1497 2065 servitutis
1527 2009 1717 2063 iterum
1749 2010 1804 2063 in

216 2101 424 2162 timore,
470 2114 579 2154 non
625 2100 875 2169 spiritum
918 2099 1069 2155 illum
1116 2101 1171 2154 in
1218 2115 1327 2169 quo
1365 2101 1558 2154 timore
1596 2107 1804 2153 tantum

217 2190 447 2244 Domino
468 2190 672 2245 servire
700 2191 963 2255 debeatis,
990 2191 1083 2245 sed
1108 2205 1229 2245 eam
1257 2191 1429 2259 legem
1458 2205 1562 2259 qua
1594 2204 1690 2259 per
1725 2189 1807 2244 di-

220 2281 502 2337 lectionem
543 2282 726 2353 potius
774 2282 885 2337 Deo
924 2283 1176 2338 serviatis
1212 2299 1227 2335 :
1269 2283 1364 2337 sed
1410 2298 1508 2352 per
1554 2281 1805 2351 spiritum

219 2376 494 2430 servitutis
538 2376 593 2430 in
635 2376 865 2439 timore,
905 2377 997 2445 qui
1040 2386 1126 2432 est
1168 2376 1382 2431 initium
1427 2376 1705 2446 sapientize
1751 2383 1808 2431 et

218 2465 455 2518 scientias
505 2464 619 2530 Dei,
650 2481 773 2521 eum
812 2467 989 2536 primo
1028 2466 1315 2521 Dominum
1346 2466 1572 2536 cmperit
1615 2466 1808 2522 timere

216 2554 511 2610 etdiabolo
539 2572 840 2627 repugnare.
868 2557 920 2611 in
959 2572 1068 2627 quo
1109 2557 1300 2627 spiritu
1342 2557 1555 2611 timoris
1595 2557 1805 2612 Domini

216 2645 448 2714 quisque
479 2644 707 2700 Domino
732 2646 940 2701 servire
964 2647 1123 2701 debet
1161 2646 1315 2701 initio
1334 2646 1489 2700 bona:
1520 2659 1808 2699 conversa-

142 2742 155 2752 '
218 2734 405 2797 tinnis,
449 2734 605 2804 quasi
633 2748 769 2804 puer
807 2735 908 2789 sub
943 2734 1270 2806 paedagogis,
1317 2744 1377 2788 ut
1414 2734 1587 2789 dis-cat
1618 2734 1809 2788 timere

214 2825 525 2889 Dominum,
562 2832 617 2879 et
647 2824 900 2878 mandata
929 2825 1048 2895 ejus
1076 2825 1371 2889 custodire,
1399 2838 1508 2893 quo
1542 2838 1712 2891 usque
1740 2822 1809 2876 ad

1910 451 2145 508 heredes
2187 463 2362 509 autem
2414 455 2631 512 Christi.
2688 458 2989 518 Mercedem
3036 479 3274 534 namque
3318 481 3511 526 servus

1911 552 2208 616 exspectat,
2239 548 2607 607 litereditatem
2635 550 2775 607 filius
2801 562 3002 622 sperat.
3040 556 3271 627 Ideoque
3299 566 3507 629 sataga-

1908 651 2033 691 mus
2057 644 2114 691 ut
2137 652 2244 692 non
2258 637 2371 708 jam
2389 640 2530 693 servi
2551 655 2648 710 per
2672 641 2917 699 timorem
2941 644 3169 701 Domino
3189 648 3362 704 simus
3387 665 3504 705 sei-

1906 726 2135 791 vientes,
2155 727 2252 782 sed
2278 742 2374 796 per
2395 743 2638 784 amorem
2661 730 2836 785 Patris
2855 734 3035 788 omnia
3060 736 3199 790 bona
3219 735 3502 799 facientes.

1908 828 1969 873 ut
2004 832 2313 874 mereamur
2343 820 2713 876 bzereditatem
2755 823 3176 895 ineorruptionis
3201 837 3256 883 et
3285 829 3498 885 immor-

1910 907 2156 974 talitatis,
2198 917 2418 965 aeternae
2465 910 2625 964 simul
2668 911 2853 982 gloriae
2899 916 3212 982 possidere,
3268 926 3325 973 et
3371 918 3504 974 illud

1907 999 2073 1053 etiam
2101 998 2326 1068 adipisci
2352 998 2495 1067 quod
2537 999 2652 1070 ipse
2690 1001 2848 1056 nobis
2889 1002 3137 1059 Salvator
3170 1006 3447 1075 adoptavit
3469 1023 3499 1061 a

1908 1087 2085 1153 Patre,
2116 1088 2302 1143 dicens
2326 1105 2340 1141 :
2368 1086 2552 1153 Pater,
2578 1088 2692 1143 volo
2716 1099 2771 1143 ut
2798 1091 2887 1144 ubi
2908 1109 3027 1147 sum
3047 1109 3161 1163 ego,
3177 1094 3287 1149 illic
3316 1097 3418 1153 sint
3453 1106 3503 1151 et

1907 1180 2133 1243 ministri
2182 1179 2304 1233 mei.
2345 1178 2461 1235 [loc
2509 1181 2668 1236 modo
2714 1182 3028 1239 comet-edes
3074 1199 3204 1239 suos
3253 1184 3507 1243 Christus

1908 1284 2020 1324 non
2069 1267 2246 1324 solum
2296 1270 2351 1323 in
2410 1278 2618 1338 partem
2672 1272 3033 1338 lnereJitatis,
3088 1273 3184 1330 sed
3236 1275 3399 1330 etiam
3446 1276 3500 1330 in

1910 1362 2247 1418 consortium
2275 1362 2628 1419 beatitudinis
2656 1374 2875 1420 aeterna:
2900 1366 3170 1436 perducit,
3194 1367 3278 1422 eui
3313 1367 3383 1421 sit
3407 1369 3501 1423 bo-

1904 1468 2029 1519 nor,
2054 1453 2173 1507 laus
2201 1462 2255 1507 et
2282 1452 2580 1524 gratiarum
2609 1454 2772 1519 actio,
2815 1471 2919 1510 una
2957 1470 3079 1510 cum
3110 1456 3269 1511 Patre
3295 1467 3353 1512 et
3381 1457 3500 1528 Spi-

1909 1543 2015 1598 ritu
2037 1551 2247 1610 sancto,
2280 1557 2377 1613 per
2397 1542 2606 1599 infinita
2639 1545 2836 1599 seecuta
2862 1544 3202 1602 sicculorum.
3232 1548 3427 1603 Amen.

2354 1654 2703 1711 HOMILIA
2761 1656 3020 1713 CXXVI

2474 1742 2606 1781 ITEI
2649 1743 2718 1782 UT
2758 1743 2948 1784 SUPBA.

2000 1815 2187 1871 Lectio
2215 1815 2385 1871 sancti
2428 1816 2702 1886 Evangelii
2741 1818 3040 1873 secundum
3070 1816 3404 1875 Matthmum.

1978 1905 2044 1960 In
2066 1906 2158 1961 illo
2181 1917 2409 1979 tempore
2427 1909 2561 1963 dixit
2581 1898 2739 1963 Iesus
2766 1910 3038 1980 discipulis
3064 1912 3211 1966 suis:
3237 1912 3502 1970 Attendits

1906 2014 1938 2051 ο
1973 1997 2123 2068 falsis
2164 2000 2451 2069 prophetis,
2495 2000 2583 2069 qui
2622 2000 2832 2054 veniunt
2873 2000 2943 2054 ad
2980 2018 3070 2057 vos
3105 2003 3161 2056 iu
3203 2004 3504 2059 vestimento

1907 2089 2105 2154 ovium,
2140 2089 2282 2143 intus
2310 2099 2488 2144 autem
2517 2099 2638 2145 sunt
2669 2088 2780 2160 lupi
2814 2106 3048 2160 rapaces,
3076 2099 3180 2146 etc.

1980 2180 2048 2234 Et
2081 2180 2149 2236 de
2181 2180 2431 2235 omnibus
2460 2180 2676 2249 quidem
2720 2179 2946 2251 intelligi
2995 2188 3192 2250 potest,
3224 2196 3316 2251 qui
3360 2180 3505 2237 aliud

1913 2272 2099 2328 habitu
2144 2286 2209 2327 ac
2253 2285 2504 2326 sermone
2540 2270 2883 2341 promittunt,
2914 2270 3060 2326 aliud
3091 2286 3254 2342 opere
3282 2273 3507 2328 demon-

1912 2373 2107 2421 strant.
2147 2364 2254 2420 Sed
2297 2363 2609 2435 specialiter
2647 2363 2715 2419 de
2756 2363 3025 2419 haereticis
3073 2364 3501 2433 intelligendum,

1909 2457 2001 2526 qui
2042 2455 2295 2511 videntur
2344 2456 2677 2510 continentia
2702 2494 2717 2519 ,
2766 2455 3050 2518 castitate,
3089 2453 3296 2525 jejunio
3342 2457 3501 2526 quasi

1907 2546 2142 2617 quadam
2186 2544 2406 2615 pietatis
2453 2560 2514 2601 se
2563 2553 2713 2600 veste
2764 2544 3122 2609 circumdare,
3172 2545 3502 2602 intrinsecus

1907 2653 2037 2693 vero
2069 2638 2331 2692 habentes
2355 2637 2592 2690 animum
2635 2644 2957 2691 venenatum
2980 2636 3365 2707 simpliciorum
3392 2636 3503 2693 fra-

1910 2738 2052 2782 trum
2079 2728 2243 2783 corda
2267 2727 2562 2798 decipiunt.
2605 2726 2683 2781 Ex
2716 2725 2979 2782 fructibus
3004 2743 3132 2799 ergo
3165 2728 3358 2784 anima:
3380 2730 3503 2799 qui-

1906 2819 2010 2889 pus
2038 2818 2354 2872 innocentes
2396 2816 2463 2870 ad
2508 2816 2719 2872 ruinam
2752 2816 2990 2882 trahunt,
3038 2817 3181 2887 lupis
3215 2820 3506 2890 rapacibus

212 2913 602 2985 perfeuionem
648 2914 911 2968 bonorum
968 2929 1191 2984 operum
1252 2922 1383 2969 tetas
1431 2913 1710 2983 perveniat
1755 2920 1812 2967 et
1911 2917 2316 2978 comparantur.

214 3014 494 3061 mereatur
520 3004 826 3074 adoptionis
854 3004 1103 3075 spiritum
1132 3004 1428 3075 percipere,
1471 3012 1528 3056 et
1551 3016 1673 3056 esse
1695 3002 1805 3071 jam

1986 2999 2109 3054 Non
2131 3009 2293 3070 potest
2324 3000 2485 3054 arbor
2522 3000 2658 3055 bona
2683 3000 2885 3071 fructus
2919 3000 3086 3057 malos
3114 3002 3310 3072 facere,
3340 3008 3504 3076 neque

215 3094 388 3151 Filius
408 3095 506 3150 Dei
532 3061 1042 3165 per'assueta-bona
1070 3061 1257 3165 opera.
1282 3061 1425 3148 sicut
1447 3093 1503 3147 in
1526 3061 1804 3162 sequenti-
1834 3061 1878 3122 θ
1908 3090 2069 3144 arbor
2099 3061 2241 3144 mala
2270 3090 2472 3160 fructus
2502 3091 2662 3147 bonos
2683 3061 2879 3161 facere.
2932 3061 3250 3160 Quaeramus
3295 3061 3362 3150 ab
3399 3061 3505 3152 bae-

215 3187 317 3243 bus
338 3188 474 3243 dicit
499 3185 644 3241 idem
668 3185 957 3255 Apostolus
983 3203 997 3239 :

288 3279 391 3335 Sed
417 3278 694 3349 accepistis
724 3276 982 3347 Spiritum
1010 3276 1305 3348 adoptionis
1328 3274 1561 3346 ﬁliorum
1586 3274 1702 3329 Dei.
1737 3274 1809 3330 Ut

220 3385 322 3423 non
340 3368 454 3439 jam
489 3368 682 3426 timore
704 3381 877 3438 paena:
900 3368 1011 3422 Deo
1039 3367 1364 3431 serviamus,
1390 3366 1484 3420 sed
1522 3380 1656 3433 pura
1683 3380 1807 3435 per-

222 3458 465 3529 fectaque
488 3457 779 3513 dilectione
799 3471 920 3526 quae
939 3455 1256 3526 praedictum
1289 3454 1355 3508 ab
1381 3453 1601 3508 nomine
1622 3452 1807 3521 expel-

219 3549 283 3603 lit
308 3550 599 3609 timorem;
632 3564 756 3604 cum
793 3563 922 3619 ergo
961 3546 1196 3618 peccatis
1226 3545 1420 3600 mortui
1452 3544 1667 3600 erimus
1712 3558 1807 3614 per

220 3640 588 3708 penitentiam
639 3648 694 3694 et
741 3638 1170 3702 confessionem,
1221 3646 1277 3693 et
1319 3637 1639 3692 desierimus
1684 3650 1807 3691 esse

220 3734 357 3802 quod
381 3731 586 3788 fuimus
609 3733 752 3787 servi
796 3733 1020 3802 peccati,
1052 3731 1127 3786 illi
1151 3731 1438 3786 serviendo
1468 3746 1567 3801 per
1592 3742 1804 3786 assueta

218 3836 377 3891 opera
410 3823 634 3891 pietatis
664 3831 718 3876 et
735 3820 981 3891 justitize,
1010 3837 1071 3878 ac
1092 3837 1189 3892 per
1218 3822 1454 3891 Spiritus
1477 3822 1651 3877 sancti
1675 3836 1801 3892 gra-

221 3914 345 3968 tiam
372 3923 429 3967 et
452 3913 637 3968 vocari
666 3922 722 3967 et
747 3927 866 3969 esse
883 3911 994 3980 jam
1026 3913 1150 3968 Filii
1182 3914 1276 3968 Dei
1311 3928 1635 3968 mereamur.

290 4003 355 4058 In
382 4021 484 4073 quo
503 4004 795 4058 clamamus
820 4020 838 4059 :
866 4004 1009 4059 Abba
1038 4003 1217 4059 Pater.
1243 4004 1377 4071 Quia
1406 4001 1520 4071 jam
1547 4019 1645 4073 per
1674 4018 1805 4057 san-

215 4093 603 4150 ctiticationem
629 4094 801 4148 sancti
836 4093 1090 4164 Spiritus,
1130 4109 1291 4163 quem
1322 4094 1478 4148 bonis
1504 4101 1560 4148 et
1601 4094 1804 4148 sanctis

217 4184 456 4240 moribus
494 4201 769 4240 meremur
802 4186 854 4240 in
885 4186 1041 4241 nobis
1085 4201 1325 4253 manere,
1358 4185 1608 4241 fiduciam
1637 4172 1803 4240 habe?

216 4287 364 4339 mus,
407 4275 579 4330 Deum
626 4274 781 4331 nobis
825 4275 1038 4330 Patrem
1088 4276 1388 4341 nominare,
1428 4291 1552 4332 eum
1592 4292 1691 4330 nos
1739 4276 1802 4330 li-

213 4361 323 4420 lios
360 4363 476 4434 ejus
502 4380 624 4420 esse
652 4364 1030 4435 cognoscimus
1075 4365 1127 4420 in
1183 4366 1567 4437 adimpletione
1609 4368 1799 4423 volun-
1827 4407 1876 4468 Β

219 4452 349 4508 tatis
373 4451 510 4522 eius.
543 4453 669 4509 Ideo
709 4454 985 4509 voluntate
1025 4454 1253 4525 simplici
1289 4471 1577 4526 operemur
1615 4458 1798 4518 omnia

215 4541 359 4598 bona
400 4559 521 4614 quae
557 4557 861 4619 possumus,
902 4554 963 4599 ut
1013 4545 1152 4600 ﬁlios
1197 4561 1296 4600 nos
1348 4547 1442 4602 Dei
1483 4563 1605 4604 esse
1651 4563 1800 4604 com-

213 4634 525 4702 probemus,
567 4635 623 4689 in
659 4635 944 4692 dilectione
969 4643 1160 4691 etnon
1201 4634 1314 4706 jam
1352 4638 1405 4692 in
1449 4639 1641 4695 timore
1682 4655 1799 4695 ser-

215 4724 441 4781 vientes.
469 4726 607 4793 Quia
632 4728 724 4797 qui
749 4736 908 4782 vocat
947 4737 1179 4798 patrem,
1227 4727 1394 4783 tilium
1432 4744 1492 4786 se
1531 4745 1652 4786 esse
1673 4747 1801 4801 pro-

217 4811 415 4867 fitetur.
444 4814 613 4870 Debet
652 4831 783 4887 ergo
815 4825 1026 4886 patrum
1066 4817 1308 4872 moribus
1343 4816 1618 4887 placabilis
1658 4819 1801 4876 filius

215 4901 464 4967 inveniri,
493 4919 562 4959 ne
586 4921 687 4974 pro
716 4906 932 4961 nomine
972 4920 1186 4975 quoque
1222 4906 1277 4960 in
1318 4920 1516 4961 vanum
1544 4917 1801 4978 usurpato

213 4992 402 5062 majori
430 5008 608 5065 postue
632 4994 968 5065 subjiciatur.

284 5081 403 5151 Ipse
420 5088 559 5140 enim
579 5086 808 5156 Spiritus
827 5090 1178 5144 testimonium
1202 5091 1370 5146 reddit
1388 5092 1597 5162 spiritui
1620 5105 1799 5150 nostro

209 5173 350 5241 quod
375 5190 558 5231 sumus
583 5176 683 5246 [itii
711 5176 826 5233 Dei.
870 5178 985 5249 ipse
1009 5180 1207 5251 quippe
1250 5179 1485 5252 Spiritus
1521 5184 1799 5241 servitutis

209 5274 311 5329 per
333 5277 491 5332 quem
521 5267 575 5321 in
603 5267 798 5323 timore
843 5276 1048 5324 tantum
1078 5269 1307 5326 Domino
1333 5272 1672 5337 servivimus,
1717 5281 1796 5329 te-
1868 5310 1877 5316 -

208 5349 521 5409 stationium
552 5355 728 5412 reddit
752 5359 965 5429 spiritui
993 5360 1398 5430 adoptionis,_in
1423 5377 1531 5432 quo
1557 5362 1799 5432 perfecte

206 5454 312 5511 per
333 5443 650 5503 cbaritatem
675 5448 785 5505 Deo
804 5451 1175 5518 servierimus,
1201 5454 1342 5523 quod
1359 5468 1547 5509 sumus
1558 5442 1651 5508 filii
1675 5454 1790 5510 Dei.

212 5531 345 5599 Quia
379 5552 488 5592 non
515 5538 621 5596 nisi
659 5538 754 5596 filii
785 5540 881 5599 Dei
910 5543 1130 5600 arrham
1155 5544 1238 5601 sui
1265 5544 1487 5617 spiritus
1514 5545 1794 5617 percipere

211 5635 501 5683 merentur.
1505 5684 1523 5711 ³

1912 3181 2110 3246 reticis,
2141 3181 2234 3250 qui
2262 3181 2397 3236 duas
2425 3181 2569 3236 inter
2598 3196 2657 3237 se
2707 3184 3008 3239 contrarias
3037 3185 3224 3240 dicunt
3256 3201 3377 3243 esse
3407 3204 3504 3242 na-

1907 3281 2078 3337 turas,
2102 3273 2146 3328 si
2166 3272 2320 3342 juxta
2343 3272 2747 3344 intelligentiam
2768 3290 2957 3331 eorum
2979 3278 3143 3332 arbor
3163 3279 3303 3334 bona
3331 3279 3504 3337 malos

1908 3362 2113 3417 fructus
2164 3362 2345 3418 facere
2395 3378 2669 3432 nunquam
2720 3372 2931 3434 potest,
2972 3369 3244 3436 quomodo
3289 3368 3502 3440 Moyses

1906 3451 2067 3506 arbor
2091 3452 2232 3506 bona
2264 3452 2569 3522 peccaverit
2599 3453 2667 3506 ad
2702 3468 2901 3522 aquam
2930 3456 3413 3514 contradictionis:
3446 3468 3503 3515 et

1905 3545 2093 3611 David,
2124 3543 2254 3601 Uria
2288 3543 2593 3609 interfecto,
2621 3559 2746 3603 cum
2784 3545 3086 3603 Betbsabee
3113 3549 3490 3617 concubuerit;

1903 3637 2098 3692 Petrus
2130 3650 2345 3707 quoque
2370 3636 2422 3690 in
2454 3637 2707 3706 passione
2735 3638 2900 3692 Deum
2941 3640 3236 3709 negaverit,
3266 3640 3455 3698 dicens
3477 3683 3495 3709 ,

1906 3728 2077 3782 nescio
2101 3728 2359 3781 hominem
2387 3745 2402 3793 ;
2437 3736 2533 3782 aut
2561 3743 2666 3797 qua
2697 3728 3301 3797 consequentia‘Jetbro
3338 3748 3497 3790 socer

1905 3817 2070 3889 Moysi
2099 3818 2261 3872 arbor
2289 3817 2454 3882 mala,
2497 3818 2591 3887 qui
2630 3818 2814 3888 utique
2858 3820 2912 3874 in
2959 3819 3129 3876 Deum
3176 3820 3344 3877 Israel
3385 3839 3496 3880 non

1902 3908 2177 3973 credebat,
2207 3908 2414 3963 de.'.erit
2434 3909 2718 3964 consilium
2752 3908 2918 3980 Moysi
2945 3910 3182 3979 bonum;
3212 3924 3266 3967 et
3290 3913 3497 3971 Δειιὶον

1904 3998 2229 4068 Holopherni
2276 3999 2479 4068 aliquid
2533 4001 2665 4055 utile
2723 4002 2796 4057 sit
2846 4002 3098 4077 loeutus;
3144 4013 3199 4060 et
3253 4007 3497 4065 comicus

1903 4091 2116 4155 dixerit,
2147 4090 2288 4162 quod
2323 4092 2459 4147 bene
2510 4093 2709 4149 dictum
2759 4094 3050 4165 Apostolus
3098 4099 3494 4167 comprobavit,

1903 4192 2255 4253 corrumpunt
2301 4200 2480 4240 mores
2521 4184 2692 4241 bonos
2721 4186 3185 4243 confabulationes
3207 4190 3485 4257 pessimae;

1902 4280 1958 4328 et
1984 4289 2105 4328 cum
2131 4290 2237 4328 non
2264 4273 2586 4338 invenerint,
2610 4276 2739 4346 quid
2764 4278 3141 4347 respondeant,
3174 4293 3272 4333 nos
3293 4279 3497 4335 insere-

1903 4377 2024 4416 mus
2047 4370 2106 4416 et'
2126 4360 2319 4417 ludam
2353 4365 2599 4419 arborem
2621 4364 2889 4435 quondam
2917 4366 3111 4419 bonam
3147 4364 3341 4423 fecisse
3380 4367 3494 4423 fru-

1900 4461 2023 4507 etus
2049 4453 2240 4519 malos,
2258 4464 2540 4523 postquam
2564 4454 2859 4523 prodiderit
2884 4452 3243 4519 Salvatorem,
3272 4465 3327 4511 et
3350 4456 3493 4515 Pau-

1901 4540 2011 4596 lum
2037 4543 2285 4599 arborem
2308 4544 2501 4597 malam
2538 4559 2603 4598 eo
2647 4551 2887 4612 tempore
2917 4559 3024 4614 quo
3065 4548 3493 4617 persequebatur

1902 4633 2199 4691 Ecclesium
2261 4634 2461 4691 Christi
2488 4675 2502 4698 ,
2553 4634 2746 4691 fecisse
2797 4645 2987 4707 postea
3050 4636 3260 4696 fructus
3318 4641 3494 4700 bonos

1900 4725 2116 4796 quando
2157 4725 2209 4778 in
2254 4739 2351 4779 vas
2376 4723 2655 4780 electionis
2697 4724 2763 4779 de
2805 4735 3153 4794 persecutore
3198 4731 3490 4789 translatus

1901 4826 2004 4872 est.
2029 4815 2243 4871 Tandiu
2277 4831 2407 4888 ergo
2431 4814 2594 4870 arbor
2622 4816 2764 4872 bona
2810 4814 3021 4873 fructus
3045 4835 3152 4874 non
3191 4819 3353 4877 faciet
3373 4839 3487 4879 ma-
3588 4844 3595 4851 '

1900 4906 2003 4971 los,
2031 4906 2266 4976 quandiu
2288 4907 2342 4961 in
2365 4906 2625 4962 bonitatis
2672 4908 2849 4963 studio
2891 4920 3225 4979 perseverat,
3252 4922 3308 4968 et
3342 4914 3483 4972 mala

1899 4998 2063 5052 arbor
2107 5006 2290 5053 manet
2334 4998 2389 5053 in
2433 4996 2698 5056 fructibus
2727 5008 3072 5069 peccatorum
3119 5005 3358 5073 quaudiu
3413 5008 3484 5065 ad

1897 5088 2270 5157 pmnitentiatn
2290 5106 2396 5146 non
2422 5091 2776 5146 convertitur.
2802 5090 2972 5148 Nemo
2992 5094 3137 5148 enim
3160 5110 3485 5165 permanens

1898 5179 1953 5234 in
1975 5193 2042 5236 eo
2059 5179 2203 5249 quod
2233 5178 2353 5245 fuit,
2384 5180 2569 5251 incipit
2593 5180 2646 5236 id
2673 5196 2794 5237 esse
2812 5184 2956 5252 quod
2977 5184 3217 5240 nondum
3235 5189 3479 5255 eruperit.

1972 5270 2156 5327 Omnis
2180 5271 2337 5326 arbor
2359 5287 2476 5342 quia
2500 5288 2603 5327 non
2630 5270 2759 5342 facit
2784 5272 3017 5342 fructum
3038 5274 3250 5341 bonum,
3270 5276 3480 5330 excide-

1900 5372 1988 5417 tur
2009 5364 2132 5417 etin
2154 5365 2322 5433 ignem
2348 5365 2595 5420 mittetur.
2628 5364 2766 5432 Quia
2803 5368 3170 5437 unusquisque
3195 5381 3483 5438 pervorsus

1900 5470 1998 5525 per
2038 5452 2478 5521 validamjudicii
2523 5457 2846 5513 sententiam
2880 5457 2948 5514 de
2997 5467 3139 5515 terra
3186 5458 3477 5517 viventium

1900 5546 2206 5601 eradicatus
2242 5545 2298 5599 in
2344 5547 2604 5617 gebeunzc
2634 5548 2814 5620 ignem
2855 5549 3086 5606 mittitur
3115 5549 3211 5621 qui
3236 5549 3326 5605 hic
3350 5544 3481 5609 boui

1899 5636 2081 5709 operis
2107 5637 2339 5693 fructum
2361 5636 2554 5697 fecisse
2575 5653 2684 5721 non
2709 5638 3001 5698 invenitur.
3204 5654 3209 5659 ·
