3950 6184
475 240 579 300 587

1106 237 1167 293 Β.
1206 235 1460 291 RABANI
1502 228 1724 292 ιιΑυιιι
1767 230 2089 291 ARCHIEP.
2130 229 2440 290 MOGUNT.
2481 226 2767 288 OPERUM
2804 228 2983 287 PARS
3024 229 3087 284 ll.

3623 234 3718 290 388

543 353 715 426 Igitur
739 366 806 408 se
830 349 1089 422 fructibus
1114 362 1299 404 eorum
1321 348 1641 419 cognoscetis
1672 363 1781 402 eos.
1805 346 1908 414 ραι
1934 355 2062 402 sunt
2082 354 2135 413 Α
2165 358 2298 401 sane
2326 346 2469 416 quod
2499 345 2671 400 otiosa
2693 345 2768 400 sit
2799 345 2939 414 apud
2967 344 3192 401 Paulum
3222 340 3457 401 varietas
3478 347 3587 416 ipsa
3613 362 3721 404 rer-

469 460 605 519 ergu
632 443 861 507 frmtus,
886 441 1082 511 quibus
1118 439 1351 495 inventis
1390 448 1786 509 cognoscamus
1811 438 2063 493 arborem

474 537 674 592 malum
693 555 707 589 :
729 534 860 590 dicit
881 531 1200 603 Apostolus:
1223 528 1508 597 Manifesta
1536 544 1695 599 opera
1718 529 1918 593 carnis,
1944 542 2065 599 quas

472 638 595 683 sunt
634 624 1028 696 fornicationes,
1068 620 1448 683 immunditiis,
1499 617 1757 682 lusoriis,
1797 616 2063 671 idolorum

470 716 711 779 seruitus,
734 713 1003 781 veneﬁcia,
1030 711 1345 774 inimicitia',
1369 708 1750 772 contentiones,
1770 705 2067 761 mulatio-

471 822 582 871 nes,
605 803 986 866 aniutositates,
1004 800 1374 865 dissensiones,
1390 800 1633 861 hiemes,
1658 797 1888 861 insidia,
1903 795 2066 850 ebrie-

469 905 603 949 tates
625 934 641 960 ,
682 893 1104 955 comessationes,
1123 899 1171 944 et
1196 890 1279 943 his
1314 888 1510 943 similia
1542 903 1660 958 qua
1706 887 1938 957 pra'dico
1977 902 2065 940 ro-

469 986 569 1048 bis,
608 985 743 1038 sicut
779 981 1026 1054 pradini,
1051 980 1300 1051 quoniam
1333 978 1425 1050 qui
1467 976 1599 1031 talia
1639 984 1801 1047 agilia
1847 989 2063 1046 regnum

470 1077 568 1131 Dei
608 1090 713 1131 non
744 1083 1143 1145 consequentur.
1187 1072 1254 1126 Et
1275 1071 1367 1141 qui
1405 1076 1533 1125 sunt
1569 1083 1668 1139 per
1702 1082 1841 1136 quos
1865 1081 2070 1137 cogno—

468 1171 671 1225 scimus
713 1170 967 1223 arborem
1008 1167 1233 1228 bonam,
1264 1165 1405 1220 idem
1442 1164 1558 1236 ipse
1604 1159 1896 1231 Apostolus
1934 1175 2065 1215 eon—

468 1268 761 1328 sequenter
787 1259 957 1313 dicit:
987 1254 1220 1309 Fructus
1258 1265 1433 1308 autem
1467 1254 1684 1323 spiritus
1708 1261 1784 1305 est
1806 1251 2060 1314 citerius,

465 1352 903 1422 gaudium-pas,
940 1347 1332 1419 longanimitas,
1375 1345 1690 1416 benignitas,
1730 1344 1952 1406 bonitas.
1991 1344 2062 1411 fi-

470 1445 582 1507 des,
609 1440 980 1502 mansuetudo,
1004 1437 1348 1502 continentia,
1379 1445 1490 1491 etc.

543 1532 667 1586 Non
695 1531 865 1585 omnis
889 1528 978 1600 qui
1002 1528 1127 1581 dicit
1155 1526 1285 1579 mihi
1306 1538 1326 1577 :
1360 1525 1601 1589 Domine,
1630 1523 1867 1587 Domine,
1890 1523 2061 1575 intra-

471 1626 542 1678 bit
568 1626 623 1678 in
648 1639 859 1693 regnum
884 1620 1162 1685 calorum;
1200 1619 1292 1673 sed
1322 1620 1410 1691 qui
1452 1617 1577 1688 facit
1606 1616 1923 1672 voluntatem
1951 1611 2061 1666 Pa-

2164 439 2379 503 borum,
2411 437 2556 507 quod
2590 436 2880 506 aliquando
2918 435 3185 503 infirmus,
3215 435 3501 508 aliquando
3527 438 3718 509 impios,

2165 528 2452 598 aliquando
2481 535 2795 599 [necaturus
2821 526 3086 592 nominat,
3114 540 3215 599 pro
3248 526 3442 598 quibus
3472 527 3720 585 Christum

2165 628 2436 674 mortuum
2467 618 2616 682 dicit,
2646 627 2702 673 et
2728 620 2975 688 quamvis
3013 617 3322 688 imperitum
3350 632 3409 673 se
3432 617 3652 675 fateatur
3672 621 3718 676 in

2164 720 2436 775 sertnoire,
2480 725 2589 766 non
2616 719 2795 766 tamen
2823 710 3062 767 arbitror
3082 711 3226 781 quod
3270 711 3322 766 in
3358 710 3442 767 his
3464 711 3550 768 ille
3572 712 3724 783 impo-

2166 801 2292 856 ritia
2315 840 2332 865 ,
2378 802 2473 856 sed
2518 801 2698 870 potius
2745 801 3067 871 profundam
3117 802 3398 858 scientiam
3438 805 3718 862 rarisverit.

2165 890 2268 945 Per
2292 892 2412 946 hinc
2436 904 2671 961 namque
2697 892 2801 946 tria
2825 906 2988 948 omne
3011 893 3220 963 peccati
3245 894 3513 965 colligitur
3535 910 3719 967 genus:

2165 993 2260 1038 aut
2283 984 2427 1039 enim
2450 984 2707 1056 ignorans
2729 984 2897 1039 Deum
2919 984 3040 1055 quis
3064 994 3121 1040 et
3143 986 3331 1041 nolens
3352 1000 3565 1042 servare
3591 1003 3724 1042 nun-

2166 1078 2371 1142 datnm,
2404 1077 2639 1132 vincitur
2671 1066 2962 1149 fragilitate
3002 1079 3201 1143 carnis,
3232 1087 3287 1135 et
3317 1074 3576 1152 illecebris
3604 1097 3727 1152 pm

2166 1167 2334 1221 sentis
2377 1168 2505 1221 vita:
2549 1167 2837 1237 decipitur,
2882 1177 2938 1224 et
2974 1169 3225 1225 inﬁrmus
3269 1170 3592 1240 appellatur;
3645 1174 3728 1228 aut

2166 1258 2344 1311 sciens
2368 1256 2660 1326 voleuSquc
2699 1259 2999 1313 contemnit
3020 1259 3335 1315 mandatum
3360 1270 3431 1316 .et
3450 1261 3563 1316 odit
3586 1261 3727 1317 disci-

2165 1346 2368 1415 plinam
2397 1346 2514 1410 Dei,
2538 1362 2603 1402 ac
2626 1346 2840 1416 proiicit
2866 1363 3145 1405 sermones
3172 1348 3288 1417 ejus
3308 1360 3432 1421 post
3457 1367 3533 1415 se,
3552 1360 3604 1406 et
3619 1358 3727 1421 pec-

2168 1441 2319 1485 cator
2346 1432 2689 1498 nominatur;
2716 1442 2880 1504 atque
2903 1433 2976 1487 ita
2999 1432 3199 1489 Paulus
3224 1436 3314 1504 qui
3341 1451 3399 1490 se
3422 1436 3726 1506 imperitam,

2167 1530 2227 1575 ut
2247 1521 2502 1596 diximus,
2542 1522 2596 1574 in
2628 1536 2880 1577 sermone
2909 1522 3208 1591 profitetur,
3252 1524 3304 1578 in
3346 1524 3518 1580 tribus
3550 1526 3627 1581 bis
3652 1526 3728 1581 di-

2167 1612 2516 1668 versitatibus
2561 1613 2812 1668 universa
2860 1630 2960 1684 pro
2993 1614 3190 1685 quibus
3213 1614 3463 1671 Christus
3496 1617 3730 1686 pranliea6

468 1718 563 1769 tris
586 1717 686 1770 mei
716 1714 806 1786 qui
827 1714 881 1768 in
916 1711 1057 1766 caelis
1078 1722 1179 1777 est,
1217 1712 1326 1782 ipse
1355 1709 1568 1765 intrabit
1592 1710 1647 1761 in
1670 1721 1882 1777 regnum
1911 1702 2064 1757 ctelo-
2097 1698 2138 1759 Β
2168 1712 2255 1758 tur
2283 1713 2530 1759 mortuus
2558 1720 2679 1760 esse
2724 1705 3039 1775 complexus
3073 1715 3177 1762 est.
3215 1710 3370 1775 Quod
3403 1710 3451 1764 si
3486 1709 3729 1765 interdum

468 1824 605 1860 rum.
652 1807 894 1876 Regnum
933 1803 1197 1859 emlorum
1240 1801 1354 1857 sola
1397 1799 1689 1855 verborum
1728 1795 1902 1852 cilicia
1954 1808 2061 1849 non

465 1900 732 1961 obtinent,
751 1910 925 1965 neque
937 1893 1031 1964 qui
1045 1891 1306 1957 dixerint,
1320 1889 1560 1953 Domine,
1576 1887 1818 1951 Domine,
1830 1885 2067 1940 cohaere-

468 1992 566 2044 des
586 1989 728 2043 illius
752 1995 934 2042 erant.
952 1985 1091 2052 Quid
1117 1984 1263 2039 enim
1293 1980 1473 2037 ωειὶιὶ
1497 1988 1582 2034 est
1604 1978 1832 2032 Domino
1860 1976 2061 2039 dicere,

468 2083 734 2137 Domine?
762 2080 1005 2149 nunquid
1030 2076 1290 2133 Dominus
1315 2089 1421 2129 non
1446 2073 1576 2137 erit,
1602 2070 1708 2125 nisi
1732 2070 1911 2125 dictus
1939 2066 2061 2121 fue-

470 2175 596 2227 rita
623 2172 815 2226 nobis?
845 2178 899 2226 et
924 2184 1044 2238 qua:
1071 2166 1230 2223 θαῖοῆ
1261 2164 1521 2221 sanctitas
1549 2171 1634 2218 est
1668 2160 1905 2216 nominis
1927 2173 2064 2213 nun-

466 2266 704 2335 Cupatio,
745 2278 869 2317 eum
912 2259 1149 2316 caelestis
1194 2257 1345 2328 regni
1382 2256 1484 2310 iter
1528 2252 1708 2323 potius
1753 2249 2062 2306 obcdientia

468 2355 759 2409 voluntatis
788 2368 897 2407 non
937 2351 1031 2404 Dei
1073 2347 1404 2417 nuncupatio
1430 2353 1713 2416 repertum
1753 2342 1859 2397 sit?
1887 2341 2060 2411 Ergo,

466 2447 611 2500 sicut
631 2457 795 2513 supra
824 2443 1057 2505 dixerat,
1094 2454 1188 2495 eos
1226 2438 1319 2509 qui
1362 2437 1626 2491 baberent
1660 2441 1865 2488 vestem
1910 2432 2063 2485 bonae

466 2540 591 2593 vitae
636 2550 743 2591 non
771 2535 1110 2605 recipiendos
1137 2541 1360 2602 propter
1385 2530 1698 2601 dogmatum
1738 2522 2060 2593 nequitiam,

465 2632 540 2685 ita
572 2642 716 2684 nunc
734 2642 765 2681 e
782 2627 1060 2682 emnrario
1077 2623 1291 2689 asserit,
1323 2621 1491 2677 ne’bis
1514 2619 1730 2690 quidem
1756 2630 2063 2672 accommo-

467 2723 702 2777 dandam
749 2721 927 2781 lldem,
975 2718 1067 2787 qui
1115 2731 1239 2772 eum
1281 2714 1521 2784 polleant
1572 2709 1886 2780 integritate
1936 2706 2063 2761 fidei

466 2814 699 2883 turpiter
736 2812 939 2875 vivant,
968 2818 1025 2862 ει
1050 2808 1310 2864 doctrinm
1334 2804 1702 2875 integritatem
1744 2800 1901 2855 malis
1927 2813 2061 2870 ope-

467 2907 619 2959 riLus
645 2905 945 2959 destruant.
982 2898 1281 2967 Utrumque
1314 2895 1460 2951 enim
1490 2894 1586 2948 Dei
1613 2892 1785 2948 servis
1804 2902 2059 2945 necessa-

468 2996 607 3050 rium
643 3003 746 3059 est,
784 3000 843 3046 ut
893 2999 947 3045 et
977 3002 1114 3059 opus
1154 3000 1426 3052 sermone,
1470 2994 1528 3041 et
1574 2997 1755 3040 sermo
1805 2978 2061 3051 operibus

2166 1795 2330 1849 etiam
2357 1795 2410 1850 hi
2443 1796 2534 1865 qui
2556 1797 2658 1850 sub
2686 1795 2802 1867 lege
2823 1805 2972 1861 sunt,
2994 1806 3051 1853 et
3080 1796 3246 1852 Deum
3272 1798 3452 1855 colere
3471 1799 3728 1866 videntur,

2165 1888 2315 1958 impii
2355 1889 2409 1942 in
2460 1889 2752 1958 Scripturis
2792 1889 2990 1947 divinis
3035 1891 3409 1957 nominantur,
3456 1893 3645 1949 idcirco
3677 1893 3732 1949 iit

2163 1979 2293 2047 quia
2334 1979 2700 2048 relinquentes
2734 1980 2903 2035 Deum
2946 1989 3163 2050 patrum
3199 1996 3446 2047 suorum,
3476 1983 3600 2038 deos
3622 1994 3731 2054 gen-

2165 2074 2305 2127 tiunt
2333 2072 2554 2129 colunt:
2586 2074 2731 2143 quod
2752 2088 2882 2129 vero
2916 2073 3120 2130 Paulus
3145 2088 3207 2129 se
3232 2089 3357 2129 cum
3382 2075 3733 2144 peccatoribus

2165 2172 2431 2227 numerat,
2458 2162 2550 2233 qui
2583 2162 2703 2219 aliis
2742 2162 2914 2219 dicit:
2950 2163 3064 2220 Nos
3111 2174 3303 2219 natura
3343 2163 3524 2220 Iudici
3565 2175 3615 2220 et
3640 2176 3732 2218 non

2161 2273 2228 2311 ea:
2273 2256 2511 2326 gentibus
2551 2266 2870 2326 peccatores,
2897 2256 3217 2313 humilitatis
3253 2255 3375 2326 ejus
3415 2266 3501 2311 est
3543 2257 3732 2317 virtus;

2162 2346 2409 2402 imitatur
2431 2346 2575 2402 enim
2605 2346 2753 2401 illum
2780 2347 2893 2417 qui,
2916 2362 3039 2402 cum
3066 2356 3348 2418 peccatum
3380 2361 3486 2402 non
3512 2347 3735 2410 fecisset,-

2161 2447 2444 2508 peceatum
2486 2453 2591 2508 pro
2638 2440 2796 2496 nobis
2842 2439 3017 2495 factus
3051 2449 3154 2505 est,
3185 2449 3240 2495 et
3283 2451 3407 2495 cum
3434 2439 3575 2495 Deus
3604 2446 3737 2494 esset

2162 2530 2306 2585 inter
2362 2530 2610 2585 homines
2662 2539 3015 2587 conversatus
3069 2541 3173 2587 est.
3237 2531 3580 2586 Commendat
3625 2545 3736 2601 ergo

2160 2636 2312 2673 suam
2351 2620 2662 2675 alacritatem
2705 2621 2845 2676 Deus
2891 2623 2946 2676 in
2974 2623 3135 2676 'nobis
3162 2636 3181 2675 :
3210 2622 3296 2677 hic
3329 2622 3661 2678 commendat
3685 2630 3737 2676 et

2160 2709 2469 2774 continuat,
2498 2717 2555 2763 et
2575 2709 2863 2764 amabilem
2891 2709 3019 2765 facit
3050 2725 3149 2780 pro
3174 2710 3454 2766 beneﬁciis
3477 2711 3732 2781 prastitis.

2165 2798 2317 2865 Quod
2346 2799 2492 2853 enim
2513 2798 2781 2864 Christus,
2812 2815 2939 2855 eum
2963 2800 3141 2855 adhuc
3169 2812 3485 2870 peccatores
3512 2811 3736 2855 essemus

2160 2903 2260 2961 pro
2300 2890 2457 2944 nobis
2498 2898 2742 2945 mortuus
2772 2898 2879 2957 est,
2911 2905 3062 2960 spem
3092 2890 3248 2945 nobis
3275 2889 3371 2943 dat
3412 2890 3556 2960 quod
3583 2889 3739 2944 multo

2163 2981 2335 3051 magis
2369 2995 2468 3035 nos
2501 2996 2531 3034 a
2562 2989 2789 3050 peccato
2809 2988 3064 3051 purgatos
3102 2988 3158 3034 et
3190 2977 3541 3047 justiﬁeatos,
3572 2977 3638 3033 ab
3665 2978 3734 3031 ira

468 3087 869 3156 commoti-tur,
898 3081 1022 3137 huic
1048 3079 1331 3136 sententiae
1360 3084 1541 3148 potest
1569 3064 1701 3129 illud
1728 3070 1901 3127 videri
1935 3085 2065 3126 eon-
2091 3063 2136 3123 C
2168 3085 2287 3139 quae
2317 3071 2566 3126 imminet
2588 3071 2965 3140 peccatoribus
2987 3069 3211 3124 salvavit
3234 3083 3330 3139 per
3360 3069 3558 3139 ipsum,
3586 3077 3639 3124 et
3655 3066 3737 3138 qui

468 3177 699 3231 uarium
723 3188 742 3225 :
772 3173 941 3227 Nemo
968 3178 1137 3243 potest
1180 3169 1352 3223 dicere
1385 3166 1645 3222 Dominus
1676 3164 1832 3219 Iesus
1870 3161 1972 3216 nisi
2005 3162 2062 3215 in

469 3267 673 3337 Spiritu
696 3275 897 3319 sancto.
918 3262 1031 3318 Sed
1048 3262 1217 3317 moris
1247 3269 1330 3316 est
1359 3258 1762 3327 Scripturarum
1791 3254 1935 3310 dicta
1963 3267 2065 3323 pro

468 3358 627 3411 factis
670 3354 938 3425 accipere,
981 3360 1043 3405 ut
1072 3351 1256 3407 statim
1289 3349 1342 3403 in
1370 3345 1828 3417 consequentibus
1861 3356 2062 3412 appro-

466 3449 645 3510 batur,
692 3445 916 3501 rel‘otari
959 3458 1054 3500 eos
1090 3441 1184 3513 qui
1205 3440 1415 3510 iactant
1436 3438 1558 3494 sine
1593 3435 1850 3506 operibus
1888 3434 2056 3489 scien-

468 3540 601 3595 tiam
633 3537 871 3601 Domini,
901 3543 956 3590 et
980 3534 1204 3589 audiant
1227 3546 1261 3587 ε
1280 3530 1567 3585 Salvatorc
1591 3545 1604 3580 :
1631 3524 1870 3580 llecedite
1891 3540 1925 3576 a
1955 3538 2061 3588 me,

467 3631 694 3704 operarii
742 3629 1055 3701 iniquitatis,
1104 3625 1280 3681 nescio
1316 3640 1428 3679 vos.
1474 3621 1543 3677 Et
1577 3617 1865 3690 Apostolus
1919 3617 2064 3671 hunc

467 3739 687 3781 sensum
707 3723 949 3793 loquitur
971 3719 1333 3790 :Conﬁtentttr
1351 3733 1411 3772 se
1427 3715 1709 3770 Dominum
1728 3711 1881 3775 scire,
1907 3708 2063 3778 factis

468 3825 647 3870 autem
692 3821 899 3883 negant.
949 3809 1217 3877 Quoniam
1262 3806 1558 3864 secundum
1603 3800 1900 3859 Salvatoris
1938 3812 2063 3854 sen-

470 3905 720 3970 tentiam,
744 3902 834 3972 qui
854 3900 1104 3956 mandata
1133 3899 1226 3953 Dei
1255 3907 1388 3954 recte
1414 3895 1627 3951 credens
1651 3892 1893 3964 operibus
1913 3890 2063 3944 bon-is

466 3993 905 4051 commoneri!
945 3994 1003 4045 et'
1039 3989 1278 4043 docuerit
1311 3988 1388 4043 sic
1425 3986 1682 4049 homines,
1711 3984 1795 4037 hic
1838 3996 2061 4053 magnus

471 4087 743 4145 secabitur
781 4087 838 4140 in
887 4099 1044 4155 regno
1086 4081 1367 4144 calorum;
1416 4080 1505 4151 qui
1535 4089 1711 4133 autem
1744 4077 1981 4130 docuerit
2009 4084 2059 4129 et

473 4198 579 4237 non
605 4177 807 4251 fecerit,
838 4176 1085 4231 minimus
1118 4172 1385 4228 vocabitur
1413 4172 1467 4225 in
1499 4185 1656 4241 regno
1686 4167 1955 4223 celarunt.

976 4283 1261 4343 BOMILIA
1303 4280 1561 4340 CXXVII.

1125 4371 1284 4413 ῩΕΒΙΛ
1325 4370 1397 4409 IV.

542 4452 1003 4526 LectioEpistolze
1020 4449 1163 4506 beati
1189 4446 1337 4503 Pauli
1360 4444 1586 4516 apostoli
1609 4443 1676 4497 ad
1698 4442 1993 4497 Romanos.-

548 4549 791 4613 Fratres,
812 4549 856 4602 si
885 4563 1003 4601 rum
1026 4546 1198 4600 adhuc
1225 4552 1521 4615 peccatores
1544 4550 1790 4601 essemus,
1823 4537 2069 4592 Christus

476 4657 573 4713 pro
603 4639 747 4694 nobis
777 4646 1014 4691 mortuus
1050 4644 1146 4701 est,
1180 4633 1344 4689 multo
1386 4631 1569 4702 magis,
1609 4629 1893 4701 jns;i/icoti
1927 4640 2067 4681 nunc

477 4733 534 4787 in
560 4730 817 4801 sanguine
838 4728 1021 4798 ipsius,
1048 4727 1178 4781 salvi
1200 4726 1395 4781 erimus
1420 4723 1484 4777 ab
1513 4724 1594 4776 ira
1619 4732 1711 4793 per
1737 4723 1926 4791 ipsum,
1953 4730 2061 4775 etc.

552 4819 666 4875 Hoc
696 4818 844 4882 dicit,
875 4817 1001 4887 quia
1043 4816 1089 4871 si
1129 4828 1229 4885 pro
1273 4812 1650 4884 peccatoribus
1689 4809 1859 4864 lilium
1903 4816 2069 4862 suum

479 4909 629 4968 Deus
644 4908 815 4965 occidi
841 4905 1105 4978 permisit,
1131 4903 1258 4975 quid
1285 4902 1450 4958 faciat
1475 4916 1573 4972 pro
1595 4899 1923 4972 justiﬁestis,
1955 4897 2069 4952 nisi.

480 5009 667 5059 servet
689 5013 785 5055 eos
810 4998 879 5053 ab
921 4997 1030 5059 ira,
1062 4994 1114 5049 id
1142 5001 1245 5059 est,
1276 5001 1421 5048 tutos
1448 4992 1569 5047 illos
1594 4997 1812 5060 prestat
1848 4987 2063 5043 abiita-

482 5094 637 5150 sionc
655 5088 886 5147 tiiabolii
913 5094 974 5142 ut
992 5084 1170 5142 securi
1196 5083 1306 5139 sint
1327 5084 1382 5138 in
1411 5082 1501 5138 die
1525 5080 1865 5153 judiciicum
1884 5090 2064 5147 cmpe-

482 5189 553 5244 rit
580 5182 814 5257 perfidos
840 5180 975 5235 ultio
1016 5176 1297 5233 densiore
1318 5215 1333 5242 ,
1364 5173 1631 5246 quatiatu-
1658 5171 1815 5227 enini-
1850 5169 2069 5224 bonitas

481 5277 579 5334 Dei
610 5274 812 5331 nullum
839 5270 1017 5343 perire
1050 5266 1189 5333 vult,
1226 5272 1467 5321 mortem
1493 5261 1861 5333 dignissimam
1892 5258 2062 5322 dedit,

482 5380 543 5426 nt
570 5364 991 5442 intcliigentibus
1032 5361 1128 5417 Dei
1173 5358 1403 5431 gratiam
1448 5356 1592 5412 circa
1631 5369 1691 5411 se
1724 5352 1950 5442 adderet
1980 5348 2066 5405 di-

483 5440 842 5535 gnitatemv‘et
880 5454 1125 5527 gloriam.
1167 5448 1383 5519 Ingrati
1417 5447 1474 5503 hi
1520 5453 1646 5503 sunt
1688 5444 1799 5515 qui,
1970 5456 2064 5496 vo»

485 5531 660 5613 salute,
686 5545 1029 5608 dissentiunt,
1058 5536 1742 5609 Deiigratiam-sbnuwtss
1774 5540 1837 5587 ut
1861 5531 1917 5585 in
1939 5543 2066 5599 ιιι-οι

484 5641 659 5711 posito
684 5638 887 5697 erroris
911 5630 1346 5705 etmaliguitslis
1370 5635 1740 5702 permaneant.
1779 5624 1909 5679 Non.
1933 5632 2069 5693 Inito

2163 3162 2369 3217 alienos
2412 3171 2467 3215 et
2492 3160 2739 3216 inimicos
2777 3162 2850 3215 ita
2882 3160 3087 3225 dilexit,
3119 3168 3178 3214 ut
3209 3171 3306 3230 pro
3332 3160 3493 3215 nobis
3513 3160 3579 3214 ad
3609 3174 3736 3214 uxore

2164 3262 2273 3309 tem
2299 3253 2523 3308 unicum
2546 3260 2705 3308 suum
2742 3254 2914 3316 daret,
2952 3252 3121 3308 multo
3152 3252 3325 3323 magis
3366 3266 3495 3308 suos
3535 3251 3738 3309 eﬂ'ectos

2161 3355 2219 3401 et
2266 3345 2645 3400 reconciliatos
2690 3344 2794 3400 sibi
2837 3355 3040 3400 mterna
3087 3344 3261 3400 salute
3294 3345 3541 3401 donabit.
3582 3344 3740 3399 lslto

2161 3453 2307 3507 ergo,
2336 3437 2531 3507 inquit,
2562 3439 2731 3507 magis
2747 3437 3030 3507 justificati
3064 3439 3281 3492 nuncin
3307 3438 3566 3508 sanguine
3589 3437 3739 3507 ipsis:

2160 3526 2349 3581 saluati
2373 3527 2570 3581 erimus
2604 3527 2671 3580 ab
2691 3528 2772 3580 ira
2798 3544 2893 3597 per
2913 3527 3103 3598 ipsum.
3133 3527 3190 3582 In
3219 3527 3593 3597 superioribus
3627 3527 3737 3597 qui-

2160 3618 2283 3672 dem
2312 3618 2559 3674 dixerat:
2592 3618 2879 3688 Justiﬁcati
2921 3620 3085 3690 igitur
3115 3635 3181 3674 ea:
3217 3619 3322 3688 fide
3340 3636 3525 3690 pacem
3555 3619 3738 3674 babes-

2161 3726 2278 3765 mus
2319 3710 2389 3765 ad
2427 3710 2634 3777 Deum;
2658 3718 2716 3764 ει
2740 3725 2884 3766 nunc
2904 3711 3036 3765 dicit
3059 3728 3072 3763 :
3110 3709 3280 3765 Multo
3305 3712 3477 3782 magis
3503 3726 3638 3766 nunc
3653 3710 3740 3779 ju-

2160 3801 2374 3870 stificuti
2418 3803 2475 3855 in
2518 3802 2773 3873 sanguine
2818 3802 2982 3872 ipsius
3026 3801 3159 3856 solui
3210 3800 3410 3856 erimus
3445 3802 3514 3856 ab
3554 3803 3633 3855 ira
3657 3814 3740 3870 per

2160 3894 2352 3963 ipsum.
2374 3893 2454 3948 Ex
2480 3909 2588 3963 quo
2612 3894 2853 3949 ostendit
2872 3894 3015 3964 quod
3041 3908 3215 3964 neque
3240 3893 3375 3949 fides
3398 3902 3605 3958 nostra,
3635 3893 3741 3947 sino

2161 3984 2360 4040 Christi
2386 3983 2667 4054 sanguine,
2693 3999 2869 4055 neque
2898 3984 3120 4055 sanguis
3145 3983 3351 4040 Christi
3379 3998 3483 4039 nos
3507 3984 3623 4039 sine
3646 3980 3738 4034 ﬁde

2162 4085 2346 4157 nostra
2363 4074 2659 4144 justilicat;
2683 4090 2750 4131 ex
2775 4083 3004 4145 utroque
3034 4084 3214 4149 tamen
3240 4074 3413 4129 multo
3436 4074 3610 4146 magis
3634 4088 3742 4128 san-

2159 4166 2281 4236 guis
2303 4166 2503 4222 Christi
2536 4180 2636 4221 nos
2659 4180 2820 4235 quam
2851 4165 2985 4222 fides
3023 4176 3207 4221 nostra
3233 4164 3523 4235 justiﬁeat,
3553 4174 3606 4219 et
3630 4164 3739 4219 ideo

2161 4256 2295 4310 mibi
2322 4255 2538 4310 videtur
2563 4270 2687 4311 cum
2715 4255 2769 4311 in
2796 4255 3167 4325 superioribus
3190 4255 3514 4325 simpliciter
3535 4256 3736 4317 dixerit,

2154 4348 2436 4418 iustiﬁcati
2470 4364 2534 4405 ex
2572 4347 2696 4417 fide,
2738 4347 2827 4402 hic
2867 4346 3159 4413 addidisse,
3204 4347 3371 4401 multo
3408 4349 3581 4418 magis
3628 4361 3737 4416 ergo

2091 4420 2141 4480 Ῐ)
2167 4454 2303 4494 nunc
2320 4439 2601 4509 iustiﬁcati
2634 4439 2687 4492 in
2723 4438 2975 4508 sanguine
3010 4437 3151 4507 ejus,
3185 4445 3247 4491 ut
3270 4436 3499 4494 doceret
3521 4438 3643 4508 quia
3679 4434 3737 4489 ab

2167 4530 2250 4584 ira
2275 4539 2524 4595 ventura,
2555 4528 2773 4584 etiamsi
2793 4528 2924 4583 fides
2950 4536 3141 4581 nostra
3168 4541 3269 4582 nos
3308 4526 3506 4591 sahet,
3543 4522 3736 4581 etiamsi

2164 4636 2328 4691 opera
2349 4619 2599 4690 iustitiae,
2622 4633 2783 4690 super
2811 4619 2927 4674 haec
2963 4627 3141 4673 tamen
3172 4617 3353 4673 omnia
3380 4617 3557 4685 multo
3582 4614 3740 4686 magis

2166 4713 2387 4785 sanguis
2412 4712 2614 4766 Clu-isti
2653 4710 2831 4765 salvos
2864 4722 2964 4765 nos
3001 4709 3165 4765 faciat
3183 4710 3254 4764 ab
3290 4709 3379 4764 ira
3414 4719 3660 4764 ventura.
3686 4704 3738 4760 Si

2164 4806 2301 4859 enim
2319 4817 2436 4857 cum
2464 4815 2692 4856 essemus
2720 4799 3061 4864 reconciliati,
3082 4814 3264 4853 tunsus
3296 4798 3401 4852 Deo
3421 4814 3509 4868 per
3538 4806 3738 4851 mortem

2162 4892 2291 4947 Filii
2314 4892 2452 4961 ejus,
2474 4889 2826 4959 multomagis
2854 4886 3173 4941 reconciliati
3193 4885 3323 4941 salui
3349 4887 3551 4940 erimus
3567 4886 3619 4939 in
3645 4884 3742 4936 rita

2161 4981 2343 5052 ipsius.
2381 4978 2722 5033 Manifestum
2760 4985 2845 5032 est
2879 4976 3005 5046 quia
3036 4977 3082 5032 si
3122 4984 3183 5030 ut
3225 4974 3612 5030 reconciliaret
3653 4983 3742 5026 nos

2163 5073 2264 5129 sibi
2293 5073 2454 5135 Deus,
2485 5069 2653 5125 illium
2682 5082 2838 5124 suum
2870 5066 3032 5122 morti
3056 5065 3313 5121 tradidit:
3347 5074 3556 5133 quanto
3581 5060 3741 5130 magis

2166 5159 2542 5217 reconciliatos
2587 5157 2768 5212 salvos
2807 5155 2970 5211 faciet
3013 5155 3068 5209 in
3106 5154 3216 5210 vita
3264 5148 3468 5224 ipsius!
3506 5150 3564 5206 Si
3606 5149 3744 5203 enim

2169 5264 2318 5308 mors
2355 5248 2655 5305 Salvator-is
2698 5245 2902 5317 profuit
2950 5244 3129 5311 nobis,
3173 5252 3377 5314 quanto
3419 5241 3600 5312 magis
3638 5238 3742 5291 vita

2170 5344 2341 5415 ipsius
2362 5355 2487 5398 eum
2509 5339 2744 5409 resurgit
2763 5354 2796 5393 a
2824 5337 3073 5404 mortuis,
3098 5337 3223 5407 quis
3265 5335 3406 5391 sicut
3445 5346 3599 5388 mors
3633 5328 3743 5400 eius

2171 5434 2438 5491 a'diabolo
2461 5447 2561 5489 nos
2583 5433 2748 5498 eruit,
2772 5431 2923 5487 ita-et
2952 5429 3202 5499 vitaejns
3226 5427 3294 5483 de
3326 5427 3412 5482 die
3429 5421 3625 5493 iudicii
3652 5432 3746 5473 nos

2168 5527 2418 5584 liberabit
2448 5543 2462 5579 :
2497 5540 2633 5595 ergo
2661 5523 2911 5580 Christus
2945 5538 3043 5593 pro
3077 5521 3260 5590 impiis
3286 5524 3535 5573 mortuus
3560 5521 3665 5575 est,
3693 5516 3746 5563 et

2168 5622 2416 5677 Clu-istas
2448 5619 2590 5674 Deus
2614 5626 2727 5686 est;
2756 5615 3023 5687 quomodo
3067 5629 3174 5671 non
3213 5609 3456 5684 regnabit
3502 5608 3745 5662 inretitus
