3950 6184
217 287 313 345 589

1306 286 1613 348 ΙῙΟΜΙῘᾹᾹΞ
1654 289 1721 345 IN
1759 289 2010 347 EVANG.
2046 289 2144 347 ΕΤ
2185 286 2402 349 ΕῙῚΞΤ.

3386 294 3495 351 593

219 405 268 457 in
292 402 395 456 vita
422 397 737 469 Deijustus,
765 398 981 469 quando
1007 412 1075 454 ne
1097 399 1321 469 periret,
1344 415 1517 456 morte
1543 402 1637 457 Dci
1658 419 1806 472 qua:-
1831 408 1881 462 Α
1908 404 2163 468 mieitias,
2194 413 2251 460 et
2292 420 2455 476 agere
2472 417 2537 460 ea
2567 420 2686 476 qua:
2709 405 2823 463 odit
2860 406 2971 472 ille,
3011 422 3175 478 quem
3204 407 3361 464 nobis
3384 423 3499 465 non

216 492 348 545 situs
378 489 596 561 impius.
628 490 683 543 In
715 489 825 544 vita
854 489 1001 544 enim
1032 488 1128 543 Dei
1154 489 1287 544 salvi
1330 490 1556 556 erimus,
1585 491 1711 561 quia
1748 491 1801 545 in

215 586 321 639 vita
356 593 545 637 nostra
588 583 943 653 perieramus.
977 581 1085 637 Sed
1112 598 1236 639 cum
1263 584 1515 638 audimus
1542 591 1599 639 et
1634 583 1802 637 vitam

220 675 329 735 Det,
356 682 416 729 et
459 681 690 730 mortem
732 673 828 728 Dei
861 674 1234 730 discernamus
1261 675 1389 744 quid
1418 675 1564 730 unde
1599 677 1689 740 sit,
1724 676 1806 732 vi-

221 777 320 823 tam
347 765 554 837 quippe
577 764 758 820 attulit
793 765 967 827 nobis,
996 774 1227 820 mortem
1260 779 1389 820 vero
1415 766 1625 834 accepit
1646 781 1678 821 a
1710 780 1805 820 no-

218 858 313 921 bis,
341 872 449 912 nec
487 866 668 911 tamen
697 871 797 926 pro
828 849 927 910 suo
953 855 1164 918 merito,
1203 854 1296 910 sed
1333 869 1430 924 pro
1464 864 1671 920 nostro,
1706 855 1807 925 fui-

218 967 348 1014 mus,
387 949 584 1019 inquit,
630 958 680 1003 et
718 964 811 1002 nos
856 957 1049 1002 natura
1094 947 1193 1017 ﬁlii
1227 948 1321 1002 ira:
1360 947 1493 1001 sicut
1529 955 1578 1001 et
1609 945 1802 1001 caueri.

220 1039 276 1094 lu
302 1039 412 1096 hac
434 1039 517 1092 ira
546 1052 672 1092 cum
697 1043 879 1092 essent
904 1036 1151 1091 homines
1188 1051 1287 1106 per
1311 1035 1575 1107 originale
1616 1050 1806 1104 pecca-

221 1138 326 1183 tum
358 1137 511 1183 tanto
539 1126 757 1198 gravius
780 1136 835 1181 et
856 1124 1232 1197 perniciosius,
1261 1136 1465 1194 quanto
1492 1125 1695 1196 majora
1722 1125 1806 1180 vel

220 1219 370 1289 plura
395 1220 618 1288 insuper
640 1216 992 1270 addiderunt:
1026 1214 1365 1271 Necessarias
1392 1224 1503 1269 erat
1529 1215 1804 1280 mediator,

222 1312 318 1365 hoc
344 1316 435 1362 est
469 1305 863 1370 reconciliator,
891 1306 982 1375 qui
1014 1305 1149 1359 lianc
1184 1307 1321 1359 iram
1348 1306 1601 1374 sacriﬁcii
1628 1308 1810 1376 singw

220 1402 372 1463 laris,
422 1399 578 1469 cujus
623 1406 770 1452 erant
819 1395 1015 1451 umbra:
1062 1396 1241 1450 omnia
1276 1396 1538 1465 sacrificia
1589 1396 1716 1466 legis
1759 1404 1808 1451 et

218 1493 611 1562 prophetarum,
654 1487 914 1542 oblatione
962 1485 1212 1558 placaret,
1262 1485 1396 1540 Cum
1440 1494 1622 1540 autem
1667 1487 1810 1540 Deus

223 1585 383 1641 irasci
403 1584 625 1647 dicitur,
654 1597 759 1636 non
787 1580 909 1650 ejus
931 1578 1265 1647 sign’tieatur
1290 1579 1645 1650 perturbatio,
1676 1594 1811 1647 qna-

220 1677 285 1732 hs
310 1684 400 1730 est
426 1675 480 1728 in
504 1674 685 1731 animo,
712 1670 1000 1726 irascentis
1040 1669 1296 1733 hominis,
1342 1668 1436 1724 sed
1464 1681 1532 1722 ex
1558 1667 1810 1722 humanis

221 1768 459 1824 motibus
499 1762 761 1819 translato
802 1760 1086 1827 vocabulo,
1115 1759 1352 1815 vindicta
1374 1758 1513 1829 ejus,
1539 1773 1661 1827 quae
1699 1774 1805 1812 noti
1840 1747 1884 1807 Β

220 1859 323 1913 nisi
352 1855 499 1925 justa
535 1863 642 1918 est,
688 1852 784 1906 ira:
824 1866 1019 1905 nomen
1063 1849 1287 1918 accepit.
1348 1847 1503 1915 Quod
1543 1861 1671 1917 ergo
1714 1860 1811 1915 per

220 1949 581 2005 mediatorem
625 1942 1043 1998 reconciliamur
1071 1941 1180 1994 Deo
1217 1946 1273 1994 et
1302 1937 1598 2009 accipimus
1641 1934 1812 2007 Spiri-

224 2051 358 2104 tum,
384 2049 443 2093 ut
468 2053 537 2094 ex
564 2034 798 2091 inimicis
816 2032 1116 2089 eﬂiciatnur
1137 2030 1229 2085 lilii
1256 2031 1374 2095 Dei,
1395 2039 1642 2101 quotquot
1671 2027 1809 2083 enim

220 2131 407 2202 spiritu
431 2129 529 2184 Dei
560 2138 810 2198 aguntur,
854 2125 909 2179 Iri
946 2122 1045 2193 lilii
1075 2133 1194 2176 sunt
1223 2120 1341 2187 Dei,
1383 2120 1495 2175 haec
1521 2129 1595 2174 est
1638 2118 1808 2189 gratia

225 2222 317 2276 Dei
336 2236 430 2290 per
450 2217 637 2272 Iesum
663 2215 928 2270 Christum
960 2213 1239 2268 Dominum
1277 2220 1534 2266 nostrum.
1557 2208 1617 2264 Si
1649 2208 1806 2270 enim,

224 2311 418 2381 inquit,
445 2325 565 2363 cum
586 2306 785 2362 inimici
814 2320 1061 2369 essemus,
1115 2303 1436 2359 reconciliati
1480 2317 1660 2356 scimus
1700 2300 1810 2354 Deo

222 2419 310 2474 per
334 2411 556 2457 mortem.
590 2398 695 2469 filii
723 2398 859 2469 ejus,
911 2396 1079 2451 multo
1099 2396 1271 2465 magis
1307 2395 1649 2459 reconciliati,
1678 2393 1811 2448 salvi

220 2496 415 2549 erimus
433 2494 491 2547 in
515 2493 622 2547 vita
638 2491 823 2562 ipsius.
850 2490 916 2545 Et
943 2489 1168 2560 reliqua.
1195 2489 1482 2544 Evidenter
1509 2488 1813 2544 ostenditur

222 2602 327 2642 lion
372 2600 497 2640 esse
544 2583 779 2653 aliquam
817 2582 1177 2637 substantiam
1214 2597 1354 2651 qum,
1400 2582 1702 2635 secundum
1724 2581 1812 2635 de-

223 2676 521 2729 finitionem
572 2672 860 2728 Marcionis
902 2682 959 2728 et
1018 2670 1320 2738 Valentini,
1371 2672 1691 2728 naturaliter
1739 2672 1811 2727 sit

221 2764 438 2820 inimica
468 2764 599 2818 Deo.
625 2761 878 2832 Alioquin
917 2761 966 2817 si
999 2762 1143 2832 quod
1167 2761 1444 2816 inimicum
1467 2769 1571 2826 est,
1603 2770 1809 2816 naturae

219 2866 361 2911 esset
380 2864 439 2909 et
469 2869 579 2911 non
608 2853 917 2919 voluntatis,
944 2854 1036 2922 qui
1084 2853 1286 2908 inimici
1330 2862 1456 2908 sunt
1481 2855 1593 2909 Deo
1623 2867 1811 2909 recon-

218 2947 548 3003 ciliationem
577 2945 762 3016 utique
789 2960 897 3000 non
945 2944 1229 3010 haberent,
1270 2945 1361 3000 ubi
1390 2953 1573 3000 autem
1611 2960 1683 3001 es
1710 2945 1811 3000 ini-

222 3040 356 3096 mico
377 3040 505 3110 quis
533 3039 742 3094 amicus
777 3036 1027 3102 etlicitur,
1055 3046 1263 3092 certum
1302 3047 1386 3093 est
1423 3038 1565 3108 quod
1592 3038 1719 3093 dum
1744 3053 1808 3092 ea

221 3148 381 3204 opera
400 3132 542 3203 agit,
571 3147 694 3202 qua:
722 3146 827 3187 non
867 3139 1014 3185 amat
1039 3130 1205 3194 Deus,
1231 3130 1482 3187 inimicus
1505 3140 1589 3186 est
1608 3132 1726 3197 Dei,
1755 3139 1809 3186 et

223 3225 334 3294 ejus
352 3225 590 3296 quisque
624 3233 734 3278 tam
777 3222 958 3294 gravis
991 3232 1046 3277 et
1082 3230 1191 3276 tam
1213 3222 1429 3277 odibilis
1455 3221 1684 3279 efﬁcitur
1711 3221 1813 3276 iui—

226 3319 411 3384 micus,
441 3331 606 3388 quam
638 3314 1079 3386 multiplicamrit
1109 3328 1282 3383 opera.
1305 3313 1607 3368 inimicitiis
1629 3314 1808 3384 digna.

223 3410 355 3466 Sunt
375 3423 511 3479 ergo
549 3421 816 3463 mensura:
849 3416 906 3461 et
934 3405 1133 3477 gradus
1162 3406 1381 3477 quidam
1410 3405 1465 3459 in
1494 3405 1579 3461 his
1614 3420 1810 3475 pecea—

222 3513 395 3558 torum
440 3500 704 3572 qualitate
734 3508 795 3555 et
823 3498 1126 3570 quantitate
1155 3498 1419 3564 distincti,
1464 3497 1556 3568 qui
1607 3497 1809 3552 inimici

221 3608 341 3652 sunt
380 3598 515 3661 Deo,
557 3596 697 3651 unde
722 3604 778 3651 et
822 3594 912 3650 ille
935 3593 1026 3664 qui
1074 3608 1235 3664 supra
1270 3608 1461 3649 omnes
1494 3593 1739 3663 peccavit
1778 3608 1807 3648 a

222 3688 383 3745 Paulo
406 3688 634 3743 ultimus
653 3685 905 3741 inimicus
925 3684 1286 3740 destruendus
1311 3699 1431 3740 esse
1456 3691 1805 3739 memoratur.

224 3780 385 3834 Versa
418 3788 600 3833 autem
643 3776 762 3831 vice
790 3782 846 3829 et
872 3774 1083 3838 ordine,
1110 3774 1279 3830 etiam
1308 3787 1405 3828 eos
1426 3773 1517 3843 qui
1565 3772 1808 3828 reconci-

225 3869 332 3924 liati
378 3876 509 3925 sunt
544 3882 646 3938 per
682 3873 912 3922 mortem
952 3864 1073 3920 Filii
1108 3863 1244 3934 eius,
1294 3864 1347 3919 in
1385 3864 1578 3920 amicis
1618 3862 1808 3919 haberi

226 3969 443 4017 certum.
468 3968 576 4024 est,
605 3965 661 4012 et
685 3971 808 4013 esse
841 3956 1075 4027 aliquem
1105 3956 1178 4011 ita
1206 3955 1462 4022 amicum,
1491 3956 1631 4011 sicut
1656 3954 1807 4024 Moy-

226 4065 308 4105 ses
346 4049 694 4106 amicus-Dei
729 4047 1027 4119 appellatus
1066 4057 1184 4113 est;
1234 4062 1355 4103 esse
1390 4062 1609 4119 quoque
1651 4048 1806 4115 alios,

227 4143 415 4214 quibus
443 4142 579 4197 dicit
618 4139 901 4196 Salvator:
929 4138 1054 4194 Jam
1083 4156 1186 4193 non
1220 4139 1340 4193 dico
1368 4156 1458 4193 vos
1491 4154 1682 4209 servos,
1717 4138 1809 4193 scd

227 4234 434 4287 amicos.
475 4230 656 4287 Credo
697 4237 875 4285 autem
918 4244 1039 4286 esse
1075 4230 1249 4285 adhuc
1296 4230 1471 4300 magis
1514 4228 1809 4285 familiares

226 4322 430 4392 aliquos
468 4322 525 4376 in
556 4319 871 4377 caelestibus
912 4320 1118 4375 amicos
1164 4319 1303 4390 apud
1348 4321 1542 4385 Deum,
1574 4321 1657 4374 vel
1688 4320 1811 4376 illos

227 4416 311 4483 qui
352 4429 566 4484 semper
594 4413 777 4467 vident
816 4410 1005 4466 faciem
1045 4412 1160 4476 Dei,
1203 4411 1287 4466 vel
1336 4428 1429 4466 eos
1466 4412 1555 4480 qui
1597 4427 1810 4482 semper

225 4514 403 4560 astant
433 4506 487 4559 in
519 4511 811 4571 conspectu
840 4501 1126 4567 Altissimi,
1152 4510 1211 4556 ut
1241 4516 1402 4571 supra
1427 4502 1662 4557 diximus
1687 4518 1807 4559 esse

225 4597 507 4667 quemdam
552 4594 905 4649 novissimum
990 4593 1240 4657 criticum,
1279 4593 1351 4646 ita
1383 4601 1444 4646 ut
1490 4601 1543 4646 et
1589 4592 1660 4647 ibi
1708 4607 1807 4662 pro

224 4688 475 4742 virtutum
506 4684 717 4741 meritis
742 4684 1045 4739 habeantur
1067 4682 1229 4753 aliqui
1256 4683 1474 4748 summi,
1505 4683 1670 4753 aliqui
1707 4700 1807 4753 po-

224 4780 476 4835 steriores
504 4777 697 4844 amici;
724 4791 846 4832 cum
877 4776 996 4831 haec
1023 4784 1202 4830 autem
1231 4775 1301 4829 ita
1333 4777 1442 4831 sint
1470 4776 1671 4838 nescio,
1690 4776 1735 4830 si
1762 4775 1808 4832 is

223 4872 308 4942 qui
331 4870 511 4927 adhuc
536 4876 817 4940 permanet
864 4867 919 4922 in
963 4867 1049 4922 bis
1074 4867 1329 4937 operibus
1354 4881 1474 4935 quae
1498 4867 1611 4921 odit
1641 4866 1806 4927 Deus.

223 4973 272 5019 et
301 4978 401 5034 pro
419 4961 622 5033 quibus
646 4960 939 5015 inimicitiae
972 4967 1099 5014 sunt
1126 4960 1267 5014 inter
1288 4958 1458 5014 Deum
1481 4967 1536 5013 et
1563 4958 1812 5013 homines

226 5053 603 5109 reconciliatus
630 5065 749 5107 esse
772 5052 884 5106 Deo
907 5065 1007 5120 per
1031 5049 1347 5119 sanguinem
1384 5048 1588 5104 Christi
1614 5048 1810 5103 merito

224 5145 449 5200 dicatur.
477 5144 757 5215 Quomodo
784 5142 927 5197 enim
959 5141 1315 5198 recoucilatus
1340 5150 1444 5206 est,
1474 5141 1566 5220 qui
1597 5149 1682 5196 est
1708 5140 1810 5194 ini-

223 5236 429 5293 micus?
466 5235 669 5292 Paulus
713 5251 842 5308 ergo
878 5237 1073 5291 merito
1100 5244 1155 5291 et
1189 5237 1253 5291 de
1288 5251 1365 5301 se,
1399 5243 1454 5290 et
1493 5221 1595 5290 sibi
1620 5234 1809 5289 simili—

224 5328 321 5383 bus
352 5327 528 5383 dicit:
566 5326 672 5393 Qui
700 5342 819 5380 cum
856 5327 1053 5381 inimici
1094 5340 1339 5391 essemus,
1379 5323 1695 5379 reconciliati
1720 5340 1810 5378 su-

224 5437 336 5475 mus
355 5436 450 5492 per
466 5418 780 5489 sanguinem
808 5415 939 5480 Filii
960 5419 1094 5489 ejus.
1128 5415 1362 5474 Grandis
1397 5416 1570 5487 pudor
1592 5422 1696 5482 est,
1719 5415 1809 5471 ubi

224 5510 346 5566 talis
401 5508 772 5565 reconciliatio
817 5507 958 5563 facta
1005 5516 1107 5572 est,
1162 5506 1252 5562 ubi
1308 5505 1616 5561 inimicitias
1668 5504 1811 5561 inter

224 5594 391 5657 Betim
419 5609 476 5656 et
501 5598 772 5666 homines,
796 5600 909 5658 non
931 5616 1109 5657 sermo
1138 5599 1456 5672 peccatoris,
1480 5599 1573 5655 sed
1597 5597 1813 5669 sanguis

222 5696 604 5757 intercessoris
633 5697 880 5763 absolvit,
927 5697 1119 5754 iterum
1163 5710 1267 5749 non
1314 5692 1554 5749 converti
1599 5691 1665 5746 ad
1712 5689 1813 5744 ini-

1901 495 2005 552 nisi
2028 495 2220 550 eli'usio
2247 496 2528 566 sanguinis
2554 497 2696 551 sacri
2733 498 3195 554 reconciliaverat.

1975 583 2098 640 Non
2124 584 2293 640 solum
2318 598 2493 640 autem
2529 587 2650 652 hoc,
2670 588 2761 642 sed
2801 599 2848 642 et
2875 589 3168 659 gloriantur
3190 591 3245 643 in
3272 589 3383 645 Deo
3401 602 3499 661 per

1902 676 2187 732 Dominum
2235 687 2468 733 nostrum
2497 677 2681 732 Iesum
2727 678 3017 745 Christum,
3039 696 3131 751 per
3174 696 3328 750 quem
3354 695 3495 735 mn

1904 767 2379 822 reconciliationem
2413 770 2729 838 necopinus.
2757 769 2874 824 Non
2905 779 3111 824 tantum
3149 786 3250 840 pro
3271 778 3494 841 accepta

1905 855 2078 911 salute
2103 868 2159 912 et
2182 858 2471 913 securitate
2496 859 2607 913 Deo
2626 861 2830 930 gratias
2853 862 3089 931 agendas
3116 861 3290 924 docet,
3320 862 3417 915 sed
3442 868 3502 914 et

1905 944 2241 1017 gloriandum
2268 961 2367 1017 per
2384 947 2570 1003 Jesum
2599 949 2877 1004 Christum
2907 950 2963 1003 in
2990 951 3100 1004 Deo
3121 949 3217 1018 qui
3244 950 3501 1017 dignatus

1904 1043 1990 1089 est
2029 1049 2098 1089 ex
2146 1035 2327 1105 impiis
2371 1044 2430 1091 et
2472 1037 2706 1092 inimicis
2741 1037 2847 1092 diei
2882 1051 2983 1092 nos
3016 1052 3145 1092 suos
3178 1037 3401 1102 amicos,
3438 1048 3498 1091 ut

1906 1125 2090 1181 omnia
2135 1125 2396 1182 beneﬁcia
2437 1142 2537 1196 per
2581 1126 2856 1182 Christum
2893 1136 3214 1183 consecutos
3241 1143 3343 1182 nos
3366 1142 3498 1198 gau-

1908 1217 2153 1279 deamus,
2185 1226 2241 1272 et
2263 1226 2324 1271 ut
2354 1218 2480 1288 quia
2504 1231 2605 1287 per
2628 1218 2809 1288 ipsum
2834 1217 3184 1289 cognovimus
3213 1218 3497 1274 Dominum

1909 1307 2204 1378 gloriantes
2230 1309 2283 1362 in
2320 1324 2388 1364 eo
2414 1309 2704 1364 reddamus
2732 1309 2785 1364 ei
2822 1308 3291 1365 honoriﬁcentiam
3310 1324 3493 1379 parem

1910 1397 2022 1452 Deo
2048 1398 2197 1453 Patri
2224 1399 2340 1467 ipso
2364 1398 2465 1453 sibi
2502 1398 2695 1454 idoneo
2719 1407 2859 1454 teste
2883 1400 3237 1469 plaedicante,
3262 1411 3315 1454 ut
3335 1401 3502 1455 Itono-

1912 1488 2137 1557 riﬁcent,
2188 1489 2389 1558 inquit,
2420 1486 2469 1541 F
2470 1487 2651 1552 ilium,
2683 1489 2818 1544 sicut
2846 1489 3197 1558 honoriﬁcam
3239 1487 3454 1542 Patrem
3480 1502 3501 1542 :

1912 1577 2002 1645 qui
2027 1593 2149 1632 cum
2170 1577 2333 1632 Patre
2362 1588 2416 1633 et
2439 1576 2643 1647 Spiritu
2670 1587 2861 1634 sancto
2878 1579 3015 1633 vivit
3041 1588 3097 1634 et
3121 1588 3311 1651 regnat
3338 1579 3504 1648 Deus,

1912 1683 2009 1738 per
2036 1672 2219 1724 omnia
2250 1669 2448 1725 secula
2474 1669 2815 1724 smeulorum.
2842 1669 3037 1726 Amen.

2409 1779 2692 1836 HOMle
2738 1778 3017 1835 CXXVI“.

2480 1886 2609 1926 ITEI
2650 1886 2804 1926 FERIA
2849 1886 2924 1925 IV.

2053 1960 2241 2018 Lectio
2270 1960 2445 2017 sancti
2467 1959 2738 2031 Evangelii
2770 1959 3065 2014 secundum
3089 1957 3355 2013 Marcum.

1984 2053 2051 2108 In
2073 2053 2163 2107 illo
2184 2063 2410 2123 tempore
2433 2051 2566 2105 dixit
2591 2052 2825 2105 Jounn‘cs
2864 2050 2933 2103 ad
2971 2048 3155 2104 losum
3202 2065 3217 2102 :
3263 2048 3505 2106 Vidimus

1911 2144 2189 2218 quemdam
2220 2145 2273 2197 in
2295 2144 2503 2197 nomine
2524 2151 2612 2195 tuo
2642 2141 2929 2211 ejicientem
2953 2140 3242 2208 dcent-enin,
3270 2141 3361 2212 qui
3398 2156 3505 2199 non

1912 2238 2147 2309 sequitur
2165 2252 2279 2303 nos,
2307 2246 2357 2290 et
2374 2235 2739 2306 prohibuimus
2763 2249 2903 2300 eum,
2926 2243 3033 2288 etc.

1983 2326 2219 2382 Joannes
2269 2324 2540 2395 praecipua
2601 2323 2887 2378 devotione
2948 2323 3238 2378 Dominum
3286 2338 3506 2394 amans,
3554 2354 3569 2369 .

1916 2420 2141 2488 ideoque
2164 2418 2431 2472 redamari
2457 2415 2672 2485 dignus,
2696 2414 3086 2470 excludendum
3113 2414 3373 2471 beneﬁcio
3399 2430 3503 2486 pu—

1919 2511 2051 2566 tavit
2078 2524 2204 2564 eum
2228 2507 2321 2577 qui
2349 2521 2454 2560 non
2483 2515 2670 2559 utatur
2708 2505 2902 2560 ollicio.
2934 2503 3043 2558 Sed
3064 2503 3324 2558 Dominus
3347 2505 3510 2561 docet

1916 2600 2184 2656 neminem
2216 2613 2247 2653 a
2274 2596 2416 2651 bono
2448 2596 2589 2666 quod
2613 2610 2679 2650 ex
2704 2604 2860 2666 parte
2885 2595 3053 2649 habet
3071 2593 3387 2661 arcendum,
3408 2597 3507 2651 sed

1908 2691 1981 2745 ad
2008 2690 2110 2744 hoc
2159 2687 2338 2758 potius
2377 2687 2517 2757 quo]
2556 2686 2793 2739 nondum
2842 2683 3005 2739 habet
3047 2698 3171 2740 esse
3205 2700 3510 2756 provocan-

1914 2779 2063 2836 dum.
2096 2775 2231 2831 Nam
2259 2776 2505 2846 sequitur
2531 2793 2544 2829 :

1984 2870 2140 2924 Iesus
2171 2876 2345 2921 autent
2373 2866 2447 2919 ait
2478 2878 2495 2916 :
2532 2863 2717 2919 Nolite
2747 2862 3015 2934 prohibere
3054 2879 3198 2928 eum,
3240 2878 3392 2918 nemo
3429 2870 3511 2919 est

1915 2962 2053 3018 enim
2080 2961 2170 3034 qui
2196 2958 2359 3029 faciat
2381 2960 2616 3012 virtutem
2649 2956 2703 3010 in
2743 2955 2951 3009 nomine
2975 2970 3111 3020 meo,
3144 2965 3191 3009 et
3215 2956 3378 3026 possit
3404 2958 3520 3011 cito

1912 3051 2055 3107 male
2074 3050 2217 3122 loqui
2240 3049 2306 3104 de
2329 3065 2430 3103 me.
2458 3047 2562 3114 Qui
2591 3047 2727 3102 enim
2751 3062 2855 3100 non
2881 3055 2957 3100 est
2979 3047 3253 3100 adversum
3284 3062 3391 3111 vos,
3414 3064 3523 3118 pro

1914 3143 2055 3199 vobis
2077 3152 2172 3198 est.
2201 3141 2316 3197 Hac
2343 3142 2534 3197 doctus
2568 3139 2833 3195 sententia
2871 3139 3003 3194 dicit
3042 3138 3331 3208 Apostolus
3356 3154 3371 3194 :
3399 3138 3504 3194 Sed

1912 3238 2020 3293 sive
2041 3236 2332 3300 occasione,
2359 3236 2465 3288 sive
2484 3234 2696 3288 veritate
2719 3230 2959 3287 Christus
2987 3231 3348 3298 annuntietur,
3378 3240 3426 3286 et
3451 3234 3510 3287 in

1912 3330 2010 3383 hoc
2036 3330 2260 3400 gaudeo,
2301 3327 2392 3381 sed
2432 3335 2482 3379 et
2524 3324 2782 3396 gaudebo.
2807 3325 2914 3379 Sed
2961 3323 3089 3378 licet
3128 3323 3215 3379 ille
3246 3325 3504 3395 gaudeat,

1912 3421 2076 3476 etiam
2103 3420 2170 3475 de
2212 3419 2298 3474 his
2325 3417 2418 3488 qui
2455 3416 2730 3472 Christum
2759 3414 3081 3468 annuntiant
3123 3429 3234 3469 non
3270 3415 3507 3480 sincere,

1910 3521 1964 3567 et
1995 3511 2130 3567 tales
2158 3508 2446 3581 aliquando
2496 3508 2547 3560 in
2591 3506 2806 3561 nomine
2853 3503 3056 3560 Christi
3108 3505 3259 3577 signa
3303 3504 3508 3560 facien-

1913 3613 2016 3669 tes,
2048 3602 2117 3658 ab
2163 3602 2391 3657 aliorum
2432 3598 2602 3654 salute
2650 3598 2958 3654 sentiantur
3003 3612 3109 3651 non
3156 3612 3275 3652 esse
3316 3595 3503 3666 prohi-

1911 3693 2112 3759 bendi,
2176 3708 2283 3746 non
2350 3698 2530 3744 tamen
2583 3689 2716 3759 ipsis
2762 3701 2860 3756 per
2917 3685 3043 3740 talia
3091 3685 3247 3757 signa
3308 3699 3505 3740 secura

1912 3799 2011 3839 sua
2031 3780 2360 3839 conscientia
2386 3777 2630 3834 redditur
2654 3776 2782 3847 quin
2810 3777 2992 3847 potius
3022 3775 3075 3830 in
3111 3775 3201 3829 illa
3232 3773 3344 3840 die,
3379 3789 3505 3829 cum

1911 3877 2183 3938 dixerunt,
2220 3872 2461 3936 Domine,
2507 3869 2749 3934 Domine,
2785 3870 2840 3922 in
2874 3870 3082 3923 nomine
3109 3878 3197 3922 tuo
3229 3868 3509 3940 propheta-

1910 3969 2099 4033 vimus,
2129 3975 2173 4019 et
2212 3966 2263 4018 in
2293 3974 2382 4017 tuo
2424 3963 2632 4016 nomine
2663 3961 2925 4016 daemonia
2954 3961 3224 4032 ejccimus,
3259 3971 3309 4015 et
3413 3971 3504 4015 tuo

1913 4058 2119 4112 nomine
2139 4057 2350 4113 virtutes
2370 4051 2562 4109 nmltas
2584 4052 2803 4122 fecimus
2819 4093 2831 4115 ,
2869 4065 3190 4120 responsum
3214 4051 3501 4122 accipient,

1910 4149 2035 4221 quia
2062 4161 2327 4218 nunquam
2359 4145 2473 4198 nari
2499 4161 2603 4209 vos,
2637 4143 2883 4197 discedite
2906 4160 2937 4195 α
2967 4158 3067 4207 nte,
3098 4143 3186 4212 qui
3215 4144 3504 4208 operamini

1911 4238 2256 4309 iniquitatem.
2290 4234 2475 4304 itaque
2522 4233 2574 4287 in
2616 4233 2888 4288 haereticis
2921 4239 2977 4285 et
3007 4231 3164 4285 malis
3217 4230 3503 4285 catholicis

1917 4341 2021 4381 non
2051 4332 2391 4381 sacramenta
2419 4323 2725 4378 communia
2756 4321 2813 4374 in
2841 4321 3036 4389 quibus
3067 4319 3344 4374 nobiscum
3376 4328 3504 4374 Stmt

1835 4452 1887 4509 Β
1915 4425 1968 4473 et
1994 4417 2276 4472 adversum
2304 4430 2404 4469 nos
2443 4429 2547 4468 non
2583 4418 2729 4476 sunt,
2767 4411 2859 4464 sed
2896 4410 3217 4463 divisionem
3256 4409 3375 4477 paci
3407 4424 3499 4465 ve-

1912 4506 2164 4576 ritatique
2212 4498 2539 4559 contrariam
2571 4516 2674 4570 qua
2706 4500 2991 4553 adversum
3023 4512 3120 4551 nos
3146 4505 3271 4552 sunt
3307 4506 3367 4553 et
3393 4498 3505 4554 Dc-
3534 4506 3541 4515 ‘

1910 4605 2113 4658 mimum
2148 4616 2254 4655 non
2292 4606 2613 4668 sequuntur.
2668 4594 2948 4649 nobiscum
2988 4590 3245 4647 detestari
3286 4600 3341 4646 ct
3376 4604 3511 4663 pro»

1911 4695 2099 4749 bibere
2128 4692 2404 4747 debemus.

1982 4781 2229 4851 Quisquis
2260 4779 2396 4833 enim
2424 4784 2601 4847 potum
2624 4773 2823 4828 dederit
2856 4772 2992 4827 vobis
3015 4769 3228 4824 calicem
3256 4786 3411 4843 aqum
3444 4773 3502 4828 in

1910 4862 2118 4927 nomine
2140 4886 2276 4934 meo,
2306 4869 2428 4940 quia
2452 4866 2649 4920 Christi
2689 4864 2809 4918 estis
2835 4879 2854 4917 :
2879 4880 3051 4928 tamen,
3074 4863 3194 4918 dico
3215 4865 3375 4931 vobis,
3400 4883 3506 4922 non

1909 4963 2084 5033 perdet
2124 4958 2410 5013 mercedem
2441 4972 2613 5010 suam.
2646 4955 2896 5026 Legimus
2939 4954 2992 5008 in
3025 4957 3286 5026 propheta
3335 4958 3522 5014 David'

1912 5051 1977 5104 ad
2006 5049 2343 5104 excusandas
2384 5045 2762 5102 excusationes
2790 5044 2842 5099 in
2885 5045 3147 5114 peccatis,
3176 5046 3299 5113 quia
3349 5048 3505 5102 multi

1911 5148 2255 5211 peccatorum
2301 5151 2521 5190 suorum
2553 5134 2707 5203 quasi
2728 5132 2903 5202 justas
2954 5137 3296 5205 praetendunt
3339 5153 3502 5192 occa-

1911 5233 2115 5297 siones,
2144 5236 2204 5284 ut
2232 5228 2378 5297 quod
2406 5225 2686 5282 voluntate
2713 5224 3051 5294 delinquunt,
3083 5226 3379 5281 videantur
3410 5242 3493 5281 ηαδ

1912 5324 2168 5381 cessitate
2180 5334 2409 5392 peccare
2433 5334 2447 5373 :
2470 5319 2730 5374 Dominus
2753 5327 2934 5373 autem
2957 5329 3229 5372 scrutator
3242 5316 3426 5371 cordis
3448 5324 3502 5373 et

1913 5429 2125 5479 renum,
2143 5421 2198 5467 et
2225 5411 2314 5482 qui
2338 5409 2545 5465 futuras
2568 5410 2922 5478 cogitationes
2952 5410 3009 5463 in
3034 5408 3259 5479 singulis
3281 5413 3503 5461 contue-

1917 5515 2026 5573 tur,
2049 5505 2261 5560 dixerat
2287 5522 2299 5557 :
2331 5502 2579 5573 Quisquis
2608 5517 2765 5555 unum
2787 5500 3060 5571 paruulum
3083 5498 3321 5569 receperit
3336 5497 3391 5550 in
3410 5512 3505 5551 no-

1915 5600 2054 5654 mine
2082 5614 2215 5662 meo,
2245 5613 2324 5650 me
2366 5595 2568 5664 recipit.
2595 5592 2819 5650 Poterat
2863 5591 3058 5660 aliquis
3101 5589 3311 5645 causari
3346 5594 3401 5643 et
3427 5587 3505 5644 di-

1917 5704 2065 5756 cere,
2094 5687 2418 5759 Paupertate
2446 5684 2759 5755 prohibeor,
2797 5681 3031 5738 tenuitas
3065 5694 3154 5737 me
3178 5679 3407 5755 retinet,
3445 5680 3517 5739 ut‘
