3950 6184
378 311 480 368 ωι

1008 306 1068 362 Β.
1111 306 1360 361 [MBAN]
1397 304 1617 362 MAURI
1651 301 1965 360 ARCIIIEP.
2012 296 2316 358 MOGUNT.
2357 294 2639 356 OPERUM
2673 296 2853 353 PARS
2894 296 2955 353 ll.

3520 296 3626 356 δέη

374 414 662 487 hospitalis
685 429 809 475 esse
852 429 961 470 non
1000 413 1225 484 possim,
1268 421 1325 468 et
1363 413 1506 468 hanc
1550 413 1951 467 excusationem
1980 414 2027 472 Α
2056 409 2281 462 credunt
2310 407 2366 462 in
2401 422 2546 474 eum,
2574 422 2713 463 nunc
2737 418 3131 478 consequenter
3153 407 3423 467 admonet.
3453 424 3631 481 ainan-

373 503 648 563 ιανίεείωο
686 512 953 574 praecepto
992 504 1169 570 diluit,
1198 511 1259 557 ut
1293 503 1519 559 calicem
1559 516 1713 573 aqua:
1748 509 1805 557 et
1844 500 1948 556 hoc

374 593 582 665 frigida:
619 595 773 664 juxta
816 592 1122 648 Matthazum
1173 599 1286 647 toto
1327 591 1510 646 animo
1551 590 1890 662 porrigamus
1928 603 1945 643 :

376 687 607 757 frigida,
653 684 843 753 inquit,
886 698 1057 753 aqum,
1101 699 1207 738 non
1237 682 1446 747 calidae,
1489 696 1558 737 ne
1596 688 1652 734 et
1690 679 1744 734 in
1774 678 1948 734 calida

375 778 709 849 paupertatis
725 784 779 831 et
801 775 1037 845 penuria:
1057 774 1323 843 lignorum
1356 772 1575 827 occasio
1595 776 1947 840 quaereretur.

378 866 507 920 Tale
533 864 660 934 quid
685 872 741 917 et
768 862 1053 933 Apostolus
1080 863 1147 917 ad
1170 861 1392 916 Galatas
1418 857 1952 930 prtecipit,Commu-

375 957 507 1010 nicet
538 955 584 1008 is
610 954 699 1023 qui
729 953 1080 1007 catechizatur
1106 951 1277 1015 verbo,
1300 951 1347 1004 ei
1382 951 1472 1019 qui
1494 965 1549 1003 se
1584 948 1869 1005 catechth
1894 947 1955 1003 in

375 1045 613 1101 omnibus
651 1044 818 1097 bonis.
845 1044 911 1097 Et
948 1041 1240 1111 discipulos
1262 1041 1328 1094 ad
1367 1041 1749 1110 magistrorum
1789 1036 1951 1092 refri-

376 1134 522 1205 geria
564 1134 880 1188 cohortatur
909 1148 922 1184 :
962 1140 1018 1184 et
1058 1131 1183 1200 quia
1219 1137 1434 1199 poterat
1465 1127 1705 1197 qualibet
1732 1126 1953 1181 tendere

379 1222 586 1296 μνοίας,
615 1219 969 1292 prmtcndete]
1002 1226 1371 1288 paupertatem
1399 1225 1456 1271 et
1486 1224 1813 1285 praereptum
1840 1213 1954 1270 eiu-

375 1315 527 1380 dere,
566 1315 879 1384 priusquam
910 1310 1039 1365 illud
1080 1317 1343 1379 proponat
1382 1308 1748 1362 imminentem
1792 1305 1956 1362 solvit

378 1405 752 1476 quaestionem,
782 1403 968 1456 dicens
994 1420 1009 1455 :
1037 1400 1216 1455 Nolite
1235 1415 1434 1462 errare,
1469 1398 1607 1452 Deus
1632 1414 1735 1452 non
1759 1396 1952 1451 irride-

376 1508 482 1550 tur.
508 1495 639 1561 Quae
660 1495 798 1548 enim
823 1493 1152 1548 seminaverit
1173 1492 1347 1554 homo,
1371 1491 1483 1544 lucc
1510 1499 1559 1543 et
1581 1496 1757 1543 metet.

448 1587 516 1641 Et
538 1587 770 1658 quisquis
815 1583 1247 1640 scandalisaverit
1300 1595 1464 1636 unum
1509 1596 1575 1634 ea:
1618 1578 1700 1633 his
1749 1577 1955 1648 pusillis

376 1678 698 1731 credentibus
727 1676 779 1730 in
804 1691 906 1738 me,
936 1673 1126 1726 bonum
1154 1680 1229 1725 est
1256 1671 1305 1724 ei
1331 1671 1519 1739 magis,
1566 1669 1610 1723 si
1660 1666 1957 1722 circumda-

2053 510 2166 556 tum
2200 515 2391 557 cavere
2420 501 2709 557 debeamus
2733 515 2829 556 eos
2856 501 2947 571 qui
2992 501 3361 557 scandalizare
3402 518 3520 561 nos.
3576 503 3630 558 id

2049 599 2153 655 est,
2186 592 2350 647 verbo
2375 590 2460 646 vel
2486 590 2732 659 exemplo
2759 603 2859 645 suo
2880 590 2946 645 ad
2988 589 3199 644 ruinam
3252 591 3455 660 peccati
3508 606 3634 654 pro-

2049 681 2247 754 pellere
2291 689 2522 738 certant.
2575 681 2786 735 Manum
2837 681 3036 752 quippe
3084 690 3325 735 nostram
3376 683 3631 752 appellat,

2050 772 2416 828 necessarium
2442 772 2693 827 anticum.
2726 770 2890 842 Cujus
2912 785 3077 842 opere
3098 781 3260 840 atque
3278 772 3477 826 auxilio
3499 787 3636 841 quo-

2051 863 2255 917 tidiano
2280 877 2416 931 opus
2446 862 2725 917 habemus.
2776 861 2884 918 Sed
2932 861 3053 917 talis
3092 862 3138 917 si
3181 877 3279 917 nos
3322 862 3522 919 laedere
3574 866 3629 919 in

2051 967 2215 1009 causa
2234 953 2429 1007 animae
2449 951 2692 1014 voluerit,
2714 952 3078 1008 excludendos
3100 960 3184 1007 est
3203 968 3233 1005 a
3257 960 3437 1007 nostra
3461 954 3639 1009 socie-

2056 1049 2191 1107 tate,
2221 1056 2288 1097 ne
2312 1042 2358 1096 si
2381 1055 2503 1097 eum
2517 1040 2729 1111 perdito
2745 1040 2799 1094 in
2825 1041 2928 1096 hac
2947 1041 3055 1095 vita
3082 1048 3291 1111 partem
3312 1042 3516 1097 habere
3540 1058 3638 1097 vo-

2051 1131 2252 1196 lumus,
2278 1130 2439 1185 simul
2460 1130 2515 1184 in
2540 1128 2721 1184 futuro
2739 1144 2861 1185 cum
2886 1129 3003 1199 ipso
3024 1145 3340 1199 pereamus;
3368 1130 3512 1202 quod
3536 1146 3637 1185 au-

2055 1229 2164 1276 tem
2191 1220 2533 1292 subiungitur
2557 1234 2574 1274 :

2125 1309 2169 1366 υ
2176 1310 2228 1365 bi
2252 1311 2440 1365 vermis
2468 1325 2647 1364 eorum
2670 1325 2774 1364 non
2793 1311 3033 1377 moritur,
3065 1320 3114 1364 et
3144 1307 3278 1385 ignis
3307 1328 3411 1367 non
3434 1314 3635 1368 exstin-

2053 1403 2251 1473 guitur,
2274 1402 2329 1457 in
2364 1415 2547 1456 verme
2579 1401 2915 1470 putredinem
2946 1403 3225 1472 gehennae,
3257 1404 3399 1458 sicut
3428 1404 3480 1457 in
3508 1404 3635 1474 igne

2058 1495 2301 1550 ardorem
2333 1494 2597 1565 designat,
2636 1494 2751 1548 sive
2776 1509 3012 1547 vcrmcm
3044 1493 3212 1549 dicit:
3240 1510 3417 1550 seram
3462 1497 3636 1551 scele-

2057 1599 2175 1638 rum
2204 1583 2613 1653 paenitudinem,
2646 1597 2766 1653 qua:
2789 1598 3061 1654 nunquam
3090 1585 3143 1638 in
3168 1586 3449 1641 tormentis
3494 1603 3634 1641 con-

2056 1673 2334 1729 scientiam
2360 1671 2676 1728 aﬂlictorum
2706 1673 2954 1727 mordere
2978 1672 3230 1728 cessabit.
3274 1672 3344 1728 Ut
3372 1675 3512 1745 ignis
3560 1677 3636 1731 sit

379 1778 521 1823 retur
542 1765 680 1820 mola
707 1765 940 1819 asinaria
967 1760 1100 1816 collo
1119 1760 1254 1830 ejus,
1283 1769 1330 1813 et
1357 1759 1411 1813 in
1451 1774 1596 1813 mare
1641 1757 1948 1811 mitteretur.
1986 1758 2026 1815 Β
2055 1778 2212 1833 pugna
2237 1764 2575 1819 extrinsecus
2602 1764 2867 1830 serviens,
2895 1773 2950 1819 et
2997 1766 3195 1820 vermis
3227 1765 3636 1823 dolor'interius

377 1860 691 1927 Quanquam
726 1856 840 1909 haec
866 1851 1138 1923 generalis
1167 1849 1335 1921 possit
1382 1863 1503 1904 esse
1544 1845 1810 1902 sententia
1860 1843 1952 1897 ad-

378 1962 592 2003 versum
617 1959 805 2001 omnes
826 1942 916 2012 qui
935 1942 1166 2010 aliquem
1185 1938 1575 2002 scandalizant,
1600 1945 1780 1990 tamen
1797 1930 1955 2001 juxta

379 2035 818 2105 consequentiam
863 2030 1160 2095 sermonis,
1201 2028 1366 2084 etiam
1433 2034 1622 2082 contra
1669 2020 1955 2093 Apostolos

381 2130 581 2186 dictum
598 2124 824 2195 intelligi
855 2130 1050 2193 potest,
1079 2120 1171 2189 qui
1199 2120 1341 2173 inter
1361 2132 1422 2173 se
1454 2116 1809 2187 disputantes,
1836 2110 1958 2182 quis

381 2227 527 2276 esset
554 2216 763 2271 illorum
789 2213 982 2283 major,
1029 2210 1350 2265 videbantur
1399 2206 1627 2261 invicem
1678 2204 1744 2258 de
1781 2199 1956 2270 digni-

383 2319 494 2365 tate
520 2304 858 2366 contendere,
886 2310 941 2357 et
968 2301 1011 2356 si
1040 2302 1093 2355 in
1118 2301 1220 2354 hoc
1242 2298 1373 2352 vitio
1395 2293 1834 2367 permansissent,
1864 2304 1960 2361 po-

385 2406 564 2455 terant
587 2412 704 2462 eos,
729 2410 865 2464 quos
893 2394 960 2447 ad
990 2392 1147 2447 [idem
1172 2390 1452 2452 vocabant,
1482 2401 1579 2457 per
1605 2399 1762 2441 suum
1805 2398 1957 2438 scan-

382 2490 562 2545 dalum
592 2488 836 2556 perdere,
860 2485 984 2539 dum
1010 2482 1293 2554 Apostolus
1317 2480 1497 2534 vident
1522 2480 1663 2534 inter
1694 2491 1753 2532 se
1778 2476 1843 2531 de
1864 2475 1961 2529 bo-

384 2593 516 2634 nore
542 2592 800 2648 pugnare.
831 2574 984 2643 Quod
1008 2583 1187 2628 autem
1230 2572 1363 2627 dixit
1397 2585 1411 2624 :
1438 2569 1643 2625 Bonum
1676 2577 1751 2623 est
1776 2568 1822 2622 ei
1852 2582 1961 2620 ma-

385 2669 463 2739 gis
489 2669 534 2723 si
555 2666 967 2736 circumdaretur
989 2663 1128 2718 mala
1150 2662 1387 2717 asinaria
1418 2660 1551 2715 collo
1589 2660 1728 2730 ejus,
1770 2672 1963 2714 secun-

386 2759 512 2815 dum
541 2758 700 2812 ritum
729 2756 1019 2827 provincia:
1064 2754 1320 2822 loquitur,
1373 2752 1515 2821 quod
1546 2750 1809 2819 majorum
1856 2747 1962 2804 cri-

389 2848 592 2903 minum
615 2846 718 2902 ista
748 2846 889 2917 apud
912 2854 1120 2900 veteres
1140 2842 1354 2898 Judaeos
1374 2856 1533 2913 poma
1560 2842 1743 2906 luerit,
1794 2848 1853 2894 ut
1908 2840 1962 2893 in

390 2938 712 3010 profundum
761 2937 925 3008 ligato
981 2951 1113 2991 saxo
1160 2936 1605 3005 dimergerentnr.
1658 2932 1725 2987 Et
1774 2946 1963 2986 revera

388 3029 580 3085 melius
601 3036 683 3083 est
728 3028 1026 3092 innoxium,
1075 3040 1256 3097 paena,
1308 3025 1555 3095 quamvis
1604 3024 1961 3090 atrocissima,

2056 1867 2333 1907 accusans.

2128 1941 2196 1996 Et
2223 1942 2271 1996 si
2283 1958 2372 2013 pes
2386 1951 2508 1997 tuus
2535 1952 2583 1997 te
2609 1942 2954 2006 scandalizat,
2984 1956 3200 2013 amputa
3218 1942 3371 1998 illum
3392 1956 3412 1996 :
3437 1943 3633 2001 bonum

2054 2031 2245 2086 esttibi
2258 2031 2506 2086 claudum
2529 2034 2746 2087 introire
2766 2033 2820 2086 in
2843 2034 2998 2088 vitam
3019 2044 3290 2100 a’ternam,
3319 2051 3477 2106 φιαηι
3492 2035 3635 2090 duos

2056 2122 2210 2192 pedes
2233 2122 2502 2178 habentem
2530 2124 2663 2177 mitti
2684 2125 2737 2177 in
2759 2125 3043 2195 gehennam
3076 2125 3214 2194 ignis
3231 2125 3635 2196 inextinguibi-

2057 2214 2141 2268 lis.
2182 2213 2239 2268 in
2284 2213 2417 2282 pede
2443 2214 2585 2268 sicut
2615 2213 2746 2268 etin
2772 2228 2954 2279 manu,
2987 2214 3182 2269 charos
3209 2213 3639 2271 inemendabiles

2056 2305 2216 2359 docet
2238 2301 2601 2358 alienandosa
2630 2303 2804 2367 nobis,
2848 2317 2916 2357 ne
2969 2317 3066 2373 per
3111 2302 3504 2358 immunditiam
3541 2319 3641 2358 eo-

2060 2409 2199 2458 rum,
2226 2409 2360 2463 quos
2381 2393 2648 2463 castigare
2696 2392 3000 2462 nequimus,
3033 2402 3088 2448 et
3122 2392 3222 2464 ipsi
3273 2393 3461 2463 polluti
3511 2409 3641 2464 pcr-

2058 2500 2264 2541 eamus.
2302 2483 2411 2541 Sed
2460 2499 2650 2539 manus
2695 2492 2916 2553 propter
2958 2499 3094 2554 opus
3132 2484 3497 2540 necessarium
3538 2500 3643 2537 no—

2058 2578 2175 2633 bis:
2203 2591 2321 2648 pes,
2344 2585 2471 2631 sunt
2498 2576 2625 2630 dicti
2645 2575 2783 2630 tales
2811 2583 3030 2645 propter
3051 2574 3409 2633 ministerium
3431 2574 3645 2631 discur-

2060 2667 2245 2737 sisque
2276 2666 2476 2721 nostris
2505 2665 2693 2720 usibus
2723 2665 3157 2721 accommodant.

2133 2756 2285 2823 Quod
2305 2756 2352 2810 si
2371 2754 2552 2810 oculus
2580 2765 2702 2809 tuus
2721 2753 3049 2809 scandalizat
3066 2766 3135 2819 te,
3171 2772 3295 2810 erue
3338 2773 3489 2823 eum;
3541 2758 3641 2811 bo—

2062 2863 2184 2900 num
2205 2855 2281 2901 est
2303 2846 2394 2899 tibi
2415 2845 2618 2900 luscum
2645 2845 2859 2899 introire
2880 2846 2932 2898 iu
2964 2858 3176 2915 regnum
3196 2844 3315 2913 Dei,
3333 2864 3487 2918 quam
3504 2848 3644 2902 duos

2063 2940 2237 2995 oculos
2263 2942 2534 2994 habentem
2577 2940 2712 2994 mitti
2750 2940 2805 2994 in
2846 2939 3130 3010 gehennam
3175 2940 3329 3010 ignis.
3379 2940 3437 2996 lu
3481 2943 3648 2997 oculo

2064 3045 2277 3102 quoque
2299 3038 2517 3102 propter
2536 3030 2849 3085 scandalum
2873 3029 3133 3095 eruenda,
3157 3029 3315 3085 iidem
3332 3032 3508 3086 nostri
3522 3046 3584 3087 ca
3594 3048 3653 3085 r-

391 3119 669 3191 temporali
700 3126 899 3183 tamen,
931 3117 1094 3172 vitam
1126 3116 1280 3170 linire
1302 3130 1636 3186 corpoream,
1660 3129 1821 3183 quam
1867 3114 1961 3169 lte-
1991 3109 2034 3171 C
2066 3120 2780 3191 naliteramici,spiritaliter
2805 3136 2935 3176 vero
2956 3122 3248 3177 adversarii
3270 3123 3650 3193 designantur.

390 3214 565 3270 dendo
592 3212 814 3267 fratrem
864 3220 1095 3267 mortem
1144 3210 1337 3264 anima:
1385 3207 1581 3262 mereri
1628 3216 1961 3278 perpetuam.

391 3304 556 3373 Recte
582 3312 783 3366 autem,
813 3301 902 3371 qui
931 3299 1286 3356 scandalizari
1315 3307 1493 3370 potest
1524 3298 1748 3367 pusillus
1787 3296 1971 3367 appel-

391 3396 551 3450 latur.
591 3394 692 3462 Qui
740 3393 882 3448 enim
936 3406 1160 3463 magnus
1215 3400 1301 3446 est
1351 3389 1705 3459 quodcunque
1749 3387 1962 3453 viderit,

389 3489 762 3558 quodcumque
800 3499 988 3555 passus
1025 3483 1185 3538 luerit
1234 3498 1339 3537 non
1391 3482 1622 3539 declinat
1644 3496 1673 3534 a
1703 3480 1841 3547 ﬁde;
1873 3482 1966 3552 qui

390 3588 568 3633 autem
593 3574 815 3646 pusillus
835 3583 918 3629 est
944 3574 1123 3627 animo
1151 3580 1205 3627 et
1232 3586 1433 3641 parvus
1461 3571 1772 3626 occasiones
1817 3586 1967 3639 quae-

392 3668 464 3723 rit
489 3664 755 3736 quomodo
780 3661 1190 3718 scandalizclur.
1234 3661 1524 3730 Propterea
1567 3661 1792 3728 denique
1811 3674 1970 3728 opor-

392 3764 470 3811 tet
495 3770 591 3810 nos
619 3753 851 3807 maxime
875 3752 959 3806 his
988 3751 1269 3806 consulere
1289 3750 1378 3820 qui
1404 3750 1556 3820 parvi
1584 3757 1708 3804 sunt
1739 3748 1792 3802 in
1844 3748 1966 3812 ﬁde,

392 3862 459 3903 ne
478 3845 762 3901 occasione
794 3845 962 3900 nostri
987 3843 1323 3899 oll‘cndantur
1349 3852 1405 3900 et
1426 3844 1680 3898 recedant
1704 3857 1733 3895 a
1760 3842 1882 3907 lide,
1905 3856 1970 3897 ac

393 3935 695 3989 dccidanta
720 3932 910 3987 salute.
944 3932 1246 3986 Notandum
1298 3947 1447 3997 sane,
1504 3932 1645 4002 quod
1676 3931 1727 3985 in
1788 3941 1969 3987 nostro

393 4026 538 4081 bono
554 4020 721 4091 ‘bpere
755 4022 1041 4090 aliquando
1064 4021 1361 4074 cavendum
1390 4029 1474 4075 est
1507 4019 1819 4075 scandalum
1847 4035 1973 4089 pro—

396 4112 545 4175 ximi,
573 4109 857 4180 aliquando
886 4124 1011 4163 vero
1046 4123 1144 4177 pro
1170 4107 1337 4161 nihilo
1390 4109 1865 4164 contemnendum.
1914 4108 1970 4163 ln

402 4209 662 4272 quantum
692 4198 832 4254 enim
861 4198 975 4253 sine
996 4206 1217 4268 peccato
1238 4212 1543 4267 possumus,
1567 4200 1746 4255 vitare
1789 4199 1973 4270 9ιόιί-

405 4307 613 4350 morum
646 4289 959 4347 scandalum
990 4288 1266 4345 debemus.
1315 4287 1373 4344 Si
1414 4299 1591 4346 autem
1638 4292 1704 4346 de
1748 4291 1974 4347 veritate

401 4382 710 4439 scandalum
737 4380 970 4451 ponitur,
992 4379 1174 4434 utilius
1193 4379 1523 4449 permittitur
1546 4382 1855 4436 scandalum
1880 4398 1975 4436 na-

2068 3213 2175 3270 Sed
2199 3228 2321 3268 cum
2345 3227 2443 3267 nos
2464 3227 2652 3267 eorum
2679 3212 2941 3267 consultis
2969 3228 3033 3267 ac
3053 3213 3360 3281 provisione
3381 3228 3520 3283 Opus
3546 3215 3652 3268 ba-

2067 3306 2278 3371 bemus,
2301 3306 2378 3360 illi
2411 3321 2538 3361 vero
2559 3304 2783 3360 consilio
2829 3319 2929 3359 nos
2970 3319 3138 3375 pravo
3184 3306 3433 3375 decipere
3484 3315 3657 3376 atque

2068 3396 2122 3451 in
2152 3396 2255 3452 iter
2285 3396 2489 3452 erroris
2512 3394 2794 3451 deﬂectere
2817 3404 3093 3464 qumrunt;
3117 3395 3426 3450 scandalum
3449 3397 3654 3468 quippe

2068 3501 2248 3542 sermo
2274 3485 2513 3551 Gratcus,
2543 3486 2687 3556 quod
2714 3500 2813 3540 nos
2841 3483 3220 3541 oﬂ‘endiculum
3250 3494 3305 3541 et
3330 3487 3544 3541 ruinam
3592 3499 3656 3543 et

2069 3576 2447 3645 impactioncm
2470 3576 2621 3646 pedis
2636 3576 2824 3635 dicere
2844 3591 3153 3646 possumus,
3202 3576 3346 3646 quod
3385 3586 3655 3647 quantum

2068 3681 2373 3735 possumus,
2426 3666 2670 3721 devitarc
2707 3667 2965 3721 debemus
2991 3675 3258 3734 quatenus
3296 3679 3511 3734 poenam
3559 3682 3660 3736 ge-

2068 3758 2260 3813 hennae
2275 3757 2567 3814 evadentes
2592 3758 2660 3813 ad
2683 3758 2846 3813 vitam
2876 3758 3147 3826 possimus
3188 3757 3472 3826 pervenire
3511 3773 3658 3812 scm-

2069 3851 2360 3921 piternam,
2410 3858 2700 3920 prtestantc
2753 3850 2977 3906 Domino
3016 3859 3201 3907 nostro
3246 3848 3373 3905 Jesu
3410 3850 3655 3915 Christo,

2078 3942 2168 4010 qui
2219 3956 2341 3996 cum
2386 3940 2547 3995 Patre
2596 3949 2652 3996 et
2699 3939 2900 4009 Spiritu
2944 3949 3133 3997 sancto
3194 3941 3324 3995 vivit
3362 3949 3419 3995 et
3462 3949 3659 4011 regnat

2073 4030 2212 4084 Deus
2234 4042 2332 4098 per
2355 4028 2532 4083 omnia
2558 4027 2748 4084 smcnla
2778 4027 3116 4083 saeculorum.
3153 4026 3345 4083 Amen.

2576 4159 2857 4217 IlOMlLlA
2902 4159 3138 4215 CXXIX.

2733 4267 2886 4305 PF.th
2925 4265 2996 4303 Vl.

2180 4365 2365 4423 Lectio
2381 4364 2553 4421 sancti
2570 4363 2843 4432 Evangelii
2866 4362 3157 4418 secundum
3181 4360 3510 4417 Matthazum.

400 4474 501 4542 sci,
540 4489 702 4544 quam
726 4472 929 4526 veritas
964 4470 1316 4540 relinquatur.
1349 4468 1482 4523 ltem
1509 4483 1606 4538 per
1628 4470 1823 4525 molam
1868 4472 1973 4526 asi-
2000 4455 2051 4514 Ι)
2148 4474 2213 4529 In
2234 4474 2325 4530 illo
2348 4484 2574 4544 tempore
2593 4473 2724 4527 dixit
2746 4472 2903 4527 Iesus
2923 4472 3088 4525 turbis
3105 4470 3415 4525 Judmorum
3441 4481 3491 4526 et
3511 4472 3664 4542 prin-

404 4567 611 4621 uariam
640 4563 913 4619 smcularis
937 4564 1057 4617 vitae
1081 4561 1339 4617 circuitus
1362 4576 1427 4616 ac
1452 4560 1605 4616 labor
1638 4560 1973 4632 exprimitur,

401 4666 457 4712 et
479 4671 576 4726 per
601 4654 919 4724 profundum
959 4653 1122 4707 maris
1150 4662 1394 4708 extrema
1423 4651 1696 4707 damnatio
1732 4651 1979 4722 designa-

404 4747 638 4817 tur:qui
662 4754 841 4800 autem
877 4745 945 4799 ad
983 4744 1288 4800 sanctitatis
1315 4744 1547 4815 speciem
1582 4742 1859 4806 deductus,
1898 4741 1981 4795 vel

405 4839 570 4895 verbo
598 4844 822 4893 caeteros
848 4835 1077 4891 destruit
1106 4833 1189 4888 vel
1215 4832 1477 4904 exemplo,
1511 4831 1702 4887 melius
1735 4830 1977 4901 profecto

404 4942 542 4997 erat,
569 4939 629 4985 ut
657 4931 800 4986 hunc
846 4928 912 4982 ad
944 4934 1170 4981 mortem
1219 4925 1321 4980 sub
1363 4923 1614 4980 exteriori
1646 4922 1829 4976 habitu
1865 4931 1975 4976 ter-

408 5040 535 5081 rena
560 5030 680 5077 acta
703 5018 1151 5088 eonstringcrcnt,
1181 5030 1343 5085 quam
1366 5030 1519 5069 sacra
1544 5012 1716 5068 oliicia
1746 5013 1798 5067 in
1821 5011 1978 5082 culpa

409 5114 617 5171 caeteris
651 5107 977 5166 imitabilem
1031 5106 1479 5169 demonstrarent,
1534 5104 1659 5173 quia
1722 5102 1979 5156 nimirum

409 5207 455 5262 si
482 5203 626 5260 solus
657 5200 890 5260 caderet,
915 5204 1184 5266 utcunque
1226 5194 1370 5249 hunc
1416 5192 1746 5248 tolerabilior
1787 5192 1983 5247 inferni

406 5310 567 5369 poena
598 5291 885 5350 cruciaret.

482 5384 549 5440 Et
572 5385 619 5438 si
646 5375 1076 5436 scandalisaverit
1109 5384 1158 5429 te
1183 5389 1369 5428 manus
1398 5382 1509 5438 tua,
1540 5372 1784 5428 abscinde
1808 5372 1978 5441 illam,

409 5478 597 5531 bonum
624 5474 811 5546 quippe
832 5479 904 5524 est
933 5466 1023 5521 tibi
1049 5464 1264 5520 debilem
1285 5464 1498 5518 introire
1519 5464 1572 5518 in
1601 5464 1784 5530 vitam,
1824 5480 1980 5536 quam

410 5568 543 5620 duas
567 5579 751 5619 manus
786 5559 1055 5614 habentem
1099 5555 1173 5609 ire
1200 5555 1255 5609 in
1281 5553 1563 5625 gehennam
1590 5551 1983 5625 inexstinguibi-

410 5654 530 5711 leni.
571 5656 705 5723 Quia
728 5667 885 5724 supra
918 5651 1173 5707 docuerat
1202 5660 1269 5701 ne
1306 5642 1730 5700 scandalizemus
1755 5659 1868 5710 eos,
1890 5644 1982 5714 qui

2077 4567 2273 4639 cipibus
2298 4565 2659 4620 sacerdotum:
2695 4563 2785 4618 Va:
2809 4564 2968 4628 vobis,
2988 4562 3184 4618 Scriba:
3206 4573 3254 4617 et
3290 4563 3550 4618 Pharisan'
3563 4565 3666 4633 hy—

2079 4658 2313 4727 pocritar,
2346 4656 2468 4726 quia
2491 4654 2734 4709 clauditis
2763 4671 2973 4725 regnum
2993 4653 3234 4707 rtelorum
3257 4663 3376 4707 ante
3399 4653 3660 4710 homines.

2090 4746 2194 4800 Vos
2218 4746 2401 4816 quippe
2450 4761 2553 4798 non
2589 4744 2820 4810 intratis,
2865 4760 2956 4797 nec
2993 4744 3309 4798 introeuntes
3353 4744 3527 4800 sinitis
3577 4746 3666 4799 in-

2079 4845 2240 4898 trare,
2267 4843 2375 4889 etc.

2150 4923 2363 4978 Habent
2391 4919 2595 4977 Scriba:
2617 4929 2673 4975 et
2706 4920 2963 4976 Pharisaei
3006 4920 3138 4992 legis
3163 4920 3667 4991 Prophetarumque

2079 5014 2349 5078 notitiam,
2376 5012 2558 5068 sciunt
2579 5026 2699 5068 esse
2726 5011 2999 5066 Christum
3027 5010 3192 5065 lilium
3217 5009 3333 5074 Dei,
3366 5026 3472 5065 non
3509 5012 3668 5082 igneo

2082 5112 2204 5159 rant
2229 5112 2412 5158 natum
2434 5115 2555 5156 esse
2575 5101 2641 5155 de
2669 5100 2896 5170 virgine,
2927 5099 3023 5155 sed
3050 5101 3178 5155 dum
3213 5101 3500 5155 adventum
3541 5099 3666 5168 ejus

2082 5204 2403 5261 corporeum
2442 5205 2474 5243 a
2521 5187 2805 5259 Prophetis
2850 5187 3219 5257 praedicatum,
3289 5189 3547 5245 doctrinm
3589 5190 3668 5245 si-

2084 5280 2377 5335 mulatione
2424 5277 2779 5342 abscondunt,
2798 5286 2852 5332 et
2882 5276 3118 5348 praedam
3161 5278 3227 5333 de
3272 5279 3515 5349 subjecta
3556 5280 3666 5335 sibi

2084 5371 2237 5441 plebe
2264 5377 2539 5441 appetunt,
2564 5383 2665 5424 nec
2691 5369 2791 5439 ipsi
2819 5370 3093 5424 introeunt
3114 5368 3166 5423 iu
3192 5385 3353 5441 regna
3376 5370 3668 5435 ctelonun,

2086 5478 2185 5518 nec
2204 5477 2300 5518 eos
2344 5462 2434 5531 qui
2485 5468 2732 5532 poterant
2773 5458 2980 5514 intrare
3027 5459 3362 5530 permittunt.
3422 5457 3537 5515 [loc
3581 5470 3672 5514 est

2084 5556 2225 5626 quod
2257 5555 2309 5609 in
2344 5552 2482 5608 Osee
2508 5551 2768 5623 propheta
2798 5550 3059 5607 Dominus
3083 5550 3258 5621 arguit
3281 5546 3466 5606 dicetis
3493 5567 3505 5602 :
3535 5549 3675 5605 Abr-

2087 5646 2372 5703 conderunt
2394 5643 2689 5699 sacerdotes
2715 5642 2869 5709 riam,
2895 5640 3261 5711 interfecerunt
3298 5640 3558 5695 sicimam.
3598 5637 3675 5695 Et
