3950 6184
227 334 338 391 593

1242 344 1265 370 λ
1300 331 1610 390 HOMILUE
1648 329 1721 385 IN
1757 326 2016 386 EVANG.
2057 327 2144 382 ET
2181 326 2402 384 EPIST.

3396 330 3503 386 5M

228 463 420 505 rursus
449 411 759 504 sacerdotes
780 461 886 502 non
914 445 1187 511 dixerunt,
1210 446 1300 501 ubi
1322 456 1406 502 est
1435 447 1717 512 Dominus,
1734 444 1818 500 vel
1845 450 1896 511 Α
1923 443 2184 499 Dominus
2217 443 2376 509 dixit,
2404 442 2529 514 quid
2554 442 2690 497 enim
2712 443 2893 516 majus
2909 454 2985 499 est
3024 461 3213 499 aurum
3264 462 3333 500 an
3375 456 3503 502 tmt-

226 550 378 596 certe
399 539 578 594 omnis
606 538 864 609 magister
886 538 977 607 qui
1004 538 1169 593 verbo
1197 537 1445 600 aediﬁcat,
1488 547 1543 593 et
1590 536 1820 614 seanda-

184 680 193 685 -
226 632 357 686 lizat
380 630 543 686 malis
562 628 819 699 operibus
842 627 1137 699 discipulos
1165 642 1313 694 suos,
1335 628 1538 685 claudit
1557 636 1684 684 ante
1723 643 1820 684 eos

225 738 453 793 regnum
472 721 755 777 caelorum.

305 811 400 867 Va:
429 811 591 875 vobis,
619 810 804 865 scriba:
829 819 877 864 et
916 807 1181 865 Phariscci
1209 810 1512 880 hypocriten,
1550 809 1675 880 quia
1710 809 1817 862 cir-

227 904 382 956 cuitis
407 917 554 956 utare
577 910 625 955 et
666 900 874 954 aridam
909 910 964 953 ut
1004 900 1215 970 faciatis
1260 917 1419 955 unum
1465 900 1819 971 proselytum;

227 1002 270 1046 et
302 1008 423 1045 cum
454 990 611 1059 fuerit
637 990 831 1059 factus,
856 989 1031 1060 facitis
1056 1005 1173 1044 eum
1198 989 1369 1060 ﬁlium
1390 991 1635 1061 gehennae
1657 990 1817 1061 duplo

227 1102 386 1156 quam
415 1101 529 1139 vos.
558 1083 675 1139 Non
697 1098 762 1138 eo
787 1085 966 1139 studio
999 1099 1283 1143 servamus
1301 1086 1525 1155 quaisita
1545 1101 1653 1157 quo
1678 1101 1823 1156 quae-

228 1178 423 1232 rimus.
455 1175 660 1231 Scribae
684 1184 739 1231 et
764 1175 1023 1232 Pharisaei
1066 1185 1238 1233 totum
1284 1177 1581 1233 lustrantes
1628 1179 1817 1233 orbem

228 1274 452 1338 propter
486 1265 877 1335 negotiationes
899 1275 953 1321 et
980 1266 1197 1321 diversa
1224 1266 1397 1334 lucra,
1450 1276 1561 1322 tam
1592 1282 1622 1321 a
1649 1267 1815 1323 disci-

228 1355 370 1425 pulis
416 1354 700 1425 captanda,
733 1370 896 1425 quam
941 1371 1039 1426 per
1090 1350 1349 1429 imagines
1390 1358 1717 1424 sanctitatis,
1764 1358 1817 1413 id

229 1450 392 1503 studii
423 1449 695 1504 habebant
730 1450 796 1505 de
846 1450 1095 1522 gentibus
1139 1450 1321 1507 facere
1365 1452 1727 1524 proselytum,
1765 1452 1819 1507 id

226 1548 332 1604 est,
363 1540 647 1605 advenam,
678 1546 735 1594 et
758 1539 1193 1596 incircumcisum
1228 1541 1457 1598 miscere
1480 1541 1677 1613 populo
1696 1542 1814 1598 Dei.

229 1628 344 1685 Sed
369 1630 461 1699 qui
490 1638 614 1684 ante
632 1630 757 1685 dum
780 1637 924 1685 esset
948 1631 1218 1698 ethnicus,
1253 1632 1576 1703 simpliciter
1599 1633 1819 1688 errabat

229 1729 283 1776 et
306 1730 428 1777 erat
472 1721 643 1777 semel
688 1720 830 1777 ﬁlius
883 1722 1159 1792 gehennae,
1204 1723 1393 1778 videns
1432 1724 1816 1794 magistrorum

1918 533 2062 604 plum
2091 534 2231 605 quod
2263 535 2558 603 sanctiﬁcat
2595 551 2827 600 aurum;
2853 544 2908 591 et
2941 536 3140 591 iterum
3174 555 3188 590 :
3219 537 3346 609 quid
3373 543 3512 594 enim

1919 624 2094 695 majus
2123 635 2198 680 est
2234 624 2430 679 donum
2471 642 2540 680 an
2576 626 2743 681 altare
2771 628 2911 697 quod
2948 628 3243 698 sanctiﬁcat
3271 629 3465 684 donum
3496 647 3517 688 :

1921 715 1995 769 ita
2021 715 2423 787 intelligendum
2450 725 2554 782 est,
2583 717 2840 787 templum
2875 728 2930 773 et
2953 718 3123 775 altare
3149 721 3324 790 ipsum
3351 720 3510 777 Chri-

1920 814 2083 869 stum,
2110 821 2303 859 aurum
2335 814 2391 861 et
2423 807 2623 861 donum
2651 806 2838 863 laudes
2875 817 2930 861 et
2967 809 3231 865 sacriﬁcia
3265 825 3511 880 precum,

1920 910 2041 965 quae
2078 896 2131 950 in
2174 912 2240 952 co
2287 911 2385 967 per
2418 912 2545 952 eum
2592 896 2867 954 offerimus
2901 917 2913 954 :
2945 916 3052 955 non
3094 903 3241 958 enim
3282 904 3369 958 ille
3416 919 3514 975 per

1920 987 2038 1043 haec
2088 988 2181 1043 sed
2233 989 2336 1043 ista
2391 1003 2488 1058 per
2529 988 2679 1043 illum
2714 990 3143 1047 sanctiﬁcantur.

1999 1076 2091 1133 Va:
2113 1086 2295 1133 autem
2315 1080 2474 1147 vobis,
2497 1081 2681 1136 scribae
2709 1091 2758 1136 et
2793 1080 3055 1139 Pharisaei
3087 1086 3392 1156 hypocritw,
3422 1089 3514 1160 qui

1920 1167 2191 1223 decimatis
2212 1171 2496 1236 mentitam,
2523 1184 2570 1226 et
2598 1173 2883 1240 anethum,
2897 1185 2945 1229 et
2977 1177 3259 1246 cyminum,
3304 1191 3351 1233 et
3384 1179 3511 1235 reli-

1920 1259 2104 1328 quistis
2129 1276 2245 1330 qua:
2278 1262 2521 1330 graviora
2549 1272 2669 1317 sunt
2692 1262 2838 1334 legis,
2854 1265 3120 1335 judicium
3148 1279 3195 1322 et
3218 1269 3514 1325 misericor-

1920 1348 2087 1414 diam,
2111 1359 2158 1402 et
2180 1349 2339 1418 ﬁdem
2366 1364 2384 1402 .'
2411 1352 2523 1405 lure
2547 1355 2775 1422 oportuit
2800 1354 2973 1425 facere
3009 1367 3058 1410 et
3087 1357 3180 1411 illa
3217 1375 3321 1413 non
3364 1360 3519 1415 omit-

1920 1450 2046 1493 tere.
2078 1440 2240 1501 Multa
2271 1441 2323 1496 in
2354 1442 2471 1513 lege
2496 1456 2763 1516 prmcepta
2793 1456 2938 1512 sunt,
2972 1465 3092 1518 qua:
3135 1460 3291 1522 typos
3331 1452 3515 1523 profe-

1920 1541 2049 1586 runt
2082 1533 2385 1589 futurorum
2424 1552 2439 1590 :
2470 1535 2576 1591 alia
2599 1553 2728 1593 vero
2758 1554 2879 1609 qute
2912 1551 3099 1612 aperta
3127 1552 3273 1612 sunt,
3298 1556 3353 1601 et
3388 1546 3511 1603 illu-

1920 1620 2129 1675 minant
2154 1623 2341 1679 oculos
2397 1624 2552 1692 juxta
2583 1626 2927 1685 Psalmistam
2956 1631 3245 1701 dicentem,
3293 1639 3517 1693 manda-

1920 1720 2031 1764 tum
2058 1710 2269 1766 Domini
2308 1712 2541 1770 lucidum
2572 1717 2877 1775 illuminans
2915 1723 3113 1791 oculos,
3165 1742 3285 1796 qua:
3330 1729 3513 1783 statim

229 1813 361 1866 νίιίςι
390 1819 447 1866 οι
464 1811 765 1883 intelligens
790 1788 1066 1867 ἀθείι-υριιθ
1093 1788 1186 1868 ωε
1213 1812 1486 1883 operibus,
1516 1788 1658 1883 (ξυοά
1698 1830 1818 1870 γει..
1846 1788 1892 1848 Β
1919 1814 2084 1868 opera
2111 1800 2442 1871 desiderant,
2464 1807 2615 1862 verbi
2641 1810 2812 1878 gratia
2850 1829 2863 1865 :
2893 1828 3001 1866 non
3027 1815 3377 1885 adulterabis,
3406 1834 3514 1875 non

228 1899 314 1954 bis
340 1898 627 1965 docebant,
654 1900 945 1955 revertitur
965 1900 1033 1955 ad
1066 1902 1326 1956 vomitum
1358 1917 1536 1969 suum,
1558 1911 1614 1957 et
1640 1904 1817 1973 genti-

229 1987 527 2055 lis't’actus,
557 1989 710 2059 quasi
742 1990 1142 2059 praevaricator,
1180 1989 1384 2060 majore
1427 2007 1588 2063 paena
1627 1993 1822 2064 dignus

229 2081 353 2145 erit,
386 2079 528 2135 ﬁlius
556 2090 735 2135 autem
764 2090 989 2138 vocatur
1010 2082 1269 2153 gehennae
1298 2123 1314 2148 ,
1365 2085 1636 2154 quomodo
1678 2084 1821 2141 titius

233 2169 569 2240 perditionis,
602 2177 655 2224 et
687 2169 825 2225 ﬁlius
850 2169 1008 2239 hujus
1037 2171 1241 2229 surculi.
1274 2170 1519 2229 Vocatur.
1543 2172 1685 2229 ﬁlius
1729 2189 1820 2246 ge-

231 2263 446 2327 hennae,
478 2261 549 2316 ad
573 2261 720 2315 illam
740 2269 1093 2331 prteparatus,
1120 2278 1228 2319 non
1255 2279 1323 2327 ex
1365 2262 1456 2318 illa
1502 2272 1817 2336 generatus;

231 2351 599 2421 unusquisque
623 2350 767 2406 enim
795 2349 947 2419 cujus
974 2365 1139 2422 opera
1189 2352 1318 2425 agit,
1373 2352 1492 2425 ejus
1544 2353 1687 2411 ﬁlius
1727 2371 1822 2427 ap—

232 2442 479 2512 pellatur.

314 2530 401 2586 Vre
442 2532 601 2596 vobis,
629 2533 785 2588 duces
812 2535 961 2601 ca’ci,
1003 2536 1126 2607 quia
1155 2537 1327 2592 dicitis
1356 2553 1375 2593 :
1404 2538 1711 2613 Quicunque
1726 2542 1823 2613 ju-

232 2624 420 2679 iuverit
439 2642 534 2694 per
551 2625 820 2697 templum,
852 2627 981 2682 nihil
1002 2638 1113 2695 est;
1139 2631 1229 2701 qui
1268 2639 1441 2686 autent
1460 2632 1721 2703 juraverit
1764 2636 1822 2690 in

231 2731 363 2768 auro
389 2715 591 2786 templi,
613 2716 778 2771 debet.
810 2717 974 2773 Stulti
998 2728 1052 2774 et
1081 2721 1230 2786 caeci,
1284 2722 1412 2793 quid
1458 2724 1602 2780 enim
1646 2724 1819 2796 majus

230 2806 353 2861 est?
378 2821 574 2860 aurum
601 2821 671 2863 an
700 2808 953 2879 templum
980 2811 1124 2880 quod
1152 2808 1455 2870 sanctiﬁcat
1495 2818 1721 2872 aurum?
1764 2826 1821 2875 et

230 2899 540 2970 quicunque
559 2898 822 2969 iuraverit
842 2901 895 2955 in
919 2901 1074 2957 altari
1105 2902 1240 2958 nihil
1267 2913 1367 2969 est,
1394 2907 1701 2978 quicunque
1727 2924 1822 2965 au-

233 2998 343 3043 tem
366 2988 637 3057 iuraverit
663 2990 718 3045 in
740 2991 882 3047 dono
908 2993 1050 3062 quod
1070 3001 1154 3049 est
1183 3010 1344 3064 super
1367 2996 1519 3063 illud,
1550 2999 1728 3056 debet.

302 3080 445 3137 Cazci
470 3097 490 3135 :
511 3084 639 3155 quid
664 3085 803 3139 enim
828 3085 1002 3156 majus
1022 3096 1117 3151 est,
1141 3085 1337 3141 donum
1374 3105 1444 3143 an
1472 3084 1639 3146 altare
1681 3093 1821 3163 quod

230 3173 529 3242 sanctiﬁcat
558 3174 797 3229 donum?
822 3173 927 3242 Qui
948 3192 1071 3248 ergo
1087 3175 1238 3247 jurat
1270 3179 1324 3231 in
1360 3179 1559 3247 altari,‘
1573 3179 1725 3251 jurat
1768 3185 1826 3238 in

232 3280 293 3318 eo
321 3278 370 3319 et
400 3267 456 3320 in
476 3267 717 3322 omnibus
745 3284 863 3339 quae
887 3278 1009 3322 sunt
1040 3258 1196 3339 super
1224 3269 1377 3326 illud.
1425 3272 1494 3326 Et
1538 3276 1630 3345 qui
1663 3275 1824 3346 jura-

232 3358 360 3411 rerit
391 3358 449 3411 in
467 3357 678 3428 templo,
697 3360 847 3431 jurat
877 3360 932 3415 in
982 3359 1074 3415 illo
1113 3371 1166 3416 et
1207 3364 1262 3418 in
1285 3380 1344 3419 eo
1382 3366 1473 3435 qui
1520 3367 1721 3422 habitat
1768 3369 1826 3423 in

238 3445 370 3513 ipso.
406 3444 473 3498 Et
497 3446 587 3517 qui
604 3446 756 3516 jurat
779 3447 834 3501 in
856 3446 1001 3512 caelo,
1019 3449 1168 3519 jurat
1196 3451 1249 3504 in
1278 3451 1462 3507 throno
1504 3452 1601 3508 Dei
1622 3464 1669 3509 et
1689 3456 1744 3510 in
1764 3471 1824 3511 eo

231 3538 323 3607 qui
348 3537 488 3592 sedet
513 3554 667 3607 super
692 3555 830 3592 eum.
868 3538 1065 3611 Supra,
1100 3550 1161 3595 ut
1182 3543 1351 3596 visum
1395 3544 1550 3601 nobis
1578 3554 1682 3612 est,
1733 3561 1828 3602 ex-

235 3630 516 3697 posuimus
535 3630 663 3699 quid
691 3629 1023 3701 signiﬁcaret
1049 3633 1267 3689 traditio
1305 3634 1702 3693 Pharisaeorum
1747 3640 1828 3695 di-

232 3722 498 3787 centium,
527 3723 728 3776 donum
764 3724 1122 3795 quodcunque
1154 3718 1241 3781 est
1265 3742 1330 3782 ex
1358 3744 1444 3783 me
1487 3731 1582 3785 tibi
1629 3732 1827 3802 prode-

234 3812 313 3865 rit
343 3851 360 3875 ,
395 3828 537 3868 nuric
583 3813 776 3883 duplex
820 3826 875 3869 et
892 3816 961 3869 ad
1000 3832 1162 3871 unam
1205 3818 1448 3877 avaritia:
1489 3823 1827 3880 occasionem

236 3903 462 3957 trahens
487 3888 893 3958 Pharisaeorum
928 3905 1147 3960 traditio
1184 3908 1594 3977 condemnatur,
1636 3920 1697 3966 ut
1734 3927 1827 3966 ar-

233 4002 687 4061 guauturcuncta
716 4009 813 4064 pro
844 3993 995 4052 lucro
1021 3993 1199 4052 facere
1234 4006 1290 4053 et
1334 4015 1440 4054 non
1485 4015 1584 4070 pro
1636 4003 1831 4061 timore

234 4080 364 4135 Dei.
392 4080 703 4138 Sicutenim
748 4082 805 4138 in
833 4085 1180 4156 phylacteriis
1224 4096 1281 4144 et
1327 4088 1556 4146 ﬁmbriis
1594 4092 1828 4151 dilatatis

231 4173 495 4244 opinione
521 4176 822 4232 sanctitatis
845 4179 1138 4247 captabant
1160 4179 1405 4252 gloriam,
1435 4192 1489 4236 et
1530 4198 1629 4253 per
1673 4200 1830 4242 occa-

230 4268 448 4331 sionem
475 4268 656 4340 gloriae
682 4270 997 4339 quaerebant
1032 4271 1200 4338 lucra,
1248 4273 1327 4330 sic
1373 4274 1476 4329 alia
1526 4277 1829 4335 traditionis

228 4357 465 4413 inventa
519 4358 736 4428 stropha
782 4359 1073 4429 impietatis
1114 4364 1293 4433 arguit
1334 4374 1713 4435 praeceptores.
1769 4368 1829 4425 Si

1919 1887 2122 1943 furtum
2150 1890 2333 1957 facies,
2367 1908 2471 1947 non
2498 1893 2692 1951 falsum
2717 1900 3082 1955 testimonium
3123 1903 3271 1960 dices
3295 1946 3310 1972 ,
3335 1915 3387 1963 et
3411 1924 3517 1963 cm-

1919 1985 2059 2043 tera,
2091 1977 2349 2034 Pharisnei
2388 1990 2570 2037 autem
2600 1983 2727 2053 quia
2755 1999 3093 2059 praeceperat
3112 1992 3398 2062 Dominus,
3436 1997 3520 2052 in-

1920 2071 2080 2125 terim
2123 2081 2185 2127 ut
2230 2073 2536 2130 intellectus
2582 2079 2840 2148 mysticos
2897 2081 3248 2151 dimittamus,
3297 2096 3524 2159 propter

1920 2160 2235 2217 alimoniam
2266 2165 2607 2220 sacerdotum
2645 2175 2699 2222 et
2743 2168 3075 2239 Levitarum,
3115 2190 3345 2244 quorum
3388 2194 3517 2250 pars

1919 2261 2041 2307 erat
2064 2253 2344 2321 Dominus,
2375 2258 2616 2313 omnium
2646 2275 2830 2315 rerum
2851 2260 3034 2318 oﬁ‘erri
3070 2264 3124 2319 in
3177 2269 3375 2338 templo
3426 2273 3517 2329 de-

1920 2340 2111 2408 cimas,
2139 2343 2244 2398 hoc
2272 2361 2437 2400 unum
2464 2347 2736 2405 habebant
2765 2351 2949 2418 studii,
2981 2361 3040 2408 ut
3070 2371 3190 2426 qua:
3211 2356 3366 2426 iussa
3393 2340 3513 2418 luc-

1921 2440 2044 2488 rant
2091 2424 2608 2505 compertarentur,
2673 2448 2869 2495 caetera
2923 2457 3043 2512 qua;
3086 2424 3249 2501 erant
3309 2450 3518 2522 majora

1921 2532 2104 2579 utrum
2132 2526 2253 2596 quis
2295 2526 2500 2583 laceret
2543 2545 2611 2584 an
2655 2545 2764 2587 non
2804 2534 2954 2600 parvi
2980 2536 3306 2605 pendebant.
3357 2540 3425 2596 Et
3451 2558 3520 2598 ex

1920 2616 2026 2673 hoc
2044 2617 2228 2689 itaque
2251 2621 2486 2691 capitulo
2510 2624 2687 2693 arguit
2707 2638 2802 2680 eos
2822 2624 3083 2695 avaritia,
3114 2631 3255 2699 quod
3282 2633 3523 2692 studiose

1921 2707 2086 2764 etiam
2117 2711 2306 2767 vilium
2336 2713 2545 2770 olerum
2572 2716 2810 2776 decimas
2833 2719 3070 2793 exigant,
3100 2731 3157 2779 et
3174 2722 3438 2793 judicium
3461 2728 3517 2784 in

1920 2801 2310 2874 disceptatione
2332 2807 2694 2878 negotiorum,
2724 2809 3260 2884 misericordiamque
3300 2812 3352 2870 in
3384 2832 3518 2887 pau-

1919 2907 2085 2964 peres
2109 2894 2338 2966 pupillos
2365 2904 2420 2951 et
2445 2898 2659 2965 viduas,
2694 2907 2749 2955 et
2771 2899 2932 2958 ﬁdem
2960 2901 3014 2957 in
3043 2902 3232 2969 Deum,
3261 2920 3382 2976 quas
3407 2921 3523 2962 ma-

1923 2998 2025 3054 gna
2040 2993 2186 3049 sunt,
2206 2986 2628 3054 pnetermittaut
2651 3005 2664 3042 :
2689 2987 2844 3057 Haec,
2862 2991 3054 3061 inquit,
3075 2995 3300 3063 oportuit
3321 2995 3521 3066 facere,

1923 3069 1978 3129 id
1997 3085 2100 3141 est,
2127 3077 2412 3147 judicium,
2443 3079 2895 3148 miscricordiam,
2918 3091 2972 3138 et
2997 3083 3179 3152 ﬁdem,
3223 3095 3281 3143 ut
3318 3096 3375 3144 et
3413 3105 3516 3147 nos

1927 3169 2196 3224 veraciter
2231 3169 2297 3226 de
2328 3181 2513 3227 nostra
2542 3172 2758 3228 miseria
2778 3175 3107 3246 iudicantes,
3136 3190 3189 3233 et
3211 3179 3307 3236 Dei
3334 3182 3519 3239 chari-

1927 3265 2097 3312 tatem
2131 3274 2292 3328 quam
2343 3261 2562 3317 donavit
2621 3263 2738 3335 ipse
2781 3264 3084 3336 diligentes,
3138 3269 3226 3339 pie
3266 3280 3525 3345 recteque

1927 3346 2191 3403 vivamus.
2219 3347 2431 3405 Justum
2453 3352 2570 3422 ejus
2604 3353 2869 3424 judicium
2905 3356 3228 3416 conﬁtentes
3259 3377 3370 3431 quo
3418 3364 3522 3419 mi~

1928 3438 2036 3493 seri
2062 3439 2238 3496 ell‘ecti
2262 3456 2466 3511 sumus,
2499 3443 2565 3500 de
2598 3461 2706 3515 quo
2727 3446 2857 3502 dicit
2892 3447 3179 3519 Apostolus
3205 3466 3219 3505 :
3245 3452 3521 3511 Iudicium

1928 3529 2136 3601 quidem
2156 3547 2221 3587 ea:
2247 3548 2351 3587 uno
2386 3533 2442 3589 in
2480 3536 2998 3605 condemnationem;
3029 3549 3085 3594 et
3107 3556 3314 3612 magna:
3341 3544 3523 3600 chari»

1928 3621 2028 3675 tati
2052 3621 2169 3692 eius
2199 3624 2398 3694 gratias
2441 3634 2683 3697 agentes,
2733 3628 2801 3683 de
2847 3644 2952 3699 qua
3009 3631 3123 3700 ipse
3171 3632 3316 3689 idem
3364 3632 3518 3703 dicit,

1930 3710 2118 3781 gratiae
2144 3714 2488 3781 praedicator,
2514 3717 2842 3772 commendat
2885 3730 3057 3775 autem
3092 3738 3242 3777 suam
3284 3725 3518 3782 charito-

1930 3809 2032 3854 tem
2058 3800 2202 3856 Deus
2230 3803 2285 3856 in
2313 3804 2458 3859 nobis
2487 3808 2734 3876 quoniam
2760 3825 2878 3862 cum
2899 3810 3070 3866 adhuc
3096 3822 3393 3883 peccatores
3434 3835 3517 3872 es~

1929 3906 2102 3944 scmus
2138 3890 2378 3947 Christus
2422 3912 2516 3964 pro
2544 3896 2689 3950 nobis
2742 3909 2977 3954 mortuus
3023 3912 3117 3956 est.
3167 3902 3420 3975 Oportuit
3466 3918 3522 3964 et

1931 3981 2019 4037 illa
2054 3998 2159 4038 non
2188 3985 2460 4052 omittere,
2494 3987 2547 4042 id
2575 3996 2681 4055 est,
2705 3990 3078 4064 eleemosynas
3098 3993 3373 4052 fructuum
3407 4006 3513 4054 ter-

1931 4087 2207 4140 renorum,
2237 4076 2362 4144 quia
2396 4092 2495 4147 per
2521 4087 2727 4135 rectam
2758 4080 2917 4138 ﬁdem
2944 4092 2997 4138 et
3022 4100 3304 4142 sacrarum
3353 4090 3522 4145 virtu-

1933 4175 2045 4219 tum
2072 4168 2441 4235 operationcm
2459 4170 2620 4224 simul
2651 4187 2775 4227 cum
2800 4172 3237 4245 clemosynarum
3264 4177 3518 4251 largitate

1931 4255 2093 4312 debet
2118 4259 2346 4329 quisque
2373 4261 2592 4316 studere
2621 4271 2678 4316 ut
2717 4264 2785 4318 ad
2826 4263 2992 4318 vitam
3031 4267 3312 4333 perveniat
3360 4277 3521 4324 acter-

1933 4366 2079 4416 nam,
2119 4351 2382 4423 largiente
2405 4353 2522 4425 ipso
2545 4354 2840 4410 mediatore
2866 4355 2960 4409 Dei
2985 4365 3039 4410 et
3064 4357 3363 4424 hominum,
3415 4361 3519 4417 Do-

229 4450 371 4521 quis
395 4449 445 4503 in
470 4449 813 4505 contentione
834 4466 931 4506 seu
946 4451 1000 4505 in
1017 4451 1198 4522 aliquo
1217 4451 1396 4525 iurgio
1424 4456 1508 4511 vel
1554 4457 1608 4511 in
1661 4475 1822 4516 causa

1933 4445 2080 4499 mino
2108 4454 2294 4503 nostro
2319 4445 2444 4502 Jesu
2470 4446 2704 4511 Christo,
2746 4447 2837 4517 qui
2866 4462 2988 4502 cum
3014 4447 3198 4515 Patre,
3220 4459 3279 4507 et
3310 4451 3520 4524 Spiritu

228 4540 495 4610 atnhigua
510 4539 751 4609 iurasset
770 4541 824 4595 in
854 4542 1076 4613 templo,
1100 4552 1154 4598 et
1173 4554 1358 4614 postea
1383 4549 1663 4605 convictus
1681 4562 1827 4608 esset

229 4631 532 4697 mendacii,
584 4646 691 4686 non
735 4632 1018 4687 tenebatur
1059 4633 1303 4691 criminis
1344 4652 1490 4694 reus.
1539 4638 1598 4694 Si
1644 4651 1827 4697 autem

220 4722 476 4792 iurasset
497 4723 549 4777 in
572 4739 706 4778 auro
723 4732 777 4779 et
800 4725 1031 4795 pecunia
1060 4741 1180 4797 quae
1204 4728 1259 4783 in
1288 4731 1489 4801 templo
1534 4735 1828 4790 sacerdoti-

228 4815 346 4867 bus
370 4812 755 4879 oll‘erebantur,
776 4814 960 4869 statim
989 4815 1044 4870 in
1070 4830 1179 4884 quo
1214 4818 1495 4886 iuraverat
1536 4824 1830 4894 cogebatur

224 4903 536 4960 exsolvere.
571 4904 806 4960 Rursum
833 4906 880 4961 si
909 4906 1034 4976 quis
1051 4904 1288 4975 iurasset
1308 4910 1362 4965 in
1386 4911 1564 4978 altari,
1604 4916 1829 4986 periurii

228 5010 399 5050 reum
426 5011 586 5051 nemo
627 4997 870 5064 tenebat;
906 4997 952 5053 si
998 5010 1177 5054 autem
1235 5002 1640 5072 periurassetin
1686 5007 1829 5063 dono

225 5082 329 5138 vel
355 5083 409 5137 in
430 5083 812 5151 oblationibus,
841 5087 945 5143 hoc
970 5096 1077 5155 est,
1104 5089 1157 5143 in
1185 5091 1381 5158 hostia,
1410 5094 1465 5149 in
1494 5095 1747 5162 victimis,
1774 5101 1828 5154 in

227 5173 443 5241 simila,
470 5183 527 5231 et
549 5176 782 5242 caeteris,
808 5192 930 5247 quae
954 5177 1257 5237 oﬁ‘eruntur
1289 5184 1399 5239 Deo
1438 5200 1603 5256 super
1637 5188 1827 5257 altare,

227 5268 365 5324 haec
384 5269 777 5327 studiosissime
801 5273 1134 5352 repetebant.
1158 5276 1350 5349 Arguit
1370 5295 1501 5352 ergo
1529 5298 1622 5339 eos
1648 5284 1832 5340 Domi-

1930 4546 2119 4592 sancto
2172 4538 2304 4593 vivit
2331 4546 2387 4594 ct
2412 4546 2604 4609 regnat
2650 4538 2793 4593 Deus
2837 4554 2936 4608 per
2957 4541 3138 4598 omnia
3187 4545 3383 4601 saecula
3421 4562 3521 4605 sat-

1930 4625 2199 4681 culorum.
2225 4627 2423 4681 Amen.

2456 4737 2737 4796 norum
2778 4739 2990 4819 cxxx.

2245 4844 2562 4885 HEBDOIADA
2591 4847 2624 4884 Χ
2646 4847 2776 4887 POST
2803 4848 3196 4890 PBNTECOSTEN.

2288 4921 2475 4978 Lectio
2496 4923 2745 4995 Epistolas
2773 4926 2841 4980 ad
2866 4926 3195 4984 Corinthios.

2002 5011 2237 5072 Fratres,
2272 5031 2373 5068 non
2395 5014 2560 5070 simus
2585 5018 3003 5086 concupiscentes
3058 5018 3339 5089 malorum,
3383 5018 3522 5077 sicut

1930 5111 1977 5155 et
2012 5100 2092 5155 illi
2118 5104 2511 5173 concupierunt,
2541 5115 2647 5160 etc.

2004 5191 2144 5248 Ecce
2176 5208 2339 5263 quam
2367 5195 2573 5264 peritus
2611 5197 2856 5254 medicus
2879 5199 3153 5269 apostolus
3182 5200 3380 5257 Paulus
3409 5215 3522 5258 coe-

1921 5283 2082 5339 lestis
2104 5285 2298 5340 medici
2330 5285 2531 5342 Christi
2580 5289 2697 5344 veri
2744 5305 3020 5361 verasque
3062 5292 3376 5364 discipulus,
3425 5291 3519 5362 qui

223 5371 355 5413 nus
371 5365 425 5412 et
441 5358 682 5414 stultitiae
702 5367 757 5415 et
789 5350 1179 5430 fraudulentae,
1209 5369 1351 5437 quod
1376 5350 1545 5427 multo
1575 5373 1749 5443 maius
1770 5377 1843 5432 sit
1943 5377 2009 5432 ad
2058 5378 2438 5432 removendam
2479 5369 2788 5437 diuturnam
2842 5350 3218 5439 inﬁrmitatem
3257 5390 3519 5448 nostram,

225 5448 527 5518 teutplum,
554 5466 719 5521 quam
749 5467 943 5509 aurum
970 5456 1119 5540 [quod
1161 5457 1532 5537 sanctiﬁcatur
1560 5478 1590 5517 a
1622 5465 1835 5535 templo,

222 5558 292 5602 ει
322 5540 516 5609 altare,
544 5558 705 5614 quam
733 5544 923 5601 hostiae
965 5562 1084 5616 qua:
1105 5550 1514 5608 sanctiﬁcantur
1565 5556 1634 5615 ab
1660 5557 1838 5624 altari,

227 5640 423 5689 totum
457 5640 639 5687 autem
694 5632 965 5690 faciebant
1005 5653 1112 5692 non
1154 5638 1225 5694 ob
1274 5640 1368 5695 Dei
1417 5644 1689 5712 timorem,
1746 5647 1841 5702 sed

224 5723 314 5779 ob
340 5722 654 5780 divitiarum
682 5726 1054 5796 cupiditatem.
1088 5728 1418 5802 Spiritalitcr
1466 5746 1645 5793 autem
1694 5737 1838 5810 quod

619 5817 889 5880 Ριτιίοι..
937 5820 1071 5882 (ΣΧ.

1941 5476 1995 5521 et
2016 5467 2084 5522 ad
2106 5467 2509 5523 iustaurandam
2540 5470 2594 5524 in
2624 5471 2779 5527 nobis
2802 5473 3048 5544 corporis
3075 5480 3130 5528 et
3154 5472 3349 5526 anima:
3368 5473 3518 5526 saui-

1940 5564 2111 5611 tatem
2139 5556 2295 5612 nobis
2321 5572 2350 5612 a
2382 5557 2613 5614 Domino
2635 5560 2956 5628 destinatus,
3006 5561 3243 5618 ostendit
3287 5558 3521 5614 salubria

1941 5662 2063 5721 qua:
2092 5648 2323 5702 tenenda
2370 5657 2516 5715 sunt,
2552 5649 2749 5719 ubique
2782 5652 2836 5707 in
2892 5652 3273 5723 prmdicatione
3300 5668 3396 5706 sua
3431 5651 3524 5707 dc-

1942 5739 2261 5797 monstravit
2282 5754 2402 5811 qua:
2445 5742 2627 5812 noxia,
2668 5759 2788 5814 qua)
2830 5746 3070 5802 cavenda
3104 5753 3248 5814 sunt,
3285 5744 3424 5801 unde
3469 5742 3522 5796 in

2976 5836 3050 5898 13
