3950 6184
416 328 519 384 395

1052 322 1109 375 ll.
1148 320 1401 391 RABANl
1437 317 1653 374 MAURI
1693 316 2005 373 ARCIIIEP.
2050 314 2360 371 MOGUNT.
2400 314 2683 370 OPERUM
2722 313 2897 367 PARS
2938 313 2997 366 ll.

415 435 668 508 prmsenti
700 433 925 489 lectione
953 446 1116 502 quam
1144 428 1390 490 audistis,
1422 430 1521 483 sub
1567 426 1734 499 figura
1762 426 1992 481 infidelis
2020 433 2070 493 Α
2095 427 2222 482 dum
2254 426 2406 481 valde
2431 436 2533 492 est,
2565 441 2687 481 cum
2722 426 2808 480 vel
2856 425 2908 480 in
2946 425 3287 481 infirmitates
3317 429 3561 498 corporis
3584 430 3664 486 vel

419 524 695 580 lsraclitici
736 520 915 592 populi
957 534 1056 574 nos
1079 518 1335 572 admonet
1360 516 1545 587 dicens
1575 533 1588 568 :
1626 510 1858 577 Fratres,
1889 530 1992 569 non

418 618 580 670 simus
609 594 1023 682 concupiscentes
1054 607 1334 673 malorum,
1364 608 1497 660 sicut
1525 615 1571 659 et
1615 603 1693 658 illi
1724 604 1993 674 concupie—

420 716 561 761 runt.
593 705 725 760 Nam
761 702 834 757 illi
860 710 1079 772 propter
1102 699 1297 754 malam
1322 698 1667 767 cupiditatem
1692 697 1745 752 in
1780 696 1993 751 deserto

416 795 671 865 prostrati
706 800 852 859 sunt,
879 793 948 846 ita
976 803 1035 847 ut
1064 790 1240 845 nullus
1265 805 1333 843 ex
1365 788 1451 842 illa
1481 787 1860 842 innumerabili
1887 787 1995 855 ple-

416 886 482 939 lio
504 885 594 954 qui
615 883 681 937 de
711 882 941 953 .IEgj'pto
956 879 1201 935 exierant
1224 878 1326 932 nisi
1353 878 1460 932 duo
1484 887 1681 931 terram
1710 875 1997 945 repromis-

418 974 583 1030 sionis
610 973 894 1037 intrarent,
922 971 1065 1040 quod
1086 970 1239 1024 nobis
1261 969 1314 1023 in
1345 982 1534 1023 eorum
1580 966 1748 1037 figura
1797 981 1993 1020 caven-

418 1065 544 1120 dum
576 1071 693 1130 est;
723 1061 988 1133 {Egyptus
1036 1060 1179 1116 enim
1227 1060 1369 1113 hunc
1402 1058 1660 1112 mundum
1700 1056 1990 1127 significat,

418 1158 558 1212 unde
595 1171 694 1211 nos
735 1168 921 1222 sumus
970 1167 1065 1221 per
1113 1148 1632 1204 abrenuntiationem
1694 1146 1892 1202 diaboli
1942 1154 1997 1201 et

415 1247 659 1302 omnium
679 1261 898 1315 operum
934 1244 1051 1314 ejus
1094 1242 1320 1313 egressi,
1364 1249 1418 1295 et
1451 1239 1699 1295 omnibus
1745 1238 1996 1308 concupi-

417 1338 635 1395 scentiis
659 1324 838 1392 carnis
868 1337 1217 1405 abnegautes,
1249 1332 1358 1386 Deo
1396 1346 1493 1386 nos
1530 1330 1823 1385 servituros
1870 1342 1997 1397 pro-

416 1430 682 1493 misimus,
706 1435 766 1481 ut
791 1434 990 1481 terram
1015 1421 1468 1495 repromissionis,
1495 1420 1639 1490 quod
1662 1429 1746 1475 est
1770 1432 1997 1488 regnum

419 1517 661 1583 caeleste,
692 1517 806 1571 sive
826 1524 1024 1570 terram
1053 1512 1365 1575 viventium,
1388 1525 1693 1564 mereamur
1717 1508 1771 1563 in
1822 1509 1995 1563 hatre-

417 1610 639 1666 ditatem
663 1608 976 1677 percipere;
1012 1604 1259 1659 siautem
1294 1602 1346 1654 in
1401 1600 1637 1664 deserto,
1674 1600 1777 1653 hoc
1819 1606 1903 1653 est
1944 1597 1997 1652 in

416 1706 568 1753 vasta
597 1696 780 1763 mundi
813 1693 1098 1750 solitudine
1147 1699 1268 1760 post
1299 1690 1643 1760 sponsionem
1672 1703 1833 1758 quam
1888 1688 1995 1743 Do-

417 1786 564 1841 mino
591 1783 815 1839 fecimus
843 1783 1041 1836 iterum
1061 1779 1126 1835 ad
1150 1777 1640 1849 concupiscentiam
1688 1777 1876 1831 mundi
1918 1775 1996 1830 la-

416 1878 614 1941 bimur,
640 1875 932 1930 timendum
956 1882 1039 1928 est
1061 1873 1235 1937 nobis,
1265 1886 1332 1925 ne
1358 1870 1642 1925 claudatur
1661 1868 1836 1923 subita
1857 1883 2001 1923 mor-

418 1968 487 2022 tis
508 1965 911 2033 interruptione,
955 1970 1107 2033 porta
1166 1961 1316 2031 regni
1367 1959 1623 2024 caelestis,
1678 1973 1800 2028 quae
1847 1958 2000 2014 no‘bis

418 2068 604 2130 aperta
630 2066 729 2122 est,
758 2071 865 2127 quo
901 2070 1071 2124 usque
1109 2054 1161 2107 in
1193 2053 1342 2123 justo
1392 2065 1771 2120 permanemus
1814 2064 1997 2120 opere,

417 2160 474 2207 et
497 2151 770 2205 voluntate
792 2146 1040 2217 fugienda
1062 2182 1065 2187 ›
1085 2152 1187 2211 est,
1241 2144 1437 2199 fratres
1460 2142 1788 2209 charissimi,
1818 2157 1998 2198 rerum

420 2238 792 2310 temporalium
824 2237 1010 2291 insana
1034 2235 1318 2305 cupiditas,
1352 2249 1471 2302 qua:
1506 2231 1794 2287 mortiferis
1827 2232 1999 2287 homi-

417 2345 540 2386 nem
570 2328 774 2397 laqueis
800 2325 1063 2380 irretitum
1083 2325 1137 2378 in
1168 2326 1271 2379 hoc
1295 2323 1490 2377 smculo
1521 2331 1580 2375 ut
1611 2330 1862 2377 exerceat
1891 2323 1998 2378 dis-

421 2429 612 2487 tentat,
648 2427 703 2474 et
746 2418 975 2483 cruciat,
1007 2418 1061 2470 in
1087 2415 1266 2471 futuro
1298 2424 1478 2470 autem
1503 2413 1997 2483 inextinguibilibus

428 2511 700 2580 mancipat
722 2508 971 2564 flammis.

493 2598 676 2672 Neque
696 2598 991 2654 idololatra'
1018 2599 1335 2667 eﬂiciamini,
1369 2601 1500 2654 sicut
1521 2599 1733 2671 quidam
1758 2614 1822 2654 ea:
1849 2599 1995 2670 ipsis,

416 2693 865 2766 quemadmodum
891 2692 1149 2762 scriptum
1162 2702 1268 2758 est,
1288 2694 1419 2748 sedit
1433 2693 1656 2764 populus
1678 2692 1995 2751 manducare

419 2796 466 2841 et
496 2785 687 2851 bibere,
738 2794 786 2839 et
832 2794 1169 2839 surrexerunt
1207 2783 1404 2839 ludere.
1448 2784 1661 2839 Scimus
1687 2783 1833 2839 enim
1862 2782 1991 2854 quia

424 2876 624 2933 idolum
672 2876 802 2930 nihil
833 2885 917 2931 est
949 2876 1053 2931 nisi
1106 2891 1245 2929 vana
1299 2875 1613 2944 superstitio
1660 2883 1715 2931 et
1767 2873 1993 2931 offensio

422 2969 538 3034 Dei,
575 2978 629 3024 et
647 2968 737 3039 qui
772 2967 910 3023 idola
935 2967 1063 3023 colit
1089 2966 1359 3022 diabolum
1384 2967 1535 3032 colit,
1561 2976 1615 3021 et
1646 2967 1813 3023 Deum
1840 2964 1994 3022 forti-

426 3071 511 3118 ter
537 3059 776 3124 offendit,
808 3058 947 3113 unde
985 3058 1175 3114 similis
1215 3057 1290 3112 illi
1329 3057 1545 3122 dicitur,
1571 3058 1662 3127 qui
1690 3055 1909 3131 confidit
1934 3057 1989 3111 in

2094 518 2148 573 in
2195 518 2327 572 alias
2377 516 2722 586 bujusmundi
2753 516 3027 585 angustias
3073 531 3169 587 pro
3199 518 3436 588 peccatis
3464 521 3669 578 nostris

2095 608 2461 673 inciderimus,
2523 597 2591 661 ne
2651 616 2837 660 contra
2902 606 3190 662 Dominum
3244 624 3665 677 murmuremus,

2093 700 2219 769 quia
2240 700 2318 754 vel
2344 707 2564 769 propter
2590 697 2729 752 mala
2755 699 2945 753 merita
2969 707 3150 753 nostra
3181 699 3247 752 ad
3269 702 3665 770 correptionem

2093 799 2332 846 nostram
2380 789 2495 844 haec
2543 789 2813 857 patimur,
2882 789 2965 843 vel
3022 790 3089 843 ad
3146 792 3561 860 probationem,
3606 804 3669 848 ut

2088 879 2347 950 iustiores
2379 880 2544 933 etiam
2576 894 2761 935 coram
2797 879 3025 933 Domino
3044 880 3214 936 simus
3240 880 3414 937 effecti
3444 884 3487 937 si
3515 891 3667 939 tanta

2095 990 2158 1030 ac
2189 973 2314 1027 talia
2338 973 2618 1042 patienter
2644 973 2697 1026 in
2723 972 2941 1040 nomine
2983 973 3193 1028 Domini
3218 990 3341 1028 cum
3368 977 3667 1045 gratiarum

2095 1065 2305 1120 actiOne
2336 1067 2650 1134 portemus.‘

2165 1153 2294 1209 Hcce
2341 1154 2517 1231 omnia
2563 1153 2618 1206 in
2672 1152 2845 1223 ﬁgura
2893 1154 3255 1224 contingebant
3288 1154 3393 1209 illis
3422 1169 3442 1207 :
3470 1158 3667 1228 scripta

2096 1253 2215 1299 sunt
2241 1252 2415 1297 autem
2445 1243 2513 1296 ad
2538 1242 2912 1312 correptionem
2934 1252 3185 1298 nostram.
3217 1245 3409 1300 Omnia
3431 1262 3551 1316 qua:
3578 1248 3663 1302 in-

2097 1334 2335 1391 credulis
2371 1332 2571 1393 Judzeis
2604 1334 2965 1404 contigerunt,
3006 1335 3300 1390 secundum
3327 1337 3518 1391 merita
3565 1352 3666 1393 sua

2096 1430 2433 1493 receperunt,
2485 1422 2579 1477 sed
2608 1430 2786 1477 tamen
2837 1422 2959 1477 ideo
3005 1422 3205 1493 scripta
3253 1433 3396 1489 sunt,
3449 1439 3518 1481 ne
3566 1441 3669 1481 nos

2097 1517 2468 1573 existimemus
2496 1515 2712 1584 impune
2732 1529 2833 1570 nos
2860 1528 3018 1583 posse
3046 1530 3288 1584 peccare.

2170 1606 2357 1678 Itaque
2383 1608 2472 1678 qui
2487 1624 2540 1661 se
2552 1606 2812 1661 existimat
2834 1618 2972 1660 stare
2986 1607 3037 1660 in
3052 1606 3379 1675 perfectione
3402 1609 3668 1665 bonorum

2098 1713 2346 1768 operum,
2376 1697 2544 1751 videat
2567 1713 2631 1751 ne
2655 1711 2752 1767 per
2773 1695 2987 1750 inanem
3013 1695 3238 1767 gloriam
3271 1698 3447 1751 cadat.
3482 1698 3672 1753 Tenta-

2024 1793 2071 1853 B
2098 1791 2171 1843 tio
2229 1805 2318 1843 vos
2374 1804 2477 1841 non
2530 1786 2926 1858 apprehendat,
2977 1787 3077 1840 nisi
3126 1795 3382 1855 quantum
3436 1789 3671 1844 humanm

2100 1886 2277 1948 poteSt
2301 1876 2568 1932 sustinere
2608 1884 2663 1932 et
2693 1888 2949 1945 superare
2976 1873 3265 1947 fragilitas;
3296 1876 3469 1946 ﬁdelis
3494 1888 3671 1934 autem

2100 1968 2241 2024 Deus
2263 1977 2356 2032 est,
2396 1967 2483 2037 qui
2514 1982 2616 2021 non
2640 1967 2867 2043 patietur
2893 1982 2978 2021 vos
3023 1967 3213 2021 tentari
3242 1984 3400 2037 super
3427 1968 3482 2021 id
3527 1970 3672 2039 quod

2098 2061 2328 2131 potestis.
2364 2057 2468 2126 Qui
2511 2073 2568 2112 se
2609 2072 2822 2127 semper
2872 2057 3144 2127 pollicitus
3187 2067 3269 2113 est
3298 2060 3381 2114 sui
3430 2059 3674 2114 nominis

2097 2165 2260 2205 causa
2286 2148 2552 2204 tribulatis
2581 2147 2889 2202 affuturum.
2958 2147 3027 2203 Ut
3056 2148 3133 2203 in'
3164 2147 3377 2205 Psalmo
3425 2168 3438 2205 :
3491 2152 3675 2207 multa'

2098 2238 2457 2294 tribulationes
2483 2238 2771 2309 justorum,
2821 2246 2868 2290 et
2911 2236 2975 2291 de
3016 2238 3098 2291 his
3143 2238 3381 2293 omnibus
3428 2238 3673 2295 liberabit

2095 2347 2181 2386 eos
2211 2329 2483 2383 Dominus.

2169 2420 2274 2478 Sed
2289 2420 2443 2491 faciet
2467 2436 2581 2473 cum
2598 2419 2881 2472 tcntatione
2905 2420 3060 2473 etiam
3075 2428 3396 2490 proventum,
3423 2427 3477 2471 ut
3495 2419 3674 2488 possi-

2096 2514 2161 2567 tis
2193 2512 2466 2567 sustinere.
2498 2510 2614 2580 Ipse
2647 2504 2978 2565 tentationes'
3005 2525 3036 2562 a
3082 2508 3237 2563 nobis
3275 2507 3473 2563 diaboli
3515 2509 3675 2563 insu-

2094 2605 2362 2675 perabiles
2381 2602 2579 2668 aufert,
2611 2602 2750 2661 sicut
2776 2602 2827 2657 in
2853 2602 3098 2657 oratione
3124 2617 3284 2671 quant
3312 2601 3427 2671 ipse
3451 2616 3676 2672 compo-

2095 2699 2204 2754 suit
2235 2712 2333 2752 nos
2360 2696 2544 2751 docuit
2570 2710 2730 2750 orare
2769 2694 2972 2761 dicens,
3022 2703 3071 2748 et
3116 2710 3179 2749 ne
3204 2710 3298 2747 nos
3346 2694 3566 2747 inducas
3615 2693 3677 2748 in

2094 2787 2451 2850 tentationem,
2481 2799 2551 2841 ne
2572 2784 2801 2855 amplius
2835 2800 2935 2839 nos
2976 2784 3215 2854 patiatur
3243 2792 3454 2839 tentare
3480 2781 3677 2837 diabo-

2094 2876 2202 2931 lum
2234 2891 2395 2946 quam
2426 2884 2608 2929 nostra
2630 2875 2796 2944 possit
2823 2872 3086 2944 fragilitas
3110 2875 3394 2935 sustinere,
3427 2874 3517 2929 sed
3538 2872 3677 2927 [ibeo

2093 2976 2167 3021 ret
2214 2982 2308 3021 nos
2363 2966 2426 3020 ab
2480 2966 2620 3020 omni
2669 2964 2808 3018 malo
2838 3004 2853 3031 ,
2906 2963 3065 3020 Jcsus
3119 2964 3364 3019 Christus
3408 2960 3678 3021 Dominus

2094 3066 2302 3121 uoster,
2337 3057 2573 3126 quicum
2610 3055 2768 3110 Patre
2794 3066 2848 3111 et
2870 3044 3071 3125 Spiritu
3098 3064 3286 3111 sancto
3324 3055 3456 3109 vivit
3498 3064 3555 3110 et
3582 3070 3678 3111 re-

423 3170 508 3218 eo,
569 3154 674 3208 nisi
724 3155 867 3223 quod
923 3153 1122 3209 idolum
1170 3153 1483 3223 pertransiit
1535 3168 1641 3208 uno
1694 3160 1988 3219 momento,
2018 3136 2062 3201 C
2093 3156 2222 3219 gnat
2250 3148 2390 3204 Deus
2420 3162 2515 3217 per
2541 3147 2720 3203 omnia
2746 3145 2940 3202 secula
2968 3146 3310 3220 smculorum.
3337 3145 3533 3201 Amen.

426 3260 585 3320 pinna
615 3252 793 3299 autem
825 3260 943 3314 qua:
960 3243 1160 3298 idolum
1184 3243 1481 3299 colentibus
1502 3251 1836 3313 praeparatur
1858 3258 1995 3297 nun-

429 3352 587 3410 quam
625 3337 942 3406 praeteribit,
974 3335 1066 3393 sed
1093 3346 1294 3394 mterna
1318 3346 1421 3391 est.

496 3427 679 3500 Neque
714 3429 1033 3499 fornicamur
1058 3430 1191 3484 sicut
1233 3428 1445 3499 quidam
1486 3444 1551 3482 ex
1592 3427 1717 3498 ipsis
1750 3427 1995 3495 fornicati

420 3531 566 3585 sunt,
616 3528 664 3573 et
695 3519 989 3573 ceciderunt
1020 3535 1127 3572 una
1155 3517 1239 3571 die
1269 3517 1447 3587 viginti
1500 3518 1604 3571 tria
1641 3515 1829 3569 millia.
1862 3514 1996 3569 For-

419 3610 620 3665 uicatio
665 3618 867 3674 autem,
908 3607 1157 3663 similiter
1196 3607 1262 3661 ad
1309 3605 1569 3661 idolorum
1608 3605 1842 3676 pertinet
1878 3604 1995 3658 cul-

422 3711 623 3767 turam,
654 3716 773 3757 cunt
803 3708 1049 3756 creatura
1080 3714 1177 3770 pro
1217 3706 1462 3753 creatore
1489 3696 1700 3761 colitur,
1735 3702 1791 3750 et
1819 3696 1996 3749 anima

425 3794 479 3847 in
535 3794 638 3847 diis
675 3792 828 3846 vanis
886 3790 1226 3856 fornicatur,
1286 3804 1474 3844 verum
1530 3802 1786 3858 sponsum
1840 3802 1997 3841 suum

432 3885 704 3938 Christum
735 3890 1114 3945 contemnens;
1147 3879 1394 3935 similiter
1431 3888 1483 3934 et
1501 3879 1591 3948 qui
1620 3893 1818 3949 corpus
1842 3892 1999 3934 suum

427 3973 569 4043 quod
597 3974 650 4028 in
681 3972 935 4041 templum
974 3971 1075 4026 sibi
1126 3978 1407 4040 optaverat
1453 3971 1615 4031 Deus;
1661 3979 1760 4039 per
1802 3970 1999 4026 donum

431 4064 684 4136 Spiritus,
721 4063 863 4134 quod
889 4062 942 4116 in
977 4061 1245 4133 baptismo
1267 4060 1461 4137 mersis
1487 4061 1727 4126 tradidit,
1773 4076 1871 4132 per
1900 4061 2001 4116 im-

430 4154 746 4209 munditiam
777 4149 1146 4206 fornicationis
1172 4149 1425 4221 templum
1456 4149 1616 4205 eflicit
1643 4150 1864 4215 diaboli,
1888 4150 2000 4206 dis-

430 4246 618 4319 perdet
642 4245 791 4305 illum
823 4245 965 4300 Deus
1004 4242 1108 4298 nisi
1136 4241 1241 4297 cito
1271 4256 1366 4312 per
1394 4240 1760 4313 paenitentiam
1789 4250 1845 4298 et
1873 4258 2003 4298 con-

431 4339 716 4394 fessionem
768 4344 928 4406 atquc
966 4349 1061 4404 per
1101 4333 1301 4389 bonum
1352 4332 1693 4387 continentia:
1721 4341 2004 4395 convertat

2602 3249 2881 3317 HOMILIA
2920 3258 3155 3314 CXXXI.

2645 3369 2777 3410 ITEM
2817 3368 2886 3408 UT
2926 3367 3115 3408 SUPBA.

2260 3445 2442 3499 Lectio
2472 3443 2641 3498 sancti
2671 3442 2941 3513 Evangelii
2972 3443 3263 3498 secundum
3294 3442 3518 3498 Lucam.

2168 3539 2235 3592 In
2275 3538 2364 3593 illo
2403 3549 2629 3607 tempore
2657 3539 2790 3592 dixit
2819 3536 2978 3592 Iesus
3014 3538 3282 3608 discipulis
3322 3538 3432 3605 suis
3455 3554 3473 3592 :
3500 3535 3685 3592 Homo

2095 3629 2308 3701 quidam
2348 3638 2460 3682 erat
2488 3628 2650 3693 dives,
2675 3628 2764 3697 qui
2787 3627 3005 3682 habebat
3035 3626 3261 3683 villicum
3287 3642 3305 3679 :
3330 3638 3376 3681 et
3404 3627 3487 3679 hic
3516 3612 3687 3695 diﬂ'u:

2098 3730 2268 3775 matus
2287 3731 2361 3775 est
2394 3720 2532 3791 apud
2562 3720 2713 3774 illum
2734 3722 2884 3791 quasi
2906 3710 3205 3790 dissipasset
3232 3720 3362 3774 bona
3381 3718 3566 3789 ipsius.
3609 3718 3684 3772 Et

2099 3814 2293 3869 vocavit
2317 3813 2486 3879 illum,
2511 3822 2557 3867 et
2588 3814 2660 3866 ait
2683 3813 2796 3868 illi:
2834 3813 2975 3879 Quid
3003 3815 3100 3867 hoc
3125 3814 3283 3867 audio
3306 3813 3370 3867 de
3398 3823 3448 3867 te
3466 3813 3492 3866 ?
3519 3812 3687 3867 redde

2101 3904 2353 3958 rationem
2377 3902 2709 3957 villicationis
2734 3913 2858 3970 tute,
2883 3902 3002 3972 jam
3027 3903 3164 3957 enim
3194 3918 3297 3957 non
3323 3901 3517 3972 poteris
3543 3899 3686 3954 villi-

2101 4013 2243 4060 care,
2277 4004 2387 4052 etc.

2169 4087 2227 4142 ln
2258 4087 2435 4143 villico
2457 4088 2559 4143 hoc
2579 4103 2735 4158 quem
2758 4088 3015 4144 Dominus
3044 4088 3220 4142 ciebat
3240 4087 3303 4142 de
3325 4084 3689 4149 villicatioae.

2102 4186 2158 4232 et
2184 4177 2423 4234 laudavit
2456 4194 2599 4243 eum,
2635 4180 2777 4249 quod
2808 4180 2860 4234 in
2901 4178 3138 4233 futurtuu
3178 4177 3277 4234 sibi
3312 4177 3682 4247 prospexerit,

2102 4284 2209 4326 non
2224 4270 2405 4326 omnia
2427 4270 2683 4326 debemus
2709 4271 2775 4326 ad
2800 4270 3113 4325 imitandum
3134 4282 3345 4324 sumere
3366 4281 3381 4321 :
3404 4282 3511 4322 non
3532 4267 3689 4321 enim

2104 4371 2197 4417 aut
2232 4362 2462 4417 Domino
2501 4370 2686 4417 nostro
2727 4360 2970 4416 facienda
2998 4370 3083 4415 est
3115 4359 3168 4415 in
3209 4357 3584 4429 aliquofraus,
3628 4365 3693 4412 ut

432 4447 489 4484 δυ
518 4430 582 4483 ad
613 4427 895 4537 ίξθξηίίξξω
1118 4440 1300 4537 ⁵ξ¹ί¹¹¹ᾗν
1331 4424 1633 4537 θξξωξηιθθῆ
1658 4425 1716 4527 εἰ,
1744 4424 1999 4529 ίθωνίιξω
2028 4478 2080 4537 Β
2106 4452 2173 4507 de
2204 4452 2317 4521 ipsa
2344 4450 2532 4506 fraude
2558 4450 2927 4522 elecmosynas
2960 4451 3240 4516 faciamus,
3273 4424 3365 4503 aut
3386 4463 3481 4503 eos
3505 4462 3535 4501 a
3562 4448 3693 4517 qui-

433 4536 589 4573 snum
637 4517 875 4587 jejuniis,
906 4517 1126 4588 vigiliis,
1148 4514 1503 4581 orationibus,
1541 4516 1858 4587 crete-risque
1890 4518 2004 4587 pic-

437 4609 564 4663 tatis
602 4609 877 4678 operibus,
895 4608 1465 4678 elcemosynarumque
1505 4606 2006 4680 largitate,dignnm

432 4703 629 4756 iterum
656 4701 880 4754 Domino
931 4702 984 4755 in
1013 4702 1176 4756 corde
1206 4716 1303 4755 suo
1330 4701 1692 4755 habitaculum
1716 4714 2003 4772 prcharet,

438 4801 705 4856 sanctum,
745 4799 800 4845 et
848 4791 1108 4845 bonorum
1136 4804 1356 4860 operum
1392 4790 1613 4847 floribus
1663 4793 2005 4849 adornatum.

511 4879 691 4952 Neque
716 4889 968 4935 tentemus
989 4880 1253 4935 Christum
1279 4884 1412 4936 sicut
1450 4882 1662 4952 quidam
1688 4900 1866 4937 eorum
1895 4894 2007 4938 ten-

437 4981 673 5026 tuverunt
723 4980 770 5025 et
820 4988 851 5025 a
904 4972 1226 5042 serpentibus
1276 4975 1560 5043 perierunt.
1618 4973 1817 5030 Tentat
1862 4976 2008 5031 enim

440 5062 721 5118 notuinum
752 5076 905 5115 suum
933 5048 1025 5132 qui
1053 5063 1192 5118 ultra
1220 5078 1372 5118 suam
1397 5064 1565 5135 ipsius
1597 5067 1897 5120 custodiam
1927 5067 2011 5120 in-

438 5165 588 5210 certo
609 5170 666 5210 se
694 5153 931 5223 periculo
968 5155 1148 5209 tradit.
1174 5154 1436 5211 Similiter
1456 5157 1544 5227 qui
1574 5157 1808 5212 scienter
1838 5154 2013 5231 [facit]

440 5270 558 5325 qua:
585 5252 839 5308 Dominus
858 5252 1131 5321 prohibuit
1159 5268 1225 5307 nc
1242 5253 1462 5319 faceret,
1487 5268 1659 5323 eaque
1698 5252 2019 5310 facientibus

441 5354 668 5403 mortem
701 5343 958 5411 minatur,
997 5359 1104 5411 non
1145 5343 1299 5399 istam
1330 5359 1667 5401 communem
1716 5344 1811 5400 sed
1848 5342 2015 5401 ’azter-

441 5458 583 5512 nant,
615 5438 716 5495 nisi
768 5439 875 5495 cito
900 5437 1102 5494 reversi
1136 5445 1190 5493 et
1220 5435 1487 5492 emendati
1519 5453 1615 5507 per
1641 5438 2015 5509 paenitentiam

444 5534 660 5592 fuerint.

515 5622 692 5693 Neque
714 5623 1180 5687 murmuraveritis,
1198 5622 1329 5676 sicut
1350 5621 1560 5693 quidam
1588 5640 1766 5678 eorum
1788 5641 2020 5679 murmu-

442 5724 679 5768 rat'ct'ttttt
708 5724 753 5765 et
778 5716 1045 5771 uerierunt
1074 5715 1135 5768 ab
1166 5714 1586 5773 exterminatore.
1623 5713 1773 5769 Unde
1817 5731 2015 5771 caven-

2110 4541 2211 4596 bus
2237 4540 2403 4610 recipi
2433 4540 2680 4596 volumus
2709 4540 2763 4595 in
2793 4538 3135 4595 tabernacula
3164 4547 3388 4603 acterna,
3423 4548 3690 4608 tanquam

2110 4632 2383 4687 debitores
2413 4632 2506 4687 Dei
2541 4640 2597 4687 ct
2626 4630 2833 4686 Domini
2864 4632 3038 4688 nostri
3062 4630 3144 4686 fas
3171 4639 3255 4686 est
3283 4629 3528 4699 intelligi,
3556 4643 3693 4683 cum

2104 4719 2236 4791 justi
2263 4729 2318 4774 et
2347 4720 2517 4776 sancti
2554 4720 2928 4791 significentur
2965 4720 3066 4775 hoc
3102 4720 3239 4784 loco,
3269 4719 3358 4788 qui
3386 4733 3483 4773 eos
3508 4718 3697 4774 intro-

2111 4812 2316 4868 ducunt
2346 4811 2399 4866 in
2434 4811 2776 4866 tabernacula
2813 4819 3036 4876 interna,
3078 4812 3167 4880 qui
3198 4811 3277 4865 eis
3300 4811 3355 4864 in
3385 4808 3701 4864 necessita-

2112 4903 2257 4958 tibus
2293 4902 2407 4958 suis
2435 4912 2649 4958 terrena
2685 4903 2824 4957 bona
2859 4901 3414 4965 communicaverunt,
3458 4899 3528 4955 de
3567 4899 3707 4969 qui-

2114 4994 2216 5050 bus
2259 4994 2418 5050 etiam
2463 4993 2614 5058 dicit,
2655 4992 2793 5063 quod
2821 4993 2868 5046 si
2905 4992 3020 5063 quis
3058 4989 3218 5044 alicui
3255 5004 3433 5044 eorum
3471 4986 3703 5042 calicem

2117 5100 2266 5155 aqua:
2295 5082 2501 5153 frigida:
2531 5082 2727 5136 dederit
2751 5089 2956 5135 tantum
2977 5081 3033 5134 in
3053 5081 3259 5135 nomine
3286 5077 3553 5147 discipuli,
3588 5094 3707 5131 non

2117 5173 2292 5244 perdet
2322 5173 2609 5227 mercedem
2630 5188 2802 5237 suam,
2837 5170 2931 5227 sed
2955 5172 3120 5226 etiam
3149 5188 3181 5225 ε
3204 5169 3479 5225 contrario
3500 5168 3709 5223 dicun-

2121 5273 2209 5319 tur
2232 5263 2349 5318 istte
2370 5262 2768 5329 similitudines,
2795 5271 2855 5318 ut
2878 5261 3265 5333 intelligamus,
3291 5261 3334 5315 si
3361 5258 3570 5314 laudari
3603 5273 3716 5328 po-

2125 5354 2225 5407 tuit
2250 5353 2337 5409 ille
2368 5368 2398 5407 a
2426 5353 2661 5417 domino,
2691 5353 2777 5408 eui
2807 5351 3048 5408 fraudem
3073 5351 3325 5415 faciebat,
3352 5355 3557 5420 quanto
3578 5363 3718 5402 am.

2120 5444 2261 5514 plius
2290 5444 2535 5515 placeant
2567 5443 2796 5500 Domino
2823 5445 2952 5512 Deo,
2983 5444 3074 5514 qui
3099 5442 3393 5499 secundum
3415 5440 3533 5511 ejus
3556 5455 3719 5510 prse-

2122 5542 2338 5604 ceptum
2383 5533 2491 5587 ulla
2527 5548 2691 5603 opera
2719 5532 2943 5589 faciunt.
2976 5533 3152 5589 Villici
3181 5546 3309 5588 sane
3334 5528 3601 5586 vocabulo
3626 5531 3722 5584 di-

2123 5626 2293 5679 cimus
2317 5639 2425 5686 eos,
2462 5624 2551 5693 qui
2580 5624 2837 5694 pecunias
2879 5624 3111 5689 habent,
3164 5639 3271 5677 non
3302 5621 3411 5690 jam
3447 5619 3722 5675 dominos

2124 5730 2254 5779 sine,
2287 5714 2376 5767 sed
2412 5716 2598 5769 alienae
2624 5716 2803 5785 potius
2829 5716 2907 5770 rei
2935 5717 3330 5785 dispensatores
3360 5728 3480 5769 esse
3507 5711 3718 5781 dispu-

3568 315 3665 370 59':
3736 320 3747 341 ί
