3950 6184
280 330 389 385 $97

1349 338 1652 395 nonnum
1691 338 1759 395 lN
1797 298 2049 397 nunc.
2092 343 2181 398 ET
2221 344 2437 401 EPIST.

2432 269 2462 307 δ

3442 362 3544 419 598

258 457 495 520 ’tandos,
541 455 633 526 qui
665 454 708 510 si
734 453 888 525 juxta
934 454 1092 525 hujus
1132 456 1272 509 servi
1316 455 1622 527 exemplum
1671 454 1860 510 scdulo
1891 461 1939 520 Α
2038 457 2106 511 Et
2148 476 2241 528 ego
2276 460 2417 513 vobis
2461 461 2576 513 dico
2602 459 2826 517 :Facite
2862 464 3000 518 vobis
3043 468 3238 522 amicos
3278 470 3340 523 de
3384 488 3549 526 mam—

281 549 534 604 t‘miendze
577 547 921 602 villicationis
961 562 1026 601 ac
1067 547 1293 602 rationis
1337 547 1620 602 reddendm
1657 555 1868 616 tempus

277 640 649 714 praeviderint,
681 636 837 694 facile
871 648 1207 694 terrenorum
1242 639 1602 695 delectatione
1630 640 1789 695 simul
1814 649 1869 698 et

277 732 568 787 dilectione
594 729 802 793 nudati,
828 728 947 800 plus
973 729 1075 784 sibi
1104 728 1171 782 de
1198 730 1386 783 amicis
1408 730 1790 798 conquirendis
1814 730 1866 785 in

274 825 466 882 iuturo
490 841 653 897 quam
687 820 891 878 divitiis
924 823 977 878 in
1014 822 1271 894 praesenti
1310 822 1625 894 colligendis
1659 823 1868 893 prospi-

274 932 406 972 cere
435 916 726 971 curabunt.

351 1010 441 1064 Ait
481 1019 652 1064 autem
682 1007 885 1063 villicus
926 1007 1066 1060 intra
1093 1023 1169 1071 se,
1201 1002 1340 1072 Quid
1366 1006 1561 1075 faciam
1601 1006 1726 1077 quia
1761 1004 1868 1059 Do-

274 1102 455 1154 minus
486 1094 629 1154 meus
653 1097 828 1167 aufert
860 1115 890 1149 a
924 1114 1005 1161 me
1030 1088 1426 1150 villicationem?
1449 1096 1626 1165 fodere
1650 1112 1752 1150 non
1778 1113 1867 1151 va-

273 1189 358 1244 leo
381 1206 399 1241 :
431 1190 609 1245 ablata
633 1190 830 1258 quippe
854 1187 1178 1255 villicatione
1221 1185 1403 1241 fodere
1449 1201 1557 1240 non
1602 1180 1862 1249 valemus,

272 1285 405 1353 quia
430 1282 579 1337 ﬁnita
610 1282 713 1336 hac
741 1281 871 1345 vita,
904 1280 955 1334 in
985 1293 1089 1349 qua
1121 1287 1325 1334 tantum
1353 1277 1478 1333 licet
1506 1279 1742 1348 operari,
1772 1294 1866 1333 ne-

273 1390 553 1448 quaquam
593 1374 734 1429 ultra
776 1373 931 1427 bona:
967 1370 1385 1427 sonversationis
1424 1368 1658 1425 fructum
1688 1369 1865 1441 ligone

273 1471 488 1526 devota:
516 1465 950 1538 compunctionis
978 1464 1107 1520 licet
1130 1464 1427 1534 inquirere.

349 1560 654 1616 Mendicare
681 1558 946 1623 erubesco,
988 1566 1043 1612 et
1083 1564 1296 1611 etetera.
1340 1554 1647 1611 Mendicare
1676 1553 1865 1610 confu-

271 1652 448 1708 sionis
486 1658 591 1715 est,
634 1649 726 1703 illo
761 1648 968 1704 scilicet
1006 1632 1241 1717 pessimo
1279 1658 1474 1713 genere
1499 1642 1859 1719 mendicandi,

271 1757 384 1812 quo
409 1741 649 1812 virgines
681 1738 786 1794 illae
815 1735 976 1792 fatuae
1000 1730 1340 1791 mendicasse
1380 1733 1708 1798 referuntur,
1738 1748 1859 1803 qute

1972 562 2129 601 mona
2160 550 2467 618 iniquitatis,
2492 559 2568 614 ut,
2606 568 2723 605 cum
2752 553 3067 622 defeceritis,
3096 559 3349 628 recipiant
3372 579 3458 616 vos
3490 565 3550 628 in

1970 645 2166 690 a’terna
2208 637 2569 694 tabernacula.
2616 641 2918 698 Mammona
2977 645 3278 715 iniquitatis
3326 652 3396 707 ob
3448 642 3553 709 hoc

1969 728 2203 797 appellat
2226 731 2381 784 istam
2406 733 2716 800 pecuniam,
2757 750 2919 804 quam
2955 739 3292 807 possidemus
3317 744 3385 797 ad
3414 751 3551 801 tem-

1968 834 2090 887 pus,
2122 821 2247 889 quia
2271 838 2574 877 mammona
2604 824 2804 880 divitia:
2829 828 3271 900 interpretantur,
3297 852 3395 892 nec
3419 852 3547 895 sunt

1970 911 2088 967 ista:
2123 914 2341 976 divitiae,
2372 917 2475 970 nisi
2510 917 2705 988 iniquis
2731 921 2820 989 qui
2851 921 2902 976 in
2932 924 3010 978 eis
3037 929 3370 985 constituunt
3395 948 3544 1004 spent

1969 1010 2131 1072 atque
2177 1006 2388 1071 copiam
2436 1008 2785 1065 beatitudinis
2832 1028 2964 1076 sum,
3026 1015 3241 1085 ajnstis
3264 1035 3392 1076 vero
3423 1039 3545 1079 cum

1968 1092 2083 1147 haec
2111 1095 2475 1163 possidentur,
2508 1107 2591 1152 est
2620 1100 2835 1169 quidem
2879 1102 2978 1156 ista
3015 1107 3271 1173 pecunia;
3314 1111 3409 1165 sed
3438 1128 3546 1166 non

1967 1193 2093 1275 sunt
2122 1185 2225 1240 illis
2254 1187 2475 1254 divitiae,
2518 1190 2620 1243 nisi
2655 1191 2904 1247 caelestes
2929 1202 2984 1249 et
3022 1196 3309 1265 spiritales,
3354 1202 3550 1275 quibus

1968 1272 2323 1344 indigentiam
2383 1292 2535 1330 suam
2599 1278 2915 1347 spiritaliter
2944 1284 3269 1353 supplentes,
3325 1272 3546 1345 evclusa

1966 1370 2205 1431 egestate
2251 1364 2504 1429 miseriae,
2547 1365 2897 1424 beatitudinis
2935 1373 3085 1441 copia
3122 1374 3455 1433 dilabuntur.
3487 1379 3545 1436 Si

1965 1459 2144 1505 autem
2175 1452 2251 1518 hi,
2278 1454 2368 1522 qui
2396 1456 2639 1525 prmbent
2663 1456 3058 1530 eleemosynam
3084 1463 3150 1519 de
3177 1464 3358 1535 iniquo
3382 1485 3551 1523 mam-

1965 1557 2124 1597 mona
2155 1544 2361 1600 faciunt
2392 1546 2493 1600 sibi
2521 1548 2746 1613 amicos,
2785 1564 2815 1603 a
2843 1551 3038 1620 quibus
3066 1554 3118 1608 in
3145 1564 3347 1612 aeterna
3372 1558 3548 1615 taber-

1965 1634 2155 1689 nacula
2204 1635 2552 1705 recipiantur,
2599 1647 2800 1706 quanto
2841 1643 3013 1712 magis
3052 1644 3105 1698 bi
3135 1646 3226 1714 qui
3270 1648 3542 1717 spiritales

1964 1726 2267 1799 largiuntur
2291 1729 2498 1798 epulas,
2527 1731 2617 1799 qui
2643 1732 2772 1786 dant
2795 1734 2996 1792 cibaria
3029 1741 3305 1796 conservis
3333 1742 3385 1797 in
3415 1753 3548 1799 tem-

272 1836 563 1907 ingrueute
615 1842 860 1902 tempore
906 1828 1238 1900 nuptiarum,
1280 1826 1400 1881 oleo
1445 1828 1702 1881 virtutum
1731 1824 1863 1879 deli—
1890 1811 1936 1870 B
1964 1829 2094 1883 P0"?
2116 1831 2231 1877 δυο,
2280 1817 2584 1872 CCPliSSima
2626 1819 2819 1875 debent
2848 1837 2942 1892 spe
2980 1841 3204 1882 summae
3235 1831 3548 1888 retributio-

271 1925 473 1989 ciente,
504 1921 842 1993 sapientibus
867 1919 1117 1975 dixerunt
1154 1935 1167 1972 :
1210 1916 1343 1971 Date
1375 1916 1521 1970 nobis
1557 1915 1622 1969 de
1649 1913 1760 1968 oleo
1787 1931 1870 1968 ve-

269 2023 383 2068 stro
440 2012 565 2084 quia
624 2009 893 2080 lampades
951 2017 1145 2063 nostrte
1195 2007 1620 2077 exstinguuntur.
1688 2004 1756 2058 Et
1801 2001 1868 2059 de

271 2122 385 2178 quo
423 2105 679 2161 Salomon
709 2103 806 2169 ait,
848 2101 1073 2173 Pr0pter
1109 2100 1275 2171 frigus
1309 2099 1455 2169 piger
1487 2114 1641 2151 arare
1675 2095 1867 2161 noluit,

269 2195 593 2252 mendicabit
627 2210 750 2265 ergo
776 2198 956 2247 a'state
981 2199 1028 2245 et
1059 2207 1160 2244 non
1189 2188 1400 2242 dubitur
1426 2187 1492 2240 ei.

347 2287 658 2343 Convocatis
697 2286 871 2355 itaque
914 2280 1136 2354 singulis
1181 2279 1496 2335 debitoribus
1528 2276 1728 2332 domini
1759 2276 1865 2342 sui,

270 2381 477 2437 dicebat
520 2382 690 2447 primo
715 2392 734 2431 .'
766 2378 1032 2444 Quantum
1060 2375 1210 2429 debes
1239 2374 1450 2428 domino
1502 2372 1654 2428 meo?
1679 2383 1731 2425 at
1778 2370 1868 2426 ille

274 2471 416 2527 dixit
438 2475 460 2514 -'
496 2469 716 2524 Centum
754 2467 913 2521 cados
952 2465 1085 2529 olei;
1121 2464 1355 2535 dixitque
1385 2462 1503 2516 illi:
1527 2463 1714 2533 Accipe
1736 2478 1864 2516 cau-

270 2564 467 2617 tionem
497 2572 644 2614 tuam
669 2570 718 2614 et
745 2559 864 2614 sede
891 2559 1014 2623 cito,
1045 2557 1211 2611 scribe
1236 2552 1634 2626 quinquaginta.
1666 2551 1868 2606 Deinde

272 2654 369 2709 alii
391 2655 526 2708 dixit
549 2668 568 2705 :
598 2652 677 2707 Tu
712 2669 852 2716 vero,
881 2660 1133 2722 quantum
1171 2647 1360 2702 debes?
1388 2646 1476 2719 qui
1510 2644 1623 2699 ait:
1647 2642 1866 2699 Centum

269 2763 425 2802 caros
467 2746 660 2811 tritici;
701 2746 774 2799 ait
808 2743 932 2797 illi:
959 2740 1146 2813 Accipe
1177 2740 1379 2795 litteras
1435 2747 1576 2804 tuas,
1618 2745 1665 2792 et
1701 2736 1867 2791 scribe

271 2836 559 2908 octoginta.
618 2835 799 2893 Cadus
866 2832 1053 2890 Graece
1116 2831 1376 2902 amphora
1419 2838 1531 2896 est,
1584 2828 1866 2885 continens

272 2943 446 2984 urnas
480 2937 610 2984 tres.
655 2926 827 2984 Corus
860 2941 991 2982 vero
1017 2924 1214 2980 modiis
1267 2923 1487 2994 triginta
1544 2918 1863 2992 completur.

270 3020 432 3089 Quod
496 3031 676 3077 autem
744 3022 811 3077 de
865 3028 1083 3075 centum
1131 3017 1282 3073 cadis
1325 3015 1430 3071 olei
1477 3012 1864 3086 quinquaginta

273 3112 445 3169 scribi
487 3111 617 3167 fecit
656 3127 686 3166 a
726 3110 990 3177 debitore,
1042 3117 1097 3164 et
1126 3108 1193 3163 de
1230 3117 1448 3163 centum
1496 3106 1642 3160 coris
1696 3102 1861 3177 tritici

1968 1907 2054 1962 nis
2079 1908 2213 1979 erigi
2240 1922 2338 1979 per
2363 1908 2676 1980 largitorem
2704 1914 2945 1968 omnium
2974 1916 3236 1974 bonorum
3261 1920 3548 1979 Dominum

1968 2010 2211 2056 nostrum
2255 2000 2436 2058 Iesum
2475 2003 2771 2071 Christum,
2810 2008 2901 2077 qui
2934 2025 3057 2063 cum
3079 2010 3240 2068 Patre
3269 2023 3323 2069 et
3346 2014 3549 2085 Spiritu

1967 2102 2154 2148 sancto
2187 2093 2320 2148 vivit
2347 2102 2399 2150 et
2430 2105 2619 2166 regnat
2652 2096 2793 2153 Deus
2822 2113 2921 2168 per
2948 2102 3130 2157 omnia
3164 2105 3358 2161 saecula
3389 2122 3551 2164 saccu-

1968 2184 2162 2263 lorum.
2190 2187 2383 2242 Amen.

2123 2266 2151 2274 ’
2402 2294 2407 2301 ’
2467 2279 2750 2336 HOMILIA
2794 2283 3052 2339 CXXXII.

2622 2390 2777 2427 FERIA
2815 2391 2887 2431 tv.
3020 2376 3031 2385 “

1967 2459 2153 2514 Lectio
2196 2460 2448 2531 Epistolas
2487 2463 2634 2518 beati
2672 2462 2823 2519 Pauli
2871 2467 3097 2537 apostoli
3136 2469 3206 2524 ad
3246 2471 3539 2527 Romanos.

2038 2551 2274 2618 Fratres,
2296 2555 2516 2616 nescitis
2541 2557 2665 2628 quia
2692 2552 2810 2612 cum
2833 2560 3139 2616 exhibuistis
3164 2579 3251 2618 vos
3277 2580 3451 2618 servos
3473 2564 3543 2619 ad

1968 2643 2331 2710 obedientium,
2363 2646 2496 2699 servi
2536 2648 2657 2701 estis
2703 2650 2816 2719 ejus
2854 2652 2939 2704 cui
2985 2652 3253 2721 obedistis,
3293 2656 3399 2709 sive
3428 2673 3542 2726 pec-

1968 2732 2072 2786 cati
2092 2734 2146 2786 in
2172 2743 2410 2802 mortem,
2442 2736 2546 2790 sive
2577 2737 2883 2794 obeditionis
2909 2741 2978 2794 ad
2989 2742 3275 2812 justitiam.

2038 2824 2116 2881 Ne
2165 2825 2370 2897 aliquid
2414 2829 2754 2898 prolitentes,
2802 2833 2949 2889 aliud
2992 2832 3270 2905 faciamus,
3321 2849 3378 2898 et
3422 2857 3545 2899 cum

1968 2916 2109 2971 servi
2149 2916 2243 2971 Dei
2274 2917 2529 2985 dicimur,
2561 2921 2726 3004 gestis
2757 2916 2899 2977 servi
2951 2925 3147 2982 diaboli
3182 2928 3543 3002 inveniamur,

1965 3014 2265 3076 praemonet
2306 3016 2359 3063 et
2403 3007 2686 3067 denuntiat
2726 3011 2843 3081 ejus
2878 3029 2977 3069 nos
3017 3031 3202 3074 servos
3242 3036 3362 3077 esse
3391 3022 3547 3094 cujus

1970 3095 2301 3151 voluntatem
2345 3098 2626 3183 explemus
2674 3104 2964 3172 operibus:
3007 3114 3059 3161 et
3089 3124 3193 3163 non
3224 3126 3412 3181 parum
3448 3116 3548 3172 ob-

272 3205 549 3276 ocmgima
572 3244 588 3269 ’
641 3202 709 3258 ad
752 3202 884 3257 nihil
917 3200 1063 3257 aliud
1099 3200 1282 3255 valere
1311 3199 1548 3253 arbitror
1578 3197 1681 3253 nisi
1712 3176 1771 3250 υἷ
1793 3211 1856 3251 ea
1886 3196 1931 3258 ρ
1961 3201 2083 3242 esse
2129 3187 2297 3243 Deum
2346 3176 2595 3247 conﬁteri
2642 3193 2951 3264 Dominum,
2997 3209 3051 3256 et
3090 3176 3299 3260 actibus
3327 3196 3542 3267 diabolo

273 3311 394 3366 qua:
417 3292 670 3350 similiter
702 3292 844 3348 inter
882 3291 1193 3349 sacerdotes
1222 3297 1382 3361 atque
1408 3289 1627 3345 Levitas
1648 3286 1863 3344 Judzeos

272 3384 508 3457 quisque
526 3391 786 3454 operatur
811 3382 868 3437 in
890 3380 1088 3437 Christi
1116 3378 1377 3455 Ecclesia,
1402 3379 1636 3434 abundet
1654 3376 1864 3447 justitia

277 3471 393 3540 ejus
441 3486 607 3542 super
651 3470 954 3527 scribarum
995 3479 1050 3527 et
1077 3470 1491 3535 Pharisaeorum,
1526 3475 1586 3523 ut
1618 3484 1741 3524 cum
1786 3467 1863 3522 illi

275 3561 518 3617 decimas
560 3562 771 3629 darent,
823 3562 913 3617 isti
942 3562 1153 3618 divinas
1185 3560 1390 3635 [Forte,
1432 3558 1674 3633 divitias]
1712 3560 1862 3625 dent,

273 3656 414 3713 sicut
454 3671 560 3711 non
599 3657 667 3712 de
708 3657 996 3723 fructibus,
1025 3657 1121 3711 sed
1147 3656 1213 3711 de
1257 3648 1574 3726 ipsisibonis
1594 3655 1705 3711 suis
1737 3652 1865 3709 fecit

273 3750 559 3819 Zacbteus,
584 3759 679 3805 aut
706 3759 857 3807 certe
888 3750 1124 3821 duplicet
1152 3750 1410 3814 decimas,
1444 3757 1538 3802 aut
1560 3746 1695 3802 duas
1721 3746 1865 3802 deci-

277 3858 394 3903 mas
407 3841 586 3898 dando
599 3851 816 3912 superet
833 3840 1102 3912 impendia
1117 3836 1442 3894 Iudaeorum.
1463 3835 1575 3891 Nisi
1594 3834 1731 3891 forte
1742 3834 1867 3906 quis

277 3933 598 4004 simpliciter
627 3931 997 4001 accipiendum
1030 3938 1199 4002 putet,
1228 3929 1371 4000 quod
1398 3929 1574 3984 onmis
1601 3928 1695 3997 qui
1724 3926 1863 3981 indi-

277 4024 515 4094 gentiam
566 4021 854 4093 cujuslibet
893 4020 1145 4091 pauperis
1204 4027 1538 4084 sanctorum,
1576 4016 1662 4072 vel
1689 4032 1755 4071 ex
1785 4015 1867 4071 di-

280 4115 440 4169 midia
491 4112 576 4169 vel
624 4121 772 4169 certe
819 4126 887 4166 ex
932 4111 1119 4180 quinta
1167 4119 1340 4181 parte,
1372 4115 1633 4181 quantum
1675 4106 1866 4177 viginti

278 4205 360 4259 vel
388 4205 783 4275 quinquaginta
811 4203 880 4257 ad
912 4211 1133 4258 centum
1159 4209 1302 4267 sunt,
1332 4198 1687 4265 alleviaverit,
1714 4206 1865 4253 certa

277 4311 387 4351 sua:
415 4295 808 4350 misericordiae
837 4295 909 4349 sit
936 4292 1188 4348 mercede
1214 4292 1514 4347 donandus.

1965 3279 2230 3369 famulari.
2275 3281 2409 3338 Nam
2451 3285 2553 3339 hoc
2591 3286 2720 3342 olim
2766 3288 2908 3346 Deus
2952 3292 3172 3351 denotat
3208 3306 3263 3351 et
3292 3311 3535 3369 accusat,

1963 3368 2167 3436 dicens,
2184 3366 2338 3426 Plebs
2360 3373 2472 3428 [nec
2494 3374 2647 3430 labiis
2666 3393 2747 3431 me
2771 3380 3014 3449 honorat,
3045 3400 3137 3438 cor
3156 3396 3330 3442 autem
3357 3366 3541 3448 eorum

1964 3462 2115 3535 longe
2137 3473 2211 3519 est
2240 3484 2271 3520 a
2294 3482 2409 3533 me;
2448 3475 2505 3524 et
2527 3468 2792 3526 Dominus
2821 3472 2898 3528 ait
2922 3474 2977 3528 in
3012 3475 3303 3548 Evangelio
3330 3498 3344 3536 :
3370 3481 3540 3537 Nemo

1964 3564 2127 3622 potest
2157 3556 2358 3611 duobus
2395 3558 2620 3614 dominis
2651 3577 2874 3630 servire;
2912 3572 2967 3617 et
2992 3565 3044 3619 in
3068 3565 3183 3638 lege
3208 3552 3408 3625 dictum
3437 3580 3540 3640 est,

1964 3645 2107 3700 Deus
2136 3663 2238 3700 non
2264 3649 2531 3706 irridetur.
2571 3651 2685 3707 Hoc
2722 3662 2806 3708 est
2842 3669 2971 3725 ergo
3008 3659 3150 3727 quod
3193 3660 3249 3714 in
3277 3662 3381 3718 boc
3424 3663 3543 3720 loca

1965 3735 2254 3806 Apostolus
2277 3737 2457 3806 docet,
2487 3742 2613 3810 quia
2644 3747 3013 3816 unusquisque
3042 3748 3099 3803 in
3128 3764 3289 3807 manu
3324 3769 3418 3809 sua
3448 3756 3547 3813 ba-

1964 3829 2057 3884 bet
2078 3838 2132 3883 et
2155 3829 2206 3883 in
2234 3829 2447 3918 arbitrii
2476 3841 2767 3902 potestate,
2792 3844 2852 3890 ut
2876 3846 2971 3892 aut
2993 3841 3198 3907 peccati
3234 3857 3424 3900 servus
3453 3847 3543 3913 sit,

1966 3928 2058 3974 aut
2080 3921 2327 3992 justitite,
2365 3922 2433 3978 ad
2464 3939 2845 3996 quamcunque
2884 3929 3029 3985 enim
3063 3942 3273 4001 partem
3304 3932 3545 3992 declina-

1965 4012 2106 4066 verit
2137 4012 2412 4080 obediens,
2428 4022 2483 4069 et
2496 4014 2798 4087 cuicunque
2820 4032 3011 4089 parere
3032 4021 3282 4090 voluerit,
3307 4024 3422 4081 haec
3443 4027 3547 4082 sibi

1965 4118 2089 4159 eum
2114 4104 2599 4171 vindicatservum,
2619 4106 2673 4161 in
2697 4124 2826 4179 quo,
2842 4119 2901 4164 ut
2921 4111 3052 4177 dixi,
3071 4114 3273 4186 absque
3296 4115 3401 4172 ulla
3416 4134 3548 4174 cun-

1965 4195 2200 4251 ctationc
2224 4197 2275 4251 in
2305 4197 2459 4253 nobis
2487 4214 2607 4253 esse
2632 4201 2869 4256 ostendit
2890 4205 3118 4275 arbitrii.
3131 4205 3455 4275 libertatem,
3491 4211 3545 4265 in

1966 4286 2121 4343 nobis
2144 4304 2378 4359 namque
2398 4299 2482 4345 est
2507 4292 2764 4346 exhibere
2790 4294 3150 4350 obedientiam
3170 4307 3433 4366 nostram,
3462 4303 3549 4358 vel

349 4387 417 4441 Et
447 4388 686 4441 laudavit
707 4387 948 4441 dominus
973 4385 1204 4440 villicum
1242 4385 1552 4454 iniquitatis,
1582 4383 1709 4455 quia
1732 4401 1862 4453 pru-
1957 4376 2226 4446 justitiam
2264 4380 2347 4434 vel
2373 4391 2679 4452 peccatum.
2716 4382 2885 4437 Nemo
2921 4394 3100 4439 autem
3126 4395 3306 4455 potest
3335 4390 3548 4447 duobus

279 4481 459 4534 denter
491 4479 693 4549 fecisset
722 4494 739 4531 :
766 4479 890 4549 quia
936 4477 1036 4547 filii
1079 4477 1239 4547 hujus
1278 4475 1459 4530 smculi
1497 4476 1863 4545 prudentiores

1966 4472 2125 4527 simul
2164 4473 2397 4529 dominis
2434 4476 2657 4541 servire,
2679 4485 2904 4545 peccato
2929 4487 2983 4532 et
3001 4476 3244 4547 justitite,
3278 4492 3372 4537 aut
3396 4486 3541 4541 enim

277 4570 401 4638 ﬁliis
445 4570 580 4623 lucis
606 4569 663 4623 in
691 4569 1024 4640 generatione
1048 4582 1144 4621 sua
1169 4575 1308 4620 sunt.
1335 4565 1568 4620 Audiant
1595 4565 1865 4635 sapientes
1891 4549 1942 4607 D
1970 4577 2135 4615 unum
2157 4562 2281 4616 odio
2309 4563 2545 4629 habebit,
2575 4574 2857 4634 peccatum
2879 4567 3104 4634 scilicet,
3130 4579 3186 4626 et
3212 4571 3375 4627 alium
3401 4591 3551 4630 ama-

280 4663 442 4731 hujus
463 4661 666 4725 saeculi,
702 4670 761 4715 ut
785 4660 1008 4716 stultam
1041 4657 1359 4730 sapientiam
1389 4657 1662 4721 deserere,
1692 4666 1746 4711 et
1775 4672 1868 4713 sa-

277 4755 516 4823 pientem
555 4752 649 4806 Dei
666 4751 961 4812 stultitiam
989 4758 1192 4820 queant
1217 4747 1448 4815 discere,
1470 4749 1656 4818 quanti
1679 4763 1867 4804 eorum

280 4842 601 4915 sapientiam
648 4841 831 4896 divina
872 4842 1100 4911 aequitas
1151 4840 1537 4897 testimaverit:
1569 4856 1707 4911 quos
1760 4855 1868 4895 non

277 4946 405 4988 vere
446 4933 745 5003 prudentes
791 4932 886 4987 sed
928 4931 982 4986 in
1029 4932 1376 5004 generatione
1429 4946 1525 4986 sua
1574 4931 1869 5002 prudentes

278 5038 398 5077 esse
442 5031 853 5079 commemorat.
898 5022 1058 5078 Juxta
1090 5024 1211 5089 hoc,
1260 5023 1402 5093 quod
1450 5022 1577 5077 alibi
1626 5022 1860 5078 dicitur:

294 5110 380 5167 Vae
403 5113 495 5178 qui
522 5114 781 5183 sapientes
810 5115 930 5169 estis
960 5115 1017 5168 in
1051 5114 1216 5169 oculis
1250 5116 1451 5178 vestris,
1493 5124 1540 5169 et
1571 5130 1745 5168 coram
1774 5131 1864 5168 ro-

281 5201 593 5272 bismetipsis
629 5205 926 5272 prudentes,
958 5222 1048 5259 nec
1078 5221 1181 5259 non
1202 5215 1461 5259 amatores
1487 5214 1695 5259 trternw
1716 5204 1867 5270 vine;

284 5290 421 5347 ﬁlios
468 5292 605 5347 lueis
647 5294 963 5363 appellando
990 5310 1096 5350 non
1140 5294 1285 5349 aliud
1332 5310 1426 5349 eos
1469 5295 1559 5364 qui
1604 5295 1872 5363 sapientes

281 5393 406 5437 sunt
435 5394 492 5439 ut
523 5381 725 5439 faciant
765 5385 926 5450 mala,
966 5386 1105 5441 bene
1135 5394 1316 5439 autem
1346 5384 1526 5439 facere
1564 5385 1875 5439 nescierunt

286 5491 439 5546 quam
472 5478 613 5534 filios
634 5493 755 5533 esse
784 5477 1126 5533 tenebrarum
1159 5496 1172 5532 ;
1208 5477 1302 5532 lilii
1324 5484 1511 5532 alitem
1542 5477 1676 5531 lucis
1702 5486 1755 5529 et
1778 5476 1872 5530 lilii

282 5564 439 5637 ltujus
459 5570 645 5624 saeculi
667 5578 951 5636 vocantur,
989 5572 1259 5639 quomodo
1282 5568 1374 5623 ﬁlii
1399 5570 1549 5638 regni
1566 5578 1622 5622 et
1639 5568 1729 5622 lilii
1752 5583 1875 5636 per-

284 5660 517 5718 ditionis.
543 5661 711 5732 Cujus
734 5664 878 5719 enim
908 5663 1018 5735 agit
1058 5664 1286 5734 quisque
1312 5678 1498 5733 opera,
1521 5663 1637 5733 ejus
1669 5677 1870 5733 cogno-

285 5754 521 5811 minatur
545 5768 602 5812 et
635 5754 795 5809 ﬁlius.

1973 4652 2073 4718 bit,
2100 4650 2152 4709 id
2181 4662 2284 4719 est,
2309 4653 2596 4723 justitiam.
2651 4654 2759 4711 Aut
2789 4674 2955 4713 unum
2989 4660 3242 4730 patietur,
3267 4674 3550 4734 peccatum

1979 4741 2264 4811 duntaxat,
2311 4754 2366 4800 et
2413 4744 2578 4801 alium
2626 4756 2959 4817 contemnet,
3010 4750 3061 4804 id
3106 4761 3220 4819 est,
3258 4754 3546 4825 justitiam.

1976 4835 2168 4892 Simile
2197 4853 2328 4908 ergo
2357 4847 2460 4905 est,
2491 4849 2545 4894 ct
2569 4840 2709 4910 quod
2743 4841 2880 4897 dixit
2905 4842 3215 4914 Apostolus,
3255 4849 3387 4901 servi
3427 4851 3551 4903 estis

1974 4927 2112 4997 ejus,
2146 4928 2229 4981 cui
2250 4928 2512 4994 obedistis,
2552 4931 2657 4985 sire
2695 4933 2912 5002 peccati,
2951 4937 3059 4988 sive
3081 4935 3323 5006 justitia’.
3363 4937 3468 4995 Sed
3498 4950 3553 4995 et

1975 5019 2152 5073 omnis
2181 5019 2270 5088 qui
2304 5029 2582 5090 peccatum
2613 5019 2765 5087 facit,
2793 5038 2981 5080 servus
3006 5034 3088 5080 est
3111 5028 3339 5096 peccati,
3360 5028 3555 5085 adhoc

1974 5108 2197 5180 respicit
2224 5110 2472 5179 quamvis
2508 5127 2614 5165 non
2643 5112 2919 5183 adjeccrit,
2957 5125 3012 5170 et
3034 5117 3213 5171 onmis
3242 5117 3334 5187 qui
3364 5116 3555 5172 fecerit

1970 5199 2261 5269 justitiam,
2302 5216 2491 5256 servus
2533 5211 2618 5257 est
2653 5201 2898 5272 justitia).
2938 5207 3093 5274 Quod
3136 5210 3379 5265 fortassis
3403 5218 3555 5279 putt-t

1981 5292 2102 5347 aliis
2150 5292 2351 5347 idcirco
2399 5294 2770 5363 subrelictum,
2802 5300 3039 5368 utquasi
3067 5314 3133 5354 ex
3176 5300 3553 5369 consequenti-

1975 5386 2077 5438 bus
2127 5383 2321 5438 debeat
2371 5383 2616 5456 intelligi,
2676 5387 2807 5441 mibi
2853 5397 3030 5443 tamen
3069 5389 3279 5451 videtur
3305 5388 3553 5446 consulto

1976 5493 2082 5531 non
2111 5476 2372 5541 additum,
2419 5492 2594 5546 neque
2649 5479 2793 5533 enim
2839 5482 3191 5537 conveniebat
3236 5481 3362 5545 dici,
3422 5479 3552 5551 quia

1973 5570 2151 5624 omnis
2175 5568 2265 5637 qui
2292 5567 2701 5637 facitjustitiam
2733 5587 2921 5628 servus
2950 5582 3031 5627 est
3069 5572 3306 5643 justitim,
3338 5580 3394 5625 ut
3433 5587 3553 5626 om-

1975 5664 2059 5717 nis
2082 5662 2173 5732 qui
2202 5661 2334 5716 facit
2377 5674 2656 5731 peccatum
2702 5679 2891 5720 servus
2917 5674 3000 5720 est
3041 5666 3243 5734 peccati
3274 5683 3286 5719 :
3318 5680 3440 5719 nam
3494 5672 3552 5720 et

1973 5760 2089 5822 ipse
2137 5751 2381 5807 diabolus
2417 5754 2533 5809 sine
2561 5753 2723 5810 dubio
2755 5756 2959 5824 peccati
3001 5763 3322 5824 servusest,
3352 5756 3552 5826 quippe
