3950 6184
418 300 522 355 53'.)

1053 304 1113 357 Β.
1156 304 1410 360 RABANI
1448 304 1669 361 MAURI
1705 301 2023 358 ARCIIIEP.
2066 301 2376 360 MOGUNT.
2419 302 2705 361 OPERUM
2742 303 2922 361 PARS
2962 305 3028 365 ιι.

3584 309 3685 365 400

353 400 356 403 ’
417 416 508 485 qui
542 414 789 470 discessit
816 430 845 469 a
871 415 1127 471 servitute
1146 414 1371 485 justitim
1402 423 1458 471 et
1487 415 1541 470 in
1569 423 1860 486 conspectu
1891 414 1997 471 Do-
2025 417 2073 477 Α
2095 412 2323 484 justitiae
2367 430 2466 485 per
2504 414 2886 483 obedientiam,
2931 416 3075 472 Deus
3110 416 3288 472 tradat
3310 425 3371 473 ut
3397 416 3682 476 instituan—

417 507 551 561 mini
591 502 974 576 omnipotentis
1012 507 1313 570 rebellavit,
1355 518 1577 578 propter
1612 508 1755 579 quod
1785 515 1840 562 et
1876 520 1999 577 apo-

418 608 558 653 stata
587 597 885 669 appellatus
910 606 1012 653 est.
1047 595 1273 653 Constat
1298 612 1429 669 ergo
1453 614 1519 653 ex
1545 598 1630 652 his
1658 596 1999 677 sermonibus

414 689 591 752 Pauli,
620 688 811 758 quibus
841 689 991 751 dicit,
1021 689 1145 758 quia
1177 690 1263 743 cui
1298 707 1385 744 vos
1418 690 1669 745 exhibclis
1716 706 1888 745 servos
1927 690 1997 744 ad

418 780 781 847 obedientium,
812 779 944 833 servi
980 779 1221 852 estisejus
1244 778 1607 846 cuiobedistis,
1652 780 1758 835 sive
1801 779 1998 850 peccati

418 872 522 925 sive
539 869 786 939 justititv,
814 869 937 939 quia
962 878 1154 939 sponte
1179 882 1365 926 nostra
1389 870 1491 941 ipsi
1516 871 1833 926 exhibemus
1854 869 1999 926 nullo

419 969 644 1029 cogente
671 958 754 1012 vel
788 967 1012 1028 peccato
1041 962 1247 1017 servire
1273 961 1358 1016 vel
1378 960 1602 1030 iustitiae
1628 977 1726 1033 per
1751 961 2000 1017 obedien-

420 1052 550 1105 tiam
580 1058 844 1117 nostram,
869 1060 924 1107 et
950 1052 1070 1108 ideo
1099 1054 1291 1108 horum
1321 1069 1534 1125 semper
1574 1052 1883 1109 meminisse
1907 1052 2001 1112 de-

417 1142 628 1208 bemus,
678 1158 746 1198 ns
792 1144 982 1199 inanes
1009 1144 1257 1214 querelas
1303 1144 1358 1199 in
1404 1145 1613 1214 peccati
1653 1143 2001 1200 excusatione

417 1235 791 1304 proferamus,
836 1235 1076 1290 dicentes
1117 1236 1243 1306 quia
1305 1235 1551 1291 diabolus
1605 1235 1733 1291 fecit
1765 1242 1823 1290 ut
1870 1249 2000 1306 pec-

418 1335 572 1382 cator
624 1341 820 1391 essem,
905 1334 998 1381 aut
1064 1335 1273 1383 natura:
1322 1329 1636 1394 necessitas,
1686 1335 1780 1382 aut
1822 1326 2000 1383 fatalis

418 1417 676 1483 conditio,
726 1425 820 1472 aut
868 1433 1060 1473 cursus
1099 1427 1409 1485 astrorum;
1460 1420 1554 1474 sed
1608 1419 1732 1475 audi
1759 1427 2000 1489 apertam

418 1505 568 1561 Pauli
600 1507 943 1574 sententiam,
976 1522 1081 1578 qua
1110 1508 1260 1574 dicit,
1285 1510 1370 1561 cui
1412 1505 1661 1564 exhibetfs
1703 1525 1794 1563 vos
1827 1524 2001 1563 servos

417 1597 488 1650 ad
521 1597 884 1665 obedientium,
917 1599 1050 1653 servi
1077 1600 1199 1653 estis
1224 1599 1338 1669 ejus
1361 1600 1447 1654 cui
1472 1600 1735 1669 obedistis,
1765 1600 1871 1655 sive
1892 1616 2005 1670 pec-

416 1688 524 1742 cati
553 1690 659 1743 sive
679 1689 928 1759 justitiaz.

2100 511 2190 558 tur
2209 512 2263 559 et
2283 504 2620 571 imbuantur,
2656 504 2953 560 secundum
2982 504 3210 560 formam
3235 503 3480 576 justitiaz,
3511 517 3684 564 movet

2098 609 2187 650 me
2225 594 2388 650 etiam
2420 594 2544 661 hoc,
2582 595 2726 665 quod
2760 611 2868 651 non
2908 595 3046 651 dixit
3089 596 3352 653 obedistis
3398 612 3468 652 ex
3521 599 3684 655 corde

2097 685 2378 751 doctrinae,
2414 686 2466 740 in
2502 699 2664 755 quam
2711 686 2898 741 traditi
2944 687 3097 753 estis,
3150 687 3247 743 sed
3295 686 3534 744 formam
3589 691 3682 746 do-

2096 773 2289 831 ctrinae
2334 777 2553 846 posuit:
2600 791 2701 832 nec
2739 786 2869 847 puto
2909 779 3055 848 quod
3094 794 3259 833 unum
3298 795 3420 835 esse
3459 782 3685 838 senserit

2098 869 2392 940 Apostolus
2420 870 2727 925 doctrinam
2755 876 2812 926 et
2839 870 3069 926 formam
3102 872 3383 929 doctrinae.
3419 872 3526 929 Sed
3555 874 3685 929 mihi

2097 960 2311 1016 videtur
2352 962 2497 1032 quod
2543 960 2771 1018 formam
2810 962 3072 1020 doctrinae
3120 966 3301 1020 minus
3330 980 3451 1022 esse
3479 965 3683 1029 scierit,

2096 1065 2263 1122 quam
2290 1051 2464 1122 ipsam
2496 1053 2826 1120 doctrinam,
2859 1064 2914 1109 et
2942 1069 3090 1110 nunc
3115 1056 3334 1125 quidem
3358 1057 3412 1111 in
3432 1055 3682 1128 praesenti

2101 1140 2213 1195 vita
2241 1141 2366 1196 dum
2393 1141 2448 1196 in
2484 1157 2711 1213 corpore
2759 1134 2967 1210 sumus,
3009 1152 3065 1199 et
3103 1153 3361 1216 aggravet
3411 1152 3682 1200 terrenum

2100 1230 2204 1286 hoc
2242 1232 2606 1287 habitaculum
2646 1248 2862 1290 sensum
2890 1233 3056 1289 multa
3084 1236 3433 1307 cogitantem,
3458 1233 3682 1291 formam

2101 1321 2360 1376 doctrinae
2385 1321 2667 1389 habemus,
2699 1337 2809 1378 non
2836 1323 3010 1395 ipsam
3033 1325 3356 1392 doctrinam,
3383 1325 3524 1381 sicut
3543 1326 3681 1383 idem

2099 1409 2386 1483 Apostolus
2406 1411 2462 1467 in
2483 1412 2602 1468 aliis
2626 1413 2755 1470 dicit
2779 1431 2792 1469 :
2818 1412 2979 1487 Nunc
3004 1426 3179 1471 autem
3202 1416 3431 1471 videmus
3455 1435 3549 1488 per
3570 1435 3683 1488 spe-

2101 1500 2277 1554 culum
2307 1502 2362 1557 in
2388 1503 2685 1574 mnigmate,
2714 1504 2829 1575 ipsa
2854 1513 3034 1561 autem
3061 1506 3305 1562 doctrina
3345 1508 3437 1573 sit,
3478 1509 3545 1562 de
3579 1523 3682 1578 qua

2102 1594 2251 1662 dicit,
2282 1605 2405 1651 tunc
2427 1605 2602 1650 autent
2640 1596 2935 1652 videbimus
2957 1599 3095 1668 facie
3116 1598 3186 1652 ad
3208 1598 3417 1668 faciem.
3448 1599 3602 1655 Unde
3630 1609 3681 1655 et

2102 1686 2156 1742 in
2183 1687 2436 1758 praesenti
2461 1687 2567 1766 vita
2596 1696 2750 1758 puto,
2791 1690 2936 1759 quod
2972 1688 3201 1745 formam
3241 1700 3403 1763 atque
3438 1694 3681 1748 umbram

488 1779 701 1836 Gratias
731 1790 904 1837 autem
936 1782 1067 1849 Deo,
1105 1781 1244 1853 quod
1280 1775 1455 1852 fuistis
1478 1782 1611 1837 servi
1633 1783 1855 1853 peccati,
1882 1779 2002 1835 obe—
2029 1770 2075 1830 B
2101 1778 2361 1833 virtutum
2391 1786 2573 1834 tenere
2601 1779 2906 1849 possimus:
2933 1781 3081 1850 ipsas
3122 1797 3252 1837 vero
3286 1783 3516 1838 virtutes
3561 1791 3685 1837 tunc

417 1874 566 1927 divtis
590 1883 763 1927 autem
801 1890 867 1927 ex
891 1873 1046 1928 corde
1071 1874 1125 1928 in
1148 1890 1263 1928 eam
1282 1873 1508 1945 formam
1536 1872 1787 1928 doctrinm
1815 1872 1868 1925 in
1896 1888 2000 1943 qua

418 1964 603 2018 traditi
652 1965 792 2018 estis.
844 1963 1137 2020 Credentes
1187 1973 1367 2019 autem
1424 1964 1478 2019 in
1528 1958 1803 2019 Christum
1858 1961 2001 2018 servi

418 2056 549 2110 facti
580 2071 766 2111 sumus
800 2056 1047 2127 iustitiae,
1095 2056 1211 2128 ejus
1263 2056 1409 2111 enim
1461 2055 1602 2111 servi
1644 2055 1875 2111 dicimur
1914 2053 2001 2109 cui

418 2146 722 2211 obedimus,
751 2155 806 2203 et
829 2148 955 2218 quia
971 2146 1180 2216 justum
1203 2157 1285 2204 est
1308 2146 1527 2203 obedire
1546 2145 1782 2212 Christo,
1812 2157 1867 2201 et
1888 2146 2002 2217 ipse

418 2240 564 2296 enim
580 2236 792 2307 justitia
818 2248 920 2305 est,
949 2248 1002 2294 et
1025 2255 1144 2310 qua:
1172 2240 1425 2319 praecepit
1446 2239 1593 2310 justa
1625 2247 1771 2305 sunt,
1800 2238 2002 2293 idcirco

420 2332 552 2387 dicit
576 2348 747 2386 servos
774 2348 866 2386 nos
896 2331 1060 2401 factas
1079 2330 1329 2402 justititv,
1357 2345 1422 2385 ex
1448 2331 1610 2386 corde
1638 2346 1744 2386 non
1769 2344 1837 2385 cx
1863 2328 1999 2399 lege,

419 2432 480 2478 ut
506 2422 772 2493 professio
814 2430 1000 2478 nostra
1037 2422 1202 2477 animi
1224 2420 1429 2492 judicio
1458 2429 1760 2493 promatur,
1785 2436 1883 2490 per
1908 2434 2004 2473 na-

420 2523 599 2570 turam
630 2514 777 2569 enim
807 2512 1010 2569 inducti
1048 2528 1234 2568 sumus
1255 2512 1321 2567 ad
1360 2512 1519 2568 ﬁdem
1561 2528 1666 2567 non
1692 2526 1787 2581 per
1805 2510 2000 2581 legem,

384 2604 475 2683 ‘in
522 2620 628 2674 qua
668 2604 844 2659 forma
885 2604 1166 2673 doctrinm,
1214 2604 1319 2659 Dei
1356 2603 1582 2674 imperio
1624 2601 1753 2657 facti
1793 2616 1999 2667 sumus,

420 2699 513 2768 qui
568 2697 722 2753 finxit
770 2706 1044 2763 naturam,
1091 2699 1147 2753 in
1202 2709 1393 2753 natura
1445 2697 1589 2752 enim
1638 2695 1898 2750 habemus
1941 2700 2003 2747 ut

423 2802 814 2859 cognoscamus
841 2803 871 2842 a
898 2802 1006 2858 quo
1044 2795 1099 2841 et
1120 2803 1223 2858 per
1259 2802 1417 2856 quem
1464 2796 1520 2841 et
1564 2786 1618 2842 iu
1664 2798 1769 2853 quo
1818 2797 2003 2839 sumus

420 2878 613 2934 creati.
666 2878 862 2933 Forma
908 2892 1038 2946 ergo
1079 2877 1338 2933 doctrinm
1374 2876 1542 2932 estin
1583 2891 1742 2945 quam
1785 2874 2004 2930 tradidit

420 2985 521 3024 nos
568 2977 783 3024 creator
828 2968 1170 3034 naturaliter,
1216 2967 1319 3023 hoc
1354 2976 1458 3034 est,
1485 2966 1628 3037 quod
1656 2981 1816 3037 supra
1845 2965 1999 3046 dixit,

2103 1885 2225 1926 cum
2255 1873 2501 1926 venerint
2542 1872 2631 1926 illa
2672 1887 2791 1942 qum
2819 1872 3055 1942 perfecta
3098 1881 3241 1938 sunt,
3270 1884 3329 1930 et
3359 1874 3480 1931 ideo
3507 1875 3685 1944 justus

2102 1975 2247 2015 nunc
2271 1961 2440 2032 magis
2461 1969 2519 2015 ut
2553 1962 2687 2016 mihi
2708 1962 2919 2017 videtur
2941 1962 2996 2018 in
3022 1962 3211 2019 umbra
3238 1964 3494 2018 virtutum
3520 1978 3685 2033 quam

2102 2052 2155 2107 in
2185 2053 2317 2124 ipsis
2339 2053 2630 2109 virtutibus
2658 2054 2812 2109 vivit.

2169 2144 2401 2202 Liberali
2430 2157 2602 2201 autem
2634 2165 2666 2202 a
2693 2159 2927 2220 peccato,
2967 2148 3100 2203 servi
3130 2149 3257 2219 facti
3287 2151 3408 2205 estis
3436 2150 3684 2221 iustitia.

2101 2235 2377 2308 Expositio
2400 2247 2484 2293 est
2521 2239 2575 2292 in
2603 2238 2690 2293 his
2715 2253 2900 2294 eorum
2922 2253 3040 2309 qme
3072 2240 3321 2310 superius
3342 2241 3597 2297 diximus.
3628 2239 3686 2296 Si

2102 2329 2248 2384 enim
2290 2326 2428 2382 ultra
2468 2342 2573 2383 non
2617 2328 2866 2384 servietis
2901 2338 3142 2398 peccato,
3194 2339 3402 2386 certum
3427 2340 3512 2386 est
3541 2333 3713 2401 quod”

2102 2417 2316 2474 liberati
2342 2420 2411 2475 ab
2437 2434 2502 2474 eo
2532 2419 2673 2474 servi
2718 2418 2846 2491 facti
2884 2420 3015 2475 estis
3043 2420 3289 2491 justitim,
3325 2421 3420 2476 sed
3451 2421 3685 2491 requiri«

2104 2517 2210 2574 tur,
2246 2509 2369 2579 quis
2400 2516 2484 2563 est
2521 2508 2613 2579 qui
2652 2508 2849 2566 liberat
2885 2524 2918 2563 a
2953 2519 3221 2580 peccato:
3260 2510 3377 2566 sine
3405 2510 3570 2565 dubio
3595 2525 3684 2566 ve-

2105 2600 2283 2655 ritatis
2304 2600 2526 2671 agnitio.
2561 2600 2652 2656 Sic
2679 2601 2823 2656 enim
2851 2601 3061 2657 dicebat
3083 2599 3240 2657 Jcsus
3262 2604 3331 2657 ad
3349 2600 3565 2658 Judteos
3593 2600 3687 2673 qui

2102 2691 2449 2747 crediderunt
2472 2692 2543 2757 ei,
2573 2691 2634 2747 Si
2666 2693 2988 2747 credideritis
3028 2693 3176 2748 verbo
3219 2710 3353 2760 meo,
3396 2696 3689 2765 agnoscetis

2102 2780 2390 2847 veritatem,
2406 2791 2451 2834 et
2482 2780 2674 2835 veritas
2700 2781 2937 2836 liberabit
2960 2800 3065 2837 vos.
3095 2782 3304 2838 Veritas
3324 2790 3407 2838 est
3422 2798 3553 2855 ergo
3571 2797 3693 2855 qua

2103 2870 2300 2927 liberat
2319 2887 2348 2925 a
2370 2883 2615 2943 peccato,
2637 2881 2692 2928 et
2718 2873 2960 2930 veritatis
2985 2874 3215 2946 agnitio;
3243 2882 3448 2932 certum
3478 2884 3566 2931 est
3596 2891 3695 2930 au-

2104 2969 2212 3017 tem
2241 2963 2366 3035 quia
2386 2964 2562 3020 omnis
2579 2963 2670 3034 qui
2689 2962 2950 3020 liberatus
2969 2962 3132 3019 fuerit
3166 2979 3198 3019 a
3225 2962 3695 3036 peccatojustitim

422 3062 523 3131 ipsi
546 3061 645 3115 sibi
672 3059 756 3114 lea:
775 3069 920 3127 sunt,
949 3059 1076 3113 dum
1117 3058 1288 3113 vident
1326 3069 1529 3113 natura:
1567 3076 1678 3114 suae
1713 3076 1823 3113 esse
1862 3058 2001 3131 quod
2047 3128 2065 3131 _
2106 3055 2325 3110 serviat.
2357 3053 2513 3122 Quod
2554 3064 2734 3111 autem
2769 3055 2999 3112 dicimus
3032 3055 3260 3127 iustitiae
3294 3058 3512 3123 serviat,
3552 3070 3690 3127 quo.

422 3128 662 3217 credunt,
684 3158 744 3205 ut
765 3151 908 3222 quod
934 3150 1134 3207 Iudicis
1156 3149 1242 3205 lex
1269 3158 1323 3205 et
1348 3150 1622 3221 propheta:
1645 3128 2006 3221 praedicarunt
2032 3128 2077 3192 Ο
2108 3147 2481 3218 niamjustitia
2503 3164 2608 3204 una
2643 3157 2726 3204 est
2758 3162 2827 3205 ex
2856 3149 3122 3205 virtutum
3148 3150 3344 3217 choro,
3372 3148 3553 3205 simile
3586 3155 3696 3213 est,

423 3242 489 3297 de
513 3241 750 3308 Christo,
781 3243 884 3311 hoc
917 3240 1145 3313 gentiles
1194 3256 1260 3296 ex
1307 3241 1470 3297 corde
1523 3242 1817 3298 confidant.
1867 3240 2007 3297 Hinc

424 3332 592 3387 refert
628 3332 830 3403 gratias
862 3331 1112 3398 Domino,
1137 3332 1264 3403 quia
1290 3347 1412 3388 cum
1441 3347 1683 3388 essemus
1714 3331 1852 3387 servi
1881 3346 2006 3403 pec-

423 3425 528 3481 cati
558 3424 894 3480 obedivimus
927 3438 995 3480 ex
1036 3425 1199 3481 corde
1239 3425 1519 3481 credentes
1549 3424 1605 3479 in
1634 3423 1908 3480 Christum
1945 3431 2006 3479 ut

424 3513 754 3572 scrviiemus
778 3516 909 3585 Deo,
941 3524 1061 3573 non
1078 3532 1175 3589 per
1197 3517 1368 3589 legem
1394 3515 1561 3588 Moysi
1588 3516 1682 3572 sed
1715 3530 1811 3587 per
1836 3515 2007 3587 legem

423 3616 652 3662 naturae.
702 3607 853 3675 Quod
900 3607 1046 3664 enim
1090 3606 1221 3664 dicit
1258 3608 1458 3679 gratias
1494 3606 1626 3673 Deo,
1669 3607 1793 3678 quia
1832 3604 2007 3676 fuistis

422 3698 556 3752 servi
579 3698 797 3769 peccati,
825 3697 1062 3754 ostendit
1095 3713 1286 3754 omnes
1325 3696 1573 3753 homines
1600 3697 1777 3768 primo
1804 3694 2009 3753 servire

424 3798 673 3858 peccato,
701 3789 781 3844 sic
801 3790 945 3844 enim
968 3789 1230 3860 scriptum
1249 3797 1355 3856 est,
1382 3789 1505 3860 quia
1532 3805 1649 3855 non
1653 3788 1832 3859 justus
1854 3803 2010 3857 super

424 3889 620 3932 terram
665 3878 755 3947 qui
778 3878 938 3946 faciat
987 3878 1177 3933 bonum
1220 3889 1269 3934 et
1314 3896 1418 3933 non
1466 3880 1773 3949 peccaverit.
1827 3876 2008 3933 Primo

424 3970 571 4024 enim
620 3983 841 4025 necesse
882 3977 969 4024 est
1012 3970 1067 4026 in
1111 3970 1258 4025 omni
1304 3972 1525 4027 homine
1571 3971 1701 4027 illud
1752 3969 2009 4041 compleri

425 4060 571 4131 quod
595 4060 854 4130 scriptum
883 4069 987 4128 est,
1023 4058 1131 4117 Sed
1161 4060 1253 4116 ubi
1280 4061 1428 4116 venit
1452 4061 1784 4128 mandatum,
1821 4074 2012 4132 pecca-

428 4164 541 4209 tum
574 4153 808 4220 revixit;
841 4154 946 4210 hoc
972 4167 1099 4209 vero
1121 4153 1265 4224 quod
1290 4154 1533 4222 sequitur
1556 4153 1623 4207 ad
1642 4168 1842 4223 paucos
1871 4152 2010 4207 dici-

428 4255 540 4313 tur,
562 4246 630 4303 ad
646 4260 739 4302 eos
761 4246 853 4317 qui
874 4244 986 4315 jam
1001 4246 1372 4311 emendantur,
1396 4245 1539 4316 quod
1560 4245 1757 4300 dicitur
1772 4264 1783 4299 :
1801 4243 2011 4300 Gratias

427 4348 601 4393 autem
628 4336 763 4405 Deo,
796 4338 921 4411 quia
948 4338 1125 4410 fuistis
1158 4338 1291 4392 servi
1316 4337 1808 4408 peccati,.obedistis
1838 4349 2010 4393 autem

428 4449 497 4488 ex
523 4434 679 4489 corde
704 4434 759 4487 in
778 4450 896 4489 eam
918 4416 1145 4505 formam
1166 4431 1418 4488 doctrinm
1441 4432 1496 4486 in
1515 4447 1619 4503 qua
1654 4432 1836 4486 traditi
1864 4433 2005 4487 estis.

431 4521 588 4579 Servi
633 4539 761 4596 ergo
811 4524 1011 4580 fuimus
1055 4538 1245 4580 omnes
1294 4523 1523 4594 peccati,
1563 4523 1658 4579 sed
1694 4523 1785 4579 ubi
1816 4524 2017 4589 tradita

429 4620 516 4669 est
543 4614 698 4669 nobis
727 4614 902 4670 forma
926 4615 1187 4671 doctrinae
1212 4622 1268 4671 et
1294 4614 1420 4671 huic
1446 4630 1555 4671 non
1582 4623 1873 4684 utcunque,
1914 4629 2011 4671 ne-

430 4719 540 4779 que
567 4703 697 4760 solis
735 4703 938 4772 verbis,
985 4706 1078 4762 sed
1120 4720 1188 4761 ex
1221 4707 1405 4774 corde,
1444 4721 1509 4761 ex
1550 4707 1751 4773 animo,
1790 4722 1857 4763 ex
1898 4716 2010 4764 tota

434 4796 721 4855 devotione
765 4794 1015 4866 eligimus
1060 4794 1315 4865 obedire,
1355 4797 1649 4853 liberamur
1685 4814 1717 4854 a
1755 4788 2012 4856 servitute

430 4888 644 4962 peccati
669 4894 725 4943 et
744 4884 1009 4943 efﬁcimur
1033 4887 1175 4943 servi
1196 4886 1439 4957 iustitiae.
1466 4888 1619 4957 Quod
1646 4899 1827 4946 autem
1853 4890 2009 4957 dixit,

436 4979 661 5050 formam
706 4976 978 5044 doctrinm,
1018 4978 1076 5032 in
1106 4994 1209 5048 qua
1238 4978 1420 5034 traditi
1450 4982 1595 5048 estis,
1629 4981 2012 5051 requirendum

432 5077 599 5144 puto,
654 5067 924 5140 quomodo
974 5069 1344 5141 unusquisque
1399 5074 1661 5128 tradatur.
1708 5072 2014 5132 Invenimus

435 5172 693 5230 namque,
742 5144 885 5229 quia.
909 5173 1005 5215 eos
1033 5158 1127 5230 qui
1152 5175 1257 5215 non
1287 5161 1587 5232 probantur
1608 5165 1776 5218 Deum
1811 5165 2015 5223 habere

435 5250 492 5305 in
533 5249 804 5316 notitiam,
842 5248 1017 5304 tradat
1052 5249 1196 5306 Deus
1220 5253 1516 5310 secundum
1540 5254 1806 5317 desideria
1837 5257 2015 5313 cordis

434 5357 646 5411 eorum,
698 5341 754 5397 in
803 5341 1236 5409 immunditiam,
1284 5351 1345 5398 ut
1390 5346 1735 5417 contumeliis
1779 5345 2015 5404 alliciant

436 5450 666 5509 corpora
695 5449 792 5491 sua
823 5433 879 5489 in
905 5433 1230 5504 semetipsis,
1270 5442 1326 5491 et
1356 5434 1491 5493 alios
1520 5439 1613 5508 qui
1642 5447 2011 5495 commutave-

436 5536 565 5583 runt
602 5527 830 5599 gloriam
865 5525 1287 5597 incorruptibilis
1316 5525 1413 5585 Dei
1441 5531 1619 5587 tradat
1640 5531 1696 5586 in
1736 5533 2014 5602 passiones

438 5616 766 5688 ignominim,
794 5618 861 5674 de
893 5617 1087 5688 quibus
1122 5617 1179 5672 in
1220 5617 1353 5675 locis
1392 5621 1505 5677 suis
1546 5629 1705 5692 prout
1743 5623 2015 5692 potuimus

443 5705 696 5793 diximus,
725 5716 777 5762 et
803 5707 892 5763 hic
918 5722 1048 5780 ergo
1073 5709 1165 5780 qui
1198 5711 1518 5781 semetipsos
1545 5713 1802 5770 exhibent
1828 5728 2014 5774 servos

2106 3250 2166 3297 ut
2212 3242 2258 3297 si
2292 3240 2633 3297 diceremus:
2664 3241 2791 3312 quia
2829 3241 2874 3296 si
2904 3241 3027 3312 quis
3077 3240 3338 3297 liberatus
3377 3247 3462 3296 est
3495 3236 3537 3295 a‘
3558 3254 3695 3313 pec-

2108 3343 2230 3391 cato
2269 3333 2468 3391 serviet
2511 3333 2723 3389 veritati
2773 3342 2831 3389 et
2870 3333 3069 3388 serviet
3108 3332 3385 3403 sapientiae
3408 3339 3462 3386 et
3486 3329 3702 3387 serviet

2103 3424 2376 3497 pudicitia;
2401 3431 2456 3479 et
2482 3423 2683 3483 serviet
2716 3422 2923 3494 pietati.
2967 3421 3097 3504 Quae
3118 3422 3297 3479 omnia
3331 3436 3453 3476 cum
3478 3418 3701 3475 caeteris

2105 3517 2388 3588 speciebus
2413 3515 2698 3582 virtutum,
2745 3522 2959 3586 Oportet
3000 3529 3219 3570 servum
3253 3515 3366 3581 Dei,
3413 3514 3579 3569 ut'in
3616 3512 3702 3569 eis

2107 3611 2245 3665 bene
2269 3609 2544 3679 operando
2567 3622 2735 3678 usque
2763 3607 2816 3662 in
2852 3607 3018 3690 linem.
3052 3612 3404 3678 perseverans
3431 3605 3502 3659 ad
3523 3605 3700 3660 vitam

2107 3705 2387 3774 perveniat
2426 3702 2832 3774 sempiternam,
2871 3709 3164 3772 praestante
3215 3700 3441 3754 Domino
3495 3706 3704 3755 nostro
3800 3765 3811 3773 ν

2107 3790 2235 3847 Jesu
2270 3791 2507 3858 Christo,
2556 3792 2647 3863 qui
2688 3807 2813 3847 cum
2838 3790 3000 3847 Patre
3039 3800 3092 3846 et
3139 3788 3341 3860 Spiritu
3392 3797 3590 3845 sancto
3622 3787 3705 3842 vi-

2110 3885 2186 3939 vit
2232 3894 2288 3940 et
2331 3893 2519 3959 regnat
2564 3885 2706 3941 Deus
2742 3900 2842 3955 per
2884 3884 3065 3941 omnia
3105 3884 3299 3940 smcula
3346 3882 3700 3939 seculorum.

2109 3976 2305 4032 Anien.

2604 4068 2882 4126 HOMlLIA
2918 4068 3196 4126 CXXXIII.

2676 4177 2807 4217 ITEH
2846 4177 3003 4218 FERIA
3040 4178 3113 4216 IV.

2272 4249 2454 4306 Lectio
2478 4251 2649 4306 sancti
2677 4251 2952 4323 Evangelii
2980 4252 3272 4308 secundum
3299 4251 3527 4307 Lucam.

2182 4364 2251 4420 In
2272 4365 2362 4421 illo
2386 4377 2611 4437 tempore
2633 4366 2941 4458 dixit’lesus
2971 4368 3237 4438 discipulis
3258 4369 3368 4423 suis
3390 4384 3410 4423 :
3432 4368 3546 4435 Qui
3566 4368 3709 4438 ﬁde—

2113 4457 2178 4513 lis
2206 4459 2362 4513 estin
2400 4460 2636 4525 minimo,
2682 4468 2732 4514 et
2768 4461 2822 4513 in
2847 4460 3060 4530 ,majore
3092 4459 3263 4529 ﬁdelis
3299 4468 3409 4526 est;
3444 4469 3494 4514 ct
3524 4461 3625 4532 qui
3652 4460 3709 4514 in

2110 4548 2318 4603 modico
2342 4549 2551 4620 iniquus
2574 4559 2674 4616 est,
2708 4559 2759 4604 et
2789 4551 2843 4605 in
2873 4552 3073 4622 majore
3092 4553 3300 4623 iniquus
3325 4562 3421 4606 est.

2184 4640 2321 4696 Sunt
2359 4642 2451 4712 qui
2499 4643 2709 4699 viscera
2758 4643 2974 4714 pietatis
3003 4653 3059 4701 et
3081 4660 3247 4715 opera
3281 4646 3710 4714 misericordiae,

2112 4748 2233 4803 qua:
2257 4734 2521 4805 proximis
2548 4735 2817 4791 debentur
2847 4736 3178 4806 ignorantes,
3209 4740 3401 4795 merito
3431 4753 3492 4796 se
3534 4741 3715 4797 casti-

2115 4824 2267 4892 tatis,
2297 4822 2623 4895 vigiliarum,
2665 4825 2836 4899 longae
2864 4829 3145 4896 orationis,
3180 4829 3355 4899 plenae
3378 4829 3534 4896 ﬁdei,
3563 4830 3716 4902 jeju-

2113 4915 2350 4982 niorum,
2390 4925 2820 4988 casterarumque
2860 4918 3140 4985 virtutum,
3185 4933 3307 4989 qua:
3343 4920 3440 4975 Dei
3472 4921 3718 4978 dilectio

2114 5003 2336 5075 gignere
2376 5004 2533 5071 solet,
2566 5006 2832 5062 veraciter
2855 5006 3040 5064 ﬁdeles
3065 5008 3406 5074 existimant,
3448 5009 3557 5064 sed
3586 5010 3717 5081 ipso

2107 5091 2290 5162 judice
2320 5102 2635 5162 attestaute,
2655 5096 2745 5168 qui
2775 5095 2947 5166 fidelis
2965 5107 3040 5152 est
3063 5099 3120 5152 in
3147 5099 3383 5164 minimo,
3419 5098 3471 5153 id
3500 5109 3623 5166 est,
3657 5101 3721 5157 in

2115 5186 2344 5256 pecunia
2369 5201 2491 5241 cum
2520 5201 2756 5257 paupere
2781 5188 3176 5260 participanda,
3201 5190 3257 5244 in
3284 5189 3486 5261 majore
3519 5190 3722 5259 ﬁdelis

2116 5284 2227 5341 est,
2277 5275 2369 5332 illo
2414 5276 2663 5332 videlicet
2686 5285 2871 5345 .actu,
2912 5294 3021 5350 quo
3067 5279 3372 5350 specialiter
3414 5279 3725 5338 adharere

2117 5360 2381 5431 Creatori,
2413 5370 2469 5417 et
2488 5378 2628 5419 unus
2652 5378 2775 5418 cum
2800 5378 2866 5419 eo
2887 5364 3113 5434 spiritus
3139 5363 3279 5421 eilici
3302 5365 3614 5421 desiderat.
3645 5367 3727 5422 At

2117 5450 2211 5521 qui
2239 5452 2553 5522 temporalia
2588 5469 2708 5523 quae
2742 5454 2983 5525 possidet
3012 5464 3159 5513 recte
3184 5455 3504 5528 dispensare
3536 5457 3727 5514 dissi-

2119 5539 2308 5609 mulat,
2341 5549 2669 5599 aeternorum
2710 5545 2813 5600 sibi
2850 5545 3077 5616 gloriam
3104 5547 3172 5602 de
3199 5562 3307 5618 qua
3353 5554 3533 5602 tumet
3585 5562 3732 5605 eva-

2120 5640 2263 5687 cuat.
2296 5631 2399 5699 Qui
2426 5635 2563 5688 enim
2588 5651 2691 5689 non
2719 5635 2888 5708 diligit
2914 5636 3131 5707 fratrem
3166 5655 3321 5694 suum
3352 5654 3508 5710 quem
3544 5642 3729 5709 videt,

2122 5721 2291 5776 Deum
2336 5740 2486 5795 quem
2530 5741 2633 5782 non
2670 5727 2805 5782 videt
2841 5728 3101 5799 quomodo
3139 5740 3304 5802 potest
3342 5730 3610 5805 diligere,
3673 5746 3737 5792 es
