3950 6184
358 346 458 401 ιοι

1457 354 1764 416 nonum:
1800 362 1870 417 rx
1905 361 2159 419 EVANG.
2198 346 2293 419 Er
2326 365 2545 423 EPIST.

3527 383 3639 441 ωε

359 462 498 517 sicut
527 461 670 517 idem
700 458 851 531 dicit,
877 467 968 537 qui
1005 468 1243 541 habuerit
1263 471 1609 529 substantiam
1647 476 1850 535 mundi.
1891 486 1939 530 et
1968 481 2017 540 Λ
2043 492 2389 548 praesumere,
2433 481 2528 536 sed
2566 489 2621 536 et
2662 492 2976 553 peccatores
3022 486 3449 562 publicanosque
3492 499 3633 554 reci-

357 551 545 605 viderit
585 551 805 620 fratrem
850 572 1003 609 suum
1045 575 1250 614 necesse
1296 561 1485 617 habere
1516 573 1565 617 et
1602 563 1847 619 clauserit
1874 565 1948 620 vi-

356 658 504 696 scera
531 660 631 696 sua
660 644 725 698 ab
756 661 835 712 eo,
864 650 1124 718 quomodo
1164 653 1392 707 charitas
1427 653 1521 709 Dei
1559 665 1733 710 manet
1771 658 1826 712 in
1848 658 1946 711 eo?

430 731 491 790 Si
510 749 635 805 ergo
657 735 712 789 in
730 736 908 807 iniquo
938 756 1235 796 mammona
1256 742 1436 812 fideles
1458 761 1559 799 non
1582 746 1779 815 fuistis,
1805 750 1945 819 quod

355 834 585 880 vestrum
615 834 715 893 est,
734 829 851 898 quis
879 830 1055 885 credet
1080 832 1256 888 vobis?
1290 835 1365 891 De
1403 836 1588 908 iniquo
1613 856 1941 910 mammona,

356 911 503 982 quod
535 912 756 969 divitias
784 915 1052 972 malorum
1090 920 1379 991 signiﬁcet,
1405 940 1567 996 supra
1595 926 1943 999 explanatum

354 1010 462 1066 est,
488 1018 721 1072 quarum
763 1006 1090 1062 mentionem
1126 1008 1375 1068 Salvator
1403 1012 1607 1071 faciens
1633 1018 1759 1072 alibi
1790 1020 1940 1087 dicit,

355 1091 482 1162 quia
518 1090 739 1160 fallacia
778 1092 1083 1149 divitiarum
1120 1100 1344 1169 su/f‘qcat
1387 1105 1620 1159 verbum.
1652 1107 1821 1163 Veras
1849 1125 1944 1164 au-

356 1189 470 1235 tem
505 1180 725 1237 divitias
763 1183 847 1238 vel
881 1183 997 1255 ipsa
1036 1195 1254 1244 aeterna:
1281 1191 1405 1247 vita:
1433 1194 1628 1264 gaudia
1657 1196 1721 1250 de
1749 1197 1943 1266 quibus

356 1269 622 1339 scriptum
660 1279 766 1337 est,
796 1289 914 1343 quae
936 1274 1132 1331 divitiae
1155 1278 1476 1336 [hereditatis
1503 1284 1615 1353 ejus
1639 1286 1692 1339 in
1720 1289 1940 1355 sanctis,

353 1362 448 1417 vel
481 1362 740 1417 virtutum
779 1365 1100 1434 spiritalium
1129 1369 1323 1438 quibus
1346 1375 1415 1427 ad
1434 1374 1598 1429 vitam
1630 1378 1944 1447 pervenitur

354 1451 570 1520 copiam
625 1452 915 1525 signiﬁcat,
958 1457 1024 1513 de
1069 1460 1264 1528 quibus
1299 1462 1434 1519 dicit
1480 1464 1695 1522 Isaias:
1746 1469 1942 1525 divitice

355 1542 547 1598 salutis
583 1547 842 1615 sapientia
879 1557 929 1602 et
970 1550 1209 1621 scientia,
1258 1554 1418 1610 timor
1460 1556 1674 1614 Domini
1707 1562 1818 1633 ipse
1863 1574 1941 1619 est

354 1633 637 1688 thesaurus
658 1635 794 1704 ejus.

428 1724 499 1779 Et
521 1726 568 1780 si
595 1726 651 1781 in
676 1727 847 1807 alieno
871 1729 1051 1799 ﬁdeles
1072 1750 1175 1788 non
1198 1731 1394 1804 fuistis,
1425 1741 1564 1809 quod
1585 1751 1809 1798 vestrum
1835 1754 1934 1813 est,

2047 581 2177 637 pere
2203 569 2551 638 pmnitentes,
2591 580 2646 625 et
2686 587 2782 626 sua
2813 589 2934 643 quae
2971 575 3111 633 forte
3143 578 3441 636 inciderent
3479 585 3630 642 elee-

2046 657 2288 728 mosynis
2334 671 2556 728 peccata
2610 663 2897 721 redimere.
2951 665 3058 722 Sed
3113 668 3187 724 illi
3238 684 3626 745 praeceptorem

2046 748 2470 817 misericordias,
2544 752 2864 811 humilitatis
2934 765 2990 811 et
3052 761 3421 829 parcimoniaa,
3489 766 3626 824 duas

2045 840 2283 896 maxime
2319 838 2636 897 deridebant
2661 845 2730 899 ob
2758 860 2970 913 causas,
3007 842 3131 918 quia
3169 852 3375 910 scilicet
3397 856 3481 910 vel
3528 860 3633 914 mil-

2045 943 2150 984 nus
2196 929 2367 996 utilia,
2421 945 2594 1002 neque
2644 950 2882 1003 unquam
2934 936 3178 995 facienda
3228 945 3381 1012 quasi
3433 949 3628 1005 noxius

2043 1017 2358 1089 imperaret,
2393 1021 2475 1076 vel
2508 1031 2656 1078 certe
2683 1024 2834 1079 utilia
2863 1040 2892 1080 a
2925 1042 2983 1083 se
3007 1027 3121 1098 jam
3150 1029 3294 1088 facta
3325 1036 3628 1106 superﬂuus

2044 1110 2337 1182 ingereret.

2114 1201 2182 1256 Et
2207 1204 2281 1257 ait
2319 1204 2422 1260 illis
2447 1219 2466 1258 :
2512 1205 2611 1263 Vos
2653 1211 2801 1275 estis,
2850 1212 2941 1283 qui
2972 1214 3280 1284 justiﬁcatis
3318 1236 3404 1274 vos
3447 1237 3628 1277 coram

2043 1292 2340 1350 hominibus
2364 1313 2381 1350 :
2412 1299 2557 1353 Deus
2580 1310 2754 1356 autem
2776 1305 2914 1359 novit
2939 1308 3098 1361 corda
3123 1319 3315 1379 vestra,
3340 1313 3464 1383 quia
3484 1308 3625 1385 quod

2043 1382 2337 1440 hominibus
2364 1386 2529 1442 altum
2555 1401 2654 1458 est,
2690 1393 3013 1452 abominatio
3041 1409 3116 1454 est
3139 1402 3280 1472 apud
3303 1382 3505 1459 Deum.
3525 1406 3621 1463 Ju-

2043 1471 2282 1528 stiﬁcant
2310 1489 2367 1530 se
2394 1491 2577 1533 coram
2604 1481 2933 1552 hominibus,
2960 1487 3051 1556 qui
3076 1471 3389 1557 peccatores
3408 1494 3625 1563 quidem

2043 1562 2198 1630 quasi
2224 1562 2466 1620 inﬁrmos
2492 1568 2912 1642 desperatosque
2942 1584 3311 1647 contemnunt,
3353 1596 3413 1636 se
3436 1562 3624 1638 autem

2042 1653 2188 1723 ipsos
2211 1657 2363 1724 quasi
2404 1658 2674 1727 perfectos
2700 1661 2754 1716 in
2777 1665 3027 1721 omnibus
3052 1678 3367 1741 cunctaeque
3413 1672 3624 1745 fragili—

2042 1745 2172 1800 tatis
2207 1755 2457 1817 expertes
2484 1748 2948 1827 eleemosynarum
2981 1759 3220 1814 remedio
3245 1775 3381 1830 opus
3415 1764 3621 1821 habere
3658 1790 3665 1796 ν

352 1817 473 1888 quis
517 1817 661 1873 dabit
697 1819 875 1875 vobis?
902 1821 1105 1879 Aliena:
1143 1835 1268 1881 sunt
1295 1842 1327 1883 a
1355 1829 1509 1885 nobis
1554 1831 1713 1901 hujus
1758 1836 1940 1892 δεουιί
1972 1840 2017 1899 Β
2047 1852 2152 1891 non
2182 1838 2427 1892 credunt.
2458 1837 2563 1894 Sed
2589 1817 2888 1898 haec'noxii
2918 1848 3141 1904 tumoris
3174 1817 3423 1918 altiiudo,

356 1907 664 1980 facultates,
705 1913 757 1969 id
796 1923 899 1981 est,
938 1926 1093 1973 extra
1135 1929 1385 1981 naturam
1422 1924 1576 1980 sitas:
1611 1926 1745 1981 nihil
1793 1929 1935 1984 enim

353 2001 641 2059 intulimus
676 2005 730 2059 in
770 2005 914 2063 hunc
955 2010 1233 2078 mundum,
1267 2012 1410 2069 haud
1441 2015 1661 2072 dubium
1689 2020 1814 2088 quia
1837 2036 1938 2076 nec

351 2092 575 2150 auferre
633 2097 761 2165 quid
837 2100 1127 2169 possimus.
1187 2102 1383 2160 Nostra
1433 2114 1615 2163 autem
1665 2111 1936 2179 possessio

351 2203 582 2256 regnum
613 2191 892 2257 etelorum,
924 2204 1108 2251 nostra
1143 2196 1253 2252 vita
1284 2207 1387 2265 est,
1423 2210 1621 2256 nostrae
1647 2217 1776 2273 opes
1810 2193 1938 2260 sunt

350 2278 682 2347 Spiritalium
711 2296 931 2351 operum
963 2283 1190 2354 fructus,
1223 2290 1289 2344 de
1318 2291 1514 2361 quibus
1545 2290 1794 2348 Salomon
1825 2295 1933 2360 ait,

351 2367 640 2439 redemptio
679 2371 870 2426 anima:
912 2375 1011 2429 viri
1051 2378 1275 2447 propria:
1316 2380 1511 2435 divitia:
1561 2384 1694 2453 ejus.
1743 2384 1935 2453 Arguit

350 2472 487 2527 ergo
521 2458 828 2516 Pharisaeos
858 2461 1065 2521 fraudis
1094 2474 1148 2520 et
1174 2468 1433 2534 avaritia),
1466 2471 1559 2540 qui
1591 2472 1843 2541 quoniam
1878 2473 1933 2527 in

349 2544 705 2622 facultatibus
759 2552 873 2608 suis
921 2553 1106 2611 ﬁdeles
1152 2571 1260 2611 non
1313 2555 1569 2626 fuerunt,
1625 2564 1932 2618 communia

352 2618 653 2693 conditoris
720 2640 860 2696 bona
916 2643 1170 2715 privatim
1226 2647 1426 2704 habere
1486 2650 1769 2719 malentes,
1832 2669 1934 2712 nec

348 2726 630 2784 Christum
662 2732 908 2803 accipere
947 2746 1261 2793 meruerunt
1289 2755 1449 2811 quem
1484 2742 1802 2813 publicanus
1841 2746 1933 2804 ille

348 2819 512 2889 cujus
559 2822 718 2892 paulo
768 2831 892 2881 ante
942 2829 1162 2884 memini
1226 2833 1483 2891 Zachteus
1538 2845 1597 2892 ut
1648 2839 1931 2909 acquirere

342 2921 539 2980 posset
577 2913 855 2970 dimidiam
891 2928 1103 2989 partem
1147 2922 1410 2981 bonorum
1450 2943 1671 2985 suorum
1713 2932 1926 2988 obtulit.

426 3003 596 3060 Nemo
624 3023 801 3063 servus
838 3020 1003 3080 potest
1048 3013 1252 3071 duobus
1281 3016 1505 3074 dominis
1541 3022 1752 3078 servire.
1790 3022 1928 3091 Quia

344 3110 460 3151 non
524 3098 667 3155 valet
720 3101 878 3157 simul
934 3108 1249 3163 transitoria
1305 3119 1360 3166 et
1407 3121 1609 3168 teterna
1664 3115 1925 3187 diligere:

2039 1929 2110 1984 sit
2133 1928 2279 1997 juste
2306 1929 2637 1999 damnanda,
2669 1934 2817 1990 videt
2853 1935 2962 2002 ille,
3009 1939 3102 2008 qui
3132 1940 3455 1998 illuminabit
3500 1947 3623 2001 abs-

2036 2020 2254 2075 condita
2297 2020 2640 2077 tenebrarum
2692 2032 2748 2079 et
2801 2027 3168 2086 manifestabit
3215 2033 3443 2089 consilia
3499 2051 3623 2092 cor-

2036 2108 2204 2177 dium,
2229 2106 2386 2165 Iesus
2405 2109 2656 2168 Christus
2678 2114 2938 2172 Dominus
2975 2127 3162 2175 noster
3186 2123 3279 2192 qui
3306 2139 3429 2179 eum
3458 2125 3621 2183 Patre

2037 2203 2092 2251 et
2116 2194 2328 2267 Spiritu
2377 2208 2569 2256 sancto
2602 2203 2737 2258 vivit
2771 2214 2830 2260 et
2879 2217 3071 2277 regnat
3117 2212 3259 2269 Deus
3295 2228 3392 2284 per
3435 2219 3616 2274 omnia

2035 2288 2229 2344 saacula
2255 2291 2593 2351 saeculorum.
2618 2296 2814 2353 Amen.

2528 2421 2810 2481 HOMILIA
2848 2428 3132 2487 CXXXIV.

2687 2512 2844 2553 FERIA
2871 2514 2944 2553 Vl.

2176 2577 2366 2636 Lectio
2394 2583 2570 2638 sancti
2601 2584 2874 2658 Evangelii
2913 2594 3207 2660 secundum
3245 2596 3469 2655 Lucam.

2102 2668 2172 2725 In
2208 2672 2301 2727 illo
2331 2684 2583 2746 tempore,
2616 2682 2816 2750 rogavit
2851 2681 3035 2738 Iesum
3060 2688 3274 2757 quidam
3308 2689 3614 2754 Pharisaeus

2032 2766 2088 2813 ut
2113 2762 2393 2831 pranderet
2415 2767 2556 2836 apud
2581 2784 2654 2833 se,
2678 2779 2725 2824 et
2746 2770 3010 2842 ingressus
3030 2766 3282 2835 recubuit.
3307 2781 3612 2844 Pharisteus

2029 2859 2205 2905 autem
2241 2855 2390 2923 coepit
2416 2855 2560 2911 intra
2602 2874 2656 2911 se
2693 2871 2940 2928 reputans
2968 2865 3162 2934 dicere,
3187 2887 3349 2940 quare
3386 2891 3491 2929 non
3520 2876 3612 2931 ba-

2027 2939 2257 3009 ptizatus
2284 2952 2415 2997 esset
2438 2955 2559 3000 ante
2578 2949 2881 3018 prandium,
2907 2963 3014 3009 etc.

2100 3030 2329 3087 Causam
2362 3032 2621 3092 Pharisaei
2646 3040 2987 3111 cogitationis
3019 3046 3355 3119 Evangelista
3395 3053 3612 3111 Marcus

2027 3122 2239 3195 aperuit
2264 3121 2450 3181 dicens
2481 3144 2494 3180 :
2521 3125 2785 3186 Pharisa'i
2822 3136 2960 3189 enim
3004 3147 3053 3193 et
3082 3157 3256 3196 omnes
3281 3141 3461 3200 Judtci
3501 3150 3606 3202 nisi

343 3184 398 3240 si
448 3187 592 3241 enim
645 3193 1001 3249 aeternitatem
1047 3196 1315 3269 diligimus
1339 3241 1354 3265 ,
1410 3213 1601 3258 cuncta
1653 3213 1920 3276 tempora-
1949 3215 1993 3277 C
2025 3211 2203 3266 crebro
2241 3229 2428 3270 manus
2464 3215 2632 3272 lavent
2671 3237 2775 3275 non
2797 3226 3154 3295 manducant,
3177 3241 3404 3288 tenentes
3439 3238 3606 3291 tradi-

344 3270 499 3295 ιε..ξ-
541 3289 640 3295 ---μ
688 3292 779 3295 __,
837 3278 901 3290 ιθ
968 3280 1011 3295 κδ
1070 3291 1079 3295 -
1290 3288 1338 3295 ..

344 3270 422 3325 lia
446 3271 503 3326 in
541 3289 642 3329 usu
688 3292 793 3332 non
836 3278 901 3333 in'
930 3280 1120 3337 allectu
1160 3288 1515 3353 possidemus.

421 3364 527 3417 Aut
550 3365 683 3419 enim
714 3384 873 3423 unum
905 3372 1024 3426 odio
1047 3373 1273 3437 habebit,
1296 3387 1344 3433 et
1368 3381 1589 3435 alterum
1606 3381 1815 3457 diliget;
1838 3396 1931 3440 aut

341 3454 443 3506 uni
470 3455 774 3525 adhaerebit,
800 3458 853 3514 et
874 3461 1096 3517 alterum
1128 3478 1434 3524 contemnet.
1461 3471 1584 3528 Hcce
1609 3454 1773 3531 verba
1804 3476 1924 3532 dili-

341 3552 539 3614 genter
561 3550 949 3609 consideranda
984 3564 1137 3621 sunt,
1185 3574 1319 3614 nam
1348 3562 1441 3631 qui
1466 3564 1572 3618 sint
1597 3565 1700 3621 duo
1723 3566 1925 3624 domini

343 3648 745 3708 consequenter
782 3646 1001 3714 exponit
1025 3648 1209 3705 dicens
1233 3669 1245 3704 ε

420 3724 545 3782 Non
570 3733 783 3800 potestis
812 3733 922 3790 Deo
946 3739 1136 3794 servire
1160 3749 1207 3795 et
1228 3757 1560 3801 mammonaz.
1594 3745 1791 3805 Audiat
1820 3752 1924 3809 hoc

340 3828 574 3883 avarus,
625 3820 807 3877 audiat
855 3825 946 3895 qui
988 3837 1243 3885 censetur
1282 3835 1541 3892 vocabulo
1590 3837 1917 3910 Christiano,

338 3917 456 3958 non
485 3920 637 3975 posse
662 3909 821 3964 simul
851 3927 1188 3984 mammona,
1228 3917 1332 3975 hoc
1364 3932 1468 3989 est,
1510 3924 1733 3995 divitiis,
1766 3909 1923 3987 Chri-F

339 4192 532 4233 scrvus
571 4189 672 4246 est,
715 4183 928 4242 divitias
966 4192 1218 4259 custodit,
1263 4203 1323 4249 ut
1365 4211 1584 4265 servus;
1614 4201 1705 4271 qui
1734 4212 1916 4260 autem

337 4267 620 4325 servitutis
640 4274 874 4330 excussit
891 4276 1101 4349 jugum,
1125 4282 1397 4342 distribuit
1416 4303 1529 4357 eas,
1552 4298 1612 4345 ut
1630 4267 1913 4352 dominus:

337 4358 441 4413 sed
465 4361 554 4429 qui
582 4365 748 4419 servit
782 4381 1121 4440 mammonze,
1154 4374 1231 4430 illi
1268 4377 1452 4448 utique
1489 4383 1679 4449 servit,
1716 4386 1808 4455 qui
1833 4402 1918 4442 re-

338 4446 448 4501 bus
467 4447 583 4504 istis
604 4454 834 4511 terrenis
856 4459 1048 4516 merito
1070 4477 1180 4517 suae
1202 4446 1571 4535 perversitatis
1598 4446 1915 4546 praepositus

2032 3301 2223 3356 tionem
2256 3307 2541 3374 seniorum,

2029 3401 2117 3446 tur
2142 3412 2243 3450 non
2274 3398 2569 3455 comedunt.

2098 3485 2166 3540 Et
2209 3488 2285 3541 ait
2311 3488 2466 3546 Iesus
2488 3492 2559 3545 ad
2602 3493 2751 3548 illum
2775 3510 2794 3549 :
2818 3495 2974 3553 Nunc
3018 3517 3124 3567 vos,
3160 3503 3439 3576 Pharisazi,
3474 3511 3605 3581 quid

2025 3579 2222 3650 deforis
2257 3591 2333 3636 est
2366 3583 2545 3640 calicis
2589 3596 2636 3641 et
2669 3590 2830 3643 catini
2853 3592 3139 3660 mundatis,
3162 3597 3302 3667 quod
3324 3579 3500 3655 autem
3521 3605 3606 3657 in-

2025 3679 2109 3724 tus
2141 3681 2217 3725 est
2257 3676 2500 3739 vestrum,
2530 3676 2739 3747 plenum
2783 3691 2859 3736 est
2893 3684 3078 3754 rapina
3122 3695 3169 3740 et
3204 3687 3496 3759 iniquitate.
3536 3695 3604 3750 Et

2025 3762 2237 3819 Marcus
2261 3765 2480 3835 quidem
2507 3768 2676 3825 refert
2705 3787 2799 3828 eos
2828 3774 3151 3845 baptismata
3178 3779 3404 3836 calicum
3435 3791 3489 3838 ct
3511 3794 3603 3839 tir-

2022 3869 2240 3910 ceorum
2267 3856 2638 3929 lectorumque
2665 3869 2720 3917 et
2754 3874 3171 3923 aeramentorum
3197 3870 3485 3927 observare
3512 3890 3602 3931 so-

2020 3944 2165 4013 litos,
2207 3946 2303 4002 sed
2330 3948 2504 4021 magis
2531 3951 2632 4007 sub
2652 3954 2869 4010 nomine
2897 3971 3167 4024 vasorum,
3197 3959 3299 4030 ipsi
3329 3963 3600 4021 mendacii

2583 3318 2632 3363 et
2676 3326 2709 3364 a
2739 3311 2854 3380 foro
2895 3317 3150 3374 venientes
3193 3323 3294 3376 nisi
3343 3326 3609 3395 baptizan-

1878 4021 1920 4075 ί·
2019 4046 2077 4094 et
2109 4039 2471 4097 simulationis
2499 4054 2820 4116 arguuntur,
2846 4049 2986 4117 quod
3016 4021 3162 4107 aliud
3185 4021 3472 4112 ostendant
3501 4058 3599 4114 ho-

2019 4129 2254 4195 minibus
2300 4130 2456 4198 foris,
2499 4134 2645 4191 aliud
2686 4137 2832 4192 domi
2877 4146 3060 4211 ag‘ant,
3111 4142 3336 4201 formam
3376 4148 3599 4218 pietatis

2018 4219 2279 4277 habentes
2319 4224 2675 4292 extrinsecus,
2730 4228 2822 4284 sed
2852 4229 2995 4285 intus
3021 4232 3276 4288 vitiorum
3314 4237 3471 4292 sorde
3504 4240 3599 4294 de-

2017 4308 2237 4378 formes,
2264 4312 2379 4369 vult
2404 4315 2549 4370 enim
2574 4316 2832 4375 Dominus
2855 4321 3123 4390 explicare
3144 4323 3321 4390 latius,
3349 4342 3470 4395 quas
3495 4344 3590 4384 su-

2016 4416 2115 4471 pra
2140 4403 2376 4459 breviter
2404 4404 2473 4461 de
2497 4408 2804 4464 mundando
2825 4411 3006 4466 cordis
3029 4412 3184 4468 oculo
3203 4415 3516 4483 protulerat.

2089 4491 2274 4561 Stulti,
2308 4510 2477 4551 nonne
2502 4499 2594 4568 qui
2632 4498 2753 4567 fecit
2774 4499 2914 4569 quod
2956 4500 3156 4571 deforis
3191 4514 3288 4571 est,
3335 4507 3491 4562 etiam
3535 4512 3592 4565 id

1598 4538 1616 4543 _
1710 4538 1728 4546 -
2089 4538 2250 4549 ειν-π..
2308 4538 2475 4551 ..νη-ιν
2540 4538 2591 4550 un
2656 4538 2751 4553 υνυς
2774 4538 2787 4551 ι
2811 4538 2911 4552 υιυυυ
2956 4538 3018 4554 uv
3048 4538 3096 4555 Vl
3112 4538 3156 4557 σο
3191 4538 3263 4558 ῠῠι
3335 4538 3491 4562 osculu
3536 4538 3587 4565 ια

334 4538 615 4664 evincet»:
632 4544 792 4664 Ῐῖιιὶυδ
818 4551 1353 4664 1ξῖίεεξϐιιιίΔξζιῖηπιιίιπζ
1392 4562 1610 4664 dicitur.
1639 4566 1783 4664 Ergo
1808 4579 1914 4664 aut
1938 4564 1992 4627 Ι)
2014 4582 2153 4653 quod
2176 4538 2383 4638 deintus
2409 4593 2483 4639 est
2502 4538 2670 4656 fecit'?
2693 4538 2818 4653 Qui,
2851 4538 3045 4659 inquit:
3067 4546 3301 4664 Utraque
3337 4600 3587 4656 mundari

334 4642 510 4721 unum
529 4632 696 4701 odiet,
712 4646 769 4692 et
784 4637 1010 4697 alterum
1024 4643 1228 4717 diliget,
1248 4658 1311 4706 ut
1320 4650 1440 4708 ﬁeri
1454 4653 1632 4721 debet,
1649 4632 1795 4714 odiet
1812 4662 1916 4717 sci-

331 4718 467 4819 licet
502 4724 794 4797 diabolum,
828 4732 1010 4806 diliget
1032 4736 1231 4807 Deum;
1263 4753 1357 4799 aut
1382 4746 1475 4801 uni
1503 4718 1820 4819 adhaerebit,
1857 4763 1913 4810 et

330 4811 567 4870 alterum
589 4828 919 4877 contemnet.
960 4825 1271 4887 Adhterebit
1296 4835 1505 4893 scilicet
1530 4840 1762 4909 diabolo,
1788 4811 1912 4901 eum

325 4905 490 4972 quasi
527 4905 646 4974 ejus
681 4912 902 4979 prtemia
943 4919 1256 4986 temporalia
1296 4933 1561 4995 sectatur,
1604 4905 1913 4991 contemnet

327 5002 519 5049 autem
570 4996 773 5067 Deum,
820 5018 927 5059 non
977 5006 1114 5062 dixit
1160 5011 1346 5078 odiet,
1396 5016 1490 5071 sed
1539 5019 1680 5074 sicut
1734 5022 1908 5080 solent

326 5084 510 5141 ruinas
544 5084 869 5161 postponere
904 5098 1284 5166 cupiditatibus
1328 5105 1469 5171 suis,
1511 5110 1605 5179 qui
1644 5112 1711 5166 de
1749 5113 1907 5169 boni-

328 5183 448 5231 late
484 5179 602 5250 ejus
649 5182 713 5237 ad
752 5184 1124 5256 impunitatem
1165 5195 1265 5251 sibi
1307 5196 1674 5269 blandiuntur,
1713 5206 1909 5274 quibus

320 5283 433 5340 per
493 5269 839 5331 Salomonem
897 5280 1097 5338 dicitur
1142 5305 1157 5339 :
1210 5285 1343 5355 Fili,
1399 5307 1464 5345 ne
1510 5269 1748 5365 adjicias
1789 5315 1910 5369 pec-

319 5369 509 5415 catum
543 5380 700 5435 super
728 5381 1020 5440 peccatum,
1058 5384 1107 5429 et
1140 5376 1284 5433 dicas
1309 5394 1329 5434 :
1359 5379 1628 5440 Miseratio
1655 5385 1754 5441 Dei
1787 5392 1903 5445 ina-

314 5468 435 5523 gna
457 5463 552 5509 est.

396 5544 697 5604 Audiebant
731 5562 903 5608 autem
943 5559 1119 5613 omnia
1164 5560 1276 5616 htrc
1312 5562 1596 5634 Pharisa'i,
1642 5571 1732 5640 qui
1757 5585 1904 5628 erant

315 5636 500 5702 avari,
529 5647 578 5692 et
614 5639 917 5698 deridebant
962 5646 1130 5703 illum.
1162 5649 1411 5709 Monebat
1438 5636 1663 5727 quidem
1684 5660 1904 5719 Scribas

318 5735 387 5782 et
406 5725 714 5787 Pbarisaeos
734 5746 840 5789 non
863 5737 1092 5807 superbe
1114 5756 1323 5814 sapere,
1352 5725 1553 5805 nonde
1573 5765 1665 5805 sua
1690 5750 1902 5821 justitia

2016 4668 2308 4730 desiderat.
2337 4673 2679 4731 Hoc'contra
2710 4676 3055 4746 Manichacus,
3085 4683 3176 4753 qui
3204 4686 3440 4741 animam
3473 4698 3591 4745 tan-

2012 4771 2126 4819 tum
2160 4779 2191 4819 a
2214 4765 2346 4831 Deo,
2387 4780 2604 4822 carnem
2628 4782 2756 4823 vero
2780 4776 2973 4837 putant
3001 4785 3032 4825 a
3068 4772 3284 4829 diabolo
3317 4788 3581 4847 creatam,

2012 4852 2118 4910 hoc
2150 4862 2338 4910 contra
2370 4854 2509 4922 illos,
2538 4857 2630 4927 qui
2676 4859 2973 4929 corporalia
3000 4872 3243 4933 peccata,
3273 4865 3589 4925 fernicatio-

2013 4956 2137 4996 nem
2157 4941 2425 5012 videlicet,
2441 4943 2858 5015 immunditiam,
2885 4949 3182 5021 libidinem,
3200 4953 3419 5024 furtum,
3444 4963 3587 5032 rapi—

2011 5046 2157 5098 nam,
2195 5041 2252 5089 et
2282 5043 2478 5090 caetera
2514 5037 2641 5093 talia
2669 5041 2826 5110 quasi
2865 5044 3182 5112 gravissima
3227 5048 3582 5117 detestantur,

2008 5126 2269 5197 spiritalia
2306 5118 2618 5202 vero,'qu:e
2656 5149 2764 5190 non
2798 5137 2977 5194 minus
3013 5139 3235 5198 damnat
3272 5144 3584 5215 Apostolus,

2010 5217 2113 5274 hoc
2136 5227 2238 5286 est,
2278 5222 2704 5291 amaritudinem,
2744 5226 2899 5294 iram,
2924 5230 3351 5303 indignationem,
3378 5237 3580 5293 clamo-

2008 5322 2137 5372 rem,
2166 5308 2554 5380 blasphemiam,
2598 5316 2893 5385 superbiam
2925 5327 2974 5373 et
3018 5323 3313 5392 avaritiam,
3353 5343 3470 5398 qua:
3500 5341 3582 5388 est

2004 5397 2267 5453 idolorum
2290 5402 2531 5468 servitus,
2558 5411 2618 5459 ut
2655 5404 2793 5461 levia
2812 5417 3179 5467 contemnunt.

2089 5487 2451 5549 Verumtamen
2483 5497 2622 5566 quod
2646 5510 2897 5570 superest,
2940 5502 3061 5560 date
3085 5505 3485 5577 eleemosynam,
3525 5522 3580 5570 et

2002 5595 2116 5634 ecce
2146 5582 2321 5637 omnia
2346 5586 2542 5641 munda
2559 5598 2680 5644 sunt
2701 5592 2863 5648 vobis.
2895 5593 3048 5661 Quod
3074 5602 3379 5656 necessario
3403 5605 3574 5664 victui

2004 5677 2059 5725 et
2080 5672 2398 5730 vestimento
2425 5686 2670 5748 superest
2709 5681 2830 5737 date
2865 5687 3210 5756 pauperibus,
3232 5689 3385 5759 juxta
3428 5699 3575 5768 quod

2004 5770 2057 5817 et
2093 5760 2329 5821 Joannes
2348 5769 2594 5840 prmeipit
2617 5789 2629 5826 :
2654 5771 2744 5843 qui
2773 5773 2924 5829 habet
2954 5774 3086 5833 duas
3126 5782 3330 5841 tunicas
3355 5760 3574 5845 det-non

1988 5864 2024 5878 ρ
