3950 6184
427 332 530 387 405

1068 336 1125 391 Β.
1172 338 1422 392 RMMNI
1466 339 2040 396 lli.\URl°ARClllEP.
2085 340 2393 399 MOGUNT.
2433 341 2727 399 OPERUM.
2755 343 2936 401 PARS
2972 344 3035 399 ΙΙ.

3592 347 3700 403 ιω

429 445 656 509 habenti,
683 460 855 515 neque
882 462 1025 501 enim
1058 449 1127 502 ita
1165 449 1409 506 facienda
1432 449 1653 520 jnhetur
1674 452 2013 525 clecmosyna
2041 459 2093 518 Α
2117 464 2259 523 sunt,
2300 465 2348 510 et
2382 473 2501 532 qum
2538 458 2670 528 foris
2705 467 2826 513 sunt
2867 458 3067 512 munda
3111 467 3283 513 erunt.
3313 459 3418 515 Sed
3455 474 3527 517 ne
3569 460 3702 518 istas

424 545 485 589 ut
518 545 569 591 te
610 536 785 606 ipsum
829 552 1121 593 consumas
1153 540 1331 609 inopia
1357 542 1490 596 rscd
1521 551 1581 597 ut
1606 543 1680 615 tui
1719 559 1849 598 cura
1894 559 2014 599 cor-

427 629 579 700 poris
607 629 834 699 expleta,
867 630 1077 700 inopem
1120 641 1383 701 quantum
1426 634 1574 689 vales
1602 645 1895 701 sustentes,
1929 635 2015 691 vel

424 722 501 776 ita
547 719 974 790 intelligendum,
1005 724 1147 790 quod
1183 735 1451 793 superest,
1498 729 1640 797 quod
1686 736 1792 781 tam
1847 730 2015 783 multo

425 812 631 868 scelere
666 815 1080 883 prmoccupatis,
1117 815 1290 871 solum
1330 819 1627 873 remedium
1672 829 1843 874 restat
1884 822 2015 875 dare

418 903 844 975 eleemosynam,
871 904 964 974 qui
1010 921 1191 962 sermo
1213 908 1277 962 ad
1310 909 1517 974 omnia,
1555 925 1675 979 qua:
1699 910 1814 966 utili
1853 911 2014 966 mise-

423 997 639 1053 ratione
661 996 817 1064 fiunt,
843 997 1006 1065 valet,
1035 1014 1142 1054 non
1163 999 1335 1061 solum
1363 1001 1506 1057 enim
1526 1002 1618 1072 qui
1645 1003 1738 1058 dat
1757 1003 2011 1059 esurienti

424 1089 631 1154 cibum,
664 1088 869 1144 sitienti
900 1100 1108 1159 potum,
1148 1092 1291 1146 nudo
1333 1093 1741 1160 vestimentum,
1767 1095 2011 1165 peregri-

424 1178 577 1233 nanti
601 1178 917 1248 hospitium,
943 1187 997 1233 et
1034 1188 1230 1235 caetera
1253 1181 1589 1252 hujusmodi;
1618 1198 1804 1238 verum
1825 1184 2009 1248 etiam,

421 1268 513 1338 qui
547 1270 638 1324 dat
667 1270 879 1324 veniam
918 1272 1189 1339 peecanti,
1227 1272 1628 1344 eleemosynam
1671 1274 1786 1339 dat,
1826 1282 1882 1329 et
1920 1274 2012 1343 qui

422 1360 676 1414 emendat
703 1359 949 1426 verbere,
995 1361 1046 1415 in
1075 1376 1234 1431 quem
1268 1371 1509 1433 potestas
1538 1364 1719 1430 datur,
1746 1366 1830 1419 vel
1860 1378 2014 1419 coer-

423 1458 510 1504 cet
538 1448 716 1520 aliqua
748 1451 1052 1522 disciplina,
1102 1462 1158 1507 et
1199 1462 1378 1509 tamen
1415 1463 1696 1525 peccatum
1738 1454 1875 1526 ejus,
1906 1471 2013 1526 quo

424 1539 494 1595 ab
522 1540 611 1597 illo
640 1542 799 1598 laesus
827 1553 920 1597 aut
947 1544 1185 1599 otl'ensus
1213 1554 1319 1609 est,
1347 1544 1572 1600 dimittit
1615 1561 1680 1601 ex
1708 1546 1892 1611 corde,
1927 1546 2011 1601 vel

422 1642 566 1695 orat,
598 1641 657 1686 ut
684 1633 732 1688 ei
777 1633 1101 1696 dimittatur,
1140 1650 1245 1690 non
1280 1635 1452 1698 solum
1480 1637 1533 1691 in
1559 1652 1625 1692 eo
1652 1637 1795 1707 quod
1832 1636 2013 1692 dimit-

425 1726 511 1790 tit,
544 1734 707 1795 atque
732 1734 1076 1788 orat,verum
1114 1728 1280 1782 etiam
1311 1728 1363 1782 in
1392 1743 1479 1794 eo,
1508 1729 1649 1798 quod
1677 1729 1921 1799 corripit,
1956 1737 2011 1783 et

2118 546 2515 619 eleemosynas,
2549 564 2670 620 quae
2698 549 2835 606 ﬁunt
2856 551 2922 606 de
2950 548 3216 605 fructibus
3243 558 3400 606 terra:
3433 554 3709 623 respuisse

2116 638 2416 715 videretur,

2192 728 2320 783 Ha'c
2351 740 2550 796 autem,
2576 730 2775 802 inquit,
2813 741 3013 803 oportet
3034 731 3228 802 facere,
3256 741 3313 788 et
3327 729 3618 802 judicium,
3653 745 3711 792 et

2116 819 2437 875 charitatem
2470 820 2587 887 Dei,
2624 829 2683 876 ut
2708 831 2763 877 et
2785 838 2882 878 nos
2905 823 3177 878 veraciter
3209 822 3276 879 de
3314 833 3506 880 nostra
3537 826 3701 882 mise-

2116 908 2197 962 ria
2238 909 2565 979 judicantes,
2619 919 2677 965 et
2723 910 2818 965 Dei
2869 910 3213 975 cbaritatem,
3266 928 3429 982 quam
3483 913 3709 970 donavit

2117 998 2253 1069 ipse,
2294 998 2601 1072 diligentes,
2630 1001 2717 1071 pie
2742 1008 2996 1072 recteque
3029 1001 3298 1067 vivamus,
3322 1002 3531 1073 justum
3563 1004 3708 1076 judio

2117 1089 2260 1143 cium
2288 1086 2404 1157 ejus
2433 1088 2773 1156 conﬁtcntes,
2801 1090 3055 1160 quoniam
3078 1091 3267 1147 miseri
3287 1091 3466 1148 ell'ecti
3495 1109 3704 1157 sumus,

2115 1175 2183 1231 de
2211 1192 2319 1247 quo
2346 1177 2478 1233 dicit
2516 1179 2809 1249 Apostolus
2839 1198 2852 1234 :
2880 1178 3154 1234 Iudicium
3180 1180 3391 1252 quidem
3422 1198 3489 1237 ea:
3516 1200 3622 1238 uno
3654 1186 3708 1238 in

2116 1268 2599 1324 condemnationem
2609 1312 2624 1334 ,
2640 1280 2693 1324 et
2706 1285 2915 1341 magna:
2927 1271 3181 1326 charitati
3196 1270 3315 1343 ejus
3325 1274 3532 1345 gratias
3544 1290 3703 1345 agen-

2116 1369 2218 1426 tes,
2248 1361 2314 1417 de
2341 1375 2447 1430 qua
2477 1361 2618 1416 idem
2646 1362 2760 1433 ipse
2785 1362 2916 1418 dicit
2949 1362 3140 1433 gratia:
3167 1364 3518 1433 praedicator:
3545 1363 3704 1418 Com-

2115 1451 2325 1504 mendat
2356 1462 2530 1506 autem
2572 1469 2724 1506 suam
2764 1453 3072 1507 charitatem
3111 1452 3250 1507 Deus
3280 1454 3334 1506 in
3369 1454 3539 1520 nobis,
3570 1472 3702 1525 quo-

2115 1539 2257 1593 niam
2287 1557 2404 1594 cum
2439 1541 2611 1595 adhuc
2633 1552 2930 1613 peccatores
2965 1558 3195 1597 essemus
3220 1540 3459 1597 Christus
3481 1560 3576 1615 pro
3606 1561 3703 1598 no-

2116 1628 2192 1682 bis
2216 1639 2453 1684 mortuus
2475 1641 2570 1684 est.

2187 1718 2316 1775 Ha‘c
2344 1730 2517 1774 autem
2544 1720 2771 1792 oportuit
2814 1720 3007 1791 facere,
3033 1730 3080 1776 et
3108 1722 3204 1778 illa
3232 1739 3335 1777 non
3364 1723 3623 1791 omittere,
3650 1724 3703 1779 id

2653 1625 2801 1634 ..ε-,Α

420 1816 599 1887 aliqua
625 1818 994 1873 emendaturia
1025 1835 1181 1890 pcena
1212 1819 1423 1889 plectit,
1459 1820 1856 1893 eleemosynam
1891 1822 1999 1885 dat,

2112 1817 2213 1872 est,
2243 1809 2614 1880 eleemosynas
2647 1809 2917 1865 fructuum
2949 1819 3308 1866 terrenornm.
3338 1813 3457 1868 Non
3486 1829 3619 1886 ergo
3644 1829 3704 1871 se

420 1908 545 1977 quia
597 1908 1025 1964 misericordiam
1069 1918 1309 1980 prastat.
1368 1910 1532 1964 Multa
1583 1910 1766 1980 itaque
1811 1927 2008 1983 genera

420 2004 548 2052 sunt
581 1998 1068 2070 eleemosynarum,
1096 2016 1216 2070 qua:
1242 2016 1366 2055 cum
1400 1998 1646 2063 facimus,
1694 2000 2009 2069 adjuvantur

421 2094 480 2139 ut
504 2086 845 2142 dimittantur
869 2089 1025 2143 nobis
1050 2098 1235 2145 nostra
1266 2097 1512 2161 peccata,
1546 2093 1643 2147 sed
1674 2108 1737 2147 ea
1774 2093 1904 2147 nihil
1925 2104 2008 2149 est

421 2176 617 2247 majus,
664 2195 768 2250 qua
797 2196 863 2236 ex
889 2182 1053 2237 corde
1080 2182 1423 2247 dimittimus,
1458 2184 1601 2253 quod
1644 2185 1698 2238 in
1741 2201 1842 2240 nos
1860 2185 2008 2256 quis-

418 2285 525 2339 que
554 2271 815 2340 peccavit.
866 2271 947 2326 An
977 2286 1128 2338 vero,
1159 2274 1301 2344 quod
1330 2274 1429 2340 ait,
1471 2274 1593 2329 date
1627 2275 2007 2346 eleemosynam

417 2370 465 2412 et
495 2376 610 2415 ecce
636 2363 813 2415 omnia
858 2364 1056 2417 munda
1085 2375 1204 2418 sunt
1239 2365 1402 2431 vobis,
1447 2364 1522 2421 ita
1559 2366 1884 2422 intellecturi
1924 2384 2010 2423 su-

417 2466 559 2515 mus,
613 2462 673 2507 ut
719 2452 1013 2510 Pharisaﬁs
1064 2471 1171 2511 non
1221 2456 1545 2513 habentibus
1598 2457 1758 2513 ﬁdem
1804 2457 2007 2515 Christi

415 2542 627 2599 etiamsi
670 2561 774 2599 non
806 2546 860 2599 in
896 2561 1018 2601 eum
1058 2547 1407 2614 crediderint,
1458 2563 1557 2603 nec
1588 2548 1761 2604 renati
1805 2547 2008 2603 fuerint.

413 2650 482 2691 ex
512 2652 651 2707 aqua
689 2647 745 2691 et
784 2636 987 2706 Spiritu
1016 2648 1204 2692 sancto
1247 2640 1442 2693 munda
1478 2648 1607 2694 sunt
1641 2638 1846 2704 omnia,
1886 2646 2007 2692 tan-

414 2736 529 2782 tum
559 2728 603 2782 si
642 2728 1017 2800 eleemosynas
1045 2730 1309 2796 dederint,
1345 2730 1485 2785 sicut
1507 2731 1724 2802 quidam
1750 2745 1844 2785 eas
1874 2729 2007 2785 dan-

420 2818 518 2873 das
560 2826 753 2887 putant
800 2834 922 2871 cum
973 2819 1081 2873 sint
1134 2819 1394 2873 immundi
1446 2835 1658 2885 omnes,
1709 2834 1846 2890 quos
1897 2834 2004 2873 non

414 2910 643 2964 mundat
681 2909 813 2963 tiles
842 2909 1062 2974 Christi,
1089 2910 1154 2965 de
1177 2926 1280 2980 qua
1311 2911 1574 2981 scriptum
1594 2919 1714 2966 est:
1746 2910 2004 2964 mandans

413 2999 520 3069 ﬁde
549 3000 710 3053 corda
741 3015 943 3063 eorum,
974 3008 1030 3053 et
1067 3009 1245 3054 tamen
1276 3015 1462 3055 verum
1489 3011 1594 3066 est,
1631 3001 1773 3071 quod
1814 3001 2002 3055 audie-

414 3101 560 3157 rant,
597 3093 719 3146 date
754 3091 1152 3161 eleetnosynam,
1186 3104 1232 3145 et
1274 3110 1387 3147 ecce
1428 3095 1605 3148 omnia
1654 3093 1852 3147 munda
1882 3103 2003 3148 sunt

2113 1898 2298 1952 fallant
2337 1898 2429 1968 qui
2475 1914 2572 1970 per
2613 1899 3007 1971 eleemosynas,
3051 1901 3319 1973 quaslibet
3365 1902 3702 1975 largissimas

2112 1989 2379 2045 fructuum
2407 2006 2625 2045 suorum
2654 1991 2735 2046 vel
2761 1989 3022 2061 cujusque
3048 1994 3293 2062 pecunia:
3316 1994 3695 2064 impunitatem

2111 2098 2170 2137 se
2200 2098 2382 2138 emere
2418 2083 2756 2150 existimant,
2801 2072 2871 2138 in
2893 2082 3196 2141 facinorum
3238 2083 3604 2154 immanitate,
3639 2104 3702 2143 ac

2108 2170 2435 2243 ﬂagitiorum
2472 2173 2711 2243 nequitia
2739 2174 3126 2244 permanendo.

2190 2263 2280 2320 Va:
2306 2266 2445 2320 vobis
2486 2254 2920 2338 Pharisteis,'gui
2943 2266 3162 2337 diligitis
3192 2267 3391 2338 primas
3424 2268 3701 2325 cathedras

2108 2360 2164 2414 in
2185 2359 2462 2430 synagogis
2503 2368 2552 2413 et
2586 2357 2928 2414 salutationes
2969 2360 3027 2414 in
3054 2359 3191 2429 foro.
3232 2360 3326 2416 Vae
3354 2358 3511 2416 nobis
3541 2362 3700 2416 mise-

2109 2453 2205 2518 ris,
2244 2452 2313 2508 ad
2367 2468 2503 2524 quos
2562 2451 2967 2509 Pharisteorhm
3016 2452 3148 2508 vitia
3200 2453 3559 2519 transierunt,
3610 2454 3699 2524 qui

2108 2547 2268 2604 breve
2296 2555 2352 2602 et
2392 2546 2654 2601 incertum
2686 2544 2811 2600 vita:
2851 2552 3051 2600 nostra:
3077 2543 3408 2600 curriculum
3437 2560 3546 2615 quo
3577 2559 3700 2615 pec-

2109 2648 2229 2695 cata
2262 2637 2542 2693 humiliter
2576 2635 2831 2708 plangere
2872 2635 3255 2703 debueramus,
3313 2651 3414 2706 pro
3451 2639 3696 2708 prioratu

2108 2729 2339 2785 invicem
2369 2728 2602 2798 superbe
2634 2726 2893 2782 certando
2925 2726 3166 2797 peccatis
3206 2727 3438 2798 amplius
3468 2743 3700 2785 onerare

2108 2836 2214 2876 non
2240 2819 2552 2876 metuimus.

2189 2909 2278 2967 Va:
2297 2911 2598 2983 vobis,quia
2627 2911 2749 2966 estis
2780 2920 2835 2965 ut
2858 2919 3193 2965 monumenta
3216 2927 3336 2981 qua:
3361 2928 3466 2966 non
3493 2920 3698 2981 patent,

2106 3012 2155 3057 et
2182 3003 2415 3057 homines
2450 3000 2775 3057 ambulantes
2812 3018 3001 3073 supra,
3046 3002 3300 3057 nesciunt.
3353 3003 3420 3058 Et
3450 3002 3553 3065 hac
3603 3020 3694 3060 su-

2107 3078 2482 3164 perstitionem
2508 3094 2904 3151 Pbariszeorum
2934 3096 3202 3179 sententia
3240 3096 3539 3166 redarguit,
3568 3099 3695 3169 quia

411 3184 574 3238 vobis.
606 3184 706 3250 Qui
746 3184 891 3239 enim
930 3183 1043 3237 vult
1089 3185 1336 3240 ordinate
1362 3185 1758 3257 cleemosynam
1791 3186 1940 3251 dare,
1972 3202 2002 3240 a
2030 3183 2075 3245 C
2108 3188 2242 3244 foris
2268 3186 2501 3259 speciem
2526 3196 2689 3243 recta:
2712 3188 2973 3243 doctrinae
2992 3187 3332 3258 prastendant
3358 3203 3374 3241 :
3397 3189 3544 3244 intus
3566 3205 3693 3244 vero
3765 3201 3773 3208 ‘

410 3289 471 3327 se
499 3273 615 3343 ipso
641 3273 799 3328 debet
830 3270 1067 3344 incipere
1099 3284 1152 3328 et
1177 3290 1297 3329 eam
1340 3274 1440 3329 sibi
1469 3276 1702 3345 primum
1734 3278 1884 3341 dare,
1915 3286 1999 3330 est

409 3363 554 3417 enim
585 3363 925 3435 eleenzosyna
975 3381 1110 3435 opus
1158 3366 1566 3431 misericordiae,
1611 3365 2000 3436 verissimeque

409 3456 612 3509 dictum
643 3465 748 3520 est,
780 3456 1022 3511 miserere
1043 3458 1232 3511 animm
1256 3468 1360 3511 tum
1378 3436 1590 3527 placeo;
1620 3457 1751 3522 Deo,
1780 3467 2001 3528 propter

410 3553 512 3607 huc
539 3546 876 3607 renascimur
903 3562 963 3606 ut
990 3553 1098 3607 Deo
1126 3552 1455 3623 placeamus,
1485 3553 1569 3607 cui
1600 3538 1795 3607 merito
1816 3553 2001 3624 displi-

408 3656 496 3703 cet
523 3647 665 3718 quod
694 3648 965 3703 nascendo
990 3648 1377 3702 contraximus.
1407 3647 1530 3701 llaec
1553 3655 1637 3703 est
1666 3647 1840 3717 prima
1867 3648 2003 3703 elec-

409 3757 651 3813 Inosyna,
695 3757 857 3811 quam
909 3741 1066 3796 nobis
1108 3740 1377 3804 dedimus,
1408 3739 1664 3808 quoniam
1710 3753 1811 3794 nos
1856 3738 2000 3808 ipsos

404 3834 636 3891 miseros
664 3849 760 3903 per
783 3834 1094 3889 miserantis
1125 3833 1216 3888 Dei
1242 3832 1673 3887 misericordiam
1715 3831 2000 3901 requisivi-

405 3940 547 3982 tnus.
577 3924 810 3992 Propter
835 3924 1136 3979 dilectionis
1161 3925 1406 3979 ordinem
1428 3924 1631 3978 dictum
1661 3934 1764 3989 est,
1800 3923 1997 3994 Diliges

403 4015 702 4085 proximum
740 4023 887 4066 tuum
918 4022 1169 4083 tanquam
1198 4024 1245 4066 te
1275 4014 1464 4085 ipsum.
1494 4014 1626 4067 Cum
1657 4028 1786 4084 ergo
1818 4014 1997 4068 incre-

404 4110 587 4173 passet
611 4117 705 4156 eos
733 4100 874 4169 quod
918 4099 1218 4155 forinsecus
1246 4114 1303 4155 se
1335 4084 1599 4166 lav'arent,
1634 4101 1779 4155 intus
1814 4110 1995 4156 autem

406 4193 592 4264 rapina
620 4201 676 4247 et
721 4189 1002 4261 iniquitate
1046 4188 1188 4260 pleni
1224 4198 1422 4249 essent.
1472 4190 1768 4245 admonens
1807 4205 1997 4260 quam-

400 4286 528 4339 dam
557 4284 980 4354 eleemosynam,
1007 4297 1171 4352 quam
1204 4282 1305 4336 sibi
1358 4282 1520 4336 homo
1545 4281 1703 4335 debet
1743 4282 2015 4351 primitus

401 4378 553 4442 dare,
577 4385 633 4431 et
647 4376 903 4431 interiora
928 4374 1190 4429 mundare
1206 4390 1221 4438 ;
1239 4382 1632 4438 verumtamen,
1650 4373 1843 4442 inquit,
1857 4373 1994 4443 quod

366 4475 373 4483 '
398 4479 627 4541 superest
656 4469 776 4523 date
801 4466 1200 4538 eleemosynam,
1228 4474 1275 4518 et
1302 4481 1415 4519 ecce
1438 4465 1616 4519 omnia
1642 4444 1842 4520 mitnda
1873 4474 1994 4519 sunt

2096 3282 2224 3351 quid
2253 3280 2513 3335 foeditatis
2543 3288 2734 3353 gerant
2765 3280 3060 3346 occultent,
3103 3280 3275 3334 instar
3311 3286 3692 3337 monumento-

2098 3387 2218 3426 rum
2245 3386 2366 3441 qua:
2418 3387 2543 3427 cum
2586 3369 2924 3440 superficiem
2968 3379 3129 3425 terrm
3168 3371 3473 3426 communis
3505 3381 3691 3426 osten-

2098 3463 2229 3517 dant
2247 3503 2262 3527 ,
2288 3462 2434 3517 intus
2452 3462 2901 3517 vermoscentium
2921 3468 3048 3517 sunt
3062 3459 3389 3516 cadaverum
3418 3460 3597 3531 plena,
3627 3461 3698 3517 de

2099 3551 2297 3623 quibus
2323 3551 2608 3607 Psalmista
2647 3566 2771 3606 cum
2810 3551 3034 3615 diceret,
3077 3550 3373 3622 sepulcrum
3401 3560 3584 3621 patens
3617 3562 3696 3606 est

2099 3652 2281 3712 guttur
2300 3658 2506 3707 eorum,
2532 3657 2680 3707 mox,
2705 3641 2833 3711 quid
2857 3641 3087 3697 dixisset
3110 3641 3343 3713 aperuit,
3369 3642 3695 3714 adjnngens,

2099 3732 2317 3805 Linguis
2345 3733 2457 3787 suis
2477 3730 2657 3788 dolose
2683 3732 2925 3803 agebant.

2171 3824 2508 3895 Respondeas
2538 3824 2952 3894 autemvuidam
2999 3840 3065 3879 ea;
3104 3823 3434 3895 legisperitis,
3470 3822 3546 3876 ait
3567 3821 3696 3879 illi:

2102 3913 2378 3986 Magister,
2399 3915 2511 3969 hwc
2541 3914 2742 3980 dicens,
2768 3915 2925 3968 etiam
2952 3916 3100 3969 nobis
3135 3914 3504 3968 contumeliam
3531 3914 3689 3984 facis.

2099 4007 2270 4076 Quam
2309 4007 2507 4063 misera
2533 4006 2888 4071 conscientia,
2915 4022 3035 4076 qua:
3059 4007 3246 4061 audito
3272 4006 3365 4061 Dei
3394 4006 3562 4063 verbo
3584 4006 3688 4062 sibi

2098 4097 2480 4152 contumeliam
2510 4106 2663 4166 putat
2687 4095 2826 4160 ﬁeri,
2856 4105 2910 4150 et
2934 4106 3355 4150 commemorata
3384 4109 3544 4164 poma
3567 4110 3695 4165 per-

2099 4188 2330 4243 ﬁdorum
2356 4202 2414 4242 se
2442 4201 2655 4256 semper
2680 4184 2931 4255 intelligit
2956 4198 3079 4240 esse
3105 4184 3504 4239 damnandam!
3535 4183 3691 4239 Unde

2098 4279 2230 4334 mihi
2269 4278 2515 4348 meisque
2558 4275 2828 4331 similibus
2869 4275 3089 4336 unicum
3138 4272 3428 4345 suﬂ'ngium
3466 4288 3689 4345 semper

2096 4379 2180 4425 est
2209 4369 2435 4425 Domino
2469 4382 2590 4423 cum
2633 4366 2903 4436 Pmpheta
2942 4365 3268 4437 supplicare,
3301 4362 3516 4419 Utinam
3556 4367 3689 4419 diri-

2096 4475 2291 4537 gantur
2316 4464 2410 4517 vim
2433 4477 2563 4517 metr
2604 4461 2674 4515 ad
2708 4460 3076 4515 custodiendas
3092 4460 3507 4531 justi/icationes
3544 4463 3690 4517 tuas!

400 4560 558 4614 vobis.
609 4559 813 4613 Deinde
854 4567 915 4611 ut
953 4558 1262 4612 ostenderet
1297 4555 1439 4624 quod
1492 4554 1884 4619 admonuisset,
1934 4564 1988 4609 et
2018 4544 2216 4610 Dtunc
2263 4571 2365 4608 non
2410 4551 2708 4623 confundor
2755 4550 2879 4604 dum
2905 4550 3259 4618 respexeroin
3301 4549 3479 4603 omnia
3534 4566 3687 4603 man-

399 4652 540 4719 «μιοά
566 4651 666 4721 ipsi
689 4651 866 4707 facere
894 4667 998 4705 non
1028 4658 1307 4711 curarent,
1340 4664 1405 4702 ne
1438 4647 1585 4701 illum
1614 4655 1867 4716 putarent
1897 4662 1987 4701 ro-

402 4759 517 4796 rum
561 4742 931 4813 eleemosynas
978 4743 1228 4813 ignorare
1269 4759 1282 4794 :
1326 4740 1431 4795 Sed
1476 4756 1549 4794 va:
1586 4740 1749 4803 vobis,
1784 4739 1982 4810 inquit,

403 4833 708 4889 Pharisa’is.
735 4834 1011 4905 Tazquant
1037 4836 1262 4897 diceret,
1292 4833 1403 4903 Ego
1432 4834 1647 4901 quidem
1676 4830 1983 4888 commonui

396 4943 493 4983 vos
521 4922 920 4998 cleemosynam
975 4926 1205 4980 dandam
1248 4942 1344 4995 per
1379 4941 1540 4995 quam
1586 4925 1735 4978 vobis
1783 4924 1981 4978 munia

395 5022 505 5077 sint
532 5018 735 5075 omnia.

468 5109 574 5168 Sed
602 5128 676 5166 va:
706 5112 868 5175 vobis,
895 5111 1019 5182 quia
1059 5109 1329 5163 decimatis
1370 5107 1655 5171 mentham,
1697 5118 1743 5160 et
1784 5115 1979 5167 rutam,

393 5216 442 5264 et
473 5221 625 5261 onme
655 5203 792 5259 olus.
851 5201 960 5256 llas
1005 5202 1151 5255 enim
1201 5200 1323 5254 novi
1367 5200 1739 5268 eleemosynas
1771 5207 1984 5251 vestras

396 5314 464 5357 ne
495 5300 560 5355 de
584 5296 687 5353 illis
717 5312 802 5352 me
831 5309 973 5349 nunc
1007 5309 1100 5348 vos
1136 5291 1479 5347 admonuisse
1519 5289 1877 5345 arbitremini.

468 5400 537 5455 Et
568 5397 845 5471 prmteritis
858 5395 1120 5467 judicium
1148 5403 1194 5448 et
1222 5393 1529 5446 charitatem
1555 5389 1681 5444 Dei:
1708 5404 1815 5459 qua
1842 5388 1986 5442 elec-

394 5507 620 5564 mosyna
667 5488 898 5562 possetis
947 5487 1014 5542 ab
1060 5484 1205 5541 omni
1268 5483 1679 5553 inquinamento
1729 5480 1984 5534 interiore

400 5582 665 5645 mundari,
698 5588 759 5636 ut
794 5577 946 5635 vobis
988 5574 1188 5631 munda
1218 5580 1401 5629 essent
1424 5581 1479 5627 et
1503 5587 1729 5641 corpora
1752 5584 1872 5640 qua:
1901 5568 1982 5622 la-

401 5673 560 5728 vatis.
599 5673 714 5729 Hoc
753 5680 838 5728 est
874 5670 1018 5727 enim
1047 5667 1247 5731 omnia,
1291 5672 1346 5720 et
1380 5664 1635 5719 interiora
1668 5662 1898 5725 scilicet,
1931 5668 1984 5715 et

404 5765 704 5828 exteriora,
753 5765 892 5820 sicut
937 5760 1063 5818 alibi
1116 5758 1333 5830 legitur,
1387 5754 1637 5811 Nuntiate
1677 5771 1793 5826 (μίαν
1844 5755 1983 5807 intus

2094 4646 2222 4700 data
2258 4653 2370 4698 tua.

2162 4739 2226 4792 At
2254 4739 2341 4793 ille
2363 4741 2435 4794 ait
2461 4756 2479 4793 :
2505 4736 2572 4792 Et
2598 4738 2737 4793 vobis
2760 4735 3069 4808 legisperitis
3093 4751 3189 4799 va2,
3218 4734 3307 4805 qui
3330 4732 3562 4788 oneratis
3592 4731 3683 4787 ho-

2092 4833 2256 4887 mines
2294 4831 2534 4886 oneribus
2564 4847 2679 4902 qua:
2709 4839 2919 4899 portare
2949 4845 3051 4882 non
3091 4837 3332 4898 possunt,
3372 4835 3419 4880 et
3447 4826 3547 4881 insi
3580 4839 3687 4878 uno

2091 4922 2253 4994 digfto
2280 4934 2448 4977 vestro
2489 4939 2589 4976 non
2626 4920 2841 4991 tangitis
2869 4935 3047 4974 eorum
3084 4920 3367 4973 sarcinam.
3397 4916 3516 4970 Non
3555 4931 3684 4986 pos-

2093 5022 2220 5068 sunt
2243 5028 2407 5067 onera
2441 5013 2572 5082 legis
2601 5010 2806 5081 portari
2837 5024 2903 5064 eo
2937 5009 3097 5063 modo
3118 5023 3224 5077 quo
3255 5008 3342 5061 isti
3386 5007 3683 5078 .egisperiti

2093 5119 2157 5158 ea
2190 5104 2537 5173 imponehant
2566 5101 2897 5166 hominibus,
2930 5100 3071 5153 unde
3110 5107 3255 5153 recte
3286 5098 3514 5163 audivit,
3540 5097 3686 5168 quod

2093 5197 2336 5252 sarcinas
2376 5195 2494 5264 ejus
2528 5210 2635 5250 uno
2659 5193 2825 5263 digito
2852 5208 2960 5247 non
2998 5197 3303 5261 tangerent,
3342 5189 3444 5244 hoc
3475 5196 3588 5252 est,
3618 5204 3689 5242 ne

2092 5289 2145 5342 in
2184 5287 2421 5342 minimis
2449 5287 2666 5357 quidem
2696 5301 2815 5340 eam
2838 5282 3181 5354 perlicerent,
3206 5296 3369 5352 quam
3402 5294 3460 5335 se
3487 5288 3686 5335 contra

2089 5388 2318 5433 mortem
2360 5377 2547 5450 [Forte
2600 5375 2830 5448 morem]
2873 5386 3089 5445 patrum
3115 5375 3232 5430 sine
3277 5373 3381 5429 (ide
3417 5380 3473 5427 et
3501 5373 3684 5444 gratia

2086 5472 2213 5528 .lesu
2242 5474 2444 5529 Christi
2466 5482 2521 5527 et
2552 5488 2770 5527 servare
2801 5480 2856 5525 et
2880 5470 3204 5526 servandam
3236 5468 3449 5525 tradere
3474 5481 3688 5539 praesu-

2088 5570 2323 5623 mebant.
2351 5568 2526 5639 Atque
2550 5567 2671 5622 ideo
2699 5564 2888 5637 iugum
2914 5565 3116 5622 Christi
3137 5581 3302 5621 suave
3321 5574 3378 5621 et
3402 5565 3684 5622 sarcinam

2064 5660 2204 5731 ,ejus
2234 5660 2427 5723 levem,
2454 5658 2545 5714 ubi
2576 5657 2792 5728 requies
2831 5666 2917 5713 est
2954 5657 3283 5725 animarum,
3311 5656 3502 5728 procul
3540 5657 3688 5728 abji-

2088 5767 2214 5807 cere
2243 5758 2307 5808 .et
2344 5750 2709 5806 exterminare
2752 5750 3062 5817 tentabant,
3092 5765 3215 5807 cum
3246 5750 3511 5822 scriptum
3555 5751 3635 5805 sit
3664 5772 3679 5809 :
