  <div class='ocr_page' id='page_1' title='image "/cluster/home/n/w/nwhite01/storage/ocr_20150623/110/hvd.32044054759758/208.png"; bbox 0 0 3950 6184; ppageno 0'>
   <div class='ocr_carea' id='block_1_1' title="bbox 1854 197 1879 211">
    <p class='ocr_par' dir='ltr' id='par_1_1' title="bbox 1854 197 1879 211">
     <span class='ocr_line' id='line_1_1' title="bbox 1854 197 1879 211; baseline 0 0"><span class='ocrx_word' id='word_1_1' title='bbox 1854 197 1879 211; x_wconf 60' lang='grc' dir='ltr'><strong><em>ρ</em></strong></span> 
     </span>
    </p>
   </div>
   <div class='ocr_carea' id='block_1_2' title="bbox 285 275 3561 375">
    <p class='ocr_par' dir='ltr' id='par_1_2' title="bbox 285 275 3561 375">
     <span class='ocr_line' id='line_1_2' title="bbox 285 275 3561 375; baseline 0.004 -13"><span class='ocrx_word' id='word_1_2' title='bbox 285 314 396 372; x_wconf 63' lang='lat' dir='ltr'><strong>tos</strong></span> <span class='ocrx_word' id='word_1_3' title='bbox 1357 311 1661 368; x_wconf 57' lang='lat' dir='ltr'><strong>nonnum</strong></span> <span class='ocrx_word' id='word_1_4' title='bbox 1700 311 1764 367; x_wconf 78' lang='lat' dir='ltr'><strong>IN</strong></span> <span class='ocrx_word' id='word_1_5' title='bbox 1803 306 2062 367; x_wconf 77' lang='lat' dir='ltr'><strong>EVANG.</strong></span> <span class='ocrx_word' id='word_1_6' title='bbox 2106 311 2192 366; x_wconf 85' lang='lat' dir='ltr'><strong>ET</strong></span> <span class='ocrx_word' id='word_1_7' title='bbox 2233 311 2450 367; x_wconf 83' lang='lat' dir='ltr'><strong>EPIST.</strong></span> <span class='ocrx_word' id='word_1_8' title='bbox 3447 275 3561 375; x_wconf 73' lang='lat' dir='ltr'><strong>too</strong></span> 
     </span>
    </p>
   </div>
   <div class='ocr_carea' id='block_1_3' title="bbox 281 420 3550 506">
    <p class='ocr_par' dir='ltr' id='par_1_3' title="bbox 281 420 3550 506">
     <span class='ocr_line' id='line_1_3' title="bbox 281 420 3550 506; baseline -0.001 -20"><span class='ocrx_word' id='word_1_9' title='bbox 281 427 476 486; x_wconf 82' lang='lat' dir='ltr'><strong>Iustus</strong></span> <span class='ocrx_word' id='word_1_10' title='bbox 496 443 564 484; x_wconf 79' lang='lat' dir='ltr'><strong>ea:</strong></span> <span class='ocrx_word' id='word_1_11' title='bbox 589 426 694 497; x_wconf 71' lang='lat' dir='ltr'><strong>ﬁde</strong></span> <span class='ocrx_word' id='word_1_12' title='bbox 722 422 862 489; x_wconf 83' lang='lat' dir='ltr'><strong>vivit,</strong></span> <span class='ocrx_word' id='word_1_13' title='bbox 891 429 947 477; x_wconf 88' lang='lat' dir='ltr'><strong>et</strong></span> <span class='ocrx_word' id='word_1_14' title='bbox 970 420 1241 491; x_wconf 79' lang='lat' dir='ltr'><strong>apostolus</strong></span> <span class='ocrx_word' id='word_1_15' title='bbox 1270 422 1464 479; x_wconf 90' lang='lat' dir='ltr'><strong>Petrus</strong></span> <span class='ocrx_word' id='word_1_16' title='bbox 1491 423 1594 488; x_wconf 90' lang='lat' dir='ltr'><strong>his,</strong></span> <span class='ocrx_word' id='word_1_17' title='bbox 1623 423 1714 493; x_wconf 86' lang='lat' dir='ltr'><strong>qui</strong></span> <span class='ocrx_word' id='word_1_18' title='bbox 1747 437 1866 477; x_wconf 88' lang='lat' dir='ltr'><strong>cre—</strong></span> <span class='ocrx_word' id='word_1_19' title='bbox 1892 428 1945 484; x_wconf 80' lang='grc' dir='ltr'><strong>Α</strong></span> <span class='ocrx_word' id='word_1_20' title='bbox 1971 420 2060 475; x_wconf 90' lang='lat' dir='ltr'><strong>rit.</strong></span> <span class='ocrx_word' id='word_1_21' title='bbox 2102 420 2246 476; x_wconf 88' lang='lat' dir='ltr'><strong>Sane</strong></span> <span class='ocrx_word' id='word_1_22' title='bbox 2271 423 2361 492; x_wconf 86' lang='lat' dir='ltr'><strong>qui</strong></span> <span class='ocrx_word' id='word_1_23' title='bbox 2407 438 2471 477; x_wconf 77' lang='lat' dir='ltr'><strong>ex</strong></span> <span class='ocrx_word' id='word_1_24' title='bbox 2511 423 2653 477; x_wconf 71' lang='lat' dir='ltr'><strong>dono</strong></span> <span class='ocrx_word' id='word_1_25' title='bbox 2697 423 2859 479; x_wconf 68' lang='lat' dir='ltr'><strong>habet</strong></span> <span class='ocrx_word' id='word_1_26' title='bbox 2905 425 3245 494; x_wconf 77' lang='lat' dir='ltr'><strong>sapientiam,</strong></span> <span class='ocrx_word' id='word_1_27' title='bbox 3287 425 3403 482; x_wconf 83' lang='lat' dir='ltr'><strong>sine</strong></span> <span class='ocrx_word' id='word_1_28' title='bbox 3449 443 3550 506; x_wconf 78' lang='lat' dir='ltr'><strong>suo</strong></span> 
     </span>
    </p>
   </div>
   <div class='ocr_carea' id='block_1_4' title="bbox 285 506 3560 593">
    <p class='ocr_par' dir='ltr' id='par_1_4' title="bbox 285 506 3560 593">
     <span class='ocr_line' id='line_1_4' title="bbox 285 506 3560 593; baseline 0.001 -19"><span class='ocrx_word' id='word_1_29' title='bbox 285 518 480 575; x_wconf 87' lang='lat' dir='ltr'><strong>dentes</strong></span> <span class='ocrx_word' id='word_1_30' title='bbox 521 535 591 575; x_wconf 83' lang='lat' dir='ltr'><strong>ex</strong></span> <span class='ocrx_word' id='word_1_31' title='bbox 637 519 883 591; x_wconf 84' lang='lat' dir='ltr'><strong>gentibus</strong></span> <span class='ocrx_word' id='word_1_32' title='bbox 927 506 1247 572; x_wconf 78' lang='lat' dir='ltr'><strong>circumcidi</strong></span> <span class='ocrx_word' id='word_1_33' title='bbox 1274 515 1559 581; x_wconf 76' lang='lat' dir='ltr'><strong>docebant,</strong></span> <span class='ocrx_word' id='word_1_34' title='bbox 1606 524 1871 586; x_wconf 85' lang='lat' dir='ltr'><strong>proteste—</strong></span> <span class='ocrx_word' id='word_1_35' title='bbox 1975 523 2171 570; x_wconf 90' lang='lat' dir='ltr'><strong>conatu</strong></span> <span class='ocrx_word' id='word_1_36' title='bbox 2212 514 2446 586; x_wconf 89' lang='lat' dir='ltr'><strong>loquitur</strong></span> <span class='ocrx_word' id='word_1_37' title='bbox 2471 526 2526 570; x_wconf 90' lang='lat' dir='ltr'><strong>et</strong></span> <span class='ocrx_word' id='word_1_38' title='bbox 2570 515 2774 581; x_wconf 84' lang='lat' dir='ltr'><strong>labore,</strong></span> <span class='ocrx_word' id='word_1_39' title='bbox 2804 525 2859 571; x_wconf 93' lang='lat' dir='ltr'><strong>et</strong></span> <span class='ocrx_word' id='word_1_40' title='bbox 2904 531 3063 572; x_wconf 91' lang='lat' dir='ltr'><strong>nemo</strong></span> <span class='ocrx_word' id='word_1_41' title='bbox 3096 526 3276 588; x_wconf 87' lang='lat' dir='ltr'><strong>potest</strong></span> <span class='ocrx_word' id='word_1_42' title='bbox 3307 518 3381 593; x_wconf 67' lang='lat' dir='ltr'><strong>illi</strong></span> <span class='ocrx_word' id='word_1_43' title='bbox 3422 522 3560 578; x_wconf 82' lang='lat' dir='ltr'><strong>resi-</strong></span> 
     </span>
    </p>
   </div>
   <div class='ocr_carea' id='block_1_5' title="bbox 286 603 2472 677">
    <p class='ocr_par' dir='ltr' id='par_1_5' title="bbox 286 603 2472 677">
     <span class='ocr_line' id='line_1_5' title="bbox 286 603 2472 677; baseline -0.001 -15"><span class='ocrx_word' id='word_1_44' title='bbox 286 617 402 674; x_wconf 87' lang='lat' dir='ltr'><strong>tur,</strong></span> <span class='ocrx_word' id='word_1_45' title='bbox 430 617 488 664; x_wconf 79' lang='lat' dir='ltr'><strong>et</strong></span> <span class='ocrx_word' id='word_1_46' title='bbox 521 610 686 674; x_wconf 84' lang='lat' dir='ltr'><strong>dicat,</strong></span> <span class='ocrx_word' id='word_1_47' title='bbox 730 617 779 664; x_wconf 90' lang='lat' dir='ltr'><strong>et</strong></span> <span class='ocrx_word' id='word_1_48' title='bbox 817 623 955 661; x_wconf 89' lang='lat' dir='ltr'><strong>nunc</strong></span> <span class='ocrx_word' id='word_1_49' title='bbox 991 605 1117 677; x_wconf 86' lang='lat' dir='ltr'><strong>quid</strong></span> <span class='ocrx_word' id='word_1_50' title='bbox 1143 607 1352 660; x_wconf 89' lang='lat' dir='ltr'><strong>tentatis</strong></span> <span class='ocrx_word' id='word_1_51' title='bbox 1376 604 1568 671; x_wconf 87' lang='lat' dir='ltr'><strong>Deum,</strong></span> <span class='ocrx_word' id='word_1_52' title='bbox 1604 606 1869 676; x_wconf 80' lang='lat' dir='ltr'><strong>imponere</strong></span> <span class='ocrx_word' id='word_1_53' title='bbox 1970 613 2134 658; x_wconf 90' lang='lat' dir='ltr'><strong>stere.</strong></span> <span class='ocrx_word' id='word_1_54' title='bbox 2175 603 2472 675; x_wconf 81' lang='lat' dir='ltr'><strong>Sequitur:</strong></span> 
     </span>
    </p>
   </div>
   <div class='ocr_carea' id='block_1_6' title="bbox 275 695 3553 774">
    <p class='ocr_par' dir='ltr' id='par_1_6' title="bbox 275 695 3553 774">
     <span class='ocr_line' id='line_1_6' title="bbox 275 695 3553 774; baseline -0.001 -17"><span class='ocrx_word' id='word_1_55' title='bbox 275 700 475 774; x_wconf 68' lang='lat' dir='ltr'><strong>fugam</strong></span> <span class='ocrx_word' id='word_1_56' title='bbox 511 718 668 773; x_wconf 75' lang='lat' dir='ltr'><strong>super</strong></span> <span class='ocrx_word' id='word_1_57' title='bbox 700 702 948 756; x_wconf 86' lang='lat' dir='ltr'><strong>cervicem</strong></span> <span class='ocrx_word' id='word_1_58' title='bbox 984 696 1384 770; x_wconf 78' lang='lat' dir='ltr'><strong>discipulorum,</strong></span> <span class='ocrx_word' id='word_1_59' title='bbox 1409 697 1549 768; x_wconf 84' lang='lat' dir='ltr'><strong>quod</strong></span> <span class='ocrx_word' id='word_1_60' title='bbox 1582 714 1743 769; x_wconf 82' lang='lat' dir='ltr'><strong>neque</strong></span> <span class='ocrx_word' id='word_1_61' title='bbox 1772 715 1869 768; x_wconf 89' lang='lat' dir='ltr'><strong>pa-</strong></span> <span class='ocrx_word' id='word_1_62' title='bbox 2041 695 2146 749; x_wconf 80' lang='lat' dir='ltr'><strong>Alii</strong></span> <span class='ocrx_word' id='word_1_63' title='bbox 2177 706 2352 750; x_wconf 87' lang='lat' dir='ltr'><strong>autem</strong></span> <span class='ocrx_word' id='word_1_64' title='bbox 2383 713 2552 751; x_wconf 88' lang='lat' dir='ltr'><strong>sermo</strong></span> <span class='ocrx_word' id='word_1_65' title='bbox 2575 697 2805 752; x_wconf 75' lang='lat' dir='ltr'><strong>scientire</strong></span> <span class='ocrx_word' id='word_1_66' title='bbox 2840 698 3126 752; x_wconf 82' lang='lat' dir='ltr'><strong>secundum</strong></span> <span class='ocrx_word' id='word_1_67' title='bbox 3150 698 3389 753; x_wconf 86' lang='lat' dir='ltr'><strong>eumdem</strong></span> <span class='ocrx_word' id='word_1_68' title='bbox 3424 697 3553 771; x_wconf 85' lang='lat' dir='ltr'><strong>Spi-</strong></span> 
     </span>
    </p>
   </div>
   <div class='ocr_carea' id='block_1_7' title="bbox 281 784 3548 864">
    <p class='ocr_par' dir='ltr' id='par_1_7' title="bbox 281 784 3548 864">
     <span class='ocr_line' id='line_1_7' title="bbox 281 784 3548 864; baseline -0.002 -15"><span class='ocrx_word' id='word_1_69' title='bbox 281 800 394 848; x_wconf 79' lang='lat' dir='ltr'><strong>tres</strong></span> <span class='ocrx_word' id='word_1_70' title='bbox 429 794 598 849; x_wconf 87' lang='lat' dir='ltr'><strong>nostri</strong></span> <span class='ocrx_word' id='word_1_71' title='bbox 626 808 790 864; x_wconf 83' lang='lat' dir='ltr'><strong>neque</strong></span> <span class='ocrx_word' id='word_1_72' title='bbox 817 808 910 846; x_wconf 87' lang='lat' dir='ltr'><strong>nos</strong></span> <span class='ocrx_word' id='word_1_73' title='bbox 938 790 1202 861; x_wconf 77' lang='lat' dir='ltr'><strong>potuimus</strong></span> <span class='ocrx_word' id='word_1_74' title='bbox 1241 797 1470 860; x_wconf 88' lang='lat' dir='ltr'><strong>portare,</strong></span> <span class='ocrx_word' id='word_1_75' title='bbox 1499 788 1590 842; x_wconf 85' lang='lat' dir='ltr'><strong>sed</strong></span> <span class='ocrx_word' id='word_1_76' title='bbox 1628 805 1721 858; x_wconf 88' lang='lat' dir='ltr'><strong>per</strong></span> <span class='ocrx_word' id='word_1_77' title='bbox 1740 805 1868 859; x_wconf 85' lang='lat' dir='ltr'><strong>gra-</strong></span> <span class='ocrx_word' id='word_1_78' title='bbox 1969 784 2149 838; x_wconf 89' lang='lat' dir='ltr'><strong>ritum.</strong></span> <span class='ocrx_word' id='word_1_79' title='bbox 2182 784 2252 840; x_wconf 85' lang='lat' dir='ltr'><strong>Ut</strong></span> <span class='ocrx_word' id='word_1_80' title='bbox 2278 785 2415 840; x_wconf 88' lang='lat' dir='ltr'><strong>sciat</strong></span> <span class='ocrx_word' id='word_1_81' title='bbox 2452 784 2583 855; x_wconf 91' lang='lat' dir='ltr'><strong>legis</strong></span> <span class='ocrx_word' id='word_1_82' title='bbox 2611 785 2868 855; x_wconf 83' lang='lat' dir='ltr'><strong>mysteria</strong></span> <span class='ocrx_word' id='word_1_83' title='bbox 2896 785 3207 856; x_wconf 84' lang='lat' dir='ltr'><strong>explanare,</strong></span> <span class='ocrx_word' id='word_1_84' title='bbox 3239 795 3294 842; x_wconf 91' lang='lat' dir='ltr'><strong>et</strong></span> <span class='ocrx_word' id='word_1_85' title='bbox 3318 788 3385 843; x_wconf 91' lang='lat' dir='ltr'><strong>de</strong></span> <span class='ocrx_word' id='word_1_86' title='bbox 3407 803 3548 859; x_wconf 70' lang='lat' dir='ltr'><strong>prae-</strong></span> 
     </span>
    </p>
   </div>
   <div class='ocr_carea' id='block_1_8' title="bbox 283 874 2695 949">
    <p class='ocr_par' dir='ltr' id='par_1_8' title="bbox 283 874 2695 949">
     <span class='ocr_line' id='line_1_8' title="bbox 283 874 2695 949; baseline -0.002 -13"><span class='ocrx_word' id='word_1_87' title='bbox 283 882 417 938; x_wconf 78' lang='lat' dir='ltr'><strong>tium</strong></span> <span class='ocrx_word' id='word_1_88' title='bbox 442 882 659 938; x_wconf 79' lang='lat' dir='ltr'><strong>Domini</strong></span> <span class='ocrx_word' id='word_1_89' title='bbox 689 882 817 938; x_wconf 83' lang='lat' dir='ltr'><strong>Iesu</strong></span> <span class='ocrx_word' id='word_1_90' title='bbox 841 881 1101 936; x_wconf 82' lang='lat' dir='ltr'><strong>credimus</strong></span> <span class='ocrx_word' id='word_1_91' title='bbox 1127 879 1319 934; x_wconf 79' lang='lat' dir='ltr'><strong>salvari</strong></span> <span class='ocrx_word' id='word_1_92' title='bbox 1349 877 1786 949; x_wconf 71' lang='lat' dir='ltr'><strong>quemadmodum</strong></span> <span class='ocrx_word' id='word_1_93' title='bbox 1818 886 1868 933; x_wconf 85' lang='lat' dir='ltr'><strong>et</strong></span> <span class='ocrx_word' id='word_1_94' title='bbox 1969 874 2144 931; x_wconf 88' lang='lat' dir='ltr'><strong>teritis</strong></span> <span class='ocrx_word' id='word_1_95' title='bbox 2163 875 2327 930; x_wconf 90' lang='lat' dir='ltr'><strong>etiam</strong></span> <span class='ocrx_word' id='word_1_96' title='bbox 2349 890 2695 946; x_wconf 80' lang='lat' dir='ltr'><strong>cognoscere.</strong></span> 
     </span>
    </p>
   </div>
   <div class='ocr_carea' id='block_1_9' title="bbox 283 970 1869 1042">
    <p class='ocr_par' dir='ltr' id='par_1_9' title="bbox 283 970 1869 1042">
     <span class='ocr_line' id='line_1_9' title="bbox 283 970 1869 1042; baseline -0.001 -16"><span class='ocrx_word' id='word_1_97' title='bbox 283 970 517 1040; x_wconf 69' lang='lat' dir='ltr'><strong>itthm</strong></span> <span class='ocrx_word' id='word_1_98' title='bbox 550 989 677 1030; x_wconf 89' lang='lat' dir='ltr'><strong>cum</strong></span> <span class='ocrx_word' id='word_1_99' title='bbox 703 972 868 1029; x_wconf 84' lang='lat' dir='ltr'><strong>Patre</strong></span> <span class='ocrx_word' id='word_1_100' title='bbox 891 981 947 1028; x_wconf 91' lang='lat' dir='ltr'><strong>et</strong></span> <span class='ocrx_word' id='word_1_101' title='bbox 981 972 1184 1042; x_wconf 85' lang='lat' dir='ltr'><strong>Spiritu</strong></span> <span class='ocrx_word' id='word_1_102' title='bbox 1216 978 1404 1027; x_wconf 88' lang='lat' dir='ltr'><strong>sancto</strong></span> <span class='ocrx_word' id='word_1_103' title='bbox 1438 970 1571 1026; x_wconf 85' lang='lat' dir='ltr'><strong>vivit</strong></span> <span class='ocrx_word' id='word_1_104' title='bbox 1589 981 1647 1033; x_wconf 82' lang='lat' dir='ltr'><strong>et</strong></span> <span class='ocrx_word' id='word_1_105' title='bbox 1678 979 1869 1042; x_wconf 88' lang='lat' dir='ltr'><strong>regnat</strong></span> 
     </span>
    </p>
   </div>
   <div class='ocr_carea' id='block_1_10' title="bbox 283 1047 1570 1135">
    <p class='ocr_par' dir='ltr' id='par_1_10' title="bbox 283 1047 1570 1135">
     <span class='ocr_line' id='line_1_10' title="bbox 283 1047 1570 1135; baseline -0.005 -13"><span class='ocrx_word' id='word_1_106' title='bbox 283 1063 434 1122; x_wconf 81' lang='lat' dir='ltr'><strong>Deus</strong></span> <span class='ocrx_word' id='word_1_107' title='bbox 458 1078 556 1135; x_wconf 89' lang='lat' dir='ltr'><strong>per</strong></span> <span class='ocrx_word' id='word_1_108' title='bbox 583 1064 766 1121; x_wconf 88' lang='lat' dir='ltr'><strong>omnia</strong></span> <span class='ocrx_word' id='word_1_109' title='bbox 793 1063 987 1120; x_wconf 71' lang='lat' dir='ltr'><strong>saecula</strong></span> <span class='ocrx_word' id='word_1_110' title='bbox 1009 1047 1358 1119; x_wconf 54' lang='lat' dir='ltr'><strong>saeculorum:</strong></span> <span class='ocrx_word' id='word_1_111' title='bbox 1378 1060 1570 1117; x_wconf 84' lang='lat' dir='ltr'><strong>Amen.</strong></span> 
     </span>
    </p>
   </div>
   <div class='ocr_carea' id='block_1_11' title="bbox 786 1189 1361 1248">
    <p class='ocr_par' dir='ltr' id='par_1_11' title="bbox 786 1189 1361 1248">
     <span class='ocr_line' id='line_1_11' title="bbox 786 1189 1361 1248; baseline -0.002 -2"><span class='ocrx_word' id='word_1_112' title='bbox 786 1189 1066 1248; x_wconf 79' lang='lat' dir='ltr'><strong>HOMle</strong></span> <span class='ocrx_word' id='word_1_113' title='bbox 1103 1190 1361 1247; x_wconf 79' lang='lat' dir='ltr'><strong>CXXXV.</strong></span> 
     </span>
    </p>
   </div>
   <div class='ocr_carea' id='block_1_12' title="bbox 596 1297 1548 1338">
    <p class='ocr_par' dir='ltr' id='par_1_12' title="bbox 596 1297 1548 1338">
     <span class='ocr_line' id='line_1_12' title="bbox 596 1297 1548 1338; baseline -0.001 -1"><span class='ocrx_word' id='word_1_114' title='bbox 596 1297 849 1337; x_wconf 68' lang='lat' dir='ltr'><strong>DOIINICA</strong></span> <span class='ocrx_word' id='word_1_115' title='bbox 888 1298 942 1336; x_wconf 72' lang='lat' dir='ltr'><strong>XI</strong></span> <span class='ocrx_word' id='word_1_116' title='bbox 983 1298 1112 1337; x_wconf 81' lang='lat' dir='ltr'><strong>POST</strong></span> <span class='ocrx_word' id='word_1_117' title='bbox 1152 1297 1548 1338; x_wconf 74' lang='lat' dir='ltr'><strong>PENTECOSTEN.</strong></span> 
     </span>
    </p>
   </div>
   <div class='ocr_carea' id='block_1_13' title="bbox 459 1391 1682 1465">
    <p class='ocr_par' dir='ltr' id='par_1_13' title="bbox 459 1391 1682 1465">
     <span class='ocr_line' id='line_1_13' title="bbox 459 1391 1682 1465; baseline 0.001 -17"><span class='ocrx_word' id='word_1_118' title='bbox 459 1391 646 1449; x_wconf 87' lang='lat' dir='ltr'><strong>Lectio</strong></span> <span class='ocrx_word' id='word_1_119' title='bbox 670 1392 932 1465; x_wconf 57' lang='lat' dir='ltr'><strong>Epistolas</strong></span> <span class='ocrx_word' id='word_1_120' title='bbox 968 1395 1030 1448; x_wconf 88' lang='lat' dir='ltr'><strong>B.</strong></span> <span class='ocrx_word' id='word_1_121' title='bbox 1064 1393 1215 1449; x_wconf 80' lang='lat' dir='ltr'><strong>Pauli</strong></span> <span class='ocrx_word' id='word_1_122' title='bbox 1260 1395 1327 1450; x_wconf 90' lang='lat' dir='ltr'><strong>ad</strong></span> <span class='ocrx_word' id='word_1_123' title='bbox 1352 1394 1682 1452; x_wconf 88' lang='lat' dir='ltr'><strong>Corinthios.</strong></span> 
     </span>
    </p>
   </div>
   <div class='ocr_carea' id='block_1_14' title="bbox 359 1499 1858 1575">
    <p class='ocr_par' dir='ltr' id='par_1_14' title="bbox 359 1499 1858 1575">
     <span class='ocr_line' id='line_1_14' title="bbox 359 1499 1858 1575; baseline 0.004 -20"><span class='ocrx_word' id='word_1_124' title='bbox 359 1499 601 1568; x_wconf 79' lang='lat' dir='ltr'><strong>Fratres,</strong></span> <span class='ocrx_word' id='word_1_125' title='bbox 628 1503 774 1557; x_wconf 85' lang='lat' dir='ltr'><strong>scitis</strong></span> <span class='ocrx_word' id='word_1_126' title='bbox 801 1504 1046 1575; x_wconf 82' lang='lat' dir='ltr'><strong>quoniam</strong></span> <span class='ocrx_word' id='word_1_127' title='bbox 1090 1520 1207 1558; x_wconf 88' lang='lat' dir='ltr'><strong>cum</strong></span> <span class='ocrx_word' id='word_1_128' title='bbox 1242 1514 1416 1575; x_wconf 82' lang='lat' dir='ltr'><strong>gentes</strong></span> <span class='ocrx_word' id='word_1_129' title='bbox 1444 1506 1641 1570; x_wconf 82' lang='lat' dir='ltr'><strong>essetis,</strong></span> <span class='ocrx_word' id='word_1_130' title='bbox 1687 1505 1755 1560; x_wconf 84' lang='lat' dir='ltr'><strong>ad</strong></span> <span class='ocrx_word' id='word_1_131' title='bbox 1783 1523 1858 1561; x_wconf 87' lang='lat' dir='ltr'><strong>st-</strong></span> 
     </span>
    </p>
   </div>
   <div class='ocr_carea' id='block_1_15' title="bbox 281 1593 1857 1665">
    <p class='ocr_par' dir='ltr' id='par_1_15' title="bbox 281 1593 1857 1665">
     <span class='ocr_line' id='line_1_15' title="bbox 281 1593 1857 1665; baseline 0.003 -18"><span class='ocrx_word' id='word_1_132' title='bbox 281 1593 521 1648; x_wconf 75' lang='lat' dir='ltr'><strong>rnulacra</strong></span> <span class='ocrx_word' id='word_1_133' title='bbox 555 1604 699 1649; x_wconf 89' lang='lat' dir='ltr'><strong>muta</strong></span> <span class='ocrx_word' id='word_1_134' title='bbox 724 1604 876 1665; x_wconf 87' lang='lat' dir='ltr'><strong>prout</strong></span> <span class='ocrx_word' id='word_1_135' title='bbox 903 1594 1229 1649; x_wconf 87' lang='lat' dir='ltr'><strong>ducebamini</strong></span> <span class='ocrx_word' id='word_1_136' title='bbox 1261 1605 1457 1651; x_wconf 89' lang='lat' dir='ltr'><strong>euntes.</strong></span> <span class='ocrx_word' id='word_1_137' title='bbox 1504 1595 1636 1652; x_wconf 84' lang='lat' dir='ltr'><strong>Ideo</strong></span> <span class='ocrx_word' id='word_1_138' title='bbox 1679 1610 1857 1653; x_wconf 89' lang='lat' dir='ltr'><strong>notum</strong></span> 
     </span>
    </p>
   </div>
   <div class='ocr_carea' id='block_1_16' title="bbox 282 1684 1855 1761">
    <p class='ocr_par' dir='ltr' id='par_1_16' title="bbox 282 1684 1855 1761">
     <span class='ocr_line' id='line_1_16' title="bbox 282 1684 1855 1761; baseline 0.004 -23"><span class='ocrx_word' id='word_1_139' title='bbox 282 1686 424 1739; x_wconf 76' lang='lat' dir='ltr'><strong>vobis</strong></span> <span class='ocrx_word' id='word_1_140' title='bbox 450 1684 590 1754; x_wconf 78' lang='lat' dir='ltr'><strong>facio</strong></span> <span class='ocrx_word' id='word_1_141' title='bbox 630 1686 768 1756; x_wconf 91' lang='lat' dir='ltr'><strong>quod</strong></span> <span class='ocrx_word' id='word_1_142' title='bbox 806 1702 955 1740; x_wconf 85' lang='lat' dir='ltr'><strong>nemo</strong></span> <span class='ocrx_word' id='word_1_143' title='bbox 997 1687 1053 1741; x_wconf 88' lang='lat' dir='ltr'><strong>in</strong></span> <span class='ocrx_word' id='word_1_144' title='bbox 1091 1686 1294 1757; x_wconf 77' lang='lat' dir='ltr'><strong>Spiritu</strong></span> <span class='ocrx_word' id='word_1_145' title='bbox 1323 1687 1419 1742; x_wconf 86' lang='lat' dir='ltr'><strong>Dei</strong></span> <span class='ocrx_word' id='word_1_146' title='bbox 1448 1687 1682 1761; x_wconf 89' lang='lat' dir='ltr'><strong>loquens,</strong></span> <span class='ocrx_word' id='word_1_147' title='bbox 1728 1691 1855 1745; x_wconf 86' lang='lat' dir='ltr'><strong>dicit</strong></span> 
     </span>
    </p>
   </div>
   <div class='ocr_carea' id='block_1_17' title="bbox 282 1775 1751 1843">
    <p class='ocr_par' dir='ltr' id='par_1_17' title="bbox 282 1775 1751 1843">
     <span class='ocr_line' id='line_1_17' title="bbox 282 1775 1751 1843; baseline 0.003 -15"><span class='ocrx_word' id='word_1_148' title='bbox 282 1777 563 1831; x_wconf 78' lang='lat' dir='ltr'><strong>anathema</strong></span> <span class='ocrx_word' id='word_1_149' title='bbox 591 1775 741 1843; x_wconf 88' lang='lat' dir='ltr'><strong>Iesu,</strong></span> <span class='ocrx_word' id='word_1_150' title='bbox 771 1784 879 1833; x_wconf 85' lang='lat' dir='ltr'><strong>etc.</strong></span> <span class='ocrx_word' id='word_1_151' title='bbox 1745 1826 1751 1833; x_wconf 90' lang='lat'><strong>.</strong></span> 
     </span>
    </p>
   </div>
   <div class='ocr_carea' id='block_1_18' title="bbox 351 1867 1854 1928">
    <p class='ocr_par' dir='ltr' id='par_1_18' title="bbox 351 1867 1854 1928">
     <span class='ocr_line' id='line_1_18' title="bbox 351 1867 1854 1928; baseline 0.004 -6"><span class='ocrx_word' id='word_1_152' title='bbox 351 1867 431 1922; x_wconf 90' lang='lat' dir='ltr'><strong>De</strong></span> <span class='ocrx_word' id='word_1_153' title='bbox 447 1867 646 1923; x_wconf 87' lang='lat' dir='ltr'><strong>divinis</strong></span> <span class='ocrx_word' id='word_1_154' title='bbox 671 1868 1087 1926; x_wconf 88' lang='lat' dir='ltr'><strong>charismatibus</strong></span> <span class='ocrx_word' id='word_1_155' title='bbox 1106 1878 1162 1926; x_wconf 88' lang='lat' dir='ltr'><strong>et</strong></span> <span class='ocrx_word' id='word_1_156' title='bbox 1187 1870 1254 1927; x_wconf 91' lang='lat' dir='ltr'><strong>de</strong></span> <span class='ocrx_word' id='word_1_157' title='bbox 1279 1870 1658 1928; x_wconf 90' lang='lat' dir='ltr'><strong>distributione</strong></span> <span class='ocrx_word' id='word_1_158' title='bbox 1684 1872 1854 1928; x_wconf 85' lang='lat' dir='ltr'><strong>dono-</strong></span> 
     </span>
    </p>
   </div>
   <div class='ocr_carea' id='block_1_19' title="bbox 280 1954 1859 2042">
    <p class='ocr_par' dir='ltr' id='par_1_19' title="bbox 280 1954 1859 2042">
     <span class='ocr_line' id='line_1_19' title="bbox 280 1954 1859 2042; baseline 0.004 -34"><span class='ocrx_word' id='word_1_159' title='bbox 280 1970 401 2011; x_wconf 89' lang='lat' dir='ltr'><strong>rum</strong></span> <span class='ocrx_word' id='word_1_160' title='bbox 436 1954 670 2025; x_wconf 89' lang='lat' dir='ltr'><strong>Spiritus</strong></span> <span class='ocrx_word' id='word_1_161' title='bbox 710 1956 906 2021; x_wconf 89' lang='lat' dir='ltr'><strong>sancti,</strong></span> <span class='ocrx_word' id='word_1_162' title='bbox 938 1971 1058 2026; x_wconf 75' lang='lat' dir='ltr'><strong>qua:</strong></span> <span class='ocrx_word' id='word_1_163' title='bbox 1086 1958 1428 2042; x_wconf 76' lang='lat' dir='ltr'><strong>omnipotens</strong></span> <span class='ocrx_word' id='word_1_164' title='bbox 1453 1957 1595 2013; x_wconf 90' lang='lat' dir='ltr'><strong>Deus</strong></span> <span class='ocrx_word' id='word_1_165' title='bbox 1616 1974 1712 2029; x_wconf 88' lang='lat' dir='ltr'><strong>per</strong></span> <span class='ocrx_word' id='word_1_166' title='bbox 1736 1959 1859 2030; x_wconf 82' lang='lat' dir='ltr'><strong>Spi-</strong></span> 
     </span>
    </p>
   </div>
   <div class='ocr_carea' id='block_1_20' title="bbox 281 2048 1858 2120">
    <p class='ocr_par' dir='ltr' id='par_1_20' title="bbox 281 2048 1858 2120">
     <span class='ocr_line' id='line_1_20' title="bbox 281 2048 1858 2120; baseline 0.003 -18"><span class='ocrx_word' id='word_1_167' title='bbox 281 2049 443 2102; x_wconf 85' lang='lat' dir='ltr'><strong>ritum</strong></span> <span class='ocrx_word' id='word_1_168' title='bbox 470 2064 629 2104; x_wconf 88' lang='lat' dir='ltr'><strong>suum</strong></span> <span class='ocrx_word' id='word_1_169' title='bbox 656 2056 902 2104; x_wconf 89' lang='lat' dir='ltr'><strong>sanetum</strong></span> <span class='ocrx_word' id='word_1_170' title='bbox 940 2048 1184 2104; x_wconf 76' lang='lat' dir='ltr'><strong>fidelibus</strong></span> <span class='ocrx_word' id='word_1_171' title='bbox 1211 2051 1323 2106; x_wconf 85' lang='lat' dir='ltr'><strong>suis</strong></span> <span class='ocrx_word' id='word_1_172' title='bbox 1348 2050 1621 2120; x_wconf 85' lang='lat' dir='ltr'><strong>dispensat</strong></span> <span class='ocrx_word' id='word_1_173' title='bbox 1660 2050 1858 2106; x_wconf 83' lang='lat' dir='ltr'><strong>Paulus</strong></span> 
     </span>
    </p>
   </div>
   <div class='ocr_carea' id='block_1_21' title="bbox 282 2139 1856 2217">
    <p class='ocr_par' dir='ltr' id='par_1_21' title="bbox 282 2139 1856 2217">
     <span class='ocr_line' id='line_1_21' title="bbox 282 2139 1856 2217; baseline 0.004 -25"><span class='ocrx_word' id='word_1_174' title='bbox 282 2139 561 2209; x_wconf 89' lang='lat' dir='ltr'><strong>apostolus</strong></span> <span class='ocrx_word' id='word_1_175' title='bbox 602 2139 837 2195; x_wconf 81' lang='lat' dir='ltr'><strong>breviter</strong></span> <span class='ocrx_word' id='word_1_176' title='bbox 858 2140 1140 2208; x_wconf 90' lang='lat' dir='ltr'><strong>disputans</strong></span> <span class='ocrx_word' id='word_1_177' title='bbox 1168 2141 1263 2205; x_wconf 87' lang='lat' dir='ltr'><strong>ait,</strong></span> <span class='ocrx_word' id='word_1_178' title='bbox 1310 2150 1368 2196; x_wconf 91' lang='lat' dir='ltr'><strong>ut</strong></span> <span class='ocrx_word' id='word_1_179' title='bbox 1404 2142 1456 2195; x_wconf 92' lang='lat' dir='ltr'><strong>in</strong></span> <span class='ocrx_word' id='word_1_180' title='bbox 1487 2143 1737 2217; x_wconf 77' lang='lat' dir='ltr'><strong>praesenti</strong></span> <span class='ocrx_word' id='word_1_181' title='bbox 1777 2143 1856 2198; x_wconf 88' lang='lat' dir='ltr'><strong>le-</strong></span> 
     </span>
    </p>
   </div>
   <div class='ocr_carea' id='block_1_22' title="bbox 281 2228 1858 2303">
    <p class='ocr_par' dir='ltr' id='par_1_22' title="bbox 281 2228 1858 2303">
     <span class='ocr_line' id='line_1_22' title="bbox 281 2228 1858 2303; baseline 0.001 -17"><span class='ocrx_word' id='word_1_182' title='bbox 281 2231 457 2286; x_wconf 88' lang='lat' dir='ltr'><strong>ctione</strong></span> <span class='ocrx_word' id='word_1_183' title='bbox 478 2230 735 2285; x_wconf 88' lang='lat' dir='ltr'><strong>audistis:</strong></span> <span class='ocrx_word' id='word_1_184' title='bbox 757 2228 912 2284; x_wconf 84' lang='lat' dir='ltr'><strong>Scitis</strong></span> <span class='ocrx_word' id='word_1_185' title='bbox 941 2232 1077 2284; x_wconf 88' lang='lat' dir='ltr'><strong>enim</strong></span> <span class='ocrx_word' id='word_1_186' title='bbox 1105 2233 1349 2301; x_wconf 86' lang='lat' dir='ltr'><strong>quoniam</strong></span> <span class='ocrx_word' id='word_1_187' title='bbox 1376 2248 1492 2285; x_wconf 83' lang='lat' dir='ltr'><strong>cum</strong></span> <span class='ocrx_word' id='word_1_188' title='bbox 1522 2243 1695 2303; x_wconf 84' lang='lat' dir='ltr'><strong>gentes</strong></span> <span class='ocrx_word' id='word_1_189' title='bbox 1720 2249 1858 2288; x_wconf 86' lang='lat' dir='ltr'><strong>esse—</strong></span> 
     </span>
    </p>
   </div>
   <div class='ocr_carea' id='block_1_23' title="bbox 280 2321 1859 2393">
    <p class='ocr_par' dir='ltr' id='par_1_23' title="bbox 280 2321 1859 2393">
     <span class='ocr_line' id='line_1_23' title="bbox 280 2321 1859 2393; baseline 0.003 -17"><span class='ocrx_word' id='word_1_190' title='bbox 280 2323 368 2387; x_wconf 86' lang='lat' dir='ltr'><strong>tis,</strong></span> <span class='ocrx_word' id='word_1_191' title='bbox 402 2321 473 2375; x_wconf 90' lang='lat' dir='ltr'><strong>ad</strong></span> <span class='ocrx_word' id='word_1_192' title='bbox 496 2321 781 2376; x_wconf 85' lang='lat' dir='ltr'><strong>simulacra</strong></span> <span class='ocrx_word' id='word_1_193' title='bbox 808 2332 954 2376; x_wconf 89' lang='lat' dir='ltr'><strong>muta</strong></span> <span class='ocrx_word' id='word_1_194' title='bbox 979 2333 1130 2393; x_wconf 88' lang='lat' dir='ltr'><strong>prout</strong></span> <span class='ocrx_word' id='word_1_195' title='bbox 1157 2323 1486 2379; x_wconf 82' lang='lat' dir='ltr'><strong>ducebamini</strong></span> <span class='ocrx_word' id='word_1_196' title='bbox 1508 2334 1686 2379; x_wconf 88' lang='lat' dir='ltr'><strong>euntes</strong></span> <span class='ocrx_word' id='word_1_197' title='bbox 1712 2338 1729 2376; x_wconf 91' lang='lat'><strong>:</strong></span> <span class='ocrx_word' id='word_1_198' title='bbox 1756 2325 1859 2381; x_wconf 87' lang='lat' dir='ltr'><strong>hoc</strong></span> 
     </span>
    </p>
   </div>
   <div class='ocr_carea' id='block_1_24' title="bbox 279 2413 1859 2485">
    <p class='ocr_par' dir='ltr' id='par_1_24' title="bbox 279 2413 1859 2485">
     <span class='ocr_line' id='line_1_24' title="bbox 279 2413 1859 2485; baseline 0.003 -16"><span class='ocrx_word' id='word_1_199' title='bbox 279 2422 379 2478; x_wconf 83' lang='lat' dir='ltr'><strong>est,</strong></span> <span class='ocrx_word' id='word_1_200' title='bbox 406 2422 698 2483; x_wconf 89' lang='lat' dir='ltr'><strong>antequam</strong></span> <span class='ocrx_word' id='word_1_201' title='bbox 719 2428 861 2469; x_wconf 86' lang='lat' dir='ltr'><strong>verae</strong></span> <span class='ocrx_word' id='word_1_202' title='bbox 901 2413 1025 2469; x_wconf 86' lang='lat' dir='ltr'><strong>ﬁdei</strong></span> <span class='ocrx_word' id='word_1_203' title='bbox 1065 2414 1330 2470; x_wconf 87' lang='lat' dir='ltr'><strong>rationem</strong></span> <span class='ocrx_word' id='word_1_204' title='bbox 1355 2415 1766 2485; x_wconf 81' lang='lat' dir='ltr'><strong>cognovissetis,</strong></span> <span class='ocrx_word' id='word_1_205' title='bbox 1803 2426 1859 2473; x_wconf 90' lang='lat' dir='ltr'><strong>et</strong></span> 
     </span>
    </p>
   </div>
   <div class='ocr_carea' id='block_1_25' title="bbox 280 2503 1856 2581">
    <p class='ocr_par' dir='ltr' id='par_1_25' title="bbox 280 2503 1856 2581">
     <span class='ocr_line' id='line_1_25' title="bbox 280 2503 1856 2581; baseline 0 -22"><span class='ocrx_word' id='word_1_206' title='bbox 280 2512 404 2559; x_wconf 91' lang='lat' dir='ltr'><strong>ante</strong></span> <span class='ocrx_word' id='word_1_207' title='bbox 432 2504 760 2575; x_wconf 78' lang='lat' dir='ltr'><strong>agnitionem</strong></span> <span class='ocrx_word' id='word_1_208' title='bbox 791 2503 886 2558; x_wconf 84' lang='lat' dir='ltr'><strong>ﬁlii</strong></span> <span class='ocrx_word' id='word_1_209' title='bbox 928 2503 1024 2559; x_wconf 89' lang='lat' dir='ltr'><strong>Dei</strong></span> <span class='ocrx_word' id='word_1_210' title='bbox 1058 2503 1197 2558; x_wconf 89' lang='lat' dir='ltr'><strong>idola</strong></span> <span class='ocrx_word' id='word_1_211' title='bbox 1227 2512 1372 2558; x_wconf 90' lang='lat' dir='ltr'><strong>muta</strong></span> <span class='ocrx_word' id='word_1_212' title='bbox 1400 2512 1453 2559; x_wconf 93' lang='lat' dir='ltr'><strong>et</strong></span> <span class='ocrx_word' id='word_1_213' title='bbox 1480 2520 1618 2581; x_wconf 86' lang='lat' dir='ltr'><strong>vana</strong></span> <span class='ocrx_word' id='word_1_214' title='bbox 1643 2504 1856 2560; x_wconf 87' lang='lat' dir='ltr'><strong>coleba-</strong></span> 
     </span>
    </p>
   </div>
   <div class='ocr_carea' id='block_1_26' title="bbox 282 2593 1859 2668">
    <p class='ocr_par' dir='ltr' id='par_1_26' title="bbox 282 2593 1859 2668">
     <span class='ocr_line' id='line_1_26' title="bbox 282 2593 1859 2668; baseline 0.001 -20"><span class='ocrx_word' id='word_1_215' title='bbox 282 2595 367 2649; x_wconf 90' lang='lat' dir='ltr'><strong>tis.</strong></span> <span class='ocrx_word' id='word_1_216' title='bbox 396 2593 528 2649; x_wconf 85' lang='lat' dir='ltr'><strong>Ideo</strong></span> <span class='ocrx_word' id='word_1_217' title='bbox 563 2604 739 2650; x_wconf 89' lang='lat' dir='ltr'><strong>notum</strong></span> <span class='ocrx_word' id='word_1_218' title='bbox 770 2596 909 2651; x_wconf 87' lang='lat' dir='ltr'><strong>vobis</strong></span> <span class='ocrx_word' id='word_1_219' title='bbox 931 2596 1068 2666; x_wconf 77' lang='lat' dir='ltr'><strong>facio</strong></span> <span class='ocrx_word' id='word_1_220' title='bbox 1091 2595 1230 2667; x_wconf 86' lang='lat' dir='ltr'><strong>quod</strong></span> <span class='ocrx_word' id='word_1_221' title='bbox 1251 2612 1399 2650; x_wconf 88' lang='lat' dir='ltr'><strong>nemo</strong></span> <span class='ocrx_word' id='word_1_222' title='bbox 1434 2598 1487 2652; x_wconf 89' lang='lat' dir='ltr'><strong>in</strong></span> <span class='ocrx_word' id='word_1_223' title='bbox 1519 2596 1724 2668; x_wconf 80' lang='lat' dir='ltr'><strong>Spiritu</strong></span> <span class='ocrx_word' id='word_1_224' title='bbox 1760 2597 1859 2652; x_wconf 87' lang='lat' dir='ltr'><strong>Dei</strong></span> 
     </span>
    </p>
   </div>
   <div class='ocr_carea' id='block_1_27' title="bbox 279 2682 1856 2759">
    <p class='ocr_par' dir='ltr' id='par_1_27' title="bbox 279 2682 1856 2759">
     <span class='ocr_line' id='line_1_27' title="bbox 279 2682 1856 2759; baseline 0.006 -24"><span class='ocrx_word' id='word_1_225' title='bbox 279 2682 514 2755; x_wconf 81' lang='lat' dir='ltr'><strong>loquens,</strong></span> <span class='ocrx_word' id='word_1_226' title='bbox 537 2683 664 2738; x_wconf 83' lang='lat' dir='ltr'><strong>dicit</strong></span> <span class='ocrx_word' id='word_1_227' title='bbox 690 2687 965 2741; x_wconf 75' lang='lat' dir='ltr'><strong>anathema</strong></span> <span class='ocrx_word' id='word_1_228' title='bbox 986 2686 1135 2742; x_wconf 88' lang='lat' dir='ltr'><strong>Iesu.</strong></span> <span class='ocrx_word' id='word_1_229' title='bbox 1164 2687 1328 2757; x_wconf 87' lang='lat' dir='ltr'><strong>Optat</strong></span> <span class='ocrx_word' id='word_1_230' title='bbox 1355 2687 1645 2759; x_wconf 82' lang='lat' dir='ltr'><strong>Apostolus</strong></span> <span class='ocrx_word' id='word_1_231' title='bbox 1666 2696 1725 2742; x_wconf 93' lang='lat' dir='ltr'><strong>ut</strong></span> <span class='ocrx_word' id='word_1_232' title='bbox 1741 2687 1856 2759; x_wconf 78' lang='lat' dir='ltr'><strong>jam</strong></span> 
     </span>
    </p>
   </div>
   <div class='ocr_carea' id='block_1_28' title="bbox 279 2770 1857 2849">
    <p class='ocr_par' dir='ltr' id='par_1_28' title="bbox 279 2770 1857 2849">
     <span class='ocr_line' id='line_1_28' title="bbox 279 2770 1857 2849; baseline 0.004 -21"><span class='ocrx_word' id='word_1_233' title='bbox 279 2771 677 2829; x_wconf 83' lang='lat' dir='ltr'><strong>irrationabiles</strong></span> <span class='ocrx_word' id='word_1_234' title='bbox 702 2770 1109 2848; x_wconf 80' lang='lat' dir='ltr'><strong>immobilesque</strong></span> <span class='ocrx_word' id='word_1_235' title='bbox 1139 2792 1245 2833; x_wconf 90' lang='lat' dir='ltr'><strong>non</strong></span> <span class='ocrx_word' id='word_1_236' title='bbox 1268 2778 1409 2843; x_wconf 90' lang='lat' dir='ltr'><strong>sitis,</strong></span> <span class='ocrx_word' id='word_1_237' title='bbox 1445 2790 1567 2833; x_wconf 88' lang='lat' dir='ltr'><strong>cum</strong></span> <span class='ocrx_word' id='word_1_238' title='bbox 1600 2778 1857 2849; x_wconf 80' lang='lat' dir='ltr'><strong>religione</strong></span> 
     </span>
    </p>
   </div>
   <div class='ocr_carea' id='block_1_29' title="bbox 282 2862 1854 2937">
    <p class='ocr_par' dir='ltr' id='par_1_29' title="bbox 282 2862 1854 2937">
     <span class='ocr_line' id='line_1_29' title="bbox 282 2862 1854 2937; baseline 0.007 -21"><span class='ocrx_word' id='word_1_239' title='bbox 282 2862 425 2917; x_wconf 89' lang='lat' dir='ltr'><strong>enim</strong></span> <span class='ocrx_word' id='word_1_240' title='bbox 463 2871 519 2918; x_wconf 89' lang='lat' dir='ltr'><strong>et</strong></span> <span class='ocrx_word' id='word_1_241' title='bbox 544 2878 725 2921; x_wconf 84' lang='lat' dir='ltr'><strong>mores</strong></span> <span class='ocrx_word' id='word_1_242' title='bbox 758 2873 948 2924; x_wconf 88' lang='lat' dir='ltr'><strong>notare</strong></span> <span class='ocrx_word' id='word_1_243' title='bbox 991 2868 1217 2937; x_wconf 86' lang='lat' dir='ltr'><strong>debetis,</strong></span> <span class='ocrx_word' id='word_1_244' title='bbox 1243 2876 1300 2925; x_wconf 91' lang='lat' dir='ltr'><strong>et</strong></span> <span class='ocrx_word' id='word_1_245' title='bbox 1344 2883 1567 2926; x_wconf 90' lang='lat' dir='ltr'><strong>noscere</strong></span> <span class='ocrx_word' id='word_1_246' title='bbox 1598 2869 1721 2927; x_wconf 81' lang='lat' dir='ltr'><strong>ﬁdei</strong></span> <span class='ocrx_word' id='word_1_247' title='bbox 1763 2886 1854 2927; x_wconf 88' lang='lat' dir='ltr'><strong>ra-</strong></span> 
     </span>
    </p>
   </div>
   <div class='ocr_carea' id='block_1_30' title="bbox 281 2954 505 3011">
    <p class='ocr_par' dir='ltr' id='par_1_30' title="bbox 281 2954 505 3011">
     <span class='ocr_line' id='line_1_30' title="bbox 281 2954 505 3011; baseline -0.004 -2"><span class='ocrx_word' id='word_1_248' title='bbox 281 2954 505 3011; x_wconf 89' lang='lat' dir='ltr'><strong>tionem.</strong></span> 
     </span>
    </p>
   </div>
   <div class='ocr_carea' id='block_1_31' title="bbox 346 3044 1859 3135">
    <p class='ocr_par' dir='ltr' id='par_1_31' title="bbox 346 3044 1859 3135">
     <span class='ocr_line' id='line_1_31' title="bbox 346 3044 1859 3135; baseline 0.007 -36"><span class='ocrx_word' id='word_1_249' title='bbox 346 3044 419 3100; x_wconf 84' lang='lat' dir='ltr'><strong>Et</strong></span> <span class='ocrx_word' id='word_1_250' title='bbox 448 3054 786 3118; x_wconf 86' lang='lat' dir='ltr'><strong>nemopotest</strong></span> <span class='ocrx_word' id='word_1_251' title='bbox 807 3048 1000 3116; x_wconf 86' lang='lat' dir='ltr'><strong>dicere,</strong></span> <span class='ocrx_word' id='word_1_252' title='bbox 1036 3051 1288 3135; x_wconf 64' lang='lat' dir='ltr'><strong>Dominus</strong></span> <span class='ocrx_word' id='word_1_253' title='bbox 1311 3050 1490 3118; x_wconf 83' lang='lat' dir='ltr'><strong>Iesus,</strong></span> <span class='ocrx_word' id='word_1_254' title='bbox 1533 3054 1634 3108; x_wconf 87' lang='lat' dir='ltr'><strong>nisi</strong></span> <span class='ocrx_word' id='word_1_255' title='bbox 1658 3054 1712 3107; x_wconf 89' lang='lat' dir='ltr'><strong>in</strong></span> <span class='ocrx_word' id='word_1_256' title='bbox 1737 3052 1859 3126; x_wconf 89' lang='lat' dir='ltr'><strong>Spi-</strong></span> 
     </span>
    </p>
   </div>
   <div class='ocr_carea' id='block_1_32' title="bbox 2035 963 3547 1034">
    <p class='ocr_par' dir='ltr' id='par_1_32' title="bbox 2035 963 3547 1034">
     <span class='ocr_line' id='line_1_32' title="bbox 2035 963 3547 1034; baseline 0.003 -16"><span class='ocrx_word' id='word_1_257' title='bbox 2035 964 2200 1019; x_wconf 80' lang='lat' dir='ltr'><strong>Alteri</strong></span> <span class='ocrx_word' id='word_1_258' title='bbox 2225 964 2355 1034; x_wconf 87' lang='lat' dir='ltr'><strong>ﬁdes</strong></span> <span class='ocrx_word' id='word_1_259' title='bbox 2396 965 2453 1018; x_wconf 91' lang='lat' dir='ltr'><strong>in</strong></span> <span class='ocrx_word' id='word_1_260' title='bbox 2496 964 2674 1027; x_wconf 74' lang='lat' dir='ltr'><strong>eodem</strong></span> <span class='ocrx_word' id='word_1_261' title='bbox 2713 963 2938 1034; x_wconf 76' lang='lat' dir='ltr'><strong>Spiritu.</strong></span> <span class='ocrx_word' id='word_1_262' title='bbox 2977 964 3113 1033; x_wconf 86' lang='lat' dir='ltr'><strong>Quia</strong></span> <span class='ocrx_word' id='word_1_263' title='bbox 3163 964 3254 1021; x_wconf 88' lang='lat' dir='ltr'><strong>alii</strong></span> <span class='ocrx_word' id='word_1_264' title='bbox 3298 968 3547 1023; x_wconf 88' lang='lat' dir='ltr'><strong>veracior</strong></span> 
     </span>
    </p>
   </div>
   <div class='ocr_carea' id='block_1_33' title="bbox 1965 1054 3331 1125">
    <p class='ocr_par' dir='ltr' id='par_1_33' title="bbox 1965 1054 3331 1125">
     <span class='ocr_line' id='line_1_33' title="bbox 1965 1054 3331 1125; baseline 0.003 -17"><span class='ocrx_word' id='word_1_265' title='bbox 1965 1062 2127 1125; x_wconf 87' lang='lat' dir='ltr'><strong>atque</strong></span> <span class='ocrx_word' id='word_1_266' title='bbox 2148 1054 2509 1125; x_wconf 87' lang='lat' dir='ltr'><strong>perspicacior</strong></span> <span class='ocrx_word' id='word_1_267' title='bbox 2537 1054 2844 1110; x_wconf 89' lang='lat' dir='ltr'><strong>intellectus</strong></span> <span class='ocrx_word' id='word_1_268' title='bbox 2870 1055 3027 1110; x_wconf 82' lang='lat' dir='ltr'><strong>datur</strong></span> <span class='ocrx_word' id='word_1_269' title='bbox 3048 1055 3114 1112; x_wconf 87' lang='lat' dir='ltr'><strong>ad</strong></span> <span class='ocrx_word' id='word_1_270' title='bbox 3151 1054 3331 1112; x_wconf 83' lang='lat' dir='ltr'><strong>(idem.</strong></span> 
     </span>
    </p>
   </div>
   <div class='ocr_carea' id='block_1_34' title="bbox 2034 1145 3547 1218">
    <p class='ocr_par' dir='ltr' id='par_1_34' title="bbox 2034 1145 3547 1218">
     <span class='ocr_line' id='line_1_34' title="bbox 2034 1145 3547 1218; baseline 0.005 -20"><span class='ocrx_word' id='word_1_271' title='bbox 2034 1145 2141 1198; x_wconf 78' lang='lat' dir='ltr'><strong>Alii</strong></span> <span class='ocrx_word' id='word_1_272' title='bbox 2159 1146 2330 1216; x_wconf 89' lang='lat' dir='ltr'><strong>gratia</strong></span> <span class='ocrx_word' id='word_1_273' title='bbox 2356 1146 2642 1200; x_wconf 86' lang='lat' dir='ltr'><strong>sanitatum</strong></span> <span class='ocrx_word' id='word_1_274' title='bbox 2668 1145 2723 1199; x_wconf 87' lang='lat' dir='ltr'><strong>in</strong></span> <span class='ocrx_word' id='word_1_275' title='bbox 2748 1162 2852 1200; x_wconf 88' lang='lat' dir='ltr'><strong>uno</strong></span> <span class='ocrx_word' id='word_1_276' title='bbox 2881 1145 3102 1216; x_wconf 87' lang='lat' dir='ltr'><strong>Spiritu.</strong></span> <span class='ocrx_word' id='word_1_277' title='bbox 3130 1146 3232 1203; x_wconf 88' lang='lat' dir='ltr'><strong>Per</strong></span> <span class='ocrx_word' id='word_1_278' title='bbox 3256 1147 3429 1218; x_wconf 90' lang='lat' dir='ltr'><strong>ipsum</strong></span> <span class='ocrx_word' id='word_1_279' title='bbox 3453 1151 3547 1205; x_wconf 82' lang='lat' dir='ltr'><strong>da-</strong></span> 
     </span>
    </p>
   </div>
   <div class='ocr_carea' id='block_1_35' title="bbox 1967 1233 3407 1309">
    <p class='ocr_par' dir='ltr' id='par_1_35' title="bbox 1967 1233 3407 1309">
     <span class='ocr_line' id='line_1_35' title="bbox 1967 1233 3407 1309; baseline 0.003 -21"><span class='ocrx_word' id='word_1_280' title='bbox 1967 1242 2053 1288; x_wconf 90' lang='lat' dir='ltr'><strong>tur</strong></span> <span class='ocrx_word' id='word_1_281' title='bbox 2082 1233 2341 1305; x_wconf 85' lang='lat' dir='ltr'><strong>Spiritum</strong></span> <span class='ocrx_word' id='word_1_282' title='bbox 2378 1243 2624 1291; x_wconf 85' lang='lat' dir='ltr'><strong>sanctum</strong></span> <span class='ocrx_word' id='word_1_283' title='bbox 2647 1244 2706 1291; x_wconf 91' lang='lat' dir='ltr'><strong>ut</strong></span> <span class='ocrx_word' id='word_1_284' title='bbox 2739 1250 2932 1291; x_wconf 88' lang='lat' dir='ltr'><strong>curare</strong></span> <span class='ocrx_word' id='word_1_285' title='bbox 2956 1237 3133 1306; x_wconf 86' lang='lat' dir='ltr'><strong>possit</strong></span> <span class='ocrx_word' id='word_1_286' title='bbox 3156 1248 3407 1309; x_wconf 72' lang='lat' dir='ltr'><strong>mgrotos.</strong></span> 
     </span>
    </p>
   </div>
   <div class='ocr_carea' id='block_1_36' title="bbox 2032 1323 3091 1396">
    <p class='ocr_par' dir='ltr' id='par_1_36' title="bbox 2032 1323 3091 1396">
     <span class='ocr_line' id='line_1_36' title="bbox 2032 1323 3091 1396; baseline 0.004 -20"><span class='ocrx_word' id='word_1_287' title='bbox 2032 1323 2140 1378; x_wconf 84' lang='lat' dir='ltr'><strong>Alii</strong></span> <span class='ocrx_word' id='word_1_288' title='bbox 2157 1325 2445 1395; x_wconf 85' lang='lat' dir='ltr'><strong>praphetia.</strong></span> <span class='ocrx_word' id='word_1_289' title='bbox 2475 1325 2543 1380; x_wconf 89' lang='lat' dir='ltr'><strong>Et</strong></span> <span class='ocrx_word' id='word_1_290' title='bbox 2567 1325 2745 1381; x_wconf 79' lang='lat' dir='ltr'><strong>futura</strong></span> <span class='ocrx_word' id='word_1_291' title='bbox 2774 1326 3091 1396; x_wconf 72' lang='lat' dir='ltr'><strong>prmdicant.</strong></span> 
     </span>
    </p>
   </div>
   <div class='ocr_carea' id='block_1_37' title="bbox 2031 1413 3615 1490">
    <p class='ocr_par' dir='ltr' id='par_1_37' title="bbox 2031 1413 3615 1490">
     <span class='ocr_line' id='line_1_37' title="bbox 2031 1413 3615 1490; baseline 0.004 -23"><span class='ocrx_word' id='word_1_292' title='bbox 2031 1413 2136 1468; x_wconf 87' lang='lat' dir='ltr'><strong>Alii</strong></span> <span class='ocrx_word' id='word_1_293' title='bbox 2183 1414 2425 1469; x_wconf 86' lang='lat' dir='ltr'><strong>discretio</strong></span> <span class='ocrx_word' id='word_1_294' title='bbox 2450 1417 2747 1487; x_wconf 82' lang='lat' dir='ltr'><strong>spirituum.</strong></span> <span class='ocrx_word' id='word_1_295' title='bbox 2782 1417 2850 1473; x_wconf 89' lang='lat' dir='ltr'><strong>Ut</strong></span> <span class='ocrx_word' id='word_1_296' title='bbox 2872 1416 3021 1488; x_wconf 82' lang='lat' dir='ltr'><strong>quali</strong></span> <span class='ocrx_word' id='word_1_297' title='bbox 3052 1418 3173 1488; x_wconf 87' lang='lat' dir='ltr'><strong>quis</strong></span> <span class='ocrx_word' id='word_1_298' title='bbox 3213 1418 3406 1490; x_wconf 84' lang='lat' dir='ltr'><strong>spiritu</strong></span> <span class='ocrx_word' id='word_1_299' title='bbox 3443 1434 3540 1473; x_wconf 83' lang='lat' dir='ltr'><strong>vc-</strong></span> <span class='ocrx_word' id='word_1_300' title='bbox 3604 1440 3615 1451; x_wconf 93' lang='grc'><strong>·</strong></span> 
     </span>
    </p>
   </div>
   <div class='ocr_carea' id='block_1_38' title="bbox 1960 1503 2796 1579">
    <p class='ocr_par' dir='ltr' id='par_1_38' title="bbox 1960 1503 2796 1579">
     <span class='ocr_line' id='line_1_38' title="bbox 1960 1503 2796 1579; baseline 0.004 -20"><span class='ocrx_word' id='word_1_301' title='bbox 1960 1503 2094 1569; x_wconf 86' lang='lat' dir='ltr'><strong>niat,</strong></span> <span class='ocrx_word' id='word_1_302' title='bbox 2128 1504 2209 1559; x_wconf 85' lang='lat' dir='ltr'><strong>vel</strong></span> <span class='ocrx_word' id='word_1_303' title='bbox 2239 1504 2492 1576; x_wconf 82' lang='lat' dir='ltr'><strong>loquatur</strong></span> <span class='ocrx_word' id='word_1_304' title='bbox 2519 1507 2796 1579; x_wconf 81' lang='lat' dir='ltr'><strong>intelligat.</strong></span> 
     </span>
    </p>
   </div>
   <div class='ocr_carea' id='block_1_39' title="bbox 2030 1592 3542 1666">
    <p class='ocr_par' dir='ltr' id='par_1_39' title="bbox 2030 1592 3542 1666">
     <span class='ocr_line' id='line_1_39' title="bbox 2030 1592 3542 1666; baseline 0.007 -20"><span class='ocrx_word' id='word_1_305' title='bbox 2030 1592 2135 1647; x_wconf 82' lang='lat' dir='ltr'><strong>Alii</strong></span> <span class='ocrx_word' id='word_1_306' title='bbox 2169 1611 2359 1665; x_wconf 89' lang='lat' dir='ltr'><strong>genera</strong></span> <span class='ocrx_word' id='word_1_307' title='bbox 2384 1595 2702 1666; x_wconf 84' lang='lat' dir='ltr'><strong>linguarum.</strong></span> <span class='ocrx_word' id='word_1_308' title='bbox 2744 1596 2815 1653; x_wconf 88' lang='lat' dir='ltr'><strong>Ut</strong></span> <span class='ocrx_word' id='word_1_309' title='bbox 2840 1599 3025 1655; x_wconf 89' lang='lat' dir='ltr'><strong>multis</strong></span> <span class='ocrx_word' id='word_1_310' title='bbox 3066 1614 3131 1655; x_wconf 86' lang='lat' dir='ltr'><strong>ac</strong></span> <span class='ocrx_word' id='word_1_311' title='bbox 3172 1599 3404 1657; x_wconf 83' lang='lat' dir='ltr'><strong>diversis</strong></span> <span class='ocrx_word' id='word_1_312' title='bbox 3441 1600 3542 1657; x_wconf 84' lang='lat' dir='ltr'><strong>lin-</strong></span> 
     </span>
    </p>
   </div>
   <div class='ocr_carea' id='block_1_40' title="bbox 1966 1684 2481 1755">
    <p class='ocr_par' dir='ltr' id='par_1_40' title="bbox 1966 1684 2481 1755">
     <span class='ocr_line' id='line_1_40' title="bbox 1966 1684 2481 1755; baseline 0.004 -17"><span class='ocrx_word' id='word_1_313' title='bbox 1966 1684 2087 1754; x_wconf 83' lang='lat' dir='ltr'><strong>guis</strong></span> <span class='ocrx_word' id='word_1_314' title='bbox 2110 1685 2283 1740; x_wconf 83' lang='lat' dir='ltr'><strong>vateat</strong></span> <span class='ocrx_word' id='word_1_315' title='bbox 2316 1685 2481 1755; x_wconf 89' lang='lat' dir='ltr'><strong>loqui.</strong></span> 
     </span>
    </p>
   </div>
   <div class='ocr_carea' id='block_1_41' title="bbox 1889 1771 3543 1851">
    <p class='ocr_par' dir='ltr' id='par_1_41' title="bbox 1889 1771 3543 1851">
     <span class='ocr_line' id='line_1_41' title="bbox 1889 1771 3543 1851; baseline 0.008 -27"><span class='ocrx_word' id='word_1_316' title='bbox 1889 1771 1936 1832; x_wconf 87' lang='lat' dir='ltr'><strong><em>B</em></strong></span> <span class='ocrx_word' id='word_1_317' title='bbox 2032 1773 2139 1827; x_wconf 81' lang='lat' dir='ltr'><strong>Alii</strong></span> <span class='ocrx_word' id='word_1_318' title='bbox 2163 1775 2517 1845; x_wconf 86' lang='lat' dir='ltr'><strong>interpretatio</strong></span> <span class='ocrx_word' id='word_1_319' title='bbox 2561 1793 2876 1832; x_wconf 81' lang='lat' dir='ltr'><strong>sermonum.</strong></span> <span class='ocrx_word' id='word_1_320' title='bbox 2907 1777 2980 1834; x_wconf 91' lang='lat' dir='ltr'><strong>Ut</strong></span> <span class='ocrx_word' id='word_1_321' title='bbox 3004 1782 3147 1851; x_wconf 89' lang='lat' dir='ltr'><strong>quod</strong></span> <span class='ocrx_word' id='word_1_322' title='bbox 3183 1781 3274 1836; x_wconf 85' lang='lat' dir='ltr'><strong>alii</strong></span> <span class='ocrx_word' id='word_1_323' title='bbox 3314 1781 3543 1838; x_wconf 84' lang='lat' dir='ltr'><strong>diversis</strong></span> 
     </span>
    </p>
   </div>
   <div class='ocr_carea' id='block_1_42' title="bbox 1962 1863 3544 1945">
    <p class='ocr_par' dir='ltr' id='par_1_42' title="bbox 1962 1863 3544 1945">
     <span class='ocr_line' id='line_1_42' title="bbox 1962 1863 3544 1945; baseline 0.006 -27"><span class='ocrx_word' id='word_1_324' title='bbox 1962 1863 2484 1937; x_wconf 84' lang='lat' dir='ltr'><strong>loquunturlingujs,</strong></span> <span class='ocrx_word' id='word_1_325' title='bbox 2510 1868 2556 1921; x_wconf 90' lang='lat' dir='ltr'><strong>is</strong></span> <span class='ocrx_word' id='word_1_326' title='bbox 2577 1883 2673 1937; x_wconf 88' lang='lat' dir='ltr'><strong>per</strong></span> <span class='ocrx_word' id='word_1_327' title='bbox 2698 1868 2898 1924; x_wconf 90' lang='lat' dir='ltr'><strong>donum</strong></span> <span class='ocrx_word' id='word_1_328' title='bbox 2923 1873 3096 1929; x_wconf 87' lang='lat' dir='ltr'><strong>sancti</strong></span> <span class='ocrx_word' id='word_1_329' title='bbox 3122 1872 3352 1944; x_wconf 91' lang='lat' dir='ltr'><strong>Spiritus</strong></span> <span class='ocrx_word' id='word_1_330' title='bbox 3372 1876 3544 1945; x_wconf 77' lang='lat' dir='ltr'><strong>possit</strong></span> 
     </span>
    </p>
   </div>
   <div class='ocr_carea' id='block_1_43' title="bbox 1962 1956 2859 2027">
    <p class='ocr_par' dir='ltr' id='par_1_43' title="bbox 1962 1956 2859 2027">
     <span class='ocr_line' id='line_1_43' title="bbox 1962 1956 2859 2027; baseline 0.004 -17"><span class='ocrx_word' id='word_1_331' title='bbox 1962 1956 2307 2027; x_wconf 88' lang='lat' dir='ltr'><strong>interpretari</strong></span> <span class='ocrx_word' id='word_1_332' title='bbox 2337 1958 2473 2012; x_wconf 90' lang='lat' dir='ltr'><strong>alius</strong></span> <span class='ocrx_word' id='word_1_333' title='bbox 2500 1959 2567 2013; x_wconf 93' lang='lat' dir='ltr'><strong>ad</strong></span> <span class='ocrx_word' id='word_1_334' title='bbox 2593 1959 2859 2014; x_wconf 89' lang='lat' dir='ltr'><strong>notitiam.</strong></span> 
     </span>
    </p>
   </div>
   <div class='ocr_carea' id='block_1_44' title="bbox 2034 2047 3545 2127">
    <p class='ocr_par' dir='ltr' id='par_1_44' title="bbox 2034 2047 3545 2127">
     <span class='ocr_line' id='line_1_44' title="bbox 2034 2047 3545 2127; baseline 0.007 -26"><span class='ocrx_word' id='word_1_335' title='bbox 2034 2047 2163 2103; x_wconf 75' lang='lat' dir='ltr'><strong>liter</strong></span> <span class='ocrx_word' id='word_1_336' title='bbox 2190 2059 2363 2102; x_wconf 88' lang='lat' dir='ltr'><strong>autem</strong></span> <span class='ocrx_word' id='word_1_337' title='bbox 2390 2049 2567 2103; x_wconf 82' lang='lat' dir='ltr'><strong>omnia</strong></span> <span class='ocrx_word' id='word_1_338' title='bbox 2592 2060 2838 2120; x_wconf 86' lang='lat' dir='ltr'><strong>aperatur</strong></span> <span class='ocrx_word' id='word_1_339' title='bbox 2859 2068 2996 2108; x_wconf 89' lang='lat' dir='ltr'><strong>unus</strong></span> <span class='ocrx_word' id='word_1_340' title='bbox 3026 2062 3181 2124; x_wconf 88' lang='lat' dir='ltr'><strong>atque</strong></span> <span class='ocrx_word' id='word_1_341' title='bbox 3207 2054 3346 2109; x_wconf 88' lang='lat' dir='ltr'><strong>idem</strong></span> <span class='ocrx_word' id='word_1_342' title='bbox 3376 2055 3545 2127; x_wconf 86' lang='lat' dir='ltr'><strong>Spiri-</strong></span> 
     </span>
    </p>
   </div>
   <div class='ocr_carea' id='block_1_45' title="bbox 1961 2137 3541 2210">
    <p class='ocr_par' dir='ltr' id='par_1_45' title="bbox 1961 2137 3541 2210">
     <span class='ocr_line' id='line_1_45' title="bbox 1961 2137 3541 2210; baseline 0.006 -19"><span class='ocrx_word' id='word_1_343' title='bbox 1961 2146 2082 2203; x_wconf 88' lang='lat' dir='ltr'><strong>tus,</strong></span> <span class='ocrx_word' id='word_1_344' title='bbox 2130 2137 2363 2193; x_wconf 78' lang='lat' dir='ltr'><strong>dividens</strong></span> <span class='ocrx_word' id='word_1_345' title='bbox 2405 2137 2623 2209; x_wconf 78' lang='lat' dir='ltr'><strong>singulis</strong></span> <span class='ocrx_word' id='word_1_346' title='bbox 2670 2148 2822 2210; x_wconf 90' lang='lat' dir='ltr'><strong>prout</strong></span> <span class='ocrx_word' id='word_1_347' title='bbox 2866 2141 2993 2196; x_wconf 89' lang='lat' dir='ltr'><strong>vult.</strong></span> <span class='ocrx_word' id='word_1_348' title='bbox 3036 2142 3189 2199; x_wconf 85' lang='lat' dir='ltr'><strong>Bene</strong></span> <span class='ocrx_word' id='word_1_349' title='bbox 3241 2144 3306 2199; x_wconf 89' lang='lat' dir='ltr'><strong>de</strong></span> <span class='ocrx_word' id='word_1_350' title='bbox 3352 2144 3541 2200; x_wconf 83' lang='lat' dir='ltr'><strong>eodem</strong></span> 
     </span>
    </p>
   </div>
   <div class='ocr_carea' id='block_1_46' title="bbox 1962 2225 3545 2318">
    <p class='ocr_par' dir='ltr' id='par_1_46' title="bbox 1962 2225 3545 2318">
     <span class='ocr_line' id='line_1_46' title="bbox 1962 2225 3545 2318; baseline 0.007 -38"><span class='ocrx_word' id='word_1_351' title='bbox 1962 2225 2167 2309; x_wconf 78' lang='lat' dir='ltr'><strong>Spiritu</strong></span> <span class='ocrx_word' id='word_1_352' title='bbox 2194 2228 2452 2318; x_wconf 63' lang='lat' dir='ltr'><strong>scripturn</strong></span> <span class='ocrx_word' id='word_1_353' title='bbox 2478 2236 2597 2284; x_wconf 88' lang='lat' dir='ltr'><strong>est:</strong></span> <span class='ocrx_word' id='word_1_354' title='bbox 2634 2228 2721 2283; x_wconf 86' lang='lat' dir='ltr'><strong>ille</strong></span> <span class='ocrx_word' id='word_1_355' title='bbox 2764 2247 2850 2293; x_wconf 83' lang='lat' dir='ltr'><strong>vos</strong></span> <span class='ocrx_word' id='word_1_356' title='bbox 2893 2231 3092 2287; x_wconf 86' lang='lat' dir='ltr'><strong>docebit</strong></span> <span class='ocrx_word' id='word_1_357' title='bbox 3118 2233 3314 2301; x_wconf 88' lang='lat' dir='ltr'><strong>omnia,</strong></span> <span class='ocrx_word' id='word_1_358' title='bbox 3346 2246 3394 2289; x_wconf 91' lang='lat' dir='ltr'><strong>et</strong></span> <span class='ocrx_word' id='word_1_359' title='bbox 3423 2253 3545 2308; x_wconf 84' lang='lat' dir='ltr'><strong>sug-</strong></span> 
     </span>
    </p>
   </div>
   <div class='ocr_carea' id='block_1_47' title="bbox 1958 2317 3540 2396">
    <p class='ocr_par' dir='ltr' id='par_1_47' title="bbox 1958 2317 3540 2396">
     <span class='ocr_line' id='line_1_47' title="bbox 1958 2317 3540 2396; baseline 0.003 -23"><span class='ocrx_word' id='word_1_360' title='bbox 1958 2330 2092 2389; x_wconf 82' lang='lat' dir='ltr'><strong>geret</strong></span> <span class='ocrx_word' id='word_1_361' title='bbox 2118 2317 2260 2373; x_wconf 85' lang='lat' dir='ltr'><strong>vobis</strong></span> <span class='ocrx_word' id='word_1_362' title='bbox 2282 2317 2455 2372; x_wconf 85' lang='lat' dir='ltr'><strong>omnia</strong></span> <span class='ocrx_word' id='word_1_363' title='bbox 2485 2335 2803 2390; x_wconf 69' lang='lat' dir='ltr'><strong>quaecunque</strong></span> <span class='ocrx_word' id='word_1_364' title='bbox 2825 2320 3005 2375; x_wconf 72' lang='lat' dir='ltr'><strong>dixero</strong></span> <span class='ocrx_word' id='word_1_365' title='bbox 3034 2322 3190 2377; x_wconf 76' lang='lat' dir='ltr'><strong>vobis.</strong></span> <span class='ocrx_word' id='word_1_366' title='bbox 3232 2323 3412 2380; x_wconf 87' lang='lat' dir='ltr'><strong>Bonus</strong></span> <span class='ocrx_word' id='word_1_367' title='bbox 3438 2326 3540 2396; x_wconf 85' lang='lat' dir='ltr'><strong>igi-</strong></span> 
     </span>
    </p>
   </div>
   <div class='ocr_carea' id='block_1_48' title="bbox 1963 2410 3536 2489">
    <p class='ocr_par' dir='ltr' id='par_1_48' title="bbox 1963 2410 3536 2489">
     <span class='ocr_line' id='line_1_48' title="bbox 1963 2410 3536 2489; baseline 0.006 -25"><span class='ocrx_word' id='word_1_368' title='bbox 1963 2418 2052 2464; x_wconf 91' lang='lat' dir='ltr'><strong>tur</strong></span> <span class='ocrx_word' id='word_1_369' title='bbox 2076 2411 2331 2481; x_wconf 83' lang='lat' dir='ltr'><strong>magister</strong></span> <span class='ocrx_word' id='word_1_370' title='bbox 2356 2417 2459 2475; x_wconf 90' lang='lat' dir='ltr'><strong>est,</strong></span> <span class='ocrx_word' id='word_1_371' title='bbox 2497 2410 2639 2467; x_wconf 90' lang='lat' dir='ltr'><strong>idem</strong></span> <span class='ocrx_word' id='word_1_372' title='bbox 2673 2412 2977 2482; x_wconf 87' lang='lat' dir='ltr'><strong>paraeletus</strong></span> <span class='ocrx_word' id='word_1_373' title='bbox 3012 2413 3264 2486; x_wconf 87' lang='lat' dir='ltr'><strong>Spiritus,</strong></span> <span class='ocrx_word' id='word_1_374' title='bbox 3301 2418 3392 2489; x_wconf 91' lang='lat' dir='ltr'><strong>qui</strong></span> <span class='ocrx_word' id='word_1_375' title='bbox 3417 2435 3536 2473; x_wconf 90' lang='lat' dir='ltr'><strong>om-</strong></span> 
     </span>
    </p>
   </div>
   <div class='ocr_carea' id='block_1_49' title="bbox 1961 2500 3533 2577">
    <p class='ocr_par' dir='ltr' id='par_1_49' title="bbox 1961 2500 3533 2577">
     <span class='ocr_line' id='line_1_49' title="bbox 1961 2500 3533 2577; baseline 0.006 -22"><span class='ocrx_word' id='word_1_376' title='bbox 1961 2500 2050 2555; x_wconf 88' lang='lat' dir='ltr'><strong>nia</strong></span> <span class='ocrx_word' id='word_1_377' title='bbox 2094 2514 2193 2555; x_wconf 92' lang='lat' dir='ltr'><strong>nos</strong></span> <span class='ocrx_word' id='word_1_378' title='bbox 2227 2500 2401 2566; x_wconf 90' lang='lat' dir='ltr'><strong>docet,</strong></span> <span class='ocrx_word' id='word_1_379' title='bbox 2431 2516 2551 2570; x_wconf 80' lang='lat' dir='ltr'><strong>qua:</strong></span> <span class='ocrx_word' id='word_1_380' title='bbox 2589 2500 2837 2558; x_wconf 89' lang='lat' dir='ltr'><strong>Christus</strong></span> <span class='ocrx_word' id='word_1_381' title='bbox 2880 2503 3075 2561; x_wconf 91' lang='lat' dir='ltr'><strong>docere</strong></span> <span class='ocrx_word' id='word_1_382' title='bbox 3110 2509 3377 2577; x_wconf 90' lang='lat' dir='ltr'><strong>promisit.</strong></span> <span class='ocrx_word' id='word_1_383' title='bbox 3419 2508 3533 2565; x_wconf 77' lang='lat' dir='ltr'><strong>Hoc</strong></span> 
     </span>
    </p>
   </div>
   <div class='ocr_carea' id='block_1_50' title="bbox 1960 2593 3533 2668">
    <p class='ocr_par' dir='ltr' id='par_1_50' title="bbox 1960 2593 3533 2668">
     <span class='ocr_line' id='line_1_50' title="bbox 1960 2593 3533 2668; baseline 0.008 -23"><span class='ocrx_word' id='word_1_384' title='bbox 1960 2607 2173 2663; x_wconf 90' lang='lat' dir='ltr'><strong>quoque</strong></span> <span class='ocrx_word' id='word_1_385' title='bbox 2210 2608 2314 2648; x_wconf 90' lang='lat' dir='ltr'><strong>non</strong></span> <span class='ocrx_word' id='word_1_386' title='bbox 2359 2593 2534 2648; x_wconf 90' lang='lat' dir='ltr'><strong>solum</strong></span> <span class='ocrx_word' id='word_1_387' title='bbox 2561 2593 2647 2649; x_wconf 92' lang='lat' dir='ltr'><strong>die</strong></span> <span class='ocrx_word' id='word_1_388' title='bbox 2686 2594 3052 2665; x_wconf 87' lang='lat' dir='ltr'><strong>Pentecostes,</strong></span> <span class='ocrx_word' id='word_1_389' title='bbox 3083 2601 3187 2657; x_wconf 93' lang='lat' dir='ltr'><strong>hoc</strong></span> <span class='ocrx_word' id='word_1_390' title='bbox 3210 2611 3309 2668; x_wconf 88' lang='lat' dir='ltr'><strong>est,</strong></span> <span class='ocrx_word' id='word_1_391' title='bbox 3340 2604 3393 2657; x_wconf 93' lang='lat' dir='ltr'><strong>in</strong></span> <span class='ocrx_word' id='word_1_392' title='bbox 3436 2603 3533 2657; x_wconf 83' lang='lat' dir='ltr'><strong>a.l-</strong></span> 
     </span>
    </p>
   </div>
   <div class='ocr_carea' id='block_1_51' title="bbox 1958 2681 3528 2757">
    <p class='ocr_par' dir='ltr' id='par_1_51' title="bbox 1958 2681 3528 2757">
     <span class='ocr_line' id='line_1_51' title="bbox 1958 2681 3528 2757; baseline 0.008 -20"><span class='ocrx_word' id='word_1_393' title='bbox 1958 2690 2122 2737; x_wconf 88' lang='lat' dir='ltr'><strong>ventu</strong></span> <span class='ocrx_word' id='word_1_394' title='bbox 2148 2681 2378 2753; x_wconf 89' lang='lat' dir='ltr'><strong>Spiritus</strong></span> <span class='ocrx_word' id='word_1_395' title='bbox 2396 2683 2568 2740; x_wconf 86' lang='lat' dir='ltr'><strong>sancti</strong></span> <span class='ocrx_word' id='word_1_396' title='bbox 2603 2684 2876 2742; x_wconf 88' lang='lat' dir='ltr'><strong>celebrare</strong></span> <span class='ocrx_word' id='word_1_397' title='bbox 2897 2689 3173 2757; x_wconf 82' lang='lat' dir='ltr'><strong>debemus,</strong></span> <span class='ocrx_word' id='word_1_398' title='bbox 3214 2694 3308 2750; x_wconf 87' lang='lat' dir='ltr'><strong>sed</strong></span> <span class='ocrx_word' id='word_1_399' title='bbox 3335 2694 3406 2748; x_wconf 86' lang='lat' dir='ltr'><strong>ita</strong></span> <span class='ocrx_word' id='word_1_400' title='bbox 3435 2711 3528 2749; x_wconf 86' lang='lat' dir='ltr'><strong>ne—</strong></span> 
     </span>
    </p>
   </div>
   <div class='ocr_carea' id='block_1_52' title="bbox 1959 2776 3541 2847">
    <p class='ocr_par' dir='ltr' id='par_1_52' title="bbox 1959 2776 3541 2847">
     <span class='ocr_line' id='line_1_52' title="bbox 1959 2776 3541 2847; baseline 0.007 -21"><span class='ocrx_word' id='word_1_401' title='bbox 1959 2787 2111 2828; x_wconf 89' lang='lat' dir='ltr'><strong>cesse</strong></span> <span class='ocrx_word' id='word_1_402' title='bbox 2150 2782 2233 2828; x_wconf 89' lang='lat' dir='ltr'><strong>est</strong></span> <span class='ocrx_word' id='word_1_403' title='bbox 2278 2788 2520 2844; x_wconf 80' lang='lat' dir='ltr'><strong>agamus,</strong></span> <span class='ocrx_word' id='word_1_404' title='bbox 2568 2782 2628 2829; x_wconf 91' lang='lat' dir='ltr'><strong>ut</strong></span> <span class='ocrx_word' id='word_1_405' title='bbox 2665 2776 2904 2847; x_wconf 89' lang='lat' dir='ltr'><strong>quotidie</strong></span> <span class='ocrx_word' id='word_1_406' title='bbox 2946 2795 3073 2834; x_wconf 88' lang='lat' dir='ltr'><strong>eum</strong></span> <span class='ocrx_word' id='word_1_407' title='bbox 3116 2782 3183 2838; x_wconf 90' lang='lat' dir='ltr'><strong>ad</strong></span> <span class='ocrx_word' id='word_1_408' title='bbox 3232 2797 3330 2837; x_wconf 89' lang='lat' dir='ltr'><strong>nos</strong></span> <span class='ocrx_word' id='word_1_409' title='bbox 3373 2785 3541 2841; x_wconf 68' lang='lat' dir='ltr'><strong>castis</strong></span> 
     </span>
    </p>
   </div>
   <div class='ocr_carea' id='block_1_53' title="bbox 1958 2860 3534 2934">
    <p class='ocr_par' dir='ltr' id='par_1_53' title="bbox 1958 2860 3534 2934">
     <span class='ocr_line' id='line_1_53' title="bbox 1958 2860 3534 2934; baseline 0.008 -20"><span class='ocrx_word' id='word_1_410' title='bbox 1958 2860 2213 2931; x_wconf 88' lang='lat' dir='ltr'><strong>operibus</strong></span> <span class='ocrx_word' id='word_1_411' title='bbox 2252 2870 2307 2917; x_wconf 91' lang='lat' dir='ltr'><strong>et</strong></span> <span class='ocrx_word' id='word_1_412' title='bbox 2352 2863 2516 2918; x_wconf 91' lang='lat' dir='ltr'><strong>castis</strong></span> <span class='ocrx_word' id='word_1_413' title='bbox 2563 2866 2873 2934; x_wconf 90' lang='lat' dir='ltr'><strong>pectoribus</strong></span> <span class='ocrx_word' id='word_1_414' title='bbox 2912 2867 3219 2926; x_wconf 88' lang='lat' dir='ltr'><strong>invitemus.</strong></span> <span class='ocrx_word' id='word_1_415' title='bbox 3266 2871 3345 2926; x_wconf 87' lang='lat' dir='ltr'><strong>Ita</strong></span> <span class='ocrx_word' id='word_1_416' title='bbox 3392 2874 3534 2929; x_wconf 84' lang='lat' dir='ltr'><strong>enim</strong></span> 
     </span>
    </p>
   </div>
   <div class='ocr_carea' id='block_1_54' title="bbox 1956 2950 3534 3031">
    <p class='ocr_par' dir='ltr' id='par_1_54' title="bbox 1956 2950 3534 3031">
     <span class='ocr_line' id='line_1_54' title="bbox 1956 2950 3534 3031; baseline 0.01 -28"><span class='ocrx_word' id='word_1_417' title='bbox 1956 2950 2080 3020; x_wconf 92' lang='lat' dir='ltr'><strong>puri</strong></span> <span class='ocrx_word' id='word_1_418' title='bbox 2110 2958 2271 3021; x_wconf 90' lang='lat' dir='ltr'><strong>atque</strong></span> <span class='ocrx_word' id='word_1_419' title='bbox 2310 2953 2553 3024; x_wconf 82' lang='lat' dir='ltr'><strong>purgatis</strong></span> <span class='ocrx_word' id='word_1_420' title='bbox 2596 2956 2845 3011; x_wconf 87' lang='lat' dir='ltr'><strong>sensibus</strong></span> <span class='ocrx_word' id='word_1_421' title='bbox 2872 2964 2928 3012; x_wconf 93' lang='lat' dir='ltr'><strong>et</strong></span> <span class='ocrx_word' id='word_1_422' title='bbox 2956 2960 3373 3031; x_wconf 87' lang='lat' dir='ltr'><strong>cogitationibus</strong></span> <span class='ocrx_word' id='word_1_423' title='bbox 3412 2979 3534 3020; x_wconf 81' lang='lat' dir='ltr'><strong>esse</strong></span> 
     </span>
    </p>
   </div>
   <div class='ocr_carea' id='block_1_55' title="bbox 1958 3038 3536 3117">
    <p class='ocr_par' dir='ltr' id='par_1_55' title="bbox 1958 3038 3536 3117">
     <span class='ocr_line' id='line_1_55' title="bbox 1958 3038 3536 3117; baseline 0.011 -24"><span class='ocrx_word' id='word_1_424' title='bbox 1958 3038 2252 3097; x_wconf 88' lang='lat' dir='ltr'><strong>debemus:</strong></span> <span class='ocrx_word' id='word_1_425' title='bbox 2286 3041 2359 3097; x_wconf 91' lang='lat' dir='ltr'><strong>ita</strong></span> <span class='ocrx_word' id='word_1_426' title='bbox 2400 3058 2497 3099; x_wconf 91' lang='lat' dir='ltr'><strong>nos</strong></span> <span class='ocrx_word' id='word_1_427' title='bbox 2521 3054 2734 3117; x_wconf 89' lang='lat' dir='ltr'><strong>oportet</strong></span> <span class='ocrx_word' id='word_1_428' title='bbox 2762 3048 2843 3103; x_wconf 91' lang='lat' dir='ltr'><strong>ori</strong></span> <span class='ocrx_word' id='word_1_429' title='bbox 2875 3054 2931 3103; x_wconf 89' lang='lat' dir='ltr'><strong>et</strong></span> <span class='ocrx_word' id='word_1_430' title='bbox 2966 3050 3115 3105; x_wconf 90' lang='lat' dir='ltr'><strong>cordi</strong></span> <span class='ocrx_word' id='word_1_431' title='bbox 3159 3053 3415 3110; x_wconf 90' lang='lat' dir='ltr'><strong>adhibere</strong></span> <span class='ocrx_word' id='word_1_432' title='bbox 3441 3072 3536 3110; x_wconf 88' lang='lat' dir='ltr'><strong>cu-</strong></span> 
     </span>
    </p>
   </div>
   <div class='ocr_carea' id='block_1_56' title="bbox 280 3128 1853 3215">
    <p class='ocr_par' dir='ltr' id='par_1_56' title="bbox 280 3128 1853 3215">
     <span class='ocr_line' id='line_1_56' title="bbox 280 3128 1853 3215; baseline 0.007 -26"><span class='ocrx_word' id='word_1_433' title='bbox 280 3135 387 3191; x_wconf 87' lang='lat' dir='ltr'><strong>ritu</strong></span> <span class='ocrx_word' id='word_1_434' title='bbox 409 3146 608 3191; x_wconf 88' lang='lat' dir='ltr'><strong>sancto.</strong></span> <span class='ocrx_word' id='word_1_435' title='bbox 645 3136 921 3204; x_wconf 84' lang='lat' dir='ltr'><strong>Quomodo</strong></span> <span class='ocrx_word' id='word_1_436' title='bbox 946 3128 1087 3195; x_wconf 70' lang='lat' dir='ltr'><strong>enim</strong></span> <span class='ocrx_word' id='word_1_437' title='bbox 1116 3143 1395 3212; x_wconf 85' lang='lat' dir='ltr'><strong>operarios</strong></span> <span class='ocrx_word' id='word_1_438' title='bbox 1421 3143 1721 3215; x_wconf 87' lang='lat' dir='ltr'><strong>iniquitatis</strong></span> <span class='ocrx_word' id='word_1_439' title='bbox 1751 3144 1853 3200; x_wconf 90' lang='lat' dir='ltr'><strong>Do-</strong></span> 
     </span>
    </p>
   </div>
   <div class='ocr_carea' id='block_1_57' title="bbox 1969 3128 3539 3215">
    <p class='ocr_par' dir='ltr' id='par_1_57' title="bbox 1969 3130 3539 3211">
     <span class='ocr_line' id='line_1_57' title="bbox 1969 3130 3539 3211; baseline 0.011 -27"><span class='ocrx_word' id='word_1_440' title='bbox 1969 3130 2210 3198; x_wconf 78' lang='lat' dir='ltr'><strong>;todiam,</strong></span> <span class='ocrx_word' id='word_1_441' title='bbox 2236 3142 2296 3187; x_wconf 89' lang='lat' dir='ltr'><strong>ut</strong></span> <span class='ocrx_word' id='word_1_442' title='bbox 2334 3149 2433 3191; x_wconf 90' lang='lat' dir='ltr'><strong>nos</strong></span> <span class='ocrx_word' id='word_1_443' title='bbox 2458 3134 2647 3208; x_wconf 87' lang='lat' dir='ltr'><strong>dignos</strong></span> <span class='ocrx_word' id='word_1_444' title='bbox 2672 3152 2885 3209; x_wconf 85' lang='lat' dir='ltr'><strong>semper</strong></span> <span class='ocrx_word' id='word_1_445' title='bbox 2915 3140 3031 3211; x_wconf 83' lang='lat' dir='ltr'><strong>ejus</strong></span> <span class='ocrx_word' id='word_1_446' title='bbox 3051 3141 3361 3200; x_wconf 84' lang='lat' dir='ltr'><strong>visitatione</strong></span> <span class='ocrx_word' id='word_1_447' title='bbox 3384 3155 3440 3201; x_wconf 88' lang='lat' dir='ltr'><strong>et</strong></span> <span class='ocrx_word' id='word_1_448' title='bbox 3475 3147 3539 3202; x_wconf 82' lang='lat' dir='ltr'><strong>il-</strong></span> 
     </span>
    </p>
   </div>
   <div class='ocr_carea' id='block_1_58' title="bbox 279 3226 1851 3304">
    <p class='ocr_par' dir='ltr' id='par_1_58' title="bbox 279 3226 1851 3304">
     <span class='ocr_line' id='line_1_58' title="bbox 279 3226 1851 3304; baseline 0.005 -22"><span class='ocrx_word' id='word_1_449' title='bbox 279 3226 461 3282; x_wconf 88' lang='lat' dir='ltr'><strong>minus</strong></span> <span class='ocrx_word' id='word_1_450' title='bbox 506 3242 617 3282; x_wconf 89' lang='lat' dir='ltr'><strong>non</strong></span> <span class='ocrx_word' id='word_1_451' title='bbox 658 3230 918 3299; x_wconf 87' lang='lat' dir='ltr'><strong>agnoscit,</strong></span> <span class='ocrx_word' id='word_1_452' title='bbox 968 3232 1215 3300; x_wconf 88' lang='lat' dir='ltr'><strong>quamvis</strong></span> <span class='ocrx_word' id='word_1_453' title='bbox 1260 3232 1486 3288; x_wconf 85' lang='lat' dir='ltr'><strong>virtutes</strong></span> <span class='ocrx_word' id='word_1_454' title='bbox 1527 3244 1851 3304; x_wconf 85' lang='lat' dir='ltr'><strong>Operentur,</strong></span> 
     </span>
    </p>
   </div>
   <div class='ocr_carea' id='block_1_59' title="bbox 278 3317 1856 3394">
    <p class='ocr_par' dir='ltr' id='par_1_59' title="bbox 278 3317 1856 3394">
     <span class='ocr_line' id='line_1_59' title="bbox 278 3317 1856 3394; baseline 0.005 -21"><span class='ocrx_word' id='word_1_455' title='bbox 278 3317 358 3375; x_wconf 86' lang='lat' dir='ltr'><strong>ita</strong></span> <span class='ocrx_word' id='word_1_456' title='bbox 384 3326 441 3374; x_wconf 88' lang='lat' dir='ltr'><strong>et</strong></span> <span class='ocrx_word' id='word_1_457' title='bbox 468 3317 717 3376; x_wconf 88' lang='lat' dir='ltr'><strong>Christus</strong></span> <span class='ocrx_word' id='word_1_458' title='bbox 742 3335 835 3375; x_wconf 91' lang='lat' dir='ltr'><strong>eos</strong></span> <span class='ocrx_word' id='word_1_459' title='bbox 857 3336 962 3376; x_wconf 90' lang='lat' dir='ltr'><strong>non</strong></span> <span class='ocrx_word' id='word_1_460' title='bbox 993 3324 1268 3392; x_wconf 84' lang='lat' dir='ltr'><strong>cognoscit</strong></span> <span class='ocrx_word' id='word_1_461' title='bbox 1298 3325 1391 3394; x_wconf 87' lang='lat' dir='ltr'><strong>qui</strong></span> <span class='ocrx_word' id='word_1_462' title='bbox 1416 3340 1538 3379; x_wconf 89' lang='lat' dir='ltr'><strong>eum</strong></span> <span class='ocrx_word' id='word_1_463' title='bbox 1569 3326 1856 3382; x_wconf 88' lang='lat' dir='ltr'><strong>Dominum</strong></span> 
     </span>
    </p>
   </div>
   <div class='ocr_carea' id='block_1_60' title="bbox 276 3407 1851 3487">
    <p class='ocr_par' dir='ltr' id='par_1_60' title="bbox 276 3407 1851 3487">
     <span class='ocr_line' id='line_1_60' title="bbox 276 3407 1851 3487; baseline 0.004 -20"><span class='ocrx_word' id='word_1_464' title='bbox 276 3407 481 3476; x_wconf 69' lang='lat' dir='ltr'><strong>Iesum,</strong></span> <span class='ocrx_word' id='word_1_465' title='bbox 516 3419 726 3466; x_wconf 90' lang='lat' dir='ltr'><strong>tantum</strong></span> <span class='ocrx_word' id='word_1_466' title='bbox 752 3427 903 3479; x_wconf 88' lang='lat' dir='ltr'><strong>voce,</strong></span> <span class='ocrx_word' id='word_1_467' title='bbox 952 3430 1060 3469; x_wconf 90' lang='lat' dir='ltr'><strong>non</strong></span> <span class='ocrx_word' id='word_1_468' title='bbox 1097 3416 1260 3471; x_wconf 90' lang='lat' dir='ltr'><strong>rectis</strong></span> <span class='ocrx_word' id='word_1_469' title='bbox 1291 3417 1543 3487; x_wconf 88' lang='lat' dir='ltr'><strong>operibus</strong></span> <span class='ocrx_word' id='word_1_470' title='bbox 1587 3417 1851 3474; x_wconf 82' lang='lat' dir='ltr'><strong>conﬁten-</strong></span> 
     </span>
    </p>
   </div>
   <div class='ocr_carea' id='block_1_61' title="bbox 278 3502 1856 3580">
    <p class='ocr_par' dir='ltr' id='par_1_61' title="bbox 278 3502 1856 3580">
     <span class='ocr_line' id='line_1_61' title="bbox 278 3502 1856 3580; baseline 0.006 -23"><span class='ocrx_word' id='word_1_471' title='bbox 278 3510 391 3558; x_wconf 83' lang='lat' dir='ltr'><strong>tur.</strong></span> <span class='ocrx_word' id='word_1_472' title='bbox 414 3502 487 3559; x_wconf 87' lang='lat' dir='ltr'><strong>Ut</strong></span> <span class='ocrx_word' id='word_1_473' title='bbox 519 3504 635 3574; x_wconf 89' lang='lat' dir='ltr'><strong>ipse</strong></span> <span class='ocrx_word' id='word_1_474' title='bbox 671 3506 748 3561; x_wconf 90' lang='lat' dir='ltr'><strong>ait</strong></span> <span class='ocrx_word' id='word_1_475' title='bbox 776 3524 790 3559; x_wconf 95' lang='lat'><strong>:</strong></span> <span class='ocrx_word' id='word_1_476' title='bbox 822 3506 946 3561; x_wconf 91' lang='lat' dir='ltr'><strong>Non</strong></span> <span class='ocrx_word' id='word_1_477' title='bbox 979 3511 1145 3563; x_wconf 89' lang='lat' dir='ltr'><strong>omnis</strong></span> <span class='ocrx_word' id='word_1_478' title='bbox 1166 3510 1255 3580; x_wconf 86' lang='lat' dir='ltr'><strong>qui</strong></span> <span class='ocrx_word' id='word_1_479' title='bbox 1287 3510 1412 3565; x_wconf 86' lang='lat' dir='ltr'><strong>dicit</strong></span> <span class='ocrx_word' id='word_1_480' title='bbox 1458 3512 1605 3578; x_wconf 87' lang='lat' dir='ltr'><strong>ntihi,</strong></span> <span class='ocrx_word' id='word_1_481' title='bbox 1636 3512 1856 3568; x_wconf 88' lang='lat' dir='ltr'><strong>Domine</strong></span> 
     </span>
    </p>
   </div>
   <div class='ocr_carea' id='block_1_62' title="bbox 283 3593 1851 3675">
    <p class='ocr_par' dir='ltr' id='par_1_62' title="bbox 283 3593 1851 3675">
     <span class='ocr_line' id='line_1_62' title="bbox 283 3593 1851 3675; baseline 0.006 -26"><span class='ocrx_word' id='word_1_482' title='bbox 283 3593 522 3661; x_wconf 84' lang='lat' dir='ltr'><strong>Domine,</strong></span> <span class='ocrx_word' id='word_1_483' title='bbox 542 3597 756 3651; x_wconf 83' lang='lat' dir='ltr'><strong>intrabit</strong></span> <span class='ocrx_word' id='word_1_484' title='bbox 800 3598 855 3655; x_wconf 86' lang='lat' dir='ltr'><strong>in</strong></span> <span class='ocrx_word' id='word_1_485' title='bbox 898 3615 1111 3669; x_wconf 88' lang='lat' dir='ltr'><strong>regnum</strong></span> <span class='ocrx_word' id='word_1_486' title='bbox 1155 3601 1399 3657; x_wconf 70' lang='lat' dir='ltr'><strong>caelorum</strong></span> <span class='ocrx_word' id='word_1_487' title='bbox 1424 3604 1553 3658; x_wconf 88' lang='lat' dir='ltr'><strong>:sed</strong></span> <span class='ocrx_word' id='word_1_488' title='bbox 1598 3605 1688 3675; x_wconf 84' lang='lat' dir='ltr'><strong>qui</strong></span> <span class='ocrx_word' id='word_1_489' title='bbox 1722 3604 1851 3674; x_wconf 77' lang='lat' dir='ltr'><strong>facit</strong></span> 
     </span>
    </p>
   </div>
   <div class='ocr_carea' id='block_1_63' title="bbox 279 3685 1853 3764">
    <p class='ocr_par' dir='ltr' id='par_1_63' title="bbox 279 3685 1853 3764">
     <span class='ocr_line' id='line_1_63' title="bbox 279 3685 1853 3764; baseline 0.005 -25"><span class='ocrx_word' id='word_1_490' title='bbox 279 3685 596 3741; x_wconf 79' lang='lat' dir='ltr'><strong>voluntatem</strong></span> <span class='ocrx_word' id='word_1_491' title='bbox 622 3686 799 3743; x_wconf 89' lang='lat' dir='ltr'><strong>Patris</strong></span> <span class='ocrx_word' id='word_1_492' title='bbox 828 3690 950 3756; x_wconf 86' lang='lat' dir='ltr'><strong>mei,</strong></span> <span class='ocrx_word' id='word_1_493' title='bbox 971 3691 1060 3762; x_wconf 88' lang='lat' dir='ltr'><strong>qui</strong></span> <span class='ocrx_word' id='word_1_494' title='bbox 1100 3691 1157 3745; x_wconf 87' lang='lat' dir='ltr'><strong>in</strong></span> <span class='ocrx_word' id='word_1_495' title='bbox 1188 3691 1328 3747; x_wconf 75' lang='lat' dir='ltr'><strong>cretis</strong></span> <span class='ocrx_word' id='word_1_496' title='bbox 1347 3703 1444 3761; x_wconf 87' lang='lat' dir='ltr'><strong>est,</strong></span> <span class='ocrx_word' id='word_1_497' title='bbox 1493 3695 1601 3764; x_wconf 84' lang='lat' dir='ltr'><strong>ipse</strong></span> <span class='ocrx_word' id='word_1_498' title='bbox 1638 3694 1853 3749; x_wconf 80' lang='lat' dir='ltr'><strong>intrabit</strong></span> 
     </span>
    </p>
   </div>
   <div class='ocr_carea' id='block_1_64' title="bbox 279 3775 865 3848">
    <p class='ocr_par' dir='ltr' id='par_1_64' title="bbox 279 3775 865 3848">
     <span class='ocr_line' id='line_1_64' title="bbox 279 3775 865 3848; baseline 0.005 -19"><span class='ocrx_word' id='word_1_499' title='bbox 279 3775 335 3830; x_wconf 85' lang='lat' dir='ltr'><strong>in</strong></span> <span class='ocrx_word' id='word_1_500' title='bbox 364 3793 579 3848; x_wconf 86' lang='lat' dir='ltr'><strong>regnum</strong></span> <span class='ocrx_word' id='word_1_501' title='bbox 598 3778 865 3833; x_wconf 68' lang='lat' dir='ltr'><strong>caelorum.</strong></span> 
     </span>
    </p>
   </div>
   <div class='ocr_carea' id='block_1_65' title="bbox 345 3865 1851 3945">
    <p class='ocr_par' dir='ltr' id='par_1_65' title="bbox 345 3865 1851 3945">
     <span class='ocr_line' id='line_1_65' title="bbox 345 3865 1851 3945; baseline 0.006 -24"><span class='ocrx_word' id='word_1_502' title='bbox 345 3865 638 3922; x_wconf 86' lang='lat' dir='ltr'><strong>Divisiones</strong></span> <span class='ocrx_word' id='word_1_503' title='bbox 676 3885 791 3924; x_wconf 88' lang='lat' dir='ltr'><strong>vero</strong></span> <span class='ocrx_word' id='word_1_504' title='bbox 817 3871 1110 3940; x_wconf 89' lang='lat' dir='ltr'><strong>gratiarum</strong></span> <span class='ocrx_word' id='word_1_505' title='bbox 1139 3883 1280 3941; x_wconf 86' lang='lat' dir='ltr'><strong>sunt,</strong></span> <span class='ocrx_word' id='word_1_506' title='bbox 1310 3873 1447 3927; x_wconf 89' lang='lat' dir='ltr'><strong>idem</strong></span> <span class='ocrx_word' id='word_1_507' title='bbox 1481 3883 1653 3929; x_wconf 87' lang='lat' dir='ltr'><strong>autem</strong></span> <span class='ocrx_word' id='word_1_508' title='bbox 1678 3873 1851 3945; x_wconf 89' lang='lat' dir='ltr'><strong>Spiri-</strong></span> 
     </span>
    </p>
   </div>
   <div class='ocr_carea' id='block_1_66' title="bbox 281 3959 1851 4030">
    <p class='ocr_par' dir='ltr' id='par_1_66' title="bbox 281 3959 1851 4030">
     <span class='ocr_line' id='line_1_66' title="bbox 281 3959 1851 4030; baseline 0.006 -19"><span class='ocrx_word' id='word_1_509' title='bbox 281 3965 402 4024; x_wconf 85' lang='lat' dir='ltr'><strong>tus;</strong></span> <span class='ocrx_word' id='word_1_510' title='bbox 438 3969 487 4013; x_wconf 89' lang='lat' dir='ltr'><strong>et</strong></span> <span class='ocrx_word' id='word_1_511' title='bbox 514 3959 788 4015; x_wconf 86' lang='lat' dir='ltr'><strong>divisiones</strong></span> <span class='ocrx_word' id='word_1_512' title='bbox 831 3962 1273 4019; x_wconf 85' lang='lat' dir='ltr'><strong>ministrationum</strong></span> <span class='ocrx_word' id='word_1_513' title='bbox 1316 3975 1459 4030; x_wconf 81' lang='lat' dir='ltr'><strong>sunt,</strong></span> <span class='ocrx_word' id='word_1_514' title='bbox 1504 3965 1641 4020; x_wconf 83' lang='lat' dir='ltr'><strong>idem</strong></span> <span class='ocrx_word' id='word_1_515' title='bbox 1677 3976 1851 4020; x_wconf 88' lang='lat' dir='ltr'><strong>autem</strong></span> 
     </span>
    </p>
   </div>
   <div class='ocr_carea' id='block_1_67' title="bbox 282 4043 1852 4119">
    <p class='ocr_par' dir='ltr' id='par_1_67' title="bbox 282 4043 1852 4119">
     <span class='ocr_line' id='line_1_67' title="bbox 282 4043 1852 4119; baseline 0.004 -21"><span class='ocrx_word' id='word_1_516' title='bbox 282 4043 570 4113; x_wconf 85' lang='lat' dir='ltr'><strong>Dominus;</strong></span> <span class='ocrx_word' id='word_1_517' title='bbox 612 4056 661 4102; x_wconf 90' lang='lat' dir='ltr'><strong>et</strong></span> <span class='ocrx_word' id='word_1_518' title='bbox 689 4047 966 4103; x_wconf 87' lang='lat' dir='ltr'><strong>divisiones</strong></span> <span class='ocrx_word' id='word_1_519' title='bbox 996 4051 1350 4119; x_wconf 87' lang='lat' dir='ltr'><strong>operationum</strong></span> <span class='ocrx_word' id='word_1_520' title='bbox 1388 4061 1531 4117; x_wconf 89' lang='lat' dir='ltr'><strong>sunt,</strong></span> <span class='ocrx_word' id='word_1_521' title='bbox 1574 4052 1711 4106; x_wconf 89' lang='lat' dir='ltr'><strong>idem</strong></span> <span class='ocrx_word' id='word_1_522' title='bbox 1738 4067 1852 4106; x_wconf 85' lang='lat' dir='ltr'><strong>vero</strong></span> 
     </span>
    </p>
   </div>
   <div class='ocr_carea' id='block_1_68' title="bbox 280 4130 1855 4206">
    <p class='ocr_par' dir='ltr' id='par_1_68' title="bbox 280 4130 1855 4206">
     <span class='ocr_line' id='line_1_68' title="bbox 280 4130 1855 4206; baseline 0.006 -20"><span class='ocrx_word' id='word_1_523' title='bbox 280 4130 445 4200; x_wconf 87' lang='lat' dir='ltr'><strong>Deus,</strong></span> <span class='ocrx_word' id='word_1_524' title='bbox 500 4135 591 4205; x_wconf 78' lang='lat' dir='ltr'><strong>qui</strong></span> <span class='ocrx_word' id='word_1_525' title='bbox 636 4146 881 4206; x_wconf 89' lang='lat' dir='ltr'><strong>operatur</strong></span> <span class='ocrx_word' id='word_1_526' title='bbox 932 4138 1109 4191; x_wconf 89' lang='lat' dir='ltr'><strong>omnia</strong></span> <span class='ocrx_word' id='word_1_527' title='bbox 1158 4139 1213 4193; x_wconf 90' lang='lat' dir='ltr'><strong>in</strong></span> <span class='ocrx_word' id='word_1_528' title='bbox 1270 4140 1527 4195; x_wconf 87' lang='lat' dir='ltr'><strong>omnibus.</strong></span> <span class='ocrx_word' id='word_1_529' title='bbox 1581 4139 1681 4195; x_wconf 85' lang='lat' dir='ltr'><strong>Hic</strong></span> <span class='ocrx_word' id='word_1_530' title='bbox 1737 4139 1855 4196; x_wconf 87' lang='lat' dir='ltr'><strong>vult</strong></span> 
     </span>
    </p>
   </div>
   <div class='ocr_carea' id='block_1_69' title="bbox 281 4224 1851 4299">
    <p class='ocr_par' dir='ltr' id='par_1_69' title="bbox 281 4224 1851 4299">
     <span class='ocr_line' id='line_1_69' title="bbox 281 4224 1851 4299; baseline 0.004 -20"><span class='ocrx_word' id='word_1_531' title='bbox 281 4224 561 4281; x_wconf 89' lang='lat' dir='ltr'><strong>ostendere</strong></span> <span class='ocrx_word' id='word_1_532' title='bbox 580 4226 781 4297; x_wconf 87' lang='lat' dir='ltr'><strong>gratias</strong></span> <span class='ocrx_word' id='word_1_533' title='bbox 806 4225 1038 4299; x_wconf 86' lang='lat' dir='ltr'><strong>Spiritus</strong></span> <span class='ocrx_word' id='word_1_534' title='bbox 1066 4230 1239 4283; x_wconf 88' lang='lat' dir='ltr'><strong>sancti</strong></span> <span class='ocrx_word' id='word_1_535' title='bbox 1270 4229 1465 4284; x_wconf 90' lang='lat' dir='ltr'><strong>multas</strong></span> <span class='ocrx_word' id='word_1_536' title='bbox 1501 4244 1641 4297; x_wconf 89' lang='lat' dir='ltr'><strong>esse,</strong></span> <span class='ocrx_word' id='word_1_537' title='bbox 1675 4245 1740 4285; x_wconf 90' lang='lat' dir='ltr'><strong>ac</strong></span> <span class='ocrx_word' id='word_1_538' title='bbox 1763 4230 1851 4285; x_wconf 65' lang='lat' dir='ltr'><strong>di»</strong></span> 
     </span>
    </p>
   </div>
   <div class='ocr_carea' id='block_1_70' title="bbox 282 4316 1846 4388">
    <p class='ocr_par' dir='ltr' id='par_1_70' title="bbox 282 4316 1846 4388">
     <span class='ocr_line' id='line_1_70' title="bbox 282 4316 1846 4388; baseline 0.004 -19"><span class='ocrx_word' id='word_1_539' title='bbox 282 4316 421 4372; x_wconf 86' lang='lat' dir='ltr'><strong>visas</strong></span> <span class='ocrx_word' id='word_1_540' title='bbox 451 4335 464 4371; x_wconf 90' lang='lat'><strong>:</strong></span> <span class='ocrx_word' id='word_1_541' title='bbox 490 4332 596 4372; x_wconf 92' lang='lat' dir='ltr'><strong>non</strong></span> <span class='ocrx_word' id='word_1_542' title='bbox 619 4317 787 4387; x_wconf 89' lang='lat' dir='ltr'><strong>ipsam</strong></span> <span class='ocrx_word' id='word_1_543' title='bbox 814 4318 1053 4373; x_wconf 89' lang='lat' dir='ltr'><strong>divinam</strong></span> <span class='ocrx_word' id='word_1_544' title='bbox 1074 4320 1431 4375; x_wconf 80' lang='lat' dir='ltr'><strong>substantiam</strong></span> <span class='ocrx_word' id='word_1_545' title='bbox 1455 4334 1574 4375; x_wconf 91' lang='lat' dir='ltr'><strong>esse</strong></span> <span class='ocrx_word' id='word_1_546' title='bbox 1596 4321 1846 4388; x_wconf 90' lang='lat' dir='ltr'><strong>divisam,</strong></span> 
     </span>
    </p>
   </div>
   <div class='ocr_carea' id='block_1_71' title="bbox 284 4408 1853 4488">
    <p class='ocr_par' dir='ltr' id='par_1_71' title="bbox 284 4408 1853 4488">
     <span class='ocr_line' id='line_1_71' title="bbox 284 4408 1853 4488; baseline 0.007 -26"><span class='ocrx_word' id='word_1_547' title='bbox 284 4408 422 4464; x_wconf 90' lang='lat' dir='ltr'><strong>unde</strong></span> <span class='ocrx_word' id='word_1_548' title='bbox 459 4410 591 4479; x_wconf 85' lang='lat' dir='ltr'><strong>ipsae</strong></span> <span class='ocrx_word' id='word_1_549' title='bbox 624 4411 810 4480; x_wconf 78' lang='lat' dir='ltr'><strong>gratiae</strong></span> <span class='ocrx_word' id='word_1_550' title='bbox 837 4411 1158 4483; x_wconf 87' lang='lat' dir='ltr'><strong>largiuntur.</strong></span> <span class='ocrx_word' id='word_1_551' title='bbox 1194 4413 1429 4482; x_wconf 86' lang='lat' dir='ltr'><strong>Dicendo</strong></span> <span class='ocrx_word' id='word_1_552' title='bbox 1450 4416 1595 4471; x_wconf 91' lang='lat' dir='ltr'><strong>enim</strong></span> <span class='ocrx_word' id='word_1_553' title='bbox 1639 4431 1853 4488; x_wconf 88' lang='lat' dir='ltr'><strong>semper</strong></span> 
     </span>
    </p>
   </div>
   <div class='ocr_carea' id='block_1_72' title="bbox 284 4498 1845 4579">
    <p class='ocr_par' dir='ltr' id='par_1_72' title="bbox 284 4498 1845 4579">
     <span class='ocr_line' id='line_1_72' title="bbox 284 4498 1845 4579; baseline 0.008 -27"><span class='ocrx_word' id='word_1_554' title='bbox 284 4498 421 4554; x_wconf 90' lang='lat' dir='ltr'><strong>idem</strong></span> <span class='ocrx_word' id='word_1_555' title='bbox 465 4501 651 4556; x_wconf 89' lang='lat' dir='ltr'><strong>omnia</strong></span> <span class='ocrx_word' id='word_1_556' title='bbox 687 4517 745 4557; x_wconf 89' lang='lat' dir='ltr'><strong>se</strong></span> <span class='ocrx_word' id='word_1_557' title='bbox 780 4503 958 4579; x_wconf 83' lang='lat' dir='ltr'><strong>dicere</strong></span> <span class='ocrx_word' id='word_1_558' title='bbox 998 4505 1064 4559; x_wconf 92' lang='lat' dir='ltr'><strong>de</strong></span> <span class='ocrx_word' id='word_1_559' title='bbox 1098 4504 1301 4575; x_wconf 85' lang='lat' dir='ltr'><strong>Spiritu</strong></span> <span class='ocrx_word' id='word_1_560' title='bbox 1343 4516 1530 4563; x_wconf 92' lang='lat' dir='ltr'><strong>sancto</strong></span> <span class='ocrx_word' id='word_1_561' title='bbox 1567 4508 1845 4564; x_wconf 89' lang='lat' dir='ltr'><strong>declarat:</strong></span> 
     </span>
    </p>
   </div>
   <div class='ocr_carea' id='block_1_73' title="bbox 282 4588 1849 4669">
    <p class='ocr_par' dir='ltr' id='par_1_73' title="bbox 282 4588 1849 4669">
     <span class='ocr_line' id='line_1_73' title="bbox 282 4588 1849 4669; baseline 0.008 -30"><span class='ocrx_word' id='word_1_562' title='bbox 282 4588 417 4643; x_wconf 88' lang='lat' dir='ltr'><strong>unde</strong></span> <span class='ocrx_word' id='word_1_563' title='bbox 445 4590 714 4655; x_wconf 88' lang='lat' dir='ltr'><strong>subditur,</strong></span> <span class='ocrx_word' id='word_1_564' title='bbox 753 4591 863 4645; x_wconf 69' lang='lat' dir='ltr'><strong>ha&#39;c</strong></span> <span class='ocrx_word' id='word_1_565' title='bbox 885 4601 1057 4645; x_wconf 89' lang='lat' dir='ltr'><strong>autem</strong></span> <span class='ocrx_word' id='word_1_566' title='bbox 1079 4594 1252 4648; x_wconf 88' lang='lat' dir='ltr'><strong>omnia</strong></span> <span class='ocrx_word' id='word_1_567' title='bbox 1274 4606 1519 4665; x_wconf 86' lang='lat' dir='ltr'><strong>operatur</strong></span> <span class='ocrx_word' id='word_1_568' title='bbox 1539 4612 1674 4651; x_wconf 89' lang='lat' dir='ltr'><strong>unus</strong></span> <span class='ocrx_word' id='word_1_569' title='bbox 1694 4606 1849 4669; x_wconf 88' lang='lat' dir='ltr'><strong>atque</strong></span> 
     </span>
    </p>
   </div>
   <div class='ocr_carea' id='block_1_74' title="bbox 280 4675 1849 4754">
    <p class='ocr_par' dir='ltr' id='par_1_74' title="bbox 280 4675 1849 4754">
     <span class='ocr_line' id='line_1_74' title="bbox 280 4675 1849 4754; baseline 0.01 -26"><span class='ocrx_word' id='word_1_570' title='bbox 280 4675 413 4731; x_wconf 88' lang='lat' dir='ltr'><strong>idem</strong></span> <span class='ocrx_word' id='word_1_571' title='bbox 439 4676 687 4748; x_wconf 87' lang='lat' dir='ltr'><strong>Spiritus.</strong></span> <span class='ocrx_word' id='word_1_572' title='bbox 729 4679 1009 4736; x_wconf 75' lang='lat' dir='ltr'><strong>Manifesta</strong></span> <span class='ocrx_word' id='word_1_573' title='bbox 1059 4692 1141 4737; x_wconf 90' lang='lat' dir='ltr'><strong>est</strong></span> <span class='ocrx_word' id='word_1_574' title='bbox 1168 4684 1311 4737; x_wconf 89' lang='lat' dir='ltr'><strong>enim</strong></span> <span class='ocrx_word' id='word_1_575' title='bbox 1344 4685 1658 4754; x_wconf 57' lang='lat' dir='ltr'><strong>praedicatio</strong></span> <span class='ocrx_word' id='word_1_576' title='bbox 1689 4688 1849 4744; x_wconf 90' lang='lat' dir='ltr'><strong>unius</strong></span> 
     </span>
    </p>
   </div>
   <div class='ocr_carea' id='block_1_75' title="bbox 280 4763 1850 4840">
    <p class='ocr_par' dir='ltr' id='par_1_75' title="bbox 280 4763 1850 4840">
     <span class='ocr_line' id='line_1_75' title="bbox 280 4763 1850 4840; baseline 0.01 -21"><span class='ocrx_word' id='word_1_577' title='bbox 280 4763 505 4823; x_wconf 86' lang='lat' dir='ltr'><strong>Deitatis</strong></span> <span class='ocrx_word' id='word_1_578' title='bbox 566 4770 833 4840; x_wconf 87' lang='lat' dir='ltr'><strong>uniusque</strong></span> <span class='ocrx_word' id='word_1_579' title='bbox 884 4773 1199 4828; x_wconf 67' lang='lat' dir='ltr'><strong>substantiae</strong></span> <span class='ocrx_word' id='word_1_580' title='bbox 1265 4774 1443 4830; x_wconf 84' lang='lat' dir='ltr'><strong>Patris</strong></span> <span class='ocrx_word' id='word_1_581' title='bbox 1504 4786 1557 4832; x_wconf 86' lang='lat' dir='ltr'><strong>et</strong></span> <span class='ocrx_word' id='word_1_582' title='bbox 1619 4776 1740 4832; x_wconf 87' lang='lat' dir='ltr'><strong>Filii</strong></span> <span class='ocrx_word' id='word_1_583' title='bbox 1795 4790 1850 4835; x_wconf 89' lang='lat' dir='ltr'><strong>et</strong></span> 
     </span>
    </p>
   </div>
   <div class='ocr_carea' id='block_1_76' title="bbox 282 4849 1849 4937">
    <p class='ocr_par' dir='ltr' id='par_1_76' title="bbox 282 4849 1849 4937">
     <span class='ocr_line' id='line_1_76' title="bbox 282 4849 1849 4937; baseline 0.008 -24"><span class='ocrx_word' id='word_1_584' title='bbox 282 4858 512 4931; x_wconf 87' lang='lat' dir='ltr'><strong>Spiritus</strong></span> <span class='ocrx_word' id='word_1_585' title='bbox 560 4863 752 4929; x_wconf 80' lang='lat' dir='ltr'><strong>sancti,</strong></span> <span class='ocrx_word' id='word_1_586' title='bbox 801 4864 892 4934; x_wconf 87' lang='lat' dir='ltr'><strong>qui</strong></span> <span class='ocrx_word' id='word_1_587' title='bbox 943 4880 1039 4920; x_wconf 88' lang='lat' dir='ltr'><strong>sua</strong></span> <span class='ocrx_word' id='word_1_588' title='bbox 1085 4849 1348 4937; x_wconf 80' lang='lat' dir='ltr'><strong>potestate</strong></span> <span class='ocrx_word' id='word_1_589' title='bbox 1400 4867 1659 4924; x_wconf 89' lang='lat' dir='ltr'><strong>Dominus</strong></span> <span class='ocrx_word' id='word_1_590' title='bbox 1704 4871 1849 4927; x_wconf 87' lang='lat' dir='ltr'><strong>Deus</strong></span> 
     </span>
    </p>
   </div>
   <div class='ocr_carea' id='block_1_77' title="bbox 279 4952 1853 5032">
    <p class='ocr_par' dir='ltr' id='par_1_77' title="bbox 279 4952 1853 5032">
     <span class='ocr_line' id='line_1_77' title="bbox 279 4952 1853 5032; baseline 0.007 -23"><span class='ocrx_word' id='word_1_591' title='bbox 279 4952 503 5025; x_wconf 83' lang='lat' dir='ltr'><strong>singulis</strong></span> <span class='ocrx_word' id='word_1_592' title='bbox 532 4953 831 5026; x_wconf 87' lang='lat' dir='ltr'><strong>quibusque</strong></span> <span class='ocrx_word' id='word_1_593' title='bbox 875 4966 1037 5027; x_wconf 86' lang='lat' dir='ltr'><strong>prout</strong></span> <span class='ocrx_word' id='word_1_594' title='bbox 1068 4959 1178 5014; x_wconf 81' lang='lat' dir='ltr'><strong>\nlt</strong></span> <span class='ocrx_word' id='word_1_595' title='bbox 1227 4962 1519 5032; x_wconf 86' lang='lat' dir='ltr'><strong>gratiarum</strong></span> <span class='ocrx_word' id='word_1_596' title='bbox 1558 4964 1699 5018; x_wconf 90' lang='lat' dir='ltr'><strong>dona</strong></span> <span class='ocrx_word' id='word_1_597' title='bbox 1745 4965 1853 5020; x_wconf 86' lang='lat' dir='ltr'><strong>lar-</strong></span> 
     </span>
    </p>
   </div>
   <div class='ocr_carea' id='block_1_78' title="bbox 282 5044 440 5116">
    <p class='ocr_par' dir='ltr' id='par_1_78' title="bbox 282 5044 440 5116">
     <span class='ocr_line' id='line_1_78' title="bbox 282 5044 440 5116; baseline 0 -17"><span class='ocrx_word' id='word_1_598' title='bbox 282 5044 440 5116; x_wconf 75' lang='lat' dir='ltr'><strong>gitur.</strong></span> 
     </span>
    </p>
   </div>
   <div class='ocr_carea' id='block_1_79' title="bbox 349 5124 1850 5213">
    <p class='ocr_par' dir='ltr' id='par_1_79' title="bbox 349 5124 1850 5213">
     <span class='ocr_line' id='line_1_79' title="bbox 349 5124 1850 5213; baseline 0.009 -25"><span class='ocrx_word' id='word_1_599' title='bbox 349 5124 641 5206; x_wconf 78' lang='lat' dir='ltr'><strong>Unicuique</strong></span> <span class='ocrx_word' id='word_1_600' title='bbox 684 5148 856 5192; x_wconf 79' lang='lat' dir='ltr'><strong>autem</strong></span> <span class='ocrx_word' id='word_1_601' title='bbox 901 5141 1061 5192; x_wconf 76' lang='lat' dir='ltr'><strong>datur</strong></span> <span class='ocrx_word' id='word_1_602' title='bbox 1110 5142 1459 5211; x_wconf 76' lang='lat' dir='ltr'><strong>manifestatio</strong></span> <span class='ocrx_word' id='word_1_603' title='bbox 1508 5144 1737 5213; x_wconf 82' lang='lat' dir='ltr'><strong>Spiritus</strong></span> <span class='ocrx_word' id='word_1_604' title='bbox 1781 5149 1850 5211; x_wconf 83' lang='lat' dir='ltr'><strong>ad</strong></span> 
     </span>
    </p>
   </div>
   <div class='ocr_carea' id='block_1_80' title="bbox 284 5228 1851 5303">
    <p class='ocr_par' dir='ltr' id='par_1_80' title="bbox 284 5228 1851 5303">
     <span class='ocr_line' id='line_1_80' title="bbox 284 5228 1851 5303; baseline 0.01 -25"><span class='ocrx_word' id='word_1_605' title='bbox 284 5228 573 5282; x_wconf 82' lang='lat' dir='ltr'><strong>utilitatem.</strong></span> <span class='ocrx_word' id='word_1_606' title='bbox 603 5228 669 5284; x_wconf 90' lang='lat' dir='ltr'><strong>Ut</strong></span> <span class='ocrx_word' id='word_1_607' title='bbox 705 5240 961 5300; x_wconf 88' lang='lat' dir='ltr'><strong>appareat</strong></span> <span class='ocrx_word' id='word_1_608' title='bbox 1001 5231 1147 5286; x_wconf 85' lang='lat' dir='ltr'><strong>illum</strong></span> <span class='ocrx_word' id='word_1_609' title='bbox 1188 5233 1445 5303; x_wconf 89' lang='lat' dir='ltr'><strong>Spiritum</strong></span> <span class='ocrx_word' id='word_1_610' title='bbox 1482 5246 1729 5292; x_wconf 88' lang='lat' dir='ltr'><strong>sanctum</strong></span> <span class='ocrx_word' id='word_1_611' title='bbox 1761 5254 1851 5294; x_wconf 87' lang='lat' dir='ltr'><strong>ac-</strong></span> 
     </span>
    </p>
   </div>
   <div class='ocr_carea' id='block_1_81' title="bbox 285 5318 1852 5391">
    <p class='ocr_par' dir='ltr' id='par_1_81' title="bbox 285 5318 1852 5391">
     <span class='ocr_line' id='line_1_81' title="bbox 285 5318 1852 5391; baseline 0.01 -22"><span class='ocrx_word' id='word_1_612' title='bbox 285 5318 521 5386; x_wconf 87' lang='lat' dir='ltr'><strong>cepisse,</strong></span> <span class='ocrx_word' id='word_1_613' title='bbox 576 5327 634 5373; x_wconf 92' lang='lat' dir='ltr'><strong>ut</strong></span> <span class='ocrx_word' id='word_1_614' title='bbox 702 5321 958 5376; x_wconf 89' lang='lat' dir='ltr'><strong>increduli</strong></span> <span class='ocrx_word' id='word_1_615' title='bbox 1012 5322 1267 5391; x_wconf 79' lang='lat' dir='ltr'><strong>credant,</strong></span> <span class='ocrx_word' id='word_1_616' title='bbox 1317 5334 1373 5380; x_wconf 88' lang='lat' dir='ltr'><strong>et</strong></span> <span class='ocrx_word' id='word_1_617' title='bbox 1417 5328 1699 5383; x_wconf 84' lang='lat' dir='ltr'><strong>credentes</strong></span> <span class='ocrx_word' id='word_1_618' title='bbox 1761 5329 1852 5383; x_wconf 81' lang='lat' dir='ltr'><strong>(ir-</strong></span> 
     </span>
    </p>
   </div>
   <div class='ocr_carea' id='block_1_82' title="bbox 291 5416 511 5461">
    <p class='ocr_par' dir='ltr' id='par_1_82' title="bbox 291 5416 511 5461">
     <span class='ocr_line' id='line_1_82' title="bbox 291 5416 511 5461; baseline 0.005 -1"><span class='ocrx_word' id='word_1_619' title='bbox 291 5418 399 5461; x_wconf 87' lang='lat' dir='ltr'><strong>men</strong></span> <span class='ocrx_word' id='word_1_620' title='bbox 407 5416 458 5461; x_wconf 75' lang='grc' dir='ltr'><strong>ιι]</strong></span> <span class='ocrx_word' id='word_1_621' title='bbox 466 5424 511 5461; x_wconf 83' lang='lat' dir='ltr'><strong>l‘.</strong></span> 
     </span>
    </p>
   </div>
   <div class='ocr_carea' id='block_1_83' title="bbox 350 5495 1846 5579">
    <p class='ocr_par' dir='ltr' id='par_1_83' title="bbox 350 5495 1846 5579">
     <span class='ocr_line' id='line_1_83' title="bbox 350 5495 1846 5579; baseline 0.011 -31"><span class='ocrx_word' id='word_1_622' title='bbox 350 5495 451 5550; x_wconf 75' lang='lat' dir='ltr'><strong>Alii</strong></span> <span class='ocrx_word' id='word_1_623' title='bbox 480 5498 686 5567; x_wconf 85' lang='lat' dir='ltr'><strong>quidem</strong></span> <span class='ocrx_word' id='word_1_624' title='bbox 731 5500 889 5555; x_wconf 82' lang='lat' dir='ltr'><strong>datur</strong></span> <span class='ocrx_word' id='word_1_625' title='bbox 914 5498 1005 5573; x_wconf 81' lang='lat' dir='ltr'><strong>per</strong></span> <span class='ocrx_word' id='word_1_626' title='bbox 1049 5502 1303 5575; x_wconf 83' lang='lat' dir='ltr'><strong>Spiritum</strong></span> <span class='ocrx_word' id='word_1_627' title='bbox 1345 5524 1513 5562; x_wconf 81' lang='lat' dir='ltr'><strong>sermo</strong></span> <span class='ocrx_word' id='word_1_628' title='bbox 1554 5510 1846 5579; x_wconf 79' lang='lat' dir='ltr'><strong>sapientitc.</strong></span> 
     </span>
    </p>
   </div>
   <div class='ocr_carea' id='block_1_84' title="bbox 285 5584 1848 5670">
    <p class='ocr_par' dir='ltr' id='par_1_84' title="bbox 285 5584 1848 5670">
     <span class='ocr_line' id='line_1_84' title="bbox 285 5584 1848 5670; baseline 0.014 -32"><span class='ocrx_word' id='word_1_629' title='bbox 285 5584 564 5657; x_wconf 72' lang='lat' dir='ltr'><strong>Sapientim</strong></span> <span class='ocrx_word' id='word_1_630' title='bbox 597 5606 773 5645; x_wconf 88' lang='lat' dir='ltr'><strong>sermo</strong></span> <span class='ocrx_word' id='word_1_631' title='bbox 800 5605 902 5659; x_wconf 86' lang='lat' dir='ltr'><strong>est,</strong></span> <span class='ocrx_word' id='word_1_632' title='bbox 935 5597 1207 5667; x_wconf 70' lang='lat' dir='ltr'><strong>sapienter</strong></span> <span class='ocrx_word' id='word_1_633' title='bbox 1225 5608 1279 5653; x_wconf 82' lang='lat' dir='ltr'><strong>ct</strong></span> <span class='ocrx_word' id='word_1_634' title='bbox 1304 5612 1487 5670; x_wconf 83' lang='lat' dir='ltr'><strong>aperte</strong></span> <span class='ocrx_word' id='word_1_635' title='bbox 1525 5619 1588 5657; x_wconf 92' lang='lat' dir='ltr'><strong>ac</strong></span> <span class='ocrx_word' id='word_1_636' title='bbox 1613 5606 1848 5659; x_wconf 87' lang='lat' dir='ltr'><strong>rationa-</strong></span> 
     </span>
    </p>
   </div>
   <div class='ocr_carea' id='block_1_85' title="bbox 284 5673 1844 5764">
    <p class='ocr_par' dir='ltr' id='par_1_85' title="bbox 284 5673 1844 5764">
     <span class='ocr_line' id='line_1_85' title="bbox 284 5673 1844 5764; baseline 0.014 -37"><span class='ocrx_word' id='word_1_637' title='bbox 284 5673 400 5729; x_wconf 63' lang='lat' dir='ltr'><strong>liter</strong></span> <span class='ocrx_word' id='word_1_638' title='bbox 426 5677 568 5747; x_wconf 89' lang='lat' dir='ltr'><strong>loqui</strong></span> <span class='ocrx_word' id='word_1_639' title='bbox 597 5687 649 5734; x_wconf 91' lang='lat' dir='ltr'><strong>et</strong></span> <span class='ocrx_word' id='word_1_640' title='bbox 688 5697 842 5750; x_wconf 85' lang='lat' dir='ltr'><strong>posse</strong></span> <span class='ocrx_word' id='word_1_641' title='bbox 865 5685 1128 5741; x_wconf 76' lang='lat' dir='ltr'><strong>disserere</strong></span> <span class='ocrx_word' id='word_1_642' title='bbox 1170 5690 1249 5742; x_wconf 82' lang='lat' dir='ltr'><strong>vel</strong></span> <span class='ocrx_word' id='word_1_643' title='bbox 1274 5690 1464 5745; x_wconf 71' lang='lat' dir='ltr'><strong>docere</strong></span> <span class='ocrx_word' id='word_1_644' title='bbox 1496 5695 1635 5764; x_wconf 80' lang='lat' dir='ltr'><strong>quml</strong></span> <span class='ocrx_word' id='word_1_645' title='bbox 1685 5711 1844 5749; x_wconf 81' lang='lat' dir='ltr'><strong>nove-</strong></span> 
     </span>
    </p>
   </div>
   <div class='ocr_carea' id='block_1_86' title="bbox 1961 3220 3540 3295">
    <p class='ocr_par' dir='ltr' id='par_1_86' title="bbox 1961 3220 3540 3295">
     <span class='ocr_line' id='line_1_86' title="bbox 1961 3220 3540 3295; baseline 0.011 -20"><span class='ocrx_word' id='word_1_646' title='bbox 1961 3220 2318 3279; x_wconf 89' lang='lat' dir='ltr'><strong>luminatione</strong></span> <span class='ocrx_word' id='word_1_647' title='bbox 2362 3224 2645 3295; x_wconf 81' lang='lat' dir='ltr'><strong>faciamus,</strong></span> <span class='ocrx_word' id='word_1_648' title='bbox 2694 3238 2754 3283; x_wconf 88' lang='lat' dir='ltr'><strong>ut</strong></span> <span class='ocrx_word' id='word_1_649' title='bbox 2794 3229 3074 3286; x_wconf 88' lang='lat' dir='ltr'><strong>videamur</strong></span> <span class='ocrx_word' id='word_1_650' title='bbox 3116 3233 3272 3290; x_wconf 87' lang='lat' dir='ltr'><strong>liberi</strong></span> <span class='ocrx_word' id='word_1_651' title='bbox 3306 3250 3425 3292; x_wconf 88' lang='lat' dir='ltr'><strong>esse</strong></span> <span class='ocrx_word' id='word_1_652' title='bbox 3470 3237 3540 3292; x_wconf 89' lang='lat' dir='ltr'><strong>ab</strong></span> 
     </span>
    </p>
   </div>
   <div class='ocr_carea' id='block_1_87' title="bbox 1959 3313 3533 3402">
    <p class='ocr_par' dir='ltr' id='par_1_87' title="bbox 1959 3313 3533 3402">
     <span class='ocr_line' id='line_1_87' title="bbox 1959 3313 3533 3402; baseline 0.011 -36"><span class='ocrx_word' id='word_1_653' title='bbox 1959 3313 2107 3367; x_wconf 90' lang='lat' dir='ltr'><strong>omni</strong></span> <span class='ocrx_word' id='word_1_654' title='bbox 2130 3314 2465 3371; x_wconf 89' lang='lat' dir='ltr'><strong>immunditia</strong></span> <span class='ocrx_word' id='word_1_655' title='bbox 2488 3317 2889 3388; x_wconf 86' lang='lat' dir='ltr'><strong>cogitationum,</strong></span> <span class='ocrx_word' id='word_1_656' title='bbox 2909 3321 3053 3390; x_wconf 90' lang='lat' dir='ltr'><strong>quia,</strong></span> <span class='ocrx_word' id='word_1_657' title='bbox 3070 3325 3283 3402; x_wconf 57' lang='lat' dir='ltr'><strong>ut\dixi,</strong></span> <span class='ocrx_word' id='word_1_658' title='bbox 3311 3341 3533 3396; x_wconf 80' lang='lat' dir='ltr'><strong>perver-</strong></span> 
     </span>
    </p>
   </div>
   <div class='ocr_carea' id='block_1_88' title="bbox 1959 3404 3532 3477">
    <p class='ocr_par' dir='ltr' id='par_1_88' title="bbox 1959 3404 3532 3477">
     <span class='ocr_line' id='line_1_88' title="bbox 1959 3404 3532 3477; baseline 0.011 -20"><span class='ocrx_word' id='word_1_659' title='bbox 1959 3416 2033 3457; x_wconf 65' lang='lat' dir='ltr'><strong>sae</strong></span> <span class='ocrx_word' id='word_1_660' title='bbox 2072 3404 2422 3476; x_wconf 87' lang='lat' dir='ltr'><strong>cogitationes</strong></span> <span class='ocrx_word' id='word_1_661' title='bbox 2470 3418 2719 3477; x_wconf 85' lang='lat' dir='ltr'><strong>separant</strong></span> <span class='ocrx_word' id='word_1_662' title='bbox 2761 3424 2793 3464; x_wconf 90' lang='lat' dir='ltr'><strong>a</strong></span> <span class='ocrx_word' id='word_1_663' title='bbox 2824 3411 2953 3466; x_wconf 89' lang='lat' dir='ltr'><strong>Deo.</strong></span> <span class='ocrx_word' id='word_1_664' title='bbox 3002 3412 3326 3472; x_wconf 89' lang='lat' dir='ltr'><strong>Studeamus</strong></span> <span class='ocrx_word' id='word_1_665' title='bbox 3373 3418 3532 3474; x_wconf 88' lang='lat' dir='ltr'><strong>liberi</strong></span> 
     </span>
    </p>
   </div>
   <div class='ocr_carea' id='block_1_89' title="bbox 1958 3496 3527 3579">
    <p class='ocr_par' dir='ltr' id='par_1_89' title="bbox 1958 3496 3527 3579">
     <span class='ocr_line' id='line_1_89' title="bbox 1958 3496 3527 3579; baseline 0.008 -30"><span class='ocrx_word' id='word_1_666' title='bbox 1958 3508 2077 3549; x_wconf 88' lang='lat' dir='ltr'><strong>esse</strong></span> <span class='ocrx_word' id='word_1_667' title='bbox 2114 3496 2182 3550; x_wconf 85' lang='lat' dir='ltr'><strong>ab</strong></span> <span class='ocrx_word' id='word_1_668' title='bbox 2212 3496 2357 3551; x_wconf 88' lang='lat' dir='ltr'><strong>omni</strong></span> <span class='ocrx_word' id='word_1_669' title='bbox 2407 3498 2819 3567; x_wconf 89' lang='lat' dir='ltr'><strong>obtrectatione,</strong></span> <span class='ocrx_word' id='word_1_670' title='bbox 2856 3502 3111 3573; x_wconf 88' lang='lat' dir='ltr'><strong>omnique</strong></span> <span class='ocrx_word' id='word_1_671' title='bbox 3156 3506 3382 3573; x_wconf 89' lang='lat' dir='ltr'><strong>malitia,</strong></span> <span class='ocrx_word' id='word_1_672' title='bbox 3404 3510 3527 3579; x_wconf 87' lang='lat' dir='ltr'><strong>quia</strong></span> 
     </span>
    </p>
   </div>
   <div class='ocr_carea' id='block_1_90' title="bbox 1957 3588 3532 3668">
    <p class='ocr_par' dir='ltr' id='par_1_90' title="bbox 1957 3588 3532 3668">
     <span class='ocr_line' id='line_1_90' title="bbox 1957 3588 3532 3668; baseline 0.007 -26"><span class='ocrx_word' id='word_1_673' title='bbox 1957 3590 2012 3643; x_wconf 88' lang='lat' dir='ltr'><strong>in</strong></span> <span class='ocrx_word' id='word_1_674' title='bbox 2040 3588 2349 3643; x_wconf 77' lang='lat' dir='ltr'><strong>ntalevolam</strong></span> <span class='ocrx_word' id='word_1_675' title='bbox 2380 3590 2609 3645; x_wconf 86' lang='lat' dir='ltr'><strong>animant</strong></span> <span class='ocrx_word' id='word_1_676' title='bbox 2656 3607 2760 3645; x_wconf 88' lang='lat' dir='ltr'><strong>non</strong></span> <span class='ocrx_word' id='word_1_677' title='bbox 2806 3593 3097 3664; x_wconf 82' lang='lat' dir='ltr'><strong>ingreditur</strong></span> <span class='ocrx_word' id='word_1_678' title='bbox 3132 3599 3410 3668; x_wconf 74' lang='lat' dir='ltr'><strong>sapientia,</strong></span> <span class='ocrx_word' id='word_1_679' title='bbox 3442 3590 3532 3653; x_wconf 68' lang='lat' dir='ltr'><strong>nec</strong></span> 
     </span>
    </p>
   </div>
   <div class='ocr_carea' id='block_1_91' title="bbox 1954 3680 3533 3754">
    <p class='ocr_par' dir='ltr' id='par_1_91' title="bbox 1954 3680 3533 3754">
     <span class='ocr_line' id='line_1_91' title="bbox 1954 3680 3533 3754; baseline 0.007 -21"><span class='ocrx_word' id='word_1_680' title='bbox 1954 3680 2155 3734; x_wconf 81' lang='lat' dir='ltr'><strong>habitat</strong></span> <span class='ocrx_word' id='word_1_681' title='bbox 2182 3681 2235 3735; x_wconf 89' lang='lat' dir='ltr'><strong>in</strong></span> <span class='ocrx_word' id='word_1_682' title='bbox 2260 3697 2475 3752; x_wconf 89' lang='lat' dir='ltr'><strong>corpore</strong></span> <span class='ocrx_word' id='word_1_683' title='bbox 2516 3682 2719 3737; x_wconf 87' lang='lat' dir='ltr'><strong>subdito</strong></span> <span class='ocrx_word' id='word_1_684' title='bbox 2749 3686 2995 3754; x_wconf 85' lang='lat' dir='ltr'><strong>peccatis.</strong></span> <span class='ocrx_word' id='word_1_685' title='bbox 3045 3687 3147 3742; x_wconf 86' lang='lat' dir='ltr'><strong>Per</strong></span> <span class='ocrx_word' id='word_1_686' title='bbox 3170 3688 3304 3742; x_wconf 92' lang='lat' dir='ltr'><strong>iram</strong></span> <span class='ocrx_word' id='word_1_687' title='bbox 3352 3704 3416 3744; x_wconf 92' lang='lat' dir='ltr'><strong>ac</strong></span> <span class='ocrx_word' id='word_1_688' title='bbox 3443 3705 3533 3744; x_wconf 91' lang='lat' dir='ltr'><strong>su-</strong></span> 
     </span>
    </p>
   </div>
   <div class='ocr_carea' id='block_1_92' title="bbox 1954 3768 3533 3845">
    <p class='ocr_par' dir='ltr' id='par_1_92' title="bbox 1954 3768 3533 3845">
     <span class='ocr_line' id='line_1_92' title="bbox 1954 3768 3533 3845; baseline 0.007 -23"><span class='ocrx_word' id='word_1_689' title='bbox 1954 3768 2201 3839; x_wconf 89' lang='lat' dir='ltr'><strong>perbiam</strong></span> <span class='ocrx_word' id='word_1_690' title='bbox 2224 3770 2418 3825; x_wconf 70' lang='lat' dir='ltr'><strong>animae</strong></span> <span class='ocrx_word' id='word_1_691' title='bbox 2446 3770 2828 3843; x_wconf 84' lang='lat' dir='ltr'><strong>negligentiam</strong></span> <span class='ocrx_word' id='word_1_692' title='bbox 2859 3774 3101 3845; x_wconf 88' lang='lat' dir='ltr'><strong>Spiritus</strong></span> <span class='ocrx_word' id='word_1_693' title='bbox 3146 3779 3318 3834; x_wconf 90' lang='lat' dir='ltr'><strong>sancti</strong></span> <span class='ocrx_word' id='word_1_694' title='bbox 3354 3789 3533 3836; x_wconf 84' lang='lat' dir='ltr'><strong>custo-</strong></span> 
     </span>
    </p>
   </div>
   <div class='ocr_carea' id='block_1_93' title="bbox 1956 3859 3533 3940">
    <p class='ocr_par' dir='ltr' id='par_1_93' title="bbox 1956 3859 3533 3940">
     <span class='ocr_line' id='line_1_93' title="bbox 1956 3859 3533 3940; baseline 0.007 -27"><span class='ocrx_word' id='word_1_695' title='bbox 1956 3860 2042 3914; x_wconf 86' lang='lat' dir='ltr'><strong>dia</strong></span> <span class='ocrx_word' id='word_1_696' title='bbox 2068 3859 2480 3929; x_wconf 83' lang='lat' dir='ltr'><strong>et&#39;protectione</strong></span> <span class='ocrx_word' id='word_1_697' title='bbox 2509 3863 2797 3927; x_wconf 85' lang='lat' dir='ltr'><strong>nudantur.</strong></span> <span class='ocrx_word' id='word_1_698' title='bbox 2820 3862 2939 3922; x_wconf 84' lang='lat' dir='ltr'><strong>Non</strong></span> <span class='ocrx_word' id='word_1_699' title='bbox 2962 3882 3092 3940; x_wconf 87' lang='lat' dir='ltr'><strong>ergo</strong></span> <span class='ocrx_word' id='word_1_700' title='bbox 3112 3884 3210 3940; x_wconf 90' lang='lat' dir='ltr'><strong>per</strong></span> <span class='ocrx_word' id='word_1_701' title='bbox 3229 3867 3533 3938; x_wconf 60' lang='lat' dir='ltr'><strong>huiusmodi</strong></span> 
     </span>
    </p>
   </div>
   <div class='ocr_carea' id='block_1_94' title="bbox 1953 3950 3537 4033">
    <p class='ocr_par' dir='ltr' id='par_1_94' title="bbox 1953 3950 3537 4033">
     <span class='ocr_line' id='line_1_94' title="bbox 1953 3950 3537 4033; baseline 0.01 -30"><span class='ocrx_word' id='word_1_702' title='bbox 1953 3950 2236 4021; x_wconf 87' lang='lat' dir='ltr'><strong>passiones</strong></span> <span class='ocrx_word' id='word_1_703' title='bbox 2264 3950 2646 4009; x_wconf 88' lang='lat' dir='ltr'><strong>contristemus</strong></span> <span class='ocrx_word' id='word_1_704' title='bbox 2694 3953 2954 4025; x_wconf 86' lang='lat' dir='ltr'><strong>Spiritum</strong></span> <span class='ocrx_word' id='word_1_705' title='bbox 2996 3969 3262 4029; x_wconf 89' lang='lat' dir='ltr'><strong>sanetum,</strong></span> <span class='ocrx_word' id='word_1_706' title='bbox 3307 3963 3403 4018; x_wconf 91' lang='lat' dir='ltr'><strong>sed</strong></span> <span class='ocrx_word' id='word_1_707' title='bbox 3446 3980 3537 4033; x_wconf 87' lang='lat' dir='ltr'><strong>po-</strong></span> 
     </span>
    </p>
   </div>
   <div class='ocr_carea' id='block_1_95' title="bbox 1954 4041 3531 4122">
    <p class='ocr_par' dir='ltr' id='par_1_95' title="bbox 1954 4041 3531 4122">
     <span class='ocr_line' id='line_1_95' title="bbox 1954 4041 3531 4122; baseline 0.006 -26"><span class='ocrx_word' id='word_1_708' title='bbox 1954 4041 2064 4097; x_wconf 90' lang='lat' dir='ltr'><strong>tius</strong></span> <span class='ocrx_word' id='word_1_709' title='bbox 2093 4056 2216 4097; x_wconf 88' lang='lat' dir='ltr'><strong>eum</strong></span> <span class='ocrx_word' id='word_1_710' title='bbox 2240 4041 2307 4097; x_wconf 88' lang='lat' dir='ltr'><strong>ad</strong></span> <span class='ocrx_word' id='word_1_711' title='bbox 2336 4042 2517 4097; x_wconf 89' lang='lat' dir='ltr'><strong>sedem</strong></span> <span class='ocrx_word' id='word_1_712' title='bbox 2541 4044 2724 4100; x_wconf 90' lang='lat' dir='ltr'><strong>cordis</strong></span> <span class='ocrx_word' id='word_1_713' title='bbox 2758 4047 2931 4102; x_wconf 90' lang='lat' dir='ltr'><strong>nostri</strong></span> <span class='ocrx_word' id='word_1_714' title='bbox 2954 4062 3053 4118; x_wconf 88' lang='lat' dir='ltr'><strong>per</strong></span> <span class='ocrx_word' id='word_1_715' title='bbox 3076 4049 3531 4122; x_wconf 71' lang='lat' dir='ltr'><strong>gratiam-humi-</strong></span> 
     </span>
    </p>
   </div>
   <div class='ocr_carea' id='block_1_96' title="bbox 1954 4131 3533 4206">
    <p class='ocr_par' dir='ltr' id='par_1_96' title="bbox 1954 4131 3533 4206">
     <span class='ocr_line' id='line_1_96' title="bbox 1954 4131 3533 4206; baseline 0.007 -20"><span class='ocrx_word' id='word_1_716' title='bbox 1954 4131 2122 4188; x_wconf 82' lang='lat' dir='ltr'><strong>litatis</strong></span> <span class='ocrx_word' id='word_1_717' title='bbox 2146 4139 2201 4187; x_wconf 87' lang='lat' dir='ltr'><strong>et</strong></span> <span class='ocrx_word' id='word_1_718' title='bbox 2219 4132 2369 4203; x_wconf 90' lang='lat' dir='ltr'><strong>pacis</strong></span> <span class='ocrx_word' id='word_1_719' title='bbox 2395 4147 2459 4189; x_wconf 91' lang='lat' dir='ltr'><strong>ac</strong></span> <span class='ocrx_word' id='word_1_720' title='bbox 2496 4136 2927 4193; x_wconf 88' lang='lat' dir='ltr'><strong>mansuetudinis</strong></span> <span class='ocrx_word' id='word_1_721' title='bbox 2970 4154 3277 4206; x_wconf 87' lang='lat' dir='ltr'><strong>evocemus,</strong></span> <span class='ocrx_word' id='word_1_722' title='bbox 3309 4157 3374 4198; x_wconf 89' lang='lat' dir='ltr'><strong>ac</strong></span> <span class='ocrx_word' id='word_1_723' title='bbox 3398 4142 3533 4197; x_wconf 73' lang='lat' dir='ltr'><strong>laeti-</strong></span> 
     </span>
    </p>
   </div>
   <div class='ocr_carea' id='block_1_97' title="bbox 1954 4222 3532 4303">
    <p class='ocr_par' dir='ltr' id='par_1_97' title="bbox 1954 4222 3532 4303">
     <span class='ocr_line' id='line_1_97' title="bbox 1954 4222 3532 4303; baseline 0.006 -26"><span class='ocrx_word' id='word_1_724' title='bbox 1954 4222 2179 4278; x_wconf 84' lang='lat' dir='ltr'><strong>ficemus</strong></span> <span class='ocrx_word' id='word_1_725' title='bbox 2203 4236 2323 4279; x_wconf 91' lang='lat' dir='ltr'><strong>eum</strong></span> <span class='ocrx_word' id='word_1_726' title='bbox 2369 4224 2623 4293; x_wconf 90' lang='lat' dir='ltr'><strong>operibus</strong></span> <span class='ocrx_word' id='word_1_727' title='bbox 2665 4227 2886 4293; x_wconf 88' lang='lat' dir='ltr'><strong>nostris,</strong></span> <span class='ocrx_word' id='word_1_728' title='bbox 2915 4235 2976 4283; x_wconf 90' lang='lat' dir='ltr'><strong>ut</strong></span> <span class='ocrx_word' id='word_1_729' title='bbox 3003 4232 3277 4287; x_wconf 87' lang='lat' dir='ltr'><strong>emundati</strong></span> <span class='ocrx_word' id='word_1_730' title='bbox 3316 4234 3532 4303; x_wconf 86' lang='lat' dir='ltr'><strong>penitus</strong></span> 
     </span>
    </p>
   </div>
   <div class='ocr_carea' id='block_1_98' title="bbox 1955 4312 3530 4393">
    <p class='ocr_par' dir='ltr' id='par_1_98' title="bbox 1955 4312 3530 4393">
     <span class='ocr_line' id='line_1_98' title="bbox 1955 4312 3530 4393; baseline 0.007 -26"><span class='ocrx_word' id='word_1_731' title='bbox 1955 4327 2019 4367; x_wconf 91' lang='lat' dir='ltr'><strong>ac</strong></span> <span class='ocrx_word' id='word_1_732' title='bbox 2045 4312 2314 4383; x_wconf 72' lang='lat' dir='ltr'><strong>purificati</strong></span> <span class='ocrx_word' id='word_1_733' title='bbox 2342 4312 2703 4370; x_wconf 89' lang='lat' dir='ltr'><strong>habitaculum</strong></span> <span class='ocrx_word' id='word_1_734' title='bbox 2728 4315 2824 4371; x_wconf 91' lang='lat' dir='ltr'><strong>Dei</strong></span> <span class='ocrx_word' id='word_1_735' title='bbox 2865 4317 3177 4387; x_wconf 78' lang='lat' dir='ltr'><strong>ciliciamur,</strong></span> <span class='ocrx_word' id='word_1_736' title='bbox 3205 4330 3261 4376; x_wconf 89' lang='lat' dir='ltr'><strong>et</strong></span> <span class='ocrx_word' id='word_1_737' title='bbox 3296 4320 3530 4393; x_wconf 89' lang='lat' dir='ltr'><strong>Spiritus</strong></span> 
     </span>
    </p>
   </div>
   <div class='ocr_carea' id='block_1_99' title="bbox 1962 4406 3531 4484">
    <p class='ocr_par' dir='ltr' id='par_1_99' title="bbox 1962 4406 3531 4484">
     <span class='ocr_line' id='line_1_99' title="bbox 1962 4406 3531 4484; baseline 0.008 -25"><span class='ocrx_word' id='word_1_738' title='bbox 1962 4412 2206 4472; x_wconf 88' lang='lat' dir='ltr'><strong>sanctus,</strong></span> <span class='ocrx_word' id='word_1_739' title='bbox 2232 4406 2321 4477; x_wconf 91' lang='lat' dir='ltr'><strong>qui</strong></span> <span class='ocrx_word' id='word_1_740' title='bbox 2350 4406 2696 4465; x_wconf 90' lang='lat' dir='ltr'><strong>descendisse</strong></span> <span class='ocrx_word' id='word_1_741' title='bbox 2717 4409 2804 4464; x_wconf 91' lang='lat' dir='ltr'><strong>die</strong></span> <span class='ocrx_word' id='word_1_742' title='bbox 2822 4419 3011 4467; x_wconf 85' lang='lat' dir='ltr'><strong>octava</strong></span> <span class='ocrx_word' id='word_1_743' title='bbox 3036 4412 3251 4484; x_wconf 87' lang='lat' dir='ltr'><strong>legitur,</strong></span> <span class='ocrx_word' id='word_1_744' title='bbox 3286 4416 3339 4469; x_wconf 93' lang='lat' dir='ltr'><strong>in</strong></span> <span class='ocrx_word' id='word_1_745' title='bbox 3376 4417 3531 4472; x_wconf 88' lang='lat' dir='ltr'><strong>nobis</strong></span> 
     </span>
    </p>
   </div>
   <div class='ocr_carea' id='block_1_100' title="bbox 1956 4498 3530 4570">
    <p class='ocr_par' dir='ltr' id='par_1_100' title="bbox 1956 4498 3530 4570">
     <span class='ocr_line' id='line_1_100' title="bbox 1956 4498 3530 4570; baseline 0.006 -17"><span class='ocrx_word' id='word_1_746' title='bbox 1956 4510 2170 4569; x_wconf 88' lang='lat' dir='ltr'><strong>semper</strong></span> <span class='ocrx_word' id='word_1_747' title='bbox 2212 4513 2334 4555; x_wconf 90' lang='lat' dir='ltr'><strong>esse</strong></span> <span class='ocrx_word' id='word_1_748' title='bbox 2375 4498 2647 4570; x_wconf 87' lang='lat' dir='ltr'><strong>dignetur.</strong></span> <span class='ocrx_word' id='word_1_749' title='bbox 2707 4499 3003 4558; x_wconf 82' lang='lat' dir='ltr'><strong>Praestante</strong></span> <span class='ocrx_word' id='word_1_750' title='bbox 3056 4505 3285 4563; x_wconf 90' lang='lat' dir='ltr'><strong>Domino</strong></span> <span class='ocrx_word' id='word_1_751' title='bbox 3343 4515 3530 4563; x_wconf 90' lang='lat' dir='ltr'><strong>nostro</strong></span> 
     </span>
    </p>
   </div>
   <div class='ocr_carea' id='block_1_101' title="bbox 1953 4581 3525 4655">
    <p class='ocr_par' dir='ltr' id='par_1_101' title="bbox 1953 4581 3525 4655">
     <span class='ocr_line' id='line_1_101' title="bbox 1953 4581 3525 4655; baseline 0.004 -12"><span class='ocrx_word' id='word_1_752' title='bbox 1953 4587 2081 4643; x_wconf 85' lang='lat' dir='ltr'><strong>Iesu</strong></span> <span class='ocrx_word' id='word_1_753' title='bbox 2126 4587 2357 4655; x_wconf 89' lang='lat' dir='ltr'><strong>Christo,</strong></span> <span class='ocrx_word' id='word_1_754' title='bbox 2388 4589 2475 4643; x_wconf 88' lang='lat' dir='ltr'><strong>cui</strong></span> <span class='ocrx_word' id='word_1_755' title='bbox 2511 4597 2594 4644; x_wconf 90' lang='lat' dir='ltr'><strong>est</strong></span> <span class='ocrx_word' id='word_1_756' title='bbox 2640 4604 2761 4645; x_wconf 86' lang='lat' dir='ltr'><strong>cum</strong></span> <span class='ocrx_word' id='word_1_757' title='bbox 2793 4581 2995 4646; x_wconf 69' lang='lat' dir='ltr'><strong>tutel-no</strong></span> <span class='ocrx_word' id='word_1_758' title='bbox 3043 4592 3203 4649; x_wconf 85' lang='lat' dir='ltr'><strong>Patre</strong></span> <span class='ocrx_word' id='word_1_759' title='bbox 3237 4605 3291 4651; x_wconf 89' lang='lat' dir='ltr'><strong>et</strong></span> <span class='ocrx_word' id='word_1_760' title='bbox 3338 4597 3525 4652; x_wconf 87' lang='lat' dir='ltr'><strong>eodem</strong></span> 
     </span>
    </p>
   </div>
   <div class='ocr_carea' id='block_1_102' title="bbox 1958 4678 3521 4755">
    <p class='ocr_par' dir='ltr' id='par_1_102' title="bbox 1958 4678 3521 4755">
     <span class='ocr_line' id='line_1_102' title="bbox 1958 4678 3521 4755; baseline 0.007 -24"><span class='ocrx_word' id='word_1_761' title='bbox 1958 4678 2162 4746; x_wconf 84' lang='lat' dir='ltr'><strong>Spiritu</strong></span> <span class='ocrx_word' id='word_1_762' title='bbox 2208 4687 2393 4733; x_wconf 90' lang='lat' dir='ltr'><strong>sancto</strong></span> <span class='ocrx_word' id='word_1_763' title='bbox 2437 4680 2607 4733; x_wconf 87' lang='lat' dir='ltr'><strong>honor</strong></span> <span class='ocrx_word' id='word_1_764' title='bbox 2650 4688 2705 4734; x_wconf 91' lang='lat' dir='ltr'><strong>et</strong></span> <span class='ocrx_word' id='word_1_765' title='bbox 2732 4678 2901 4749; x_wconf 87' lang='lat' dir='ltr'><strong>gloria</strong></span> <span class='ocrx_word' id='word_1_766' title='bbox 2953 4682 3019 4755; x_wconf 91' lang='lat' dir='ltr'><strong>in_</strong></span> <span class='ocrx_word' id='word_1_767' title='bbox 3055 4687 3250 4741; x_wconf 64' lang='lat' dir='ltr'><strong>secula</strong></span> <span class='ocrx_word' id='word_1_768' title='bbox 3298 4688 3521 4743; x_wconf 51' lang='lat' dir='ltr'><strong>saeculo-</strong></span> 
     </span>
    </p>
   </div>
   <div class='ocr_carea' id='block_1_103' title="bbox 1954 4760 2527 4823">
    <p class='ocr_par' dir='ltr' id='par_1_103' title="bbox 1954 4760 2527 4823">
     <span class='ocr_line' id='line_1_103' title="bbox 1954 4760 2527 4823; baseline -0.005 0"><span class='ocrx_word' id='word_1_769' title='bbox 1954 4785 2093 4823; x_wconf 82' lang='lat' dir='ltr'><strong>rum.</strong></span> <span class='ocrx_word' id='word_1_770' title='bbox 2122 4770 2312 4822; x_wconf 85' lang='lat' dir='ltr'><strong>Amen.</strong></span> <span class='ocrx_word' id='word_1_771' title='bbox 2515 4760 2527 4777; x_wconf 78' lang='grc'><strong><em>³</em></strong></span> 
     </span>
    </p>
   </div>
   <div class='ocr_carea' id='block_1_104' title="bbox 2440 4856 3034 4918">
    <p class='ocr_par' dir='ltr' id='par_1_104' title="bbox 2440 4856 3034 4918">
     <span class='ocr_line' id='line_1_104' title="bbox 2440 4856 3034 4918; baseline 0.012 -7"><span class='ocrx_word' id='word_1_772' title='bbox 2440 4856 2718 4914; x_wconf 81' lang='lat' dir='ltr'><strong>llOMlLlA</strong></span> <span class='ocrx_word' id='word_1_773' title='bbox 2753 4857 3034 4918; x_wconf 74' lang='lat' dir='ltr'><strong>CXXXVI.</strong></span> 
     </span>
    </p>
   </div>
   <div class='ocr_carea' id='block_1_105' title="bbox 2495 4964 2984 5008">
    <p class='ocr_par' dir='ltr' id='par_1_105' title="bbox 2495 4964 2984 5008">
     <span class='ocr_line' id='line_1_105' title="bbox 2495 4964 2984 5008; baseline 0.008 -6"><span class='ocrx_word' id='word_1_774' title='bbox 2495 4964 2547 5003; x_wconf 69' lang='lat' dir='ltr'><strong>Di</strong></span> <span class='ocrx_word' id='word_1_775' title='bbox 2586 4964 2761 5007; x_wconf 63' lang='lat' dir='ltr'><strong>EODEM</strong></span> <span class='ocrx_word' id='word_1_776' title='bbox 2801 4968 2984 5008; x_wconf 75' lang='lat' dir='ltr'><strong>FESTO.</strong></span> 
     </span>
    </p>
   </div>
   <div class='ocr_carea' id='block_1_106' title="bbox 2093 5059 3381 5135">
    <p class='ocr_par' dir='ltr' id='par_1_106' title="bbox 2093 5059 3381 5135">
     <span class='ocr_line' id='line_1_106' title="bbox 2093 5059 3381 5135; baseline 0.006 -20"><span class='ocrx_word' id='word_1_777' title='bbox 2093 5059 2278 5116; x_wconf 91' lang='lat' dir='ltr'><strong>Lectio</strong></span> <span class='ocrx_word' id='word_1_778' title='bbox 2303 5061 2483 5116; x_wconf 84' lang='lat' dir='ltr'><strong>sancti</strong></span> <span class='ocrx_word' id='word_1_779' title='bbox 2513 5061 2789 5135; x_wconf 83' lang='lat' dir='ltr'><strong>Evangelii</strong></span> <span class='ocrx_word' id='word_1_780' title='bbox 2824 5064 3121 5119; x_wconf 90' lang='lat' dir='ltr'><strong>secundum</strong></span> <span class='ocrx_word' id='word_1_781' title='bbox 3161 5062 3381 5123; x_wconf 85' lang='lat' dir='ltr'><strong>Lucam.</strong></span> 
     </span>
    </p>
   </div>
   <div class='ocr_carea' id='block_1_107' title="bbox 2021 5151 3528 5227">
    <p class='ocr_par' dir='ltr' id='par_1_107' title="bbox 2021 5151 3528 5227">
     <span class='ocr_line' id='line_1_107' title="bbox 2021 5151 3528 5227; baseline 0.006 -21"><span class='ocrx_word' id='word_1_782' title='bbox 2021 5151 2088 5206; x_wconf 86' lang='lat' dir='ltr'><strong>In</strong></span> <span class='ocrx_word' id='word_1_783' title='bbox 2115 5151 2204 5205; x_wconf 84' lang='lat' dir='ltr'><strong>illo</strong></span> <span class='ocrx_word' id='word_1_784' title='bbox 2227 5161 2473 5222; x_wconf 89' lang='lat' dir='ltr'><strong>tempore,</strong></span> <span class='ocrx_word' id='word_1_785' title='bbox 2518 5169 2638 5206; x_wconf 87' lang='lat' dir='ltr'><strong>cum</strong></span> <span class='ocrx_word' id='word_1_786' title='bbox 2674 5156 3110 5227; x_wconf 80' lang='lat' dir='ltr'><strong>apprOpinquaret</strong></span> <span class='ocrx_word' id='word_1_787' title='bbox 3136 5157 3293 5214; x_wconf 87' lang='lat' dir='ltr'><strong>Iesus</strong></span> <span class='ocrx_word' id='word_1_788' title='bbox 3319 5157 3528 5214; x_wconf 66' lang='lat' dir='ltr'><strong>Ierosoo</strong></span> 
     </span>
    </p>
   </div>
   <div class='ocr_carea' id='block_1_108' title="bbox 1953 5244 3521 5319">
    <p class='ocr_par' dir='ltr' id='par_1_108' title="bbox 1953 5244 3521 5319">
     <span class='ocr_line' id='line_1_108' title="bbox 1953 5244 3521 5319; baseline 0.008 -24"><span class='ocrx_word' id='word_1_789' title='bbox 1953 5244 2166 5315; x_wconf 78' lang='lat' dir='ltr'><strong>lgmam,</strong></span> <span class='ocrx_word' id='word_1_790' title='bbox 2199 5244 2370 5299; x_wconf 79' lang='lat' dir='ltr'><strong>videns</strong></span> <span class='ocrx_word' id='word_1_791' title='bbox 2407 5244 2688 5313; x_wconf 89' lang='lat' dir='ltr'><strong>civitatem,</strong></span> <span class='ocrx_word' id='word_1_792' title='bbox 2734 5248 2874 5315; x_wconf 83' lang='lat' dir='ltr'><strong>ﬂevit</strong></span> <span class='ocrx_word' id='word_1_793' title='bbox 2916 5264 3075 5319; x_wconf 84' lang='lat' dir='ltr'><strong>super</strong></span> <span class='ocrx_word' id='word_1_794' title='bbox 3110 5248 3276 5316; x_wconf 86' lang='lat' dir='ltr'><strong>illam,</strong></span> <span class='ocrx_word' id='word_1_795' title='bbox 3310 5252 3521 5309; x_wconf 82' lang='lat' dir='ltr'><strong>dicens:</strong></span> 
     </span>
    </p>
   </div>
   <div class='ocr_carea' id='block_1_109' title="bbox 1959 5336 2820 5407">
    <p class='ocr_par' dir='ltr' id='par_1_109' title="bbox 1959 5336 2820 5407">
     <span class='ocr_line' id='line_1_109' title="bbox 1959 5336 2820 5407; baseline 0.008 -19"><span class='ocrx_word' id='word_1_796' title='bbox 1959 5336 2097 5402; x_wconf 84' lang='lat' dir='ltr'><strong>Quia</strong></span> <span class='ocrx_word' id='word_1_797' title='bbox 2122 5337 2167 5390; x_wconf 90' lang='lat' dir='ltr'><strong>si</strong></span> <span class='ocrx_word' id='word_1_798' title='bbox 2189 5337 2508 5407; x_wconf 77' lang='lat' dir='ltr'><strong>cognovisses</strong></span> <span class='ocrx_word' id='word_1_799' title='bbox 2537 5347 2586 5392; x_wconf 88' lang='lat' dir='ltr'><strong>et</strong></span> <span class='ocrx_word' id='word_1_800' title='bbox 2611 5349 2689 5404; x_wconf 84' lang='lat' dir='ltr'><strong>tu,</strong></span> <span class='ocrx_word' id='word_1_801' title='bbox 2714 5348 2820 5395; x_wconf 89' lang='lat' dir='ltr'><strong>etc.</strong></span> 
     </span>
    </p>
   </div>
   <div class='ocr_carea' id='block_1_110' title="bbox 2027 5427 3526 5507">
    <p class='ocr_par' dir='ltr' id='par_1_110' title="bbox 2027 5427 3526 5507">
     <span class='ocr_line' id='line_1_110' title="bbox 2027 5427 3526 5507; baseline 0.009 -28"><span class='ocrx_word' id='word_1_802' title='bbox 2027 5427 2177 5494; x_wconf 82' lang='lat' dir='ltr'><strong>Quod</strong></span> <span class='ocrx_word' id='word_1_803' title='bbox 2207 5427 2365 5482; x_wconf 81' lang='lat' dir='ltr'><strong>ﬂente</strong></span> <span class='ocrx_word' id='word_1_804' title='bbox 2388 5428 2616 5485; x_wconf 88' lang='lat' dir='ltr'><strong>Domino</strong></span> <span class='ocrx_word' id='word_1_805' title='bbox 2647 5431 2737 5486; x_wconf 91' lang='lat' dir='ltr'><strong>illa</strong></span> <span class='ocrx_word' id='word_1_806' title='bbox 2764 5430 3224 5507; x_wconf 85' lang='lat' dir='ltr'><strong>Jerosolymorum</strong></span> <span class='ocrx_word' id='word_1_807' title='bbox 3243 5434 3526 5492; x_wconf 85' lang='lat' dir='ltr'><strong>subversio</strong></span> 
     </span>
    </p>
   </div>
   <div class='ocr_carea' id='block_1_111' title="bbox 1954 5517 3522 5593">
    <p class='ocr_par' dir='ltr' id='par_1_111' title="bbox 1954 5517 3522 5593">
     <span class='ocr_line' id='line_1_111' title="bbox 1954 5517 3522 5593; baseline 0.006 -22"><span class='ocrx_word' id='word_1_808' title='bbox 1954 5517 2309 5585; x_wconf 82' lang='lat' dir='ltr'><strong>describatur,</strong></span> <span class='ocrx_word' id='word_1_809' title='bbox 2355 5535 2474 5589; x_wconf 83' lang='lat' dir='ltr'><strong>quae</strong></span> <span class='ocrx_word' id='word_1_810' title='bbox 2516 5535 2549 5575; x_wconf 81' lang='lat' dir='ltr'><strong>a</strong></span> <span class='ocrx_word' id='word_1_811' title='bbox 2591 5519 2923 5593; x_wconf 84' lang='lat' dir='ltr'><strong>Vespasiano</strong></span> <span class='ocrx_word' id='word_1_812' title='bbox 2973 5532 3029 5581; x_wconf 91' lang='lat' dir='ltr'><strong>et</strong></span> <span class='ocrx_word' id='word_1_813' title='bbox 3084 5524 3205 5580; x_wconf 87' lang='lat' dir='ltr'><strong>Tito</strong></span> <span class='ocrx_word' id='word_1_814' title='bbox 3260 5523 3522 5581; x_wconf 81' lang='lat' dir='ltr'><strong>Romanis</strong></span> 
     </span>
    </p>
   </div>
   <div class='ocr_carea' id='block_1_112' title="bbox 1952 5608 3517 5683">
    <p class='ocr_par' dir='ltr' id='par_1_112' title="bbox 1952 5608 3517 5683">
     <span class='ocr_line' id='line_1_112' title="bbox 1952 5608 3517 5683; baseline 0.008 -22"><span class='ocrx_word' id='word_1_815' title='bbox 1952 5608 2284 5678; x_wconf 88' lang='lat' dir='ltr'><strong>principibus</strong></span> <span class='ocrx_word' id='word_1_816' title='bbox 2315 5609 2455 5665; x_wconf 83' lang='lat' dir='ltr'><strong>facta</strong></span> <span class='ocrx_word' id='word_1_817' title='bbox 2490 5618 2593 5676; x_wconf 88' lang='lat' dir='ltr'><strong>est,</strong></span> <span class='ocrx_word' id='word_1_818' title='bbox 2636 5614 2814 5669; x_wconf 88' lang='lat' dir='ltr'><strong>nullus</strong></span> <span class='ocrx_word' id='word_1_819' title='bbox 2841 5615 2932 5683; x_wconf 90' lang='lat' dir='ltr'><strong>qui</strong></span> <span class='ocrx_word' id='word_1_820' title='bbox 2970 5615 3251 5671; x_wconf 90' lang='lat' dir='ltr'><strong>historiam</strong></span> <span class='ocrx_word' id='word_1_821' title='bbox 3277 5618 3517 5673; x_wconf 88' lang='lat' dir='ltr'><strong>eversio—</strong></span> 
     </span>
    </p>
   </div>
   <div class='ocr_carea' id='block_1_113' title="bbox 1953 5696 3522 5776">
    <p class='ocr_par' dir='ltr' id='par_1_113' title="bbox 1953 5696 3522 5776">
     <span class='ocr_line' id='line_1_113' title="bbox 1953 5696 3522 5776; baseline 0.006 -26"><span class='ocrx_word' id='word_1_822' title='bbox 1953 5698 2036 5751; x_wconf 83' lang='lat' dir='ltr'><strong>nis</strong></span> <span class='ocrx_word' id='word_1_823' title='bbox 2082 5696 2317 5765; x_wconf 74' lang='lat' dir='ltr'><strong>ejusdem</strong></span> <span class='ocrx_word' id='word_1_824' title='bbox 2368 5700 2513 5771; x_wconf 80' lang='lat' dir='ltr'><strong>legit,</strong></span> <span class='ocrx_word' id='word_1_825' title='bbox 2565 5700 2794 5772; x_wconf 81' lang='lat' dir='ltr'><strong>ignorat.</strong></span> <span class='ocrx_word' id='word_1_826' title='bbox 2843 5701 2948 5759; x_wconf 88' lang='lat' dir='ltr'><strong>Sed</strong></span> <span class='ocrx_word' id='word_1_827' title='bbox 2984 5706 3330 5775; x_wconf 68' lang='lat' dir='ltr'><strong>qumrendum</strong></span> <span class='ocrx_word' id='word_1_828' title='bbox 3368 5706 3522 5776; x_wconf 86' lang='lat' dir='ltr'><strong>prius</strong></span> 
     </span>
    </p>
   </div>
  </div>
