3950 6184
395 329 495 384 807

1051 326 1114 381 Β.
1156 323 1409 381 RABANI
1450 318 1669 378 MAURI
1706 316 2025 375 ARCHIEP.
2067 312 2377 373 MOGUNT.
2419 313 2705 372 OPERUM
2741 313 2922 371 PARS
2958 313 3041 382 ιιι

3574 318 3676 377 408

397 454 504 509 est,
538 440 664 512 quid
690 439 761 496 sit
799 438 942 510 quod
969 437 1189 503 dicitur,
1239 435 1418 491 videns
1452 433 1710 488 ciuitatem
1731 431 1869 502 ﬂevit
1905 445 1994 485 su-
2019 432 2074 493 Α
2097 426 2322 484 storiam
2347 427 2586 484 breviter
2610 427 2894 483 tractando
2915 426 3340 483 transcurrimus
3369 445 3382 482 :
3411 442 3557 484 nunc
3590 443 3680 484 ea-

396 553 490 608 per
540 533 689 588 illam
732 531 908 585 dicens
952 529 1076 601 quia
1126 529 1172 584 si
1218 526 1542 597 cognouisses
1594 533 1643 579 et
1695 532 1771 578 tu.
1813 522 1988 578 Flevit

398 628 599 686 ctenim
647 626 767 698 pius
804 624 1132 691 Redemptor
1182 620 1394 675 ruinam
1454 616 1675 689 perﬁdae
1728 616 1985 683 civitatis,

399 733 563 789 quam
608 717 726 787 ipsa
767 714 873 770 sibi
899 713 1092 768 civitas
1123 726 1230 766 non
1259 709 1617 780 cognoscebat
1642 722 1765 763 esse
1792 714 1986 761 ventu-

402 824 543 872 ram,
563 806 650 862 cui
675 820 706 859 a
733 802 897 859 ﬂente
921 802 1152 857 Domino
1173 810 1322 857 recte
1348 799 1560 861 dicitur,
1584 799 1706 869 quia
1732 799 1779 853 si
1799 813 1989 867 cogno-

400 898 555 953 visse:
573 903 622 950 et
656 903 733 961 tu,
771 892 1043 957 subaudit,
1068 889 1332 956 ﬂevisscs,
1356 889 1449 944 sed
1475 889 1635 943 modo
1654 888 1780 959 quia
1808 886 1989 942 nescis

399 985 530 1058 quid
567 985 847 1041 immineat
867 982 1127 1039 exsultas.
1157 981 1311 1038 Unde
1332 987 1389 1035 ct
1413 980 1663 1036 subditur
1687 997 1701 1034 :

470 1076 541 1132 Et
562 1075 772 1148 quidem
793 1076 851 1128 in
878 1074 978 1127 hac
1004 1073 1089 1126 die
1117 1082 1229 1137 tua,
1255 1087 1373 1143 qua:
1395 1071 1464 1124 ad
1496 1086 1677 1142 pacem
1710 1068 1822 1123 tibi.
1852 1066 1989 1124 Cum

401 1168 545 1224 enim
575 1167 757 1223 carnis
784 1181 843 1222 se
868 1164 1235 1236 voluptatibus
1258 1163 1432 1227 daret,
1455 1169 1682 1239 ventura
1710 1159 1850 1215 mala
1880 1173 1990 1214 non

402 1260 758 1338 prospiciens,
794 1259 848 1313 in
875 1258 961 1313 die
987 1272 1105 1322 sua,
1136 1270 1258 1325 qua}
1287 1254 1355 1311 ad
1388 1268 1577 1324 pacem
1603 1251 1653 1307 ei
1681 1265 1805 1307 esse
1832 1256 1989 1319 pote-

405 1362 527 1409 rant
569 1352 821 1408 habebat.
865 1348 976 1405 Cur
1002 1363 1134 1403 vero
1164 1347 1304 1403 bona
1346 1343 1637 1416 praesentia
1690 1342 1756 1398 ad
1800 1355 1991 1414 pacem

402 1442 676 1507 habuerit,
706 1439 1112 1503 manifestatur,
1137 1452 1261 1493 cum
1291 1435 1539 1492 subditur
1564 1451 1579 1489 ε

476 1530 636 1587 Nunc
654 1541 829 1585 autem
854 1528 1155 1583 abscondita
1181 1534 1304 1580 sunt
1330 1525 1393 1579 ab
1415 1523 1580 1579 oculis
1608 1524 1732 1577 tuis.
1763 1519 1822 1577 Si
1845 1520 1991 1576 enim

406 1624 588 1680 cordis
615 1621 731 1691 ejus
759 1620 930 1676 oculis
967 1618 1109 1673 mala
1135 1631 1255 1687 quae
1294 1614 1640 1671 imminerent
1671 1610 1990 1667 abscondita

406 1730 512 1770 non
542 1721 742 1777 essent,
774 1711 896 1767 laeta
932 1706 1386 1779 in-prmsentibus
1418 1703 1695 1776 prosperis
1730 1718 1837 1758 non
1860 1701 1992 1757 fuis-

2088 521 2211 576 dem
2271 518 2462 575 morali
2491 518 2767 575 intellectu
2817 519 3156 575 discutienda
3184 528 3493 591 repetamus
3530 520 3679 578 ξανξ-

2086 611 2214 665 dens
2240 611 2495 665 civitatem
2521 611 2659 681 ﬂevit
2686 627 2843 681 super
2865 610 3034 676 illam,
3071 610 3249 665 dicens
3269 612 3394 678 quia
3418 613 3464 665 si
3492 629 3678 682 cogno-

2087 706 2246 761 risses
2264 714 2314 759 et
2337 716 2411 759 tu.
2450 704 2564 760 Hoc
2610 704 2778 760 semel
2817 706 2947 775 egit,
2976 720 3100 760 cum
3127 706 3428 775 perituram
3481 706 3676 760 civita-

2090 804 2199 852 tem
2242 810 2366 853 esse
2392 796 2681 860 nuntiavit,
2711 798 2815 852 hoc
2859 796 3102 866 quotidie
3128 797 3458 867 Redemptor
3496 790 3682 853 noster

2087 904 2186 960 per
2211 888 2415 962 electos
2436 904 2563 944 suos
2609 902 2774 959 agere
2798 888 3108 942 nullatenus
3132 895 3334 954 cessat,
3358 903 3483 943 cum
3517 878 3680 958 quos-

2089 982 2214 1039 dam
2235 997 2303 1038 ex
2332 984 2470 1038 bona
2492 982 2603 1062 vita
2629 983 2697 1037 ad
2716 995 2900 1036 mores
2925 970 3188 1051 rc'probos
3215 980 3532 1051 pervenisse
3554 995 3688 1037 con-

2089 1073 2312 1129 siderat.
2346 1072 2560 1144 Plangit
2620 1073 2906 1127 enimeos
2939 1071 3032 1141 qui
3074 1072 3329 1126 nesciunt
3379 1087 3479 1127 cur
3529 1072 3677 1143 plan-

2089 1176 2304 1241 guntur,
2358 1168 2452 1238 qui
2486 1166 2640 1237 juxta
2684 1158 2993 1222 Salomonis
3035 1165 3203 1220 verba
3252 1164 3507 1221 laetantur
3556 1179 3682 1221 cum

2089 1263 2231 1319 male
2267 1262 2534 1327 fecerunt,
2575 1269 2632 1317 et
2667 1260 2945 1317 exsultant
2973 1259 3028 1313 in
3057 1258 3221 1313 rebus
3249 1258 3521 1328 pessimis,
3565 1258 3681 1328 qui,

2090 1355 2137 1411 si
2153 1353 2556 1410 damnationem
2580 1368 2757 1418 suam,
2777 1367 2897 1422 qua:
2918 1351 2998 1407 eis
3021 1351 3288 1416 imminet,
3309 1350 3679 1419 agnovissent,

2089 1446 2409 1517 semetipsos
2463 1461 2585 1501 cum
2634 1445 2891 1517 lacrymis
2954 1444 3277 1499 delictorum
3341 1442 3682 1514 plangercnt.

2091 1536 2162 1592 Et
2187 1536 2398 1606 quidem
2442 1537 2498 1590 in
2525 1536 2624 1589 hac
2658 1535 2743 1589 die
2775 1544 2889 1600 tua,
2921 1550 3062 1606 .qute
3102 1534 3172 1587 ad
3195 1550 3377 1604 pacem
3411 1532 3504 1587 tibi
3537 1541 3684 1598 sunt,

2091 1644 2245 1686 suam
2272 1628 2361 1683 hic
2387 1627 2530 1683 diem
2567 1627 2731 1683 habet
2780 1626 2962 1681 anima
3009 1638 3289 1697 perversa,
3336 1638 3456 1694 quae
3499 1631 3685 1680 trans-

2092 1720 2254 1776 itorio
2303 1720 2504 1791 gaudet
2543 1719 2598 1775 in
2639 1726 2903 1789 tempore,
2951 1716 3040 1772 cui
3093 1732 3157 1772 ea
3205 1732 3326 1786 qua:
3371 1717 3571 1771 adsunt
3618 1715 3687 1771 ad
3780 1724 3787 1729 ‘

405 1814 509 1861 set.
540 1803 706 1873 Cujus
731 1817 855 1857 mox
885 1801 1047 1855 etiam
1084 1813 1266 1869 paena,
1296 1812 1416 1867 qua:
1443 1796 1509 1851 de
1541 1794 1816 1858 Romanis,
1849 1792 1990 1848 sicut

2097 1827 2281 1883 pacem
2306 1818 2455 1878 sunt,
2492 1812 2618 1883 quia
2645 1811 2774 1866 dum
2804 1812 2967 1866 rebus
3015 1809 3401 1880 temporalibus
3446 1810 3686 1877 laetatur,

404 1896 651 1966 praedixi,
701 1892 1034 1965 principibus
1065 1888 1383 1945 imminebat
1424 1885 1675 1956 adjuncta
1708 1894 1822 1951 est,
1865 1897 1990 1939 cum

404 1988 635 2045 dicitur:

477 2079 617 2145 Quia
640 2078 841 2133 venient
864 2077 920 2131 in
947 2084 995 2130 te
1020 2074 1166 2139 dies;
1192 2080 1239 2127 et
1280 2068 1681 2125 circumdabant
1716 2074 1765 2121 te
1794 2065 1993 2120 inimici

404 2172 484 2227 tui
507 2169 663 2235 vallo,
692 2178 741 2225 et
760 2168 1168 2238 circumdabant
1195 2176 1263 2232 te,
1298 2174 1345 2220 et
1374 2161 1789 2235 coangustabunt
1817 2170 1864 2215 te
1890 2175 1992 2213 un-

405 2263 564 2333 dique
592 2279 610 2317 :
635 2268 682 2315 et
723 2260 794 2314 ad
815 2270 1010 2314 terram
1037 2266 1365 2329 prosternent
1410 2265 1476 2317 te,
1505 2264 1552 2310 et
1594 2253 1733 2323 ﬁlios
1761 2262 1876 2307 tuos
1903 2250 1995 2322 qui

410 2354 466 2407 in
496 2362 546 2407 te
577 2360 721 2407 sunt.
747 2350 861 2406 Hoc
886 2363 1101 2420 quoque
1124 2348 1271 2419 quod
1295 2347 1509 2403 additur
1541 2364 1554 2400 :
1587 2344 1657 2399 Et
1692 2362 1796 2399 non
1836 2343 1996 2399 relin-

405 2453 560 2515 quent
603 2444 659 2499 in
688 2452 736 2498 te
774 2442 1001 2513 lapidem
1030 2456 1188 2512 super
1224 2440 1473 2510 lapidem.
1524 2438 1700 2493 Etiam
1740 2437 1855 2506 ipsa
1880 2434 1995 2506 jam

405 2534 647 2604 ejusdem
696 2534 935 2590 civitatis
977 2532 1388 2604 transmigratio
1414 2538 1667 2595 testatur,
1704 2528 1831 2599 quia
1866 2528 1994 2582 dum

406 2642 553 2683 nunc
581 2626 637 2681 in
659 2641 725 2682 eo
753 2627 873 2682 loco
900 2632 1212 2681 constructa
1240 2635 1325 2681 est
1348 2624 1439 2679 ubi
1469 2632 1620 2679 extra
1647 2630 1857 2692 portam
1885 2621 1993 2675 Do-

409 2719 589 2775 minus
617 2719 912 2775 cruciﬁxus
940 2717 1155 2773 fuerat:
1188 2717 1338 2787 prior
1368 2716 1460 2770 illa
1488 2714 1789 2770 Jerusalem
1820 2711 1998 2767 fundi-

409 2820 496 2867 tus
514 2819 600 2867 est
616 2826 825 2867 eversa.
850 2808 947 2865 Cui
976 2825 1043 2865 ex
1066 2824 1171 2879 qua
1201 2809 1356 2879 culpa
1380 2808 1680 2863 eversionis
1705 2821 1816 2862 sua:
1833 2819 1997 2875 poena

411 2902 575 2957 fuerit
604 2901 771 2966 illata,
810 2902 1188 2973 subiungitur:

481 2991 562 3046 Eo
606 2991 746 3063 quod
782 3008 884 3045 non
931 2992 1233 3061 cognoveris
1277 2998 1478 3061 tempus
1523 2988 1836 3045 uisitationis
1866 2998 1992 3044 tute.

407 3083 638 3138 (lreator
656 3083 851 3153 quippe
878 3081 1119 3136 omnium
1144 3096 1242 3151 per
1266 3081 1654 3136 incarnationis
1678 3080 1995 3152 mysterium

2092 1908 2219 1967 dum
2259 1900 2559 1962 honoribus
2612 1904 2907 1969 extollitur,
2961 1904 3091 1958 dum
3115 1903 3168 1958 in
3195 1903 3377 1957 carnis
3414 1903 3690 1975 voluptate
3739 1951 3743 1954 .

2092 1999 2399 2066 resolvitur,
2453 1999 2579 2054 dum
2607 1997 2751 2052 nulla
2782 2004 3023 2052 venturae
3068 2011 3243 2067 poena?
3263 1995 3548 2051 formidine
3575 2006 3691 2052 ter-

2094 2099 2265 2154 retur,
2283 2103 2471 2160 pacem
2495 2087 2657 2142 habet
2674 2087 2726 2140 in
2743 2086 2828 2142 die
2849 2100 2966 2151 sua,
2996 2101 3116 2156 qum
3133 2099 3294 2156 grave
3325 2083 3692 2140 damnationis

2094 2196 2206 2237 sua!
2236 2179 2549 2237 scandalum
2598 2179 2653 2233 in
2685 2179 2771 2234 die
2807 2177 3029 2234 habebit
3089 2177 3289 2233 aliena.
3331 2177 3409 2232 lbi
3436 2176 3582 2232 cnim
3612 2176 3694 2231 af—

2093 2271 2323 2343 ﬂigenda
2367 2280 2452 2326 est
2484 2270 2576 2325 ubi
2610 2269 2742 2341 justi
2776 2268 3123 2324 lcetabuntur.
3179 2266 3338 2322 Nunc
3367 2276 3542 2322 autent
3571 2268 3697 2322 abs-

2095 2363 2305 2417 condita
2350 2370 2472 2416 sunt
2506 2361 2571 2415 ab
2612 2359 2778 2415 oculis
2824 2360 2948 2425 tuis,
2966 2343 2980 2363 ³
3011 2375 3268 2430 perversa
3307 2359 3488 2414 anima
3525 2360 3693 2415 rebus

2094 2450 2451 2523 prmsent.bus
2479 2450 2658 2507 dedita
2692 2452 2746 2505 in
2770 2450 3002 2506 terrenis
3042 2448 3408 2520 voluptatibus
3445 2449 3690 2505 resoluta

2095 2545 2379 2602 abscondit
2422 2545 2525 2601 sibi
2570 2543 2711 2599 mala
2745 2544 3049 2615 sequentia,
3082 2544 3209 2613 quia
3248 2532 3563 2615 praevidere
3594 2542 3688 2598 fu-

2100 2644 2218 2691 tura
2270 2634 2486 2706 refugit,
2524 2649 2644 2705 qua:
2696 2642 3021 2705 prmsentem
3060 2633 3303 2689 laetitiam
3342 2634 3687 2704 perturbent.

2098 2732 2333 2800 dumque
2368 2728 2421 2784 in
2464 2728 2747 2800 praesentis
2774 2728 2899 2783 vitae
2947 2726 3310 2783 oblectatione
3356 2740 3415 2781 se
3459 2725 3690 2787 deserit,

2014 2872 2019 2877 .
2097 2828 2227 2898 quid
2256 2827 2423 2894 aliud,
2474 2841 2637 2897 quam
2685 2825 2883 2880 clausis
2917 2823 3109 2889 oculis,
3147 2823 3216 2878 ad
3263 2821 3442 2894 ignem
3489 2820 3687 2876 vadit:

2101 2916 2239 2985 Quia
2280 2918 2478 2975 venient
2506 2917 2618 2971 dies
2663 2917 2721 2971 in
2765 2904 2835 2980 te,
2867 2926 2913 2970 et
2936 2906 3347 2969 circumdabunt
3395 2921 3445 2967 te
3484 2908 3692 2965 inimici

2099 3008 2176 3060 tui
2202 3005 2360 3061 uallo.
2390 3004 2493 3072 Qui
2520 3020 2759 3075 unquam
2788 3012 2915 3059 sunt
2934 3004 3185 3058 humana:
3222 3001 3416 3057 anima:
3451 2997 3695 3067 majores

2100 3095 2326 3163 inimici,
2359 3106 2523 3165 quam
2549 3093 2771 3166 maligni
2798 3093 3043 3163 spiritus,
3078 3091 3170 3163 q'ui
3222 3091 3363 3147 hanc
3398 3107 3429 3147 a
3459 3105 3723 3161 corpore.

407 3175 552 3229 hanc
579 3173 804 3228 visitare
831 3173 1084 3242 dignatus
1113 3180 1217 3238 est,
1249 3171 1345 3228 sed
1373 3171 1489 3242 ipsa
1520 3169 1734 3227 timoris
1755 3179 1810 3224 et
1847 3184 1997 3227 amo—
2025 3155 2071 3217 Ο
2103 3155 2393 3245 exeuntia",-
2419 3155 2709 3251 obsidem:
2739 3155 2903 3255 quin,
2934 3184 2985 3239 ίη
3016 3155 3196 3240 {ﬁnis
3232 3198 3417 3240 amore
3452 3155 3691 3253 positam

410 3266 488 3320 ris
517 3264 660 3322 illius
687 3265 971 3321 recordata
999 3280 1104 3320 non
1135 3273 1237 3330 est,
1269 3265 1413 3320 unde
1441 3265 1603 3321 etiam
1633 3280 1731 3334 per
1753 3263 1995 3334 Prophe-

413 3367 524 3413 tam
553 3358 608 3413 in
649 3357 1024 3427 increpatione
1052 3357 1235 3415 cordis
1264 3356 1486 3413 humani
1527 3373 1657 3414 aves
1677 3357 1801 3413 οωιί
1826 3357 1895 3412 ad
1920 3364 1999 3413 te-

414 3451 726 3508 stimonium
751 3449 1109 3518 deducuntur,
1143 3466 1266 3507 cum
1294 3450 1492 3507 dicitur
1524 3469 1537 3505 :
1572 3440 1763 3505 Miluus
1784 3450 1841 3504 in
1869 3448 1996 3503 caelo

411 3545 644 3618 cognovit
689 3555 888 3616 tempus
925 3562 1101 3609 suum,
1148 3554 1324 3598 turtur
1362 3552 1410 3598 et
1449 3542 1676 3597 hirundo
1717 3551 1764 3596 et
1792 3541 1996 3595 ciconia

412 3638 771 3692 custodierunt
810 3646 1007 3708 tempus
1064 3637 1316 3692 adventus
1366 3636 1487 3701 sui,
1550 3634 1775 3706 populus
1821 3643 1997 3689 autem

410 3747 556 3784 meus
583 3746 687 3783 non
712 3730 948 3800 cognovit
973 3727 1237 3798 judicium
1268 3726 1382 3783 Dei.

481 3821 550 3874 Et
578 3822 840 3892 ingressus
894 3820 948 3873 in
985 3820 1253 3890 templum,
1296 3819 1444 3890 coepit
1474 3818 1662 3889 ejicere
1698 3826 1925 3873 ementes
1948 3824 1999 3870 et

411 3909 683 3967 uendentes
711 3911 764 3963 in
793 3908 906 3974 illo,
932 3908 1107 3962 dicens
1136 3909 1242 3964 illis
1265 3921 1286 3962 :
1309 3908 1576 3981 Scriptum
1614 3919 1713 3975 est,
1750 3910 1875 3981 quia
1903 3908 2000 3963 do—

412 4018 529 4055 mus
568 4016 683 4054 mea
723 3999 909 4054 domus
964 4000 1217 4053 orationis
1266 4010 1359 4054 est.
1396 4000 1496 4067 Qui
1538 4002 1814 4057 enarravit
1852 4000 1996 4057 mala

412 4098 681 4155 ventura,
739 4089 989 4159 protinus
1047 4088 1101 4142 in
1147 4088 1404 4158 templum
1450 4089 1726 4160 ingressus
1768 4100 1870 4155 est,
1941 4097 2002 4145 ut

413 4184 482 4237 de
528 4180 619 4236 illo
675 4181 972 4235 vendentes
1023 4188 1079 4235 et
1131 4187 1378 4235 ementes
1438 4178 1693 4249 ejiceret,
1755 4179 2000 4250 profecto

416 4273 689 4339 iunotans,
719 4270 847 4343 quia
873 4272 1026 4327 ruina
1056 4271 1240 4342 populi
1274 4272 1509 4327 maxime
1529 4287 1596 4327 cx
1635 4272 1790 4343 culpa
1819 4287 2000 4328 sacer-

414 4365 601 4419 «Zotum
643 4362 767 4430 fuit,
796 4364 1134 4420 eversionem
1161 4364 1358 4435 quippe
1384 4364 1722 4430 describens,
1755 4366 1850 4421 sed
1878 4380 2001 4420 vcn-

413 4460 603 4514 dcntes
651 4467 707 4514 et
748 4467 991 4515 ementes
1035 4459 1090 4514 in
1134 4458 1333 4529 templo
1364 4456 1585 4523 feriens,
1616 4457 1669 4513 in
1712 4458 1830 4528 ipso
1865 4456 1998 4514 etle-

334 4626 342 4641 ‘
412 4559 505 4605 ctu
555 4550 640 4606 sui
688 4550 869 4621 operis
929 4551 1186 4616 ostendit,
1235 4526 1376 4607 unde
1428 4550 1583 4606 radix
1632 4526 1833 4620 prodiit
1874 4526 2080 4622 per-D

411 4638 635 4693 ditionis
666 4656 681 4693 :

499 4729 600 4786 Vos
631 4741 805 4786 autem
839 4733 1035 4803 fecistis
1058 4733 1204 4788 illam
1229 4733 1529 4805 speluncam
1560 4734 1845 4790 latronum.
1898 4734 2001 4802 Qui

415 4824 484 4879 ad
512 4823 825 4893 accipienda
845 4839 1068 4880 munera
1096 4825 1150 4879 in
1178 4827 1378 4897 templo
1402 4826 1732 4893 residebant,
1757 4826 2001 4897 profecto

417 4914 545 4984 quia
570 4915 891 4985 quibusdam
922 4931 1029 4971 non
1055 4916 1307 4975 dantibus
1334 4918 1607 4974 lzcsionem
1653 4919 2002 4989 exquirerent

418 5007 639 5062 dubium
669 5022 777 5063 non
805 5016 944 5063 erat.
995 4989 1215 5065 Domus?
1247 5025 1377 5081 ergo
1424 5010 1699 5075 orationis,
1742 5010 1997 5080 spelunca

418 5097 690 5153 latronum
729 5097 870 5154 facta
898 5097 1096 5165 fuerat,
1129 5100 1252 5170 quia
1299 5100 1365 5155 ad
1408 5102 1513 5156 hoc
1533 5102 1591 5156 in
1622 5102 1822 5173 templo
1859 5102 1999 5158 assi-

419 5196 566 5244 stere
590 5197 873 5255 noverant,
908 5197 969 5246 ut
994 5198 1087 5244 aut
1116 5207 1222 5246 non
1251 5192 1439 5249 dantes
1466 5209 1689 5249 munera
1717 5196 1999 5261 studerent

419 5282 776 5356 corporaliter
794 5285 1066 5355 persequi,
1100 5293 1193 5339 aut
1220 5284 1411 5343 dantes
1436 5287 1753 5357 spiritaliter
1777 5302 1994 5343 nccare.

417 5372 554 5442 Quia
605 5388 735 5430 vero
777 5373 1107 5444 Redemptor
1154 5383 1339 5430 noster
1388 5377 1787 5447 prtedicationis
1836 5377 1999 5433 verba

421 5478 521 5519 nec
596 5462 832 5535 indignis
903 5471 971 5535 et,
1028 5465 1256 5535 ingratis
1325 5466 1637 5533 subtrahit,
1672 5464 2011 5538 .postquam’

419 5556 713 5629 disciplina:
740 5557 980 5628 vigorem
1006 5557 1269 5627 ejiciendo
1288 5573 1571 5629 perversos
1586 5559 1774 5627 tenuit,
1799 5559 1999 5615 donum

420 5660 541 5700 mox
568 5648 751 5719 gratirc
776 5650 1029 5705 ostendit.
1059 5649 1191 5705 Nam
1225 5650 1471 5705 subditur
1499 5666 1511 5703 :
1974 5668 1980 5673 ·

497 5740 560 5793 Et
598 5758 705 5800 erat
735 5744 922 5801 docens
966 5743 1198 5815 quotidie
1240 5743 1293 5797 in
1325 5741 1533 5811 templo.
1569 5739 1693 5797 Haec
1731 5743 1884 5814 juxta
1912 5741 1999 5800 lti-

2100 3276 2424 3348 deceptoriis
2468 3273 2916 3332 delectationibus
2941 3273 3124 3330 fovent
3157 3292 3171 3328 :
3210 3288 3372 3344 quam
3403 3272 3549 3327 vallo
3583 3271 3697 3327 cir-

2100 3368 2376 3433 cumdant,
2418 3365 2545 3436 quia
2572 3374 2698 3420 ante
2726 3365 2926 3420 mentis
2950 3362 3066 3433 ejus
3090 3363 3279 3421 oculos
3315 3363 3557 3419 reductis
3581 3362 3694 3417 ini—

2100 3459 2398 3529 quitatibus
2446 3472 2583 3528 quas
2636 3455 2992 3526 perpetravit,
3053 3456 3195 3509 hanc
3254 3452 3320 3508 ad
3371 3453 3691 3511 societatem

2100 3565 2211 3605 sua:
2245 3548 2609 3604 damnationis
2652 3547 2927 3601 trahentes
2954 3553 3258 3602 coarctant.
3296 3543 3365 3599 Et
3393 3544 3697 3599 circumda-

2101 3640 2227 3694 bunt
2269 3648 2340 3705 te,
2378 3648 2426 3693 et
2474 3636 2890 3708 coangustabunt
2929 3648 2978 3691 te
3018 3635 3268 3707 undique.
3326 3634 3547 3706 Maligni
3579 3635 3696 3706 spi-

2100 3731 2239 3787 ritus
2274 3730 2511 3799 undique
2571 3729 2807 3783 animam
2832 3736 3210 3798 coangustant,
3250 3727 3465 3798 quando
3490 3726 3540 3780 ei
3582 3742 3693 3780 non

2100 3822 2273 3879 solum
2304 3822 2504 3892 operis,
2549 3836 2739 3876 verum
2786 3820 2949 3874 etiam
2988 3817 3298 3884 locutionis,
3349 3826 3514 3889 atque
3540 3817 3696 3872 insu—

2099 3930 2196 3986 per
2219 3912 2562 3986 cogitationis
2605 3911 2919 3982 iuiquitates
2943 3910 3230 3981 replicant,
3274 3917 3334 3964 ut
3379 3924 3500 3980 quae
3536 3910 3695 3979 prius

2102 4020 2163 4062 se
2204 4022 2300 4077 per
2362 4004 2531 4059 multa
2577 4003 2820 4058 dilatavit
2850 4002 2905 4057 in
2932 4001 3156 4067 scelere,
3185 3999 3255 4055 ad
3280 4008 3586 4055 extremum
3624 4000 3695 4054 de

2101 4098 2354 4155 omnibus
2383 4102 2703 4168 angustetur
2752 4094 2808 4149 in
2848 4091 3222 4148 retributione.
3275 4089 3345 4144 Et
3376 4089 3446 4144 ad
3492 4098 3695 4143 terram

2102 4196 2425 4244 consternent
2449 4199 2517 4251 te,
2542 4194 2590 4239 et
2631 4183 2770 4253 ﬁlios
2791 4192 2905 4238 tuos
2929 4183 3021 4254 qui
3048 4182 3105 4236 in
3133 4190 3183 4236 te
3216 4189 3356 4236 sunt.
3399 4178 3553 4234 Tunc
3574 4179 3696 4233 ani-

2102 4296 2189 4337 ma
2219 4295 2317 4351 per
2360 4278 2725 4349 cognitionem
2775 4285 2959 4331 reatus
3007 4274 3091 4329 sui
3126 4274 3195 4329 ad
3225 4280 3422 4329 terram
3451 4281 3696 4327 conster-

2102 4372 2271 4436 nitur,
2322 4385 2447 4425 cum
2482 4383 2631 4434 caro,
2683 4382 2804 4438 qua:
2838 4366 2894 4421 in
2929 4366 3098 4422 vitam
3153 4379 3308 4419 suam
3334 4364 3571 4419 credidit
3596 4378 3689 4418 re-

2104 4464 2221 4519 dire
2271 4463 2338 4518 ad
2370 4462 2645 4533 pulverem
2674 4468 2919 4532 urgetur.
2959 4459 3112 4514 Tunc
3139 4458 3194 4513 in
3220 4465 3395 4514 morte
3425 4456 3519 4510 lilii
3548 4456 3696 4511 illius

2105 4558 2324 4622 cadunt,
2382 4570 2505 4611 cum
2566 4552 2920 4626 cogitationes
2963 4551 3183 4614 illicitae,
3253 4564 3375 4621 quae
3433 4547 3596 4603 modo
3623 4563 3694 4602 ex

2105 4648 2195 4703 illa
2246 4647 2531 4718 prodeunt,
2568 4645 2622 4701 in
2648 4652 2893 4700 extrema
2934 4642 3060 4698 vitae
3095 4640 3300 4696 ultione
3329 4639 3689 4710 dissipantur,

2104 4738 2243 4794 sicut
2288 4736 2544 4808 scriptum
2573 4742 2678 4801 est,
2731 4734 2786 4788 in
2823 4733 2909 4788 illa
2937 4733 3023 4789 die
3075 4732 3328 4802 peribunt
3371 4746 3563 4786 omnes
3591 4745 3687 4785 co-

2104 4825 2392 4899 gitationes
2435 4840 2647 4881 eorum.
2680 4822 2810 4892 Quze
2856 4822 3064 4879 scilicet
3122 4822 3272 4876 durae
3329 4821 3695 4892 cogitationes

2104 4916 2328 4986 intelligi
2377 4916 2543 4972 etiam
2572 4931 2670 4987 per
2698 4914 2935 4985 lapidum
2962 4912 3413 4985 signiﬁcationem
3467 4911 3690 4967 valent:

2104 5025 2231 5065 nam
2274 5008 2541 5080 sequitur,
2571 5016 2619 5062 et
2659 5022 2763 5060 non
2790 5005 3077 5076 relinquent
3099 5005 3153 5059 in
3175 5012 3225 5059 te
3267 5002 3494 5075 lapidem
3530 5019 3697 5073 super

2104 5102 2350 5173 lapidem.
2396 5100 2661 5156 Perversa
2680 5099 2882 5154 etenim
2923 5112 3098 5163 mens,
3141 5111 3263 5153 cum
3294 5110 3567 5168 perversa:
3597 5108 3694 5151 co-

2102 5194 2350 5267 gitationi
2404 5193 2580 5248 adhuc
2626 5192 3027 5263 perversionem
3086 5186 3312 5258 adjicit,
3365 5188 3495 5259 quid
3542 5186 3692 5242 aliud

2104 5284 2537 5356 quam-lapidem
2564 5297 2725 5353 super
2754 5281 2985 5352 lapidem
3030 5279 3204 5351 ponit,
3234 5279 3330 5336 sed
3369 5285 3424 5339 in
3465 5278 3695 5335 destru-

2105 5387 2192 5433 cta
2233 5376 2452 5432 civitate
2498 5387 2661 5444 super
2720 5371 2952 5443 lapidem
2993 5370 3133 5440 lapis
3187 5385 3295 5425 non
3337 5368 3690 5439 relinquitur,

2106 5469 2233 5539 quia
2269 5470 2393 5523 cum
2429 5465 2497 5521 ad
2537 5465 2797 5519 ultionem
2820 5476 2975 5519 suam
3015 5462 3195 5517 anima
3242 5460 3547 5526 deducitur,
3570 5474 3695 5513 om-

2106 5558 2193 5615 nis
2237 5557 2305 5613 ab
2334 5556 2424 5612 illa
2452 5554 2845 5627 cogitationum
2890 5567 3112 5609 suarum
3139 5550 3471 5607 constructio
3528 5548 3697 5605 dissi-

2102 5660 2284 5722 patur.
2312 5648 2393 5704 Eo
2445 5649 2584 5720 quod
2633 5664 2738 5702 non
2793 5644 3091 5716 cognoveris
3129 5652 3330 5713 tempus
3372 5640 3695 5696 uisitationis

2108 5752 2234 5806 tum,
2269 5754 2577 5811 perversam
2641 5749 3019 5809 quamcunque
3065 5734 3297 5795 animam
3344 5732 3694 5801 omnipotens
