3950 6184
300 322 407 381 ιω

1280 326 1584 384 ΗΟΜΙΙᾸᾹΞ
1625 327 1691 382 IN
1729 327 1984 385 EVANG.
2027 330 2114 385 ET
2148 331 2362 387 ENST.

3452 328 3556 389 litt

300 436 444 491 Deus
483 432 660 489 modis
682 432 868 489 multis
889 435 1113 492 visitare
1155 438 1470 502 consuevit;
1512 453 1636 491 nam
1670 438 1883 493 assidue
1909 442 1961 502 Α
1987 442 2096 497 sint
2129 442 2308 498 omnia
2357 442 2613 509 visibilia,
2664 442 2920 498 ditIerunt
2949 451 3128 499 tamen
3177 441 3320 499 inter
3357 448 3417 500 se
3457 460 3557 516 pro

299 529 441 584 hanc
465 526 653 581 visitat
682 534 973 597 praecepto,
1010 527 1298 597 aliquando
1320 537 1500 584 autem
1526 529 1755 599 ﬂagello,
1779 528 1881 584 ali-

297 618 518 689 quando
563 631 694 671 vero
733 618 1016 683 miraculo,
1060 610 1115 674 et
1161 629 1223 674 ut
1259 635 1386 674 vera
1420 635 1541 690 quae
1584 620 1880 685 nesciebat,

295 707 488 763 audiat
520 714 579 762 et
606 715 787 761 tamen
836 708 1014 762 adhuc
1064 708 1381 777 superbiens
1428 717 1590 777 atque
1634 715 1882 777 contem-

296 810 439 850 nens
485 803 582 849 aut
623 795 806 850 dolore
854 806 1179 866 compuncta
1225 798 1432 862 redeat,
1474 805 1569 851 aut
1604 797 1882 852 beneﬁciis

296 883 512 938 devicta
558 882 757 936 malum
806 884 951 954 quod
990 883 1123 939 fecit
1164 885 1469 949 erubescat,
1496 885 1588 939 sed
1629 886 1754 953 quia
1801 884 1884 939 vi-

294 970 572 1025 sitationis
619 986 731 1025 suae
777 980 991 1041 tempus
1032 973 1257 1028 minime
1309 974 1610 1042 cognoscit,
1659 974 1766 1027 illis
1822 973 1880 1027 in

293 1069 544 1115 extretm
566 1060 691 1115 vita:
717 1060 953 1117 inimicis
980 1062 1233 1126 traditur,
1260 1077 1385 1117 cum
1418 1061 1614 1131 quibus
1632 1054 1690 1115 in
1722 1070 1881 1116 aiter-

295 1165 368 1205 no
392 1149 600 1220 judicio
628 1150 989 1206 damnationis
1035 1165 1147 1207 sua:
1195 1152 1454 1207 societate
1480 1152 1781 1222 colligatur.
1810 1151 1879 1205 Et

293 1242 564 1305 iuqressus
609 1242 666 1294 in
688 1238 933 1313 templum
965 1243 1113 1313 erepit
1142 1242 1330 1312 ejicere
1348 1243 1617 1296 uendentes
1638 1243 1692 1297 in
1712 1242 1803 1295 illo
1829 1252 1878 1296 et

295 1340 550 1383 ementes.
582 1328 739 1383 Sicut
779 1329 1034 1400 templum
1081 1331 1294 1385 Domini
1322 1331 1376 1386 in
1405 1330 1624 1386 civitate
1668 1340 1774 1396 est,
1803 1332 1877 1385 ita

296 1430 353 1474 et
404 1420 459 1472 in
490 1419 646 1489 plebe
696 1418 836 1473 fideli
890 1420 998 1473 vita
1045 1420 1439 1490 religiosorum,
1476 1430 1530 1476 et
1573 1435 1714 1490 smpe
1740 1436 1879 1476 nou--

298 1510 435 1564 nulli
467 1509 745 1579 religionis
769 1509 1011 1563 habitum
1044 1519 1285 1575 sumunt,
1306 1511 1401 1565 sed
1439 1511 1563 1566 dum
1595 1525 1876 1566 sacrorum

294 1604 551 1659 ordinum
604 1602 782 1657 locum
835 1602 1167 1686 percipiunt,
1216 1612 1422 1659 sanctae
1469 1604 1746 1675 religionis
1795 1604 1877 1659 of-

298 1694 482 1749 ﬁcium
524 1695 576 1748 in
630 1694 1016 1750 commercium
1068 1702 1294 1752 terrente
1347 1699 1730 1768 negotiationis
1779 1700 1879 1754 tri-

1987 532 2390 588 diversitatibus
2460 533 2720 600 locorum,
2777 535 2920 588 unde
2956 534 3059 588 alia
3094 531 3187 588 est
3258 532 3557 588 caelestium

1983 625 2177 698 gloria,
2228 625 2333 680 alia
2362 627 2720 690 terrestrium,
2761 634 2817 681 et
2865 626 2911 681 si
2957 626 3012 680 in
3042 626 3174 680 locis
3219 625 3556 691 sublimibus,

1982 730 2104 772 cum
2134 718 2243 770 sint
2272 728 2463 769 cuneta
2494 715 2756 780 caelestia,
2787 714 3228 770 diﬁ'erunt'etiam
3261 714 3376 784 ipsa
3401 714 3561 768 clari-

1983 814 2092 862 tate
2137 806 2421 870 luminum,
2470 819 2578 860 non
2633 805 2831 859 mirum
2878 811 2980 869 est,
3019 804 3159 873 quod
3204 804 3258 857 in
3305 818 3551 859 resurre-

1981 896 2160 952 ctione
2199 906 2538 951 mortuorum
2569 895 2794 950 distabit
2837 895 3008 966 gloria
3053 895 3389 958 meritorum,
3435 907 3559 948 cum

1979 999 2046 1040 ex
2097 984 2286 1040 eadem
2311 999 2488 1039 massa
2530 986 2708 1040 omnis
2732 1000 2861 1040 caro
2902 984 2992 1040 sit.
3025 983 3174 1045 Unde
3200 992 3258 1039 et
3292 984 3563 1053 quomodo

1980 1075 2039 1130 iu
2063 1075 2148 1129 his
2188 1083 2336 1129 tanta
2372 1075 2657 1130 diversitas
2683 1083 2786 1138 est,
2840 1082 2900 1128 ut
2934 1090 3040 1129 una
3069 1075 3311 1143 impensa
3358 1074 3564 1130 faceret

1979 1184 2178 1240 genera
2207 1169 2437 1230 diversa,
2470 1168 2651 1222 dicant
2673 1182 2816 1221 nunc
2840 1166 3092 1236 sophista:
3116 1166 3300 1220 mundi
3327 1173 3381 1218 et
3404 1181 3560 1219 scru-

1980 1269 2186 1315 tatores
2214 1259 2475 1324 siderum,
2522 1258 2568 1313 si
2607 1260 2790 1312 valent
2818 1258 3295 1326 comprehendere,
3327 1272 3447 1325 qua:
3468 1271 3560 1309 cx-

1981 1358 2067 1404 tra
2105 1364 2165 1404 se
2195 1358 2320 1403 sunt
2351 1363 2472 1404 cum
2494 1350 2624 1418 quid
2648 1351 2786 1403 intra
2814 1364 2874 1404 se
2900 1350 2971 1403 sit
3002 1349 3265 1404 nesciant.
3321 1348 3563 1415 Denique

1978 1457 2167 1495 omnes
2204 1441 2461 1495 mundani
2491 1440 2813 1511 philosophi,
2845 1441 2970 1509 quia
2996 1451 3231 1494 mentem
3278 1454 3428 1495 suam
3458 1439 3560 1508 legi

1979 1528 2073 1586 Dei
2129 1531 2434 1595 humiliare,
2486 1540 2547 1585 ut
2594 1530 2753 1585 ﬁdem
2814 1531 2931 1600 ejus
2979 1530 3315 1598 susciperent
3370 1526 3543 1581 nolue-

1979 1627 2125 1684 runt,
2161 1621 2372 1676 diversa
2398 1634 2614 1690 semper
2639 1629 2695 1675 et
2742 1620 3015 1675 contraria
3065 1627 3393 1684 asserentes,
3441 1619 3559 1671 ina-

1979 1711 2219 1766 nissimis
2281 1710 2735 1779 disputationibus
2802 1710 3030 1764 invicem
3075 1724 3134 1763 se
3176 1707 3557 1771 confuderunt,

296 1788 486 1841 buunt.
541 1785 846 1842 Vendentes
888 1787 1085 1858 Quippe
1143 1789 1198 1843 in
1232 1790 1429 1859 templo
1467 1799 1614 1857 sunt,
1656 1792 1747 1862 qui
1775 1793 1879 1847 hoc
1906 1789 1953 1848 B
1982 1802 2108 1871 quia
2151 1801 2204 1854 in
2246 1800 2391 1856 nullo
2431 1800 2625 1855 horum
2657 1799 2979 1854 testiﬁcatur
3021 1798 3272 1853 veritatis
3321 1796 3552 1867 signum.

296 1880 442 1950 quod
486 1878 810 1949 quibusdam
848 1879 971 1949 jure
1014 1882 1293 1951 competit,
1341 1882 1408 1936 ad
1452 1883 1733 1952 praemium
1774 1883 1880 1937 lar-

294 1973 539 2041 giuntur,
569 1970 835 2040 iustitiam
864 1970 1010 2027 enim
1039 1973 1273 2027 vendere
1310 1984 1412 2036 est,
1458 1974 1599 2027 hanc
1629 1989 1726 2043 pro
1745 1989 1881 2044 pra:-

298 2061 391 2113 tuii
444 2060 763 2130 acceptione
806 2075 1043 2115 servare.
1087 2060 1346 2117 Ementes
1397 2077 1528 2116 vero
1569 2062 1623 2116 in
1682 2063 1880 2132 templo

294 2158 447 2214 sunt,
497 2151 590 2220 qui
642 2151 769 2204 dum
803 2151 906 2206 hoc
936 2150 1244 2220 persolvere
1288 2151 1555 2220 proximo,
1601 2153 1743 2222 quod
1793 2152 1881 2221 ju-

296 2250 444 2296 stum
493 2250 583 2296 est
624 2256 730 2296 non
762 2240 982 2335 .volunt,
1035 2242 1270 2311 dumque
1306 2257 1430 2339 .rem
1479 2243 1603 2313 jure
1643 2243 1879 2298 debitam

297 2329 479 2386 facere
538 2314 892 2386 contemdunt
958 2330 1084 2385 dato
1133 2314 1378 2401 patroniis
1418 2333 1643 2401 prtemio
1693 2339 1882 2387 emunt

298 2432 602 2491 peccatum.
645 2422 850 2489 Quibus
888 2424 1026 2478 bene
1068 2423 1310 2478 dicitur:
1355 2423 1557 2478 Domus
1620 2440 1736 2479 mea
1784 2426 1917 2478 do-.

296 2533 415 2570 mus
468 2517 723 2571 orationis
751 2526 847 2580 est,
889 2532 978 2571 vos
1023 2526 1197 2570 autem
1225 2514 1418 2584 fecistis
1465 2513 1614 2567 illam
1670 2512 1881 2583 spelun-

297 2624 416 2661 cam
447 2607 734 2661 latronum.
760 2607 893 2674 Quia
920 2607 1046 2661 dum
1075 2622 1461 2676 nonnunquam
1503 2621 1601 2675 per
1614 2607 1744 2661 versi
1778 2608 1878 2661 ho-

299 2701 476 2755 mines
527 2699 702 2754 locum
731 2700 1004 2771 religionis
1031 2707 1234 2764 tenent,
1269 2699 1339 2753 ibi
1366 2698 1586 2753 malitia:
1619 2710 1731 2753 sua:
1764 2699 1882 2769 gla-

299 2791 405 2844 diis
463 2788 738 2854 occidunt,
804 2789 894 2843 ubi
945 2789 1222 2843 viviﬁcare
1284 2789 1563 2857 proximos
1616 2788 1878 2843 orationis

298 2897 413 2936 suae
444 2880 829 2936 intercessione
865 2879 1185 2935 debuerunt.
1235 2879 1517 2950 Templum
1556 2895 1775 2951 quoque
1821 2886 1878 2934 et

296 2973 495 3027 domus
526 2971 619 3026 Dei
653 2980 738 3026 est
791 2972 907 3041 ipsa
959 2987 1111 3027 mens
1161 2980 1323 3042 atque
1355 2970 1687 3028 conscientia
1741 2971 1876 3027 ﬁde-

296 3064 451 3128 lium,
503 3079 625 3133 quae
651 3063 930 3133 siquando
979 3064 1031 3118 in
1058 3063 1331 3119 lmsionem
1368 3064 1600 3134 proximi
1656 3079 1877 3133 perver-

296 3170 386 3209 sas
406 3129 765 3225 cogitationes
787 3153 1012 3224 profert,
1053 3155 1206 3225 quasi
1255 3155 1308 3209 in
1358 3129 1611 3224 spelunca
1640 3129 1878 3210 latrones
1905 3129 1949 3192 (ἶ

299 3246 561 3309 resident,
624 3254 682 3300 et
744 3244 1065 3315 simpliciter
1136 3245 1447 3316 gradientes
1519 3245 1874 3313 interﬁciunt,

296 3334 516 3403 quando
560 3334 615 3388 in
655 3348 772 3399 eos,
800 3334 890 3404 qui
927 3335 981 3388 in
1027 3332 1173 3390 nullo
1208 3334 1284 3390 rei
1316 3344 1461 3401 sunt,
1493 3334 1729 3391 lzesionis
1764 3337 1878 3408 gla-

296 3424 414 3479 dios
454 3424 717 3492 deﬁgunt.
749 3424 899 3480 Mens
923 3424 1068 3479 enim
1105 3423 1361 3489 ﬁdelium,
1408 3440 1516 3481 non
1550 3425 1664 3495 jam
1687 3428 1878 3483 domus

295 3516 583 3581 orationis,
614 3517 712 3572 sed
749 3517 1001 3586 spelunca
1024 3516 1262 3573 latronis
1298 3527 1404 3583 est,
1445 3521 1661 3589 quando
1685 3519 1876 3574 relicta

296 3603 608 3659 innocentia
641 3612 697 3661 et
735 3606 1079 3676 simplicitate
1124 3608 1431 3664 sanctitatis
1483 3608 1613 3665 illud
1648 3617 1880 3665 conatur

295 3710 477 3767 agere,
535 3697 677 3752 unde
707 3697 887 3753 valeat
912 3698 1174 3768 proximis
1202 3713 1426 3767 nocere;
1457 3702 1551 3757 sed
1592 3702 1717 3771 quia
1743 3716 1874 3757 con-

297 3796 378 3842 tra
411 3803 669 3859 perversa
705 3790 822 3845 haec
847 3790 1027 3844 omnia
1072 3790 1250 3844 verbis
1294 3790 1673 3861 Redemptoris
1703 3792 1875 3847 nostri

293 3890 395 3946 per
444 3892 635 3933 sacras
660 3877 887 3949 paginas
932 3877 1301 3933 indesinenter
1356 3879 1694 3947 instruimur,
1734 3895 1877 3936 nunc

294 3981 466 4037 usque
498 3967 567 4021 ad
599 3967 701 4022 hoc
724 3967 903 4038 agitur
939 3967 1084 4037 quod
1120 3966 1320 4023 factum
1350 3968 1516 4024 fuisse
1536 3970 1873 4040 perhibetur,
1901 4031 1909 4035 _

294 4072 416 4112 cum
452 4058 675 4113 dicitur.
712 4058 781 4112 Et
804 4067 916 4112 erat
937 4058 1129 4113 docens
1159 4059 1391 4130 quotidie
1430 4059 1715 4128 intemplo.
1738 4059 1874 4116 Cum

293 4148 436 4202 enim
455 4156 695 4203 mentem
711 4147 943 4203 ﬁdelium
964 4150 1031 4206 ad
1043 4150 1280 4205 cavenda
1304 4149 1443 4204 mala
1466 4149 1735 4205 subtiliter
1751 4165 1868 4204 eru-

294 4238 391 4303 dit,
422 4240 665 4310 quotidie
686 4241 901 4296 Veritas
925 4241 1106 4307 docet,
1134 4240 1294 4298 lesus
1320 4242 1570 4299 Christus
1593 4243 1869 4312 videlicet,

292 4330 557 4386 Dominus
598 4340 786 4387 noster
823 4333 915 4403 qui
967 4348 1089 4388 eum
1124 4333 1286 4389 Patre
1328 4342 1385 4390 et
1438 4333 1644 4405 Spiritu
1682 4344 1872 4392 sancto

288 4423 424 4477 vivit
448 4432 504 4477 et
530 4433 719 4495 regnat
757 4424 901 4482 Deus
945 4410 1044 4496 per
1086 4426 1267 4482 omnia
1305 4424 1501 4483 saecula
1529 4427 1867 4485 surculorum.

287 4512 482 4570 Amen.
1062 4519 1069 4527 '
1516 4530 1521 4535 ‘

472 4602 475 4605 ’
776 4606 1051 4664 HOMILIA
1090 4606 1394 4665 CXXXVII.

933 4717 1091 4758 FERIA
1134 4717 1212 4759 IV.

283 4785 476 4846 Lectio
512 4788 770 4860 Epistolaa
791 4792 937 4847 beati
960 4792 1114 4848 Pauli
1169 4791 1393 4865 apostoli
1423 4791 1490 4847 ad
1538 4791 1867 4849 Corinthios.

360 4880 603 4949 Fratres,
635 4900 741 4938 non
767 4885 935 4939 omnis
973 4901 1096 4940 caro
1127 4886 1309 4941 eadem
1334 4901 1482 4952 caro,
1511 4884 1603 4940 sed
1632 4884 1741 4939 alia
1775 4885 1873 4939 Ito-

282 4973 514 5039 miuum,
552 4973 662 5028 alia
694 4991 961 5045 pecorum,
986 4976 1095 5031 alia
1128 4976 1418 5043 volucrum,
1452 4976 1563 5031 alia
1617 4976 1863 5047 piscium.

288 5063 359 5118 Et
386 5081 608 5136 corpora
640 5066 892 5133 caelestia,
939 5077 986 5122 et
1021 5084 1242 5139 corpora
1284 5069 1575 5134 terrestria,
1625 5068 1717 5123 sed
1754 5068 1866 5123 alia

284 5157 498 5227 quidem
543 5158 826 5213 antestium
847 5159 1036 5230 gloria,
1060 5159 1169 5215 alia
1194 5176 1369 5214 autem
1395 5161 1742 5226 terrestrium,
1757 5161 1868 5215 alia

286 5247 504 5303 claritas
527 5248 674 5315 solis,
699 5249 808 5304 alia
825 5238 1039 5304 claritas
1063 5249 1226 5323 laute,
1253 5260 1298 5305 et
1330 5250 1439 5305 alia
1454 5250 1671 5305 claritas
1691 5249 1869 5305 stella-

290 5353 428 5392 rum.
451 5338 620 5395 Stella
639 5341 777 5395 enim
796 5339 860 5395 ab
883 5341 1034 5396 stella
1053 5340 1227 5413 dilfeﬂ
1250 5342 1303 5395 in
1322 5340 1595 5408 claritate;
1622 5342 1696 5396 sic
1715 5351 1762 5396 et
1785 5357 1866 5396 re-

283 5431 544 5485 surrectio
566 5424 914 5498 mortuorum,
942 5441 1048 5487 etc.

358 5519 429 5574 In.
461 5520 548 5577 his
567 5522 817 5578 omnibus
855 5523 960 5579 iste
993 5538 1184 5579 sensus
1221 5531 1324 5579 est.
1374 5521 1431 5578 Si
1457 5537 1653 5595 genera
1685 5521 1868 5578 carnis

287 5624 413 5666 eum
461 5610 573 5665 sint
618 5621 814 5667 cuncta
860 5612 1132 5676 mortalia,
1183 5611 1438 5669 diti‘erunt
1489 5620 1670 5668 tamen
1724 5612 1868 5668 inter

292 5714 350 5756 se
372 5716 474 5772 pro
498 5702 904 5759 diversitatibus
925 5703 1274 5760 animantium
1300 5720 1317 5772 ;
1347 5704 1449 5761 etsi
1470 5715 1696 5771 corpora
1718 5704 1863 5760 enim

1894 4477 1949 4539 D

1978 1893 2230 1963 Aguitum
2285 1900 2387 1957 cst,
2425 1891 2568 1961 quod
2613 1899 2738 1945 ante
2767 1891 3000 1960 positum
3028 1891 3252 1944 verbum
3283 1902 3559 1943 commen-

1978 1989 2073 2043 dat
2118 1988 2416 2042 doctrinam
2466 1987 2605 2041 sicut
2647 1992 2705 2039 et
2741 1985 2883 2039 Deus
2925 1983 3181 2038 discrevit
3220 1981 3558 2051 disciplinam

1978 2086 2219 2132 nostram
2250 2091 2369 2146 qua:
2416 2091 2523 2130 non
2567 2074 2749 2130 verbis
2776 2074 3052 2145 probatur,
3101 2075 3195 2128 sed
3222 2074 3439 2137 virtute,
3471 2071 3557 2125 cui

1978 2184 2084 2222 non
2112 2175 2338 2238 possunt
2359 2167 2522 2222 verba
2557 2166 2833 2221 resistere.
2878 2163 3343 2233 Quemadmodum
3409 2162 3557 2217 enim

1977 2274 2041 2313 ex
2091 2274 2198 2313 una
2240 2259 2481 2327 impensa
2531 2258 2745 2313 diversa
2776 2256 3135 2311 animantium
3185 2270 3314 2311 caro
3342 2264 3443 2318 est,
3480 2254 3555 2308 ita

1977 2357 2033 2403 et
2066 2348 2226 2402 unius
2275 2348 2456 2403 carnis
2508 2347 2743 2403 hominis
2792 2348 3020 2402 diversae
3047 2355 3211 2402 erunt
3261 2346 3554 2417 dignitates

1979 2438 2033 2493 in
2079 2439 2493 2504 resurrectione,
2548 2447 2610 2493 ut
2660 2437 2785 2493 talis
2838 2438 3208 2508 unusquisque
3274 2445 3553 2508 appareat,

1977 2531 2152 2600 qualis
2188 2529 2351 2585 fuerit
2379 2531 2578 2594 meriti,
2615 2530 2813 2600 quippe
2833 2544 2957 2587 cum
2991 2530 3079 2585 hic
3123 2530 3286 2584 etiam
3324 2530 3555 2583 diversi-

1978 2629 2140 2676 tatem
2168 2600 2452 2690 corporum
2478 2617 2790 2673 videamus:
2821 2617 2886 2671 Et
2917 2634 3156 2689 corpora,
3182 2618 3377 2688 inquit,
3413 2616 3561 2671 etule-

1976 2710 2079 2763 stia
2096 2750 2111 2775 ,
2139 2720 2185 2763 et
2209 2709 2473 2763 terrestria
2498 2720 2518 2759 :
2548 2708 2636 2763 sed
2659 2707 2767 2761 alia
2788 2707 2997 2775 quidem
3034 2706 3318 2761 ctelestium
3358 2706 3554 2777 gloria,

1977 2797 2087 2852 alia
2115 2806 2289 2852 autem
2337 2797 2679 2851 terrestrium.
2721 2795 2976 2851 Caelestis
3013 2810 3242 2865 corpora
3287 2803 3414 2850 sunt
3462 2810 3553 2851 re-

1976 2888 2333 2959 surgentium,
2360 2886 2641 2941 terrestria
2683 2893 2863 2940 autem
2912 2893 3201 2955 antequam
3227 2884 3548 2949 moriantur,

1976 2985 2070 3033 aut
2127 2985 2367 3049 surgant,
2408 2985 2471 3031 ut
2503 2976 2628 3048 quia
2674 2976 2924 3032 Christus
2972 2976 3209 3032 caelestis
3237 2984 3342 3043 est,
3391 2990 3459 3030 ex
3487 2991 3555 3032 eo

1980 3085 2205 3141 corpora
2230 3070 2473 3126 coelestia
2502 3069 2772 3124 dicantur.
2812 3068 2892 3123 Ex
2919 3067 3090 3125 Adam
3138 3081 3268 3123 vero
3296 3068 3423 3133 quia
3452 3074 3555 3122 ter-

1980 3163 2170 3217 restris
2221 3171 2305 3218 est
2349 3161 2632 3217 terrestria
2676 3175 2924 3230 corpora.
2982 3159 3104 3214 Alia
3149 3158 3363 3214 claritas
3393 3158 3552 3226 solis,

1979 3253 2089 3307 alia
2128 3252 2343 3307 claritas
2403 3252 2566 3319 (ante,
2619 3251 2729 3306 alia
2779 3251 2995 3306 claritas
3062 3250 3356 3316 stellarum,
3403 3250 3557 3307 stella

1978 3343 2116 3397 enim
2180 3340 2244 3395 ab
2284 3340 2433 3394 stella
2471 3341 2648 3410 diﬁ'ert
2684 3340 2762 3394 'in
2805 3340 3066 3410 claritate.
3126 3338 3297 3395 Unius
3347 3349 3557 3395 natum

1978 3434 2378 3503 comparatione
2418 3408 2593 3486 utitur
2638 3432 2705 3486 ad
2754 3408 3058 3487 indiscreta:
3089 3432 3405 3488 substantiae
3431 3434 3556 3487 red-

1977 3527 2207 3582 dendam
2244 3525 2528 3589 rationem,
2561 3523 2687 3595 quia
2733 3523 2874 3578 sicut
2912 3522 2994 3578 sol
3018 3533 3074 3578 et
3128 3521 3256 3576 luna
3300 3530 3357 3577 et
3388 3522 3556 3578 stella:

1976 3631 2098 3675 cum
2158 3616 2272 3672 sint
2318 3615 2479 3669 unius
2529 3614 2744 3683 quidem
2795 3620 3033 3676 natum,
3088 3611 3315 3667 diversa:
3374 3620 3552 3666 tamen

1975 3707 2241 3763 claritatis
2270 3714 2414 3772 sunt,
2444 3706 2517 3759 ita
2577 3713 2633 3759 et
2667 3704 2915 3759 homines
2963 3718 3085 3758 cum
3110 3703 3220 3757 sint
3255 3702 3415 3756 unius
3456 3717 3554 3775 ge-

1975 3799 2143 3864 neris,
2198 3797 2392 3852 merito
2441 3803 2619 3850 tamen
2671 3794 2963 3850 dissimiles
3036 3801 3199 3850 erunt
3246 3794 3301 3848 in
3357 3793 3553 3865 gloria,

1975 3899 2033 3944 ut
2067 3890 2367 3945 claritatem
2410 3888 2540 3944 solis
2574 3887 2789 3941 illorum
2819 3886 3057 3959 dignitas
3083 3893 3429 3956 exsequetur,
3455 3885 3550 3956 qui

1974 3981 2328 4037 centesimum
2352 3991 2638 4035 numerum
2665 3979 2887 4044 habent,
2914 3979 3007 4049 qui
3033 3985 3094 4033 ut
3114 3978 3339 4048 perfecti
3365 3988 3550 4034 essent

1971 4071 2133 4143 primi
2161 4070 2365 4141 gradus
2381 4069 2560 4126 aemuli
2609 4068 2847 4125 luerunt.
2880 4068 2955 4124 De
2975 4069 3171 4139 quibus
3197 4070 3397 4125 dictum
3421 4078 3505 4125 est
3530 4083 3547 4123 :

1972 4169 2096 4215 tunc
2126 4159 2258 4232 justi
2283 4158 2551 4230 fulgebunt
2578 4159 2714 4212 sicut
2737 4156 2817 4212 sol
2838 4159 2893 4211 in
2916 4174 3072 4229 regno
3096 4155 3274 4213 Patris
3301 4159 3405 4212 sui.
3436 4158 3547 4214 Lu-

1972 4249 2091 4305 nari
2116 4257 2296 4305 autem
2323 4248 2556 4305 claritati
2586 4248 2642 4303 hi
2677 4247 3026 4318 comparandi
3054 4255 3199 4312 sunt,
3246 4248 3340 4316 qui
3388 4262 3550 4303 sexa-

1971 4342 2234 4411 gesimum
2264 4355 2550 4397 numerum
2581 4339 2739 4395 bonis
2760 4339 3016 4409 operibus
3059 4338 3285 4391 mercati
3313 4346 3456 4402 sunt,
3488 4345 3549 4392 ut

1972 4433 2194 4488 secundi
2241 4432 2442 4503 gradus
2492 4431 2743 4486 meritum
2789 4429 3070 4503 haberent.
3127 4426 3312 4482 Stellis
3367 4435 3548 4484 autem

1973 4524 2293 4580 clarioribus
2322 4538 2510 4579 eorum
2535 4521 2726 4576 merita
2754 4518 3116 4587 comparanda
3156 4526 3304 4584 sunt,
3335 4519 3427 4590 qui
3451 4519 3552 4575 tri-

1974 4617 2235 4674 cesimum
2274 4628 2579 4679 numerum,
2610 4611 2750 4668 tertii
2784 4611 2983 4683 gradus
3010 4611 3349 4683 dignitatem,
3386 4613 3550 4684 justis

1973 4706 2246 4763 laboribus
2285 4706 2629 4777 quaesierunt.
2658 4701 3021 4772 Sequentihus
3046 4717 3175 4757 vero
3200 4702 3390 4768 stellis,
3427 4718 3549 4774 qum

1973 4800 2118 4855 inter
2141 4799 2317 4855 claras
2369 4806 2426 4853 et
2451 4796 2792 4853 obscuriores
2830 4793 3022 4849 mediae
3056 4804 3203 4860 sunt,
3231 4803 3547 4865 peceatores

1975 4890 2223 4946 homines
2248 4888 2532 4960 coaptandi
2569 4894 2715 4952 sunt,
2751 4888 2843 4958 qui
2874 4888 2941 4943 de
2968 4887 3140 4942 tribus
3184 4887 3384 4942 nullius
3420 4902 3547 4958 gra-
3580 4881 3593 4896 ⁸

1965 4980 2067 5035 dus
2090 4979 2353 5034 honorem
2402 4978 2624 5049 adipisci
2672 4978 2982 5044 noluerunt,
3025 4977 3238 5033 caneris
3268 4975 3543 5051 [Tetricis]

1966 5081 2144 5124 autem
2173 5068 2341 5124 stellis
2366 5076 2423 5123 et
2464 5068 2702 5123 omnium
2754 5066 3063 5122 novissimis
3103 5054 3431 5137 perﬁddrum
3462 5083 3542 5123 re-

1965 5157 2233 5213 surrectio
2271 5155 2467 5212 similis
2516 5165 2619 5222 est,
2647 5157 2773 5226 quia
2796 5171 3037 5212 errorem
3066 5158 3259 5223 secuti,
3285 5157 3457 5213 stellis
3488 5158 3545 5212 iu

1966 5260 2205 5302 errorem
2241 5246 2560 5303 ducentibus
2591 5248 2939 5318 comparandi
2985 5255 3133 5315 sunt,
3171 5249 3310 5304 sicut
3339 5248 3468 5304 dicit
3490 5248 3545 5303 in

1954 5326 2205 5419 .Epistola
2230 5354 2325 5393 sua
2348 5337 2513 5394 ludas
2532 5340 2823 5410 apostolus,
2854 5336 3139 5411 inﬁdelitas
3162 5340 3297 5394 enim
3324 5355 3430 5393 non
3452 5355 3546 5408 po-

1968 5437 2065 5484 test
2106 5428 2304 5483 claram
2337 5430 2765 5484 resurrectionem
2809 5431 3018 5495 habere,
3063 5430 3187 5502 quia
3215 5429 3350 5484 sicut
3383 5427 3543 5481 carbo

1967 5522 2140 5576 cinere
2180 5536 2278 5576 suo
2340 5530 2611 5591 coopertus
2654 5520 2966 5586 obcazcatur,
3017 5521 3091 5576 ita
3135 5529 3191 5574 et
3224 5520 3279 5574 bi
3318 5516 3544 5590 perﬁdia

1967 5628 2072 5668 sua.
2089 5612 2290 5669 erroris
2311 5612 2547 5668 tenebris
2577 5612 2894 5669 circumdati
2922 5613 3043 5668 luce
3066 5611 3351 5667 carebunt.
3389 5609 3467 5665 lta
3490 5617 3550 5666 et.

1967 5704 2293 5761 resurrectio
2328 5712 2665 5760 mortuorum
2693 5721 2706 5758 :
2738 5701 2983 5773 exempla
3015 5702 3106 5758 dat
3138 5708 3196 5756 ut
3215 5714 3321 5756 nou
3349 5700 3437 5756 sit’
3450 5700 3549 5755 du—
3592 5742 3599 5747 μ
