  <div class='ocr_page' id='page_1' title='image "/cluster/home/n/w/nwhite01/storage/ocr_20150623/110/hvd.32044054759758/212.png"; bbox 0 0 3950 6184; ppageno 0'>
   <div class='ocr_carea' id='block_1_1' title="bbox 266 306 374 363">
    <p class='ocr_par' dir='ltr' id='par_1_1' title="bbox 266 306 374 363">
     <span class='ocr_line' id='line_1_1' title="bbox 266 306 374 363; baseline -0.009 0"><span class='ocrx_word' id='word_1_1' title='bbox 266 306 374 363; x_wconf 70' lang='lat' dir='ltr'><strong>4H3</strong></span> 
     </span>
    </p>
   </div>
   <div class='ocr_carea' id='block_1_2' title="bbox 1340 304 2435 367">
    <p class='ocr_par' dir='ltr' id='par_1_2' title="bbox 1340 304 2435 367">
     <span class='ocr_line' id='line_1_2' title="bbox 1340 304 2435 367; baseline 0.005 -7"><span class='ocrx_word' id='word_1_2' title='bbox 1340 304 1647 362; x_wconf 70' lang='lat' dir='ltr'><strong>HOMILUE</strong></span> <span class='ocrx_word' id='word_1_3' title='bbox 1689 305 1755 362; x_wconf 71' lang='grc' dir='ltr'><strong>ΙΝ</strong></span> <span class='ocrx_word' id='word_1_4' title='bbox 1793 305 2048 366; x_wconf 81' lang='lat' dir='ltr'><strong>EVANG.</strong></span> <span class='ocrx_word' id='word_1_5' title='bbox 2088 308 2176 365; x_wconf 83' lang='lat' dir='ltr'><strong>ET</strong></span> <span class='ocrx_word' id='word_1_6' title='bbox 2214 310 2435 367; x_wconf 82' lang='lat' dir='ltr'><strong>EPIST.</strong></span> 
     </span>
    </p>
   </div>
   <div class='ocr_carea' id='block_1_3' title="bbox 3443 313 3551 369">
    <p class='ocr_par' dir='ltr' id='par_1_3' title="bbox 3443 313 3551 369">
     <span class='ocr_line' id='line_1_3' title="bbox 3443 313 3551 369; baseline 0.009 -1"><span class='ocrx_word' id='word_1_7' title='bbox 3443 313 3551 369; x_wconf 67' lang='lat' dir='ltr'><strong>4H</strong></span> 
     </span>
    </p>
   </div>
   <div class='ocr_carea' id='block_1_4' title="bbox 266 414 3548 495">
    <p class='ocr_par' dir='ltr' id='par_1_4' title="bbox 266 414 3548 495">
     <span class='ocr_line' id='line_1_4' title="bbox 266 414 3548 495; baseline 0.002 -20"><span class='ocrx_word' id='word_1_8' title='bbox 266 416 446 475; x_wconf 82' lang='lat' dir='ltr'><strong>Israel</strong></span> <span class='ocrx_word' id='word_1_9' title='bbox 466 417 631 471; x_wconf 81' lang='lat' dir='ltr'><strong>donec</strong></span> <span class='ocrx_word' id='word_1_10' title='bbox 656 414 941 486; x_wconf 70' lang='lat' dir='ltr'><strong>plenitudo</strong></span> <span class='ocrx_word' id='word_1_11' title='bbox 968 415 1201 485; x_wconf 88' lang='lat' dir='ltr'><strong>gentium</strong></span> <span class='ocrx_word' id='word_1_12' title='bbox 1234 415 1472 472; x_wconf 87' lang='lat' dir='ltr'><strong>introiret</strong></span> <span class='ocrx_word' id='word_1_13' title='bbox 1499 426 1549 472; x_wconf 87' lang='lat' dir='ltr'><strong>et</strong></span> <span class='ocrx_word' id='word_1_14' title='bbox 1595 435 1670 473; x_wconf 77' lang='lat' dir='ltr'><strong>sic</strong></span> <span class='ocrx_word' id='word_1_15' title='bbox 1696 421 1866 475; x_wconf 88' lang='lat' dir='ltr'><strong>omnis</strong></span> <span class='ocrx_word' id='word_1_16' title='bbox 1894 426 1943 485; x_wconf 81' lang='grc' dir='ltr'><strong>Α</strong></span> <span class='ocrx_word' id='word_1_17' title='bbox 1971 434 2273 479; x_wconf 89' lang='lat' dir='ltr'><strong>marcescet</strong></span> <span class='ocrx_word' id='word_1_18' title='bbox 2294 465 2309 491; x_wconf 93' lang='lat'><strong>,</strong></span> <span class='ocrx_word' id='word_1_19' title='bbox 2349 424 2474 494; x_wconf 90' lang='lat' dir='ltr'><strong>quia</strong></span> <span class='ocrx_word' id='word_1_20' title='bbox 2509 423 2642 479; x_wconf 79' lang='lat' dir='ltr'><strong>ﬁdes</strong></span> <span class='ocrx_word' id='word_1_21' title='bbox 2676 423 2793 479; x_wconf 90' lang='lat' dir='ltr'><strong>sine</strong></span> <span class='ocrx_word' id='word_1_22' title='bbox 2827 423 3082 495; x_wconf 78' lang='lat' dir='ltr'><strong>operibus</strong></span> <span class='ocrx_word' id='word_1_23' title='bbox 3120 432 3329 478; x_wconf 86' lang='lat' dir='ltr'><strong>mortua</strong></span> <span class='ocrx_word' id='word_1_24' title='bbox 3366 435 3449 479; x_wconf 89' lang='lat' dir='ltr'><strong>est</strong></span> <span class='ocrx_word' id='word_1_25' title='bbox 3492 425 3548 482; x_wconf 84' lang='lat' dir='ltr'><strong>in</strong></span> 
     </span>
    </p>
   </div>
   <div class='ocr_carea' id='block_1_5' title="bbox 268 505 1862 575">
    <p class='ocr_par' dir='ltr' id='par_1_5' title="bbox 268 505 1862 575">
     <span class='ocr_line' id='line_1_5' title="bbox 268 505 1862 575; baseline 0.001 -11"><span class='ocrx_word' id='word_1_26' title='bbox 268 507 445 564; x_wconf 78' lang='lat' dir='ltr'><strong><em>Israel</em></strong></span> <span class='ocrx_word' id='word_1_27' title='bbox 488 506 666 562; x_wconf 77' lang='lat' dir='ltr'><strong>salvus</strong></span> <span class='ocrx_word' id='word_1_28' title='bbox 709 505 881 575; x_wconf 82' lang='lat' dir='ltr'><strong>ﬁeret,</strong></span> <span class='ocrx_word' id='word_1_29' title='bbox 937 505 1176 575; x_wconf 84' lang='lat' dir='ltr'><strong>quicum</strong></span> <span class='ocrx_word' id='word_1_30' title='bbox 1212 507 1480 575; x_wconf 88' lang='lat' dir='ltr'><strong>promissa</strong></span> <span class='ocrx_word' id='word_1_31' title='bbox 1535 508 1711 564; x_wconf 90' lang='lat' dir='ltr'><strong>salute</strong></span> <span class='ocrx_word' id='word_1_32' title='bbox 1743 510 1862 566; x_wconf 80' lang='lat' dir='ltr'><strong>lue-</strong></span> 
     </span>
    </p>
   </div>
   <div class='ocr_carea' id='block_1_6' title="bbox 269 598 1858 672">
    <p class='ocr_par' dir='ltr' id='par_1_6' title="bbox 269 598 1858 672">
     <span class='ocr_line' id='line_1_6' title="bbox 269 598 1858 672; baseline -0.001 -15"><span class='ocrx_word' id='word_1_33' title='bbox 269 603 349 657; x_wconf 90' lang='lat' dir='ltr'><strong>rit</strong></span> <span class='ocrx_word' id='word_1_34' title='bbox 396 601 621 672; x_wconf 89' lang='lat' dir='ltr'><strong>potitus,</strong></span> <span class='ocrx_word' id='word_1_35' title='bbox 668 598 910 670; x_wconf 89' lang='lat' dir='ltr'><strong>patrium</strong></span> <span class='ocrx_word' id='word_1_36' title='bbox 954 613 1167 668; x_wconf 82' lang='lat' dir='ltr'><strong>quoque</strong></span> <span class='ocrx_word' id='word_1_37' title='bbox 1211 599 1489 654; x_wconf 85' lang='lat' dir='ltr'><strong>rediturus</strong></span> <span class='ocrx_word' id='word_1_38' title='bbox 1546 599 1614 655; x_wconf 83' lang='lat' dir='ltr'><strong>ad</strong></span> <span class='ocrx_word' id='word_1_39' title='bbox 1661 601 1858 667; x_wconf 91' lang='lat' dir='ltr'><strong>solum,</strong></span> 
     </span>
    </p>
   </div>
   <div class='ocr_carea' id='block_1_7' title="bbox 266 691 1858 763">
    <p class='ocr_par' dir='ltr' id='par_1_7' title="bbox 266 691 1858 763">
     <span class='ocr_line' id='line_1_7' title="bbox 266 691 1858 763; baseline -0.001 -14"><span class='ocrx_word' id='word_1_40' title='bbox 266 702 330 749; x_wconf 89' lang='lat' dir='ltr'><strong>et</strong></span> <span class='ocrx_word' id='word_1_41' title='bbox 355 692 673 763; x_wconf 73' lang='lat' dir='ltr'><strong>metropolis</strong></span> <span class='ocrx_word' id='word_1_42' title='bbox 706 691 980 760; x_wconf 88' lang='lat' dir='ltr'><strong>quondam</strong></span> <span class='ocrx_word' id='word_1_43' title='bbox 1010 706 1121 745; x_wconf 64' lang='lat' dir='ltr'><strong>suae</strong></span> <span class='ocrx_word' id='word_1_44' title='bbox 1146 691 1542 761; x_wconf 86' lang='lat' dir='ltr'><strong>possessionem</strong></span> <span class='ocrx_word' id='word_1_45' title='bbox 1573 699 1737 761; x_wconf 90' lang='lat' dir='ltr'><strong>atque</strong></span> <span class='ocrx_word' id='word_1_46' title='bbox 1768 693 1858 747; x_wconf 87' lang='lat' dir='ltr'><strong>in-</strong></span> 
     </span>
    </p>
   </div>
   <div class='ocr_carea' id='block_1_8' title="bbox 264 781 1863 852">
    <p class='ocr_par' dir='ltr' id='par_1_8' title="bbox 264 781 1863 852">
     <span class='ocr_line' id='line_1_8' title="bbox 264 781 1863 852; baseline 0.001 -13"><span class='ocrx_word' id='word_1_47' title='bbox 264 783 664 839; x_wconf 81' lang='lat' dir='ltr'><strong>habitatiouem</strong></span> <span class='ocrx_word' id='word_1_48' title='bbox 693 790 965 852; x_wconf 77' lang='lat' dir='ltr'><strong>speratur,</strong></span> <span class='ocrx_word' id='word_1_49' title='bbox 1008 781 1133 851; x_wconf 91' lang='lat' dir='ltr'><strong>quia</strong></span> <span class='ocrx_word' id='word_1_50' title='bbox 1174 796 1282 835; x_wconf 83' lang='lat' dir='ltr'><strong>non</strong></span> <span class='ocrx_word' id='word_1_51' title='bbox 1331 781 1384 835; x_wconf 91' lang='lat' dir='ltr'><strong>in</strong></span> <span class='ocrx_word' id='word_1_52' title='bbox 1418 790 1737 852; x_wconf 88' lang='lat' dir='ltr'><strong>perpetuum</strong></span> <span class='ocrx_word' id='word_1_53' title='bbox 1768 784 1863 840; x_wconf 84' lang='lat' dir='ltr'><strong>sed</strong></span> 
     </span>
    </p>
   </div>
   <div class='ocr_carea' id='block_1_9' title="bbox 262 872 1861 946">
    <p class='ocr_par' dir='ltr' id='par_1_9' title="bbox 262 872 1861 946">
     <span class='ocr_line' id='line_1_9' title="bbox 262 872 1861 946; baseline -0.003 -14"><span class='ocrx_word' id='word_1_54' title='bbox 262 877 445 932; x_wconf 85' lang='lat' dir='ltr'><strong>donec</strong></span> <span class='ocrx_word' id='word_1_55' title='bbox 466 884 710 946; x_wconf 86' lang='lat' dir='ltr'><strong>tempora</strong></span> <span class='ocrx_word' id='word_1_56' title='bbox 735 874 1014 928; x_wconf 90' lang='lat' dir='ltr'><strong>nationum</strong></span> <span class='ocrx_word' id='word_1_57' title='bbox 1045 872 1391 943; x_wconf 87' lang='lat' dir='ltr'><strong>impleantur,</strong></span> <span class='ocrx_word' id='word_1_58' title='bbox 1430 873 1509 926; x_wconf 90' lang='lat' dir='ltr'><strong>ira</strong></span> <span class='ocrx_word' id='word_1_59' title='bbox 1535 874 1861 942; x_wconf 88' lang='lat' dir='ltr'><strong>premendus</strong></span> 
     </span>
    </p>
   </div>
   <div class='ocr_carea' id='block_1_10' title="bbox 262 964 1863 1033">
    <p class='ocr_par' dir='ltr' id='par_1_10' title="bbox 262 964 1863 1033">
     <span class='ocr_line' id='line_1_10' title="bbox 262 964 1863 1033; baseline -0.002 -9"><span class='ocrx_word' id='word_1_60' title='bbox 262 982 393 1024; x_wconf 80' lang='lat' dir='ltr'><strong>esse</strong></span> <span class='ocrx_word' id='word_1_61' title='bbox 422 977 694 1023; x_wconf 74' lang='lat' dir='ltr'><strong>narratur.</strong></span> <span class='ocrx_word' id='word_1_62' title='bbox 736 964 876 1032; x_wconf 86' lang='lat' dir='ltr'><strong>Quid</strong></span> <span class='ocrx_word' id='word_1_63' title='bbox 902 974 1107 1029; x_wconf 89' lang='lat' dir='ltr'><strong>autem,</strong></span> <span class='ocrx_word' id='word_1_64' title='bbox 1140 964 1378 1033; x_wconf 82' lang='lat' dir='ltr'><strong>impletis</strong></span> <span class='ocrx_word' id='word_1_65' title='bbox 1420 966 1699 1019; x_wconf 80' lang='lat' dir='ltr'><strong>nationum</strong></span> <span class='ocrx_word' id='word_1_66' title='bbox 1726 975 1863 1020; x_wconf 90' lang='lat' dir='ltr'><strong>tem-</strong></span> 
     </span>
    </p>
   </div>
   <div class='ocr_carea' id='block_1_11' title="bbox 262 1048 1863 1133">
    <p class='ocr_par' dir='ltr' id='par_1_11' title="bbox 262 1048 1863 1133">
     <span class='ocr_line' id='line_1_11' title="bbox 262 1048 1863 1133; baseline -0.002 -17"><span class='ocrx_word' id='word_1_67' title='bbox 262 1061 514 1133; x_wconf 77' lang='lat' dir='ltr'><strong>poribus,</strong></span> <span class='ocrx_word' id='word_1_68' title='bbox 541 1067 598 1112; x_wconf 86' lang='lat' dir='ltr'><strong>et</strong></span> <span class='ocrx_word' id='word_1_69' title='bbox 639 1059 722 1114; x_wconf 89' lang='lat' dir='ltr'><strong>sic</strong></span> <span class='ocrx_word' id='word_1_70' title='bbox 747 1058 896 1114; x_wconf 86' lang='lat' dir='ltr'><strong>omni</strong></span> <span class='ocrx_word' id='word_1_71' title='bbox 919 1056 1086 1112; x_wconf 85' lang='lat' dir='ltr'><strong>Israel</strong></span> <span class='ocrx_word' id='word_1_72' title='bbox 1130 1055 1340 1111; x_wconf 87' lang='lat' dir='ltr'><strong>salvato</strong></span> <span class='ocrx_word' id='word_1_73' title='bbox 1364 1048 1645 1125; x_wconf 74' lang='lat' dir='ltr'><strong>sequatur,</strong></span> <span class='ocrx_word' id='word_1_74' title='bbox 1680 1057 1863 1112; x_wconf 91' lang='lat' dir='ltr'><strong>Domi-</strong></span> 
     </span>
    </p>
   </div>
   <div class='ocr_carea' id='block_1_12' title="bbox 262 1144 1860 1204">
    <p class='ocr_par' dir='ltr' id='par_1_12' title="bbox 262 1144 1860 1204">
     <span class='ocr_line' id='line_1_12' title="bbox 262 1144 1860 1204; baseline -0.001 -1"><span class='ocrx_word' id='word_1_75' title='bbox 262 1150 372 1203; x_wconf 81' lang='lat' dir='ltr'><strong>nus</strong></span> <span class='ocrx_word' id='word_1_76' title='bbox 398 1164 467 1204; x_wconf 74' lang='lat' dir='ltr'><strong>ex</strong></span> <span class='ocrx_word' id='word_1_77' title='bbox 491 1146 682 1203; x_wconf 86' lang='lat' dir='ltr'><strong>ordine</strong></span> <span class='ocrx_word' id='word_1_78' title='bbox 706 1145 1041 1202; x_wconf 81' lang='lat' dir='ltr'><strong>manifestat.</strong></span> <span class='ocrx_word' id='word_1_79' title='bbox 1083 1144 1219 1201; x_wconf 84' lang='lat' dir='ltr'><strong>Nam</strong></span> <span class='ocrx_word' id='word_1_80' title='bbox 1244 1156 1300 1201; x_wconf 92' lang='lat' dir='ltr'><strong>et</strong></span> <span class='ocrx_word' id='word_1_81' title='bbox 1325 1148 1392 1202; x_wconf 90' lang='lat' dir='ltr'><strong>de</strong></span> <span class='ocrx_word' id='word_1_82' title='bbox 1431 1147 1535 1202; x_wconf 82' lang='lat' dir='ltr'><strong>hoc</strong></span> <span class='ocrx_word' id='word_1_83' title='bbox 1564 1147 1860 1202; x_wconf 88' lang='lat' dir='ltr'><strong>secundum</strong></span> 
     </span>
    </p>
   </div>
   <div class='ocr_carea' id='block_1_13' title="bbox 260 1238 1859 1309">
    <p class='ocr_par' dir='ltr' id='par_1_13' title="bbox 260 1238 1859 1309">
     <span class='ocr_line' id='line_1_13' title="bbox 260 1238 1859 1309; baseline -0.003 -14"><span class='ocrx_word' id='word_1_84' title='bbox 260 1239 581 1295; x_wconf 76' lang='lat' dir='ltr'><strong>Mattbzeum</strong></span> <span class='ocrx_word' id='word_1_85' title='bbox 650 1238 898 1309; x_wconf 87' lang='lat' dir='ltr'><strong>discipuli</strong></span> <span class='ocrx_word' id='word_1_86' title='bbox 984 1238 1383 1309; x_wconf 81' lang='lat' dir='ltr'><strong>interrogantes</strong></span> <span class='ocrx_word' id='word_1_87' title='bbox 1409 1279 1425 1305; x_wconf 95' lang='lat'><strong>,</strong></span> <span class='ocrx_word' id='word_1_88' title='bbox 1503 1254 1614 1294; x_wconf 86' lang='lat' dir='ltr'><strong>non</strong></span> <span class='ocrx_word' id='word_1_89' title='bbox 1684 1238 1859 1293; x_wconf 92' lang='lat' dir='ltr'><strong>solum</strong></span> 
     </span>
    </p>
   </div>
   <div class='ocr_carea' id='block_1_14' title="bbox 262 1334 1860 1409">
    <p class='ocr_par' dir='ltr' id='par_1_14' title="bbox 262 1334 1860 1409">
     <span class='ocr_line' id='line_1_14' title="bbox 262 1334 1860 1409; baseline 0.002 -19"><span class='ocrx_word' id='word_1_90' title='bbox 262 1334 453 1407; x_wconf 83' lang='lat' dir='ltr'><strong>templi</strong></span> <span class='ocrx_word' id='word_1_91' title='bbox 508 1336 784 1391; x_wconf 82' lang='lat' dir='ltr'><strong>everteudi</strong></span> <span class='ocrx_word' id='word_1_92' title='bbox 843 1344 1075 1405; x_wconf 80' lang='lat' dir='ltr'><strong>tempus,</strong></span> <span class='ocrx_word' id='word_1_93' title='bbox 1121 1337 1218 1391; x_wconf 88' lang='lat' dir='ltr'><strong>sed</strong></span> <span class='ocrx_word' id='word_1_94' title='bbox 1273 1345 1331 1393; x_wconf 89' lang='lat' dir='ltr'><strong>et</strong></span> <span class='ocrx_word' id='word_1_95' title='bbox 1392 1338 1605 1409; x_wconf 79' lang='lat' dir='ltr'><strong>signum</strong></span> <span class='ocrx_word' id='word_1_96' title='bbox 1654 1338 1860 1394; x_wconf 90' lang='lat' dir='ltr'><strong>adven-</strong></span> 
     </span>
    </p>
   </div>
   <div class='ocr_carea' id='block_1_15' title="bbox 261 1426 1862 1501">
    <p class='ocr_par' dir='ltr' id='par_1_15' title="bbox 261 1426 1862 1501">
     <span class='ocr_line' id='line_1_15' title="bbox 261 1426 1862 1501; baseline 0.004 -20"><span class='ocrx_word' id='word_1_97' title='bbox 261 1436 358 1482; x_wconf 89' lang='lat' dir='ltr'><strong>tus</strong></span> <span class='ocrx_word' id='word_1_98' title='bbox 431 1426 584 1497; x_wconf 88' lang='lat' dir='ltr'><strong>ejus,</strong></span> <span class='ocrx_word' id='word_1_99' title='bbox 652 1437 735 1486; x_wconf 74' lang='lat' dir='ltr'><strong>et,</strong></span> <span class='ocrx_word' id='word_1_100' title='bbox 778 1429 1264 1484; x_wconf 88' lang='lat' dir='ltr'><strong>consummationis</strong></span> <span class='ocrx_word' id='word_1_101' title='bbox 1336 1428 1561 1492; x_wconf 78' lang='lat' dir='ltr'><strong>saeculi,</strong></span> <span class='ocrx_word' id='word_1_102' title='bbox 1650 1444 1862 1501; x_wconf 67' lang='lat' dir='ltr'><strong>quaere-</strong></span> 
     </span>
    </p>
   </div>
   <div class='ocr_carea' id='block_1_16' title="bbox 259 1518 1365 1575">
    <p class='ocr_par' dir='ltr' id='par_1_16' title="bbox 259 1518 1365 1575">
     <span class='ocr_line' id='line_1_16' title="bbox 259 1518 1365 1575; baseline -0.002 0"><span class='ocrx_word' id='word_1_103' title='bbox 259 1520 421 1575; x_wconf 81' lang='lat' dir='ltr'><strong>bant.</strong></span> <span class='ocrx_word' id='word_1_104' title='bbox 1358 1518 1365 1521; x_wconf 71' lang='grc'><strong>’</strong></span> 
     </span>
    </p>
   </div>
   <div class='ocr_carea' id='block_1_17' title="bbox 339 1609 1856 1682">
    <p class='ocr_par' dir='ltr' id='par_1_17' title="bbox 339 1609 1856 1682">
     <span class='ocr_line' id='line_1_17' title="bbox 339 1609 1856 1682; baseline 0.003 -19"><span class='ocrx_word' id='word_1_105' title='bbox 339 1609 408 1663; x_wconf 84' lang='lat' dir='ltr'><strong>Et</strong></span> <span class='ocrx_word' id='word_1_106' title='bbox 458 1619 611 1665; x_wconf 85' lang='lat' dir='ltr'><strong>erunt</strong></span> <span class='ocrx_word' id='word_1_107' title='bbox 651 1611 802 1682; x_wconf 83' lang='lat' dir='ltr'><strong>signa</strong></span> <span class='ocrx_word' id='word_1_108' title='bbox 855 1612 911 1666; x_wconf 92' lang='lat' dir='ltr'><strong>in</strong></span> <span class='ocrx_word' id='word_1_109' title='bbox 944 1609 1087 1678; x_wconf 89' lang='lat' dir='ltr'><strong>.sole,</strong></span> <span class='ocrx_word' id='word_1_110' title='bbox 1138 1620 1188 1667; x_wconf 84' lang='lat' dir='ltr'><strong>et</strong></span> <span class='ocrx_word' id='word_1_111' title='bbox 1227 1611 1377 1677; x_wconf 87' lang='lat' dir='ltr'><strong>luna,</strong></span> <span class='ocrx_word' id='word_1_112' title='bbox 1417 1621 1465 1667; x_wconf 83' lang='lat' dir='ltr'><strong>et</strong></span> <span class='ocrx_word' id='word_1_113' title='bbox 1496 1612 1681 1677; x_wconf 76' lang='lat' dir='ltr'><strong>stellis,</strong></span> <span class='ocrx_word' id='word_1_114' title='bbox 1728 1623 1777 1668; x_wconf 86' lang='lat' dir='ltr'><strong>et</strong></span> <span class='ocrx_word' id='word_1_115' title='bbox 1803 1613 1856 1667; x_wconf 89' lang='lat' dir='ltr'><strong>in</strong></span> 
     </span>
    </p>
   </div>
   <div class='ocr_carea' id='block_1_18' title="bbox 257 1703 1855 1773">
    <p class='ocr_par' dir='ltr' id='par_1_18' title="bbox 257 1703 1855 1773">
     <span class='ocr_line' id='line_1_18' title="bbox 257 1703 1855 1773; baseline 0.004 -19"><span class='ocrx_word' id='word_1_116' title='bbox 257 1703 422 1755; x_wconf 77' lang='lat' dir='ltr'><strong>terris</strong></span> <span class='ocrx_word' id='word_1_117' title='bbox 450 1718 697 1772; x_wconf 75' lang='lat' dir='ltr'><strong>pressura</strong></span> <span class='ocrx_word' id='word_1_118' title='bbox 739 1703 968 1773; x_wconf 85' lang='lat' dir='ltr'><strong>gentium</strong></span> <span class='ocrx_word' id='word_1_119' title='bbox 997 1720 1106 1773; x_wconf 79' lang='lat' dir='ltr'><strong>pra:</strong></span> <span class='ocrx_word' id='word_1_120' title='bbox 1127 1704 1435 1773; x_wconf 79' lang='lat' dir='ltr'><strong>confusione</strong></span> <span class='ocrx_word' id='word_1_121' title='bbox 1457 1706 1661 1760; x_wconf 86' lang='lat' dir='ltr'><strong>sonitus</strong></span> <span class='ocrx_word' id='word_1_122' title='bbox 1691 1707 1855 1760; x_wconf 87' lang='lat' dir='ltr'><strong>maris</strong></span> 
     </span>
    </p>
   </div>
   <div class='ocr_carea' id='block_1_19' title="bbox 259 1776 1935 1871">
    <p class='ocr_par' dir='ltr' id='par_1_19' title="bbox 259 1776 1935 1871">
     <span class='ocr_line' id='line_1_19' title="bbox 259 1776 1935 1871; baseline 0.003 -25"><span class='ocrx_word' id='word_1_123' title='bbox 259 1804 311 1847; x_wconf 82' lang='lat' dir='ltr'><strong>et</strong></span> <span class='ocrx_word' id='word_1_124' title='bbox 329 1793 610 1862; x_wconf 81' lang='lat' dir='ltr'><strong>ﬂuctuum.</strong></span> <span class='ocrx_word' id='word_1_125' title='bbox 643 1790 779 1859; x_wconf 84' lang='lat' dir='ltr'><strong>Quia</strong></span> <span class='ocrx_word' id='word_1_126' title='bbox 813 1808 942 1864; x_wconf 72' lang='lat' dir='ltr'><strong>ergo</strong></span> <span class='ocrx_word' id='word_1_127' title='bbox 967 1792 1108 1849; x_wconf 90' lang='lat' dir='ltr'><strong>sicut</strong></span> <span class='ocrx_word' id='word_1_128' title='bbox 1145 1793 1406 1871; x_wconf 83' lang='lat' dir='ltr'><strong>Dominus</strong></span> <span class='ocrx_word' id='word_1_129' title='bbox 1426 1796 1482 1850; x_wconf 91' lang='lat' dir='ltr'><strong>in</strong></span> <span class='ocrx_word' id='word_1_130' title='bbox 1507 1797 1860 1867; x_wconf 87' lang='lat' dir='ltr'><strong>sequentibus</strong></span> <span class='ocrx_word' id='word_1_131' title='bbox 1892 1776 1935 1835; x_wconf 77' lang='grc' dir='ltr'><strong>Β</strong></span> 
     </span>
    </p>
   </div>
   <div class='ocr_carea' id='block_1_20' title="bbox 261 1878 1861 1953">
    <p class='ocr_par' dir='ltr' id='par_1_20' title="bbox 261 1878 1861 1953">
     <span class='ocr_line' id='line_1_20' title="bbox 261 1878 1861 1953; baseline 0.003 -17"><span class='ocrx_word' id='word_1_132' title='bbox 261 1882 487 1936; x_wconf 86' lang='lat' dir='ltr'><strong>intimat</strong></span> <span class='ocrx_word' id='word_1_133' title='bbox 542 1891 840 1953; x_wconf 83' lang='lat' dir='ltr'><strong>appareute</strong></span> <span class='ocrx_word' id='word_1_134' title='bbox 885 1883 1177 1940; x_wconf 77' lang='lat' dir='ltr'><strong>universali</strong></span> <span class='ocrx_word' id='word_1_135' title='bbox 1202 1878 1409 1953; x_wconf 82' lang='lat' dir='ltr'><strong>judicio</strong></span> <span class='ocrx_word' id='word_1_136' title='bbox 1443 1885 1628 1941; x_wconf 74' lang='lat' dir='ltr'><strong>ctutum</strong></span> <span class='ocrx_word' id='word_1_137' title='bbox 1651 1896 1861 1949; x_wconf 79' lang='lat' dir='ltr'><strong>etterra</strong></span> 
     </span>
    </p>
   </div>
   <div class='ocr_carea' id='block_1_21' title="bbox 258 1973 1858 2047">
    <p class='ocr_par' dir='ltr' id='par_1_21' title="bbox 258 1973 1858 2047">
     <span class='ocr_line' id='line_1_21' title="bbox 258 1973 1858 2047; baseline 0.003 -20"><span class='ocrx_word' id='word_1_138' title='bbox 258 1974 586 2039; x_wconf 80' lang='lat' dir='ltr'><strong>transibunt,</strong></span> <span class='ocrx_word' id='word_1_139' title='bbox 616 1983 672 2029; x_wconf 89' lang='lat' dir='ltr'><strong>et</strong></span> <span class='ocrx_word' id='word_1_140' title='bbox 728 1975 868 2033; x_wconf 85' lang='lat' dir='ltr'><strong>sicut</strong></span> <span class='ocrx_word' id='word_1_141' title='bbox 892 1975 948 2029; x_wconf 91' lang='lat' dir='ltr'><strong>in</strong></span> <span class='ocrx_word' id='word_1_142' title='bbox 993 1973 1219 2031; x_wconf 82' lang='lat' dir='ltr'><strong>Joannis</strong></span> <span class='ocrx_word' id='word_1_143' title='bbox 1251 1975 1577 2047; x_wconf 82' lang='lat' dir='ltr'><strong>Apocalypsi</strong></span> <span class='ocrx_word' id='word_1_144' title='bbox 1609 1976 1858 2047; x_wconf 82' lang='lat' dir='ltr'><strong>legimus,</strong></span> 
     </span>
    </p>
   </div>
   <div class='ocr_carea' id='block_1_22' title="bbox 258 2067 1862 2137">
    <p class='ocr_par' dir='ltr' id='par_1_22' title="bbox 258 2067 1862 2137">
     <span class='ocr_line' id='line_1_22' title="bbox 258 2067 1862 2137; baseline 0.001 -15"><span class='ocrx_word' id='word_1_145' title='bbox 258 2083 409 2122; x_wconf 81' lang='lat' dir='ltr'><strong>mare</strong></span> <span class='ocrx_word' id='word_1_146' title='bbox 429 2067 547 2137; x_wconf 86' lang='lat' dir='ltr'><strong>jam</strong></span> <span class='ocrx_word' id='word_1_147' title='bbox 575 2084 678 2121; x_wconf 87' lang='lat' dir='ltr'><strong>non</strong></span> <span class='ocrx_word' id='word_1_148' title='bbox 710 2069 827 2132; x_wconf 87' lang='lat' dir='ltr'><strong>erit,</strong></span> <span class='ocrx_word' id='word_1_149' title='bbox 893 2068 1089 2122; x_wconf 85' lang='lat' dir='ltr'><strong>merito</strong></span> <span class='ocrx_word' id='word_1_150' title='bbox 1133 2067 1323 2122; x_wconf 89' lang='lat' dir='ltr'><strong>eodem</strong></span> <span class='ocrx_word' id='word_1_151' title='bbox 1358 2070 1705 2124; x_wconf 87' lang='lat' dir='ltr'><strong>incumbente</strong></span> <span class='ocrx_word' id='word_1_152' title='bbox 1722 2068 1862 2136; x_wconf 89' lang='lat' dir='ltr'><strong>judi-</strong></span> 
     </span>
    </p>
   </div>
   <div class='ocr_carea' id='block_1_23' title="bbox 259 2157 1860 2225">
    <p class='ocr_par' dir='ltr' id='par_1_23' title="bbox 259 2157 1860 2225">
     <span class='ocr_line' id='line_1_23' title="bbox 259 2157 1860 2225; baseline 0 -13"><span class='ocrx_word' id='word_1_153' title='bbox 259 2157 351 2212; x_wconf 88' lang='lat' dir='ltr'><strong>cio</strong></span> <span class='ocrx_word' id='word_1_154' title='bbox 385 2158 597 2213; x_wconf 86' lang='lat' dir='ltr'><strong>sonitus</strong></span> <span class='ocrx_word' id='word_1_155' title='bbox 626 2159 793 2213; x_wconf 88' lang='lat' dir='ltr'><strong>maris</strong></span> <span class='ocrx_word' id='word_1_156' title='bbox 821 2167 877 2214; x_wconf 91' lang='lat' dir='ltr'><strong>et</strong></span> <span class='ocrx_word' id='word_1_157' title='bbox 896 2157 1157 2213; x_wconf 74' lang='lat' dir='ltr'><strong>(luctuum</strong></span> <span class='ocrx_word' id='word_1_158' title='bbox 1189 2158 1557 2225; x_wconf 76' lang='lat' dir='ltr'><strong>confunditur,</strong></span> <span class='ocrx_word' id='word_1_159' title='bbox 1593 2169 1860 2213; x_wconf 86' lang='lat' dir='ltr'><strong>terrarum</strong></span> 
     </span>
    </p>
   </div>
   <div class='ocr_carea' id='block_1_24' title="bbox 258 2248 1858 2318">
    <p class='ocr_par' dir='ltr' id='par_1_24' title="bbox 258 2248 1858 2318">
     <span class='ocr_line' id='line_1_24' title="bbox 258 2248 1858 2318; baseline 0 -14"><span class='ocrx_word' id='word_1_160' title='bbox 258 2248 414 2304; x_wconf 90' lang='lat' dir='ltr'><strong>orbis</strong></span> <span class='ocrx_word' id='word_1_161' title='bbox 443 2250 823 2318; x_wconf 88' lang='lat' dir='ltr'><strong>prementibus</strong></span> <span class='ocrx_word' id='word_1_162' title='bbox 876 2264 936 2304; x_wconf 89' lang='lat' dir='ltr'><strong>se</strong></span> <span class='ocrx_word' id='word_1_163' title='bbox 959 2249 1188 2303; x_wconf 82' lang='lat' dir='ltr'><strong>invicem</strong></span> <span class='ocrx_word' id='word_1_164' title='bbox 1221 2248 1427 2304; x_wconf 90' lang='lat' dir='ltr'><strong>colonis</strong></span> <span class='ocrx_word' id='word_1_165' title='bbox 1453 2249 1712 2313; x_wconf 78' lang='lat' dir='ltr'><strong>inficitur,</strong></span> <span class='ocrx_word' id='word_1_166' title='bbox 1742 2265 1858 2304; x_wconf 85' lang='lat' dir='ltr'><strong>ma-</strong></span> 
     </span>
    </p>
   </div>
   <div class='ocr_carea' id='block_1_25' title="bbox 262 2338 1860 2408">
    <p class='ocr_par' dir='ltr' id='par_1_25' title="bbox 262 2338 1860 2408">
     <span class='ocr_line' id='line_1_25' title="bbox 262 2338 1860 2408; baseline 0.004 -16"><span class='ocrx_word' id='word_1_167' title='bbox 262 2338 413 2393; x_wconf 78' lang='lat' dir='ltr'><strong>xima</strong></span> <span class='ocrx_word' id='word_1_168' title='bbox 458 2338 585 2393; x_wconf 73' lang='grc' dir='ltr'><strong>εωιὶ</strong></span> <span class='ocrx_word' id='word_1_169' title='bbox 608 2338 897 2393; x_wconf 82' lang='lat' dir='ltr'><strong>luminaria</strong></span> <span class='ocrx_word' id='word_1_170' title='bbox 925 2338 1198 2408; x_wconf 83' lang='lat' dir='ltr'><strong>percussis</strong></span> <span class='ocrx_word' id='word_1_171' title='bbox 1236 2339 1466 2394; x_wconf 89' lang='lat' dir='ltr'><strong>horrore</strong></span> <span class='ocrx_word' id='word_1_172' title='bbox 1497 2354 1638 2398; x_wconf 84' lang='lat' dir='ltr'><strong>novo</strong></span> <span class='ocrx_word' id='word_1_173' title='bbox 1690 2342 1860 2398; x_wconf 86' lang='lat' dir='ltr'><strong>radiis</strong></span> 
     </span>
    </p>
   </div>
   <div class='ocr_carea' id='block_1_26' title="bbox 259 2430 1858 2501">
    <p class='ocr_par' dir='ltr' id='par_1_26' title="bbox 259 2430 1858 2501">
     <span class='ocr_line' id='line_1_26' title="bbox 259 2430 1858 2501; baseline 0.001 -13"><span class='ocrx_word' id='word_1_174' title='bbox 259 2432 539 2489; x_wconf 85' lang='lat' dir='ltr'><strong>turbatam</strong></span> <span class='ocrx_word' id='word_1_175' title='bbox 579 2430 769 2486; x_wconf 86' lang='lat' dir='ltr'><strong>faciem</strong></span> <span class='ocrx_word' id='word_1_176' title='bbox 810 2430 1012 2495; x_wconf 83' lang='lat' dir='ltr'><strong>velant,</strong></span> <span class='ocrx_word' id='word_1_177' title='bbox 1067 2440 1125 2486; x_wconf 90' lang='lat' dir='ltr'><strong>et</strong></span> <span class='ocrx_word' id='word_1_178' title='bbox 1169 2432 1442 2501; x_wconf 88' lang='lat' dir='ltr'><strong>quomodo</strong></span> <span class='ocrx_word' id='word_1_179' title='bbox 1493 2431 1740 2501; x_wconf 65' lang='lat' dir='ltr'><strong>impulsa:</strong></span> <span class='ocrx_word' id='word_1_180' title='bbox 1789 2434 1858 2489; x_wconf 90' lang='lat' dir='ltr'><strong>ad</strong></span> 
     </span>
    </p>
   </div>
   <div class='ocr_carea' id='block_1_27' title="bbox 258 2522 1862 2593">
    <p class='ocr_par' dir='ltr' id='par_1_27' title="bbox 258 2522 1862 2593">
     <span class='ocr_line' id='line_1_27' title="bbox 258 2522 1862 2593; baseline 0.001 -14"><span class='ocrx_word' id='word_1_181' title='bbox 258 2537 453 2579; x_wconf 82' lang='lat' dir='ltr'><strong>casum</strong></span> <span class='ocrx_word' id='word_1_182' title='bbox 477 2523 705 2577; x_wconf 87' lang='lat' dir='ltr'><strong>arbores</strong></span> <span class='ocrx_word' id='word_1_183' title='bbox 728 2522 974 2593; x_wconf 75' lang='lat' dir='ltr'><strong>fragores</strong></span> <span class='ocrx_word' id='word_1_184' title='bbox 1001 2533 1289 2592; x_wconf 89' lang='lat' dir='ltr'><strong>motusque</strong></span> <span class='ocrx_word' id='word_1_185' title='bbox 1317 2523 1398 2577; x_wconf 90' lang='lat' dir='ltr'><strong>sui</strong></span> <span class='ocrx_word' id='word_1_186' title='bbox 1422 2524 1750 2593; x_wconf 72' lang='lat' dir='ltr'><strong>praemittere</strong></span> <span class='ocrx_word' id='word_1_187' title='bbox 1774 2540 1862 2581; x_wconf 85' lang='lat' dir='ltr'><strong>so-</strong></span> 
     </span>
    </p>
   </div>
   <div class='ocr_carea' id='block_1_28' title="bbox 258 2610 1859 2687">
    <p class='ocr_par' dir='ltr' id='par_1_28' title="bbox 258 2610 1859 2687">
     <span class='ocr_line' id='line_1_28' title="bbox 258 2610 1859 2687; baseline 0.002 -17"><span class='ocrx_word' id='word_1_188' title='bbox 258 2614 375 2670; x_wconf 87' lang='lat' dir='ltr'><strong>lent</strong></span> <span class='ocrx_word' id='word_1_189' title='bbox 415 2614 639 2680; x_wconf 75' lang='lat' dir='ltr'><strong>iudicia,</strong></span> <span class='ocrx_word' id='word_1_190' title='bbox 686 2614 766 2669; x_wconf 91' lang='lat' dir='ltr'><strong>sic</strong></span> <span class='ocrx_word' id='word_1_191' title='bbox 792 2610 1024 2669; x_wconf 86' lang='lat' dir='ltr'><strong>termino</strong></span> <span class='ocrx_word' id='word_1_192' title='bbox 1051 2615 1405 2685; x_wconf 88' lang='lat' dir='ltr'><strong>appropiante</strong></span> <span class='ocrx_word' id='word_1_193' title='bbox 1426 2616 1581 2685; x_wconf 87' lang='lat' dir='ltr'><strong>quasi</strong></span> <span class='ocrx_word' id='word_1_194' title='bbox 1608 2618 1859 2687; x_wconf 89' lang='lat' dir='ltr'><strong>paventia</strong></span> 
     </span>
    </p>
   </div>
   <div class='ocr_carea' id='block_1_29' title="bbox 260 2703 1859 2778">
    <p class='ocr_par' dir='ltr' id='par_1_29' title="bbox 260 2703 1859 2778">
     <span class='ocr_line' id='line_1_29' title="bbox 260 2703 1859 2778; baseline 0.001 -16"><span class='ocrx_word' id='word_1_195' title='bbox 260 2714 460 2762; x_wconf 89' lang='lat' dir='ltr'><strong>nutant</strong></span> <span class='ocrx_word' id='word_1_196' title='bbox 502 2720 568 2761; x_wconf 90' lang='lat' dir='ltr'><strong>ac</strong></span> <span class='ocrx_word' id='word_1_197' title='bbox 620 2703 1177 2778; x_wconf 65' lang='lat' dir='ltr'><strong>trementjelemeuta.</strong></span> <span class='ocrx_word' id='word_1_198' title='bbox 1224 2705 1367 2777; x_wconf 77' lang='lat' dir='ltr'><strong>Ergo</strong></span> <span class='ocrx_word' id='word_1_199' title='bbox 1417 2707 1560 2776; x_wconf 91' lang='lat' dir='ltr'><strong>quod</strong></span> <span class='ocrx_word' id='word_1_200' title='bbox 1605 2707 1682 2761; x_wconf 91' lang='lat' dir='ltr'><strong>ait</strong></span> <span class='ocrx_word' id='word_1_201' title='bbox 1721 2706 1859 2763; x_wconf 85' lang='lat' dir='ltr'><strong>Mat-</strong></span> 
     </span>
    </p>
   </div>
   <div class='ocr_carea' id='block_1_30' title="bbox 260 2795 1859 2862">
    <p class='ocr_par' dir='ltr' id='par_1_30' title="bbox 260 2795 1859 2862">
     <span class='ocr_line' id='line_1_30' title="bbox 260 2795 1859 2862; baseline 0.001 -9"><span class='ocrx_word' id='word_1_202' title='bbox 260 2799 459 2862; x_wconf 71' lang='lat' dir='ltr'><strong>tbazus,</strong></span> <span class='ocrx_word' id='word_1_203' title='bbox 511 2796 607 2852; x_wconf 85' lang='lat' dir='ltr'><strong>Sol</strong></span> <span class='ocrx_word' id='word_1_204' title='bbox 658 2796 1024 2851; x_wconf 82' lang='lat' dir='ltr'><strong>obscurabitur</strong></span> <span class='ocrx_word' id='word_1_205' title='bbox 1071 2806 1118 2852; x_wconf 90' lang='lat' dir='ltr'><strong>et</strong></span> <span class='ocrx_word' id='word_1_206' title='bbox 1173 2795 1301 2851; x_wconf 88' lang='lat' dir='ltr'><strong>luna</strong></span> <span class='ocrx_word' id='word_1_207' title='bbox 1351 2814 1454 2851; x_wconf 93' lang='lat' dir='ltr'><strong>non</strong></span> <span class='ocrx_word' id='word_1_208' title='bbox 1492 2797 1638 2853; x_wconf 80' lang='lat' dir='ltr'><strong>dabit</strong></span> <span class='ocrx_word' id='word_1_209' title='bbox 1683 2799 1859 2855; x_wconf 85' lang='lat' dir='ltr'><strong>lumen</strong></span> 
     </span>
    </p>
   </div>
   <div class='ocr_carea' id='block_1_31' title="bbox 256 2887 1859 2962">
    <p class='ocr_par' dir='ltr' id='par_1_31' title="bbox 256 2887 1859 2962">
     <span class='ocr_line' id='line_1_31' title="bbox 256 2887 1859 2962; baseline 0.001 -17"><span class='ocrx_word' id='word_1_210' title='bbox 256 2906 442 2954; x_wconf 80' lang='lat' dir='ltr'><strong>suum,</strong></span> <span class='ocrx_word' id='word_1_211' title='bbox 488 2899 541 2945; x_wconf 89' lang='lat' dir='ltr'><strong>et</strong></span> <span class='ocrx_word' id='word_1_212' title='bbox 584 2888 748 2945; x_wconf 77' lang='lat' dir='ltr'><strong>stellte</strong></span> <span class='ocrx_word' id='word_1_213' title='bbox 780 2889 964 2943; x_wconf 83' lang='lat' dir='ltr'><strong>cadent</strong></span> <span class='ocrx_word' id='word_1_214' title='bbox 1006 2889 1071 2943; x_wconf 87' lang='lat' dir='ltr'><strong>de</strong></span> <span class='ocrx_word' id='word_1_215' title='bbox 1116 2889 1262 2955; x_wconf 80' lang='lat' dir='ltr'><strong>ctelo,</strong></span> <span class='ocrx_word' id='word_1_216' title='bbox 1305 2889 1478 2960; x_wconf 87' lang='lat' dir='ltr'><strong>ipsam</strong></span> <span class='ocrx_word' id='word_1_217' title='bbox 1503 2887 1695 2959; x_wconf 90' lang='lat' dir='ltr'><strong>judicii</strong></span> <span class='ocrx_word' id='word_1_218' title='bbox 1724 2907 1859 2962; x_wconf 68' lang='lat' dir='ltr'><strong>prae-</strong></span> 
     </span>
    </p>
   </div>
   <div class='ocr_carea' id='block_1_32' title="bbox 257 2964 1860 3054">
    <p class='ocr_par' dir='ltr' id='par_1_32' title="bbox 257 2964 1860 3054">
     <span class='ocr_line' id='line_1_32' title="bbox 257 2964 1860 3054; baseline 0 -17"><span class='ocrx_word' id='word_1_219' title='bbox 257 2982 506 3038; x_wconf 87' lang='lat' dir='ltr'><strong>sentiam</strong></span> <span class='ocrx_word' id='word_1_220' title='bbox 535 2964 824 3052; x_wconf 79' lang='lat' dir='ltr'><strong>signiﬁcat,</strong></span> <span class='ocrx_word' id='word_1_221' title='bbox 848 2981 1064 3050; x_wconf 84' lang='lat' dir='ltr'><strong>quando</strong></span> <span class='ocrx_word' id='word_1_222' title='bbox 1090 2992 1385 3051; x_wconf 80' lang='lat' dir='ltr'><strong>apparente</strong></span> <span class='ocrx_word' id='word_1_223' title='bbox 1413 2996 1556 3036; x_wconf 69' lang='lat' dir='ltr'><strong>verae</strong></span> <span class='ocrx_word' id='word_1_224' title='bbox 1580 2982 1754 3054; x_wconf 85' lang='lat' dir='ltr'><strong>gloria</strong></span> <span class='ocrx_word' id='word_1_225' title='bbox 1777 2982 1860 3037; x_wconf 92' lang='lat' dir='ltr'><strong>lu-</strong></span> 
     </span>
    </p>
   </div>
   <div class='ocr_carea' id='block_1_33' title="bbox 258 3072 1860 3145">
    <p class='ocr_par' dir='ltr' id='par_1_33' title="bbox 258 3072 1860 3145">
     <span class='ocr_line' id='line_1_33' title="bbox 258 3072 1860 3145; baseline 0 -15"><span class='ocrx_word' id='word_1_226' title='bbox 258 3075 341 3131; x_wconf 87' lang='lat' dir='ltr'><strong>cis</strong></span> <span class='ocrx_word' id='word_1_227' title='bbox 388 3073 580 3130; x_wconf 86' lang='lat' dir='ltr'><strong>omnia</strong></span> <span class='ocrx_word' id='word_1_228' title='bbox 621 3073 804 3127; x_wconf 89' lang='lat' dir='ltr'><strong>mundi</strong></span> <span class='ocrx_word' id='word_1_229' title='bbox 836 3073 1037 3127; x_wconf 87' lang='lat' dir='ltr'><strong>lumina</strong></span> <span class='ocrx_word' id='word_1_230' title='bbox 1080 3072 1318 3128; x_wconf 86' lang='lat' dir='ltr'><strong>tenebris</strong></span> <span class='ocrx_word' id='word_1_231' title='bbox 1346 3072 1661 3145; x_wconf 87' lang='lat' dir='ltr'><strong>umbrisque</strong></span> <span class='ocrx_word' id='word_1_232' title='bbox 1709 3089 1860 3130; x_wconf 88' lang='lat' dir='ltr'><strong>eom-</strong></span> 
     </span>
    </p>
   </div>
   <div class='ocr_carea' id='block_1_34' title="bbox 260 3163 1857 3238">
    <p class='ocr_par' dir='ltr' id='par_1_34' title="bbox 260 3163 1857 3238">
     <span class='ocr_line' id='line_1_34' title="bbox 260 3163 1857 3238; baseline 0 -17"><span class='ocrx_word' id='word_1_233' title='bbox 260 3174 556 3237; x_wconf 88' lang='lat' dir='ltr'><strong>parantur.</strong></span> <span class='ocrx_word' id='word_1_234' title='bbox 611 3164 764 3232; x_wconf 84' lang='lat' dir='ltr'><strong>Quod</strong></span> <span class='ocrx_word' id='word_1_235' title='bbox 806 3179 940 3219; x_wconf 82' lang='lat' dir='ltr'><strong>vero</strong></span> <span class='ocrx_word' id='word_1_236' title='bbox 987 3163 1119 3219; x_wconf 85' lang='lat' dir='ltr'><strong>dicit</strong></span> <span class='ocrx_word' id='word_1_237' title='bbox 1168 3163 1364 3230; x_wconf 89' lang='lat' dir='ltr'><strong>Lucas,</strong></span> <span class='ocrx_word' id='word_1_238' title='bbox 1412 3175 1564 3220; x_wconf 87' lang='lat' dir='ltr'><strong>erunt</strong></span> <span class='ocrx_word' id='word_1_239' title='bbox 1621 3167 1772 3238; x_wconf 88' lang='lat' dir='ltr'><strong>signa</strong></span> <span class='ocrx_word' id='word_1_240' title='bbox 1802 3168 1857 3221; x_wconf 87' lang='lat' dir='ltr'><strong>in</strong></span> 
     </span>
    </p>
   </div>
   <div class='ocr_carea' id='block_1_35' title="bbox 262 3253 1857 3324">
    <p class='ocr_par' dir='ltr' id='par_1_35' title="bbox 262 3253 1857 3324">
     <span class='ocr_line' id='line_1_35' title="bbox 262 3253 1857 3324; baseline -0.001 -14"><span class='ocrx_word' id='word_1_241' title='bbox 262 3256 369 3311; x_wconf 85' lang='lat' dir='ltr'><strong>sole</strong></span> <span class='ocrx_word' id='word_1_242' title='bbox 412 3265 463 3311; x_wconf 83' lang='lat' dir='ltr'><strong>et</strong></span> <span class='ocrx_word' id='word_1_243' title='bbox 505 3255 634 3309; x_wconf 86' lang='lat' dir='ltr'><strong>luna</strong></span> <span class='ocrx_word' id='word_1_244' title='bbox 673 3264 719 3308; x_wconf 87' lang='lat' dir='ltr'><strong>et</strong></span> <span class='ocrx_word' id='word_1_245' title='bbox 748 3253 932 3318; x_wconf 79' lang='lat' dir='ltr'><strong>stellis,</strong></span> <span class='ocrx_word' id='word_1_246' title='bbox 985 3268 1349 3324; x_wconf 71' lang='lat' dir='ltr'><strong>pnecursores</strong></span> <span class='ocrx_word' id='word_1_247' title='bbox 1407 3255 1569 3309; x_wconf 90' lang='lat' dir='ltr'><strong>vicini</strong></span> <span class='ocrx_word' id='word_1_248' title='bbox 1617 3255 1857 3323; x_wconf 89' lang='lat' dir='ltr'><strong>ejusdem</strong></span> 
     </span>
    </p>
   </div>
   <div class='ocr_carea' id='block_1_36' title="bbox 258 3346 1861 3419">
    <p class='ocr_par' dir='ltr' id='par_1_36' title="bbox 258 3346 1861 3419">
     <span class='ocr_line' id='line_1_36' title="bbox 258 3346 1861 3419; baseline -0.001 -16"><span class='ocrx_word' id='word_1_249' title='bbox 258 3348 450 3419; x_wconf 85' lang='lat' dir='ltr'><strong>judicii</strong></span> <span class='ocrx_word' id='word_1_250' title='bbox 502 3346 922 3418; x_wconf 75' lang='lat' dir='ltr'><strong>quasi&#39;nuutios</strong></span> <span class='ocrx_word' id='word_1_251' title='bbox 975 3346 1197 3402; x_wconf 89' lang='lat' dir='ltr'><strong>indicat.</strong></span> <span class='ocrx_word' id='word_1_252' title='bbox 1254 3346 1298 3400; x_wconf 84' lang='grc' dir='ltr'>Ε</span> <span class='ocrx_word' id='word_1_253' title='bbox 1337 3346 1534 3416; x_wconf 90' lang='lat' dir='ltr'><strong>quibus</strong></span> <span class='ocrx_word' id='word_1_254' title='bbox 1588 3355 1673 3401; x_wconf 89' lang='lat' dir='ltr'><strong>est</strong></span> <span class='ocrx_word' id='word_1_255' title='bbox 1726 3346 1861 3401; x_wconf 89' lang='lat' dir='ltr'><strong>illud</strong></span> 
     </span>
    </p>
   </div>
   <div class='ocr_carea' id='block_1_37' title="bbox 263 3435 1866 3513">
    <p class='ocr_par' dir='ltr' id='par_1_37' title="bbox 263 3435 1866 3513">
     <span class='ocr_line' id='line_1_37' title="bbox 263 3435 1866 3513; baseline -0.004 -16"><span class='ocrx_word' id='word_1_256' title='bbox 263 3442 569 3513; x_wconf 64' lang='lat' dir='ltr'><strong>prophetia,</strong></span> <span class='ocrx_word' id='word_1_257' title='bbox 617 3437 696 3493; x_wconf 86' lang='lat' dir='ltr'><strong>sol</strong></span> <span class='ocrx_word' id='word_1_258' title='bbox 719 3446 947 3491; x_wconf 83' lang='lat' dir='ltr'><strong>vertetur</strong></span> <span class='ocrx_word' id='word_1_259' title='bbox 999 3438 1053 3491; x_wconf 89' lang='lat' dir='ltr'><strong>in</strong></span> <span class='ocrx_word' id='word_1_260' title='bbox 1096 3435 1337 3491; x_wconf 79' lang='lat' dir='ltr'><strong>tenebras</strong></span> <span class='ocrx_word' id='word_1_261' title='bbox 1388 3446 1435 3490; x_wconf 91' lang='lat' dir='ltr'><strong>et</strong></span> <span class='ocrx_word' id='word_1_262' title='bbox 1464 3436 1590 3490; x_wconf 91' lang='lat' dir='ltr'><strong>luna</strong></span> <span class='ocrx_word' id='word_1_263' title='bbox 1635 3437 1689 3490; x_wconf 88' lang='lat' dir='ltr'><strong>in</strong></span> <span class='ocrx_word' id='word_1_264' title='bbox 1734 3453 1866 3508; x_wconf 36' lang='lat' dir='ltr'><strong>sane</strong></span> 
     </span>
    </p>
   </div>
   <div class='ocr_carea' id='block_1_38' title="bbox 265 3528 1862 3605">
    <p class='ocr_par' dir='ltr' id='par_1_38' title="bbox 265 3528 1862 3605">
     <span class='ocr_line' id='line_1_38' title="bbox 265 3528 1862 3605; baseline -0.003 -17"><span class='ocrx_word' id='word_1_265' title='bbox 265 3534 479 3605; x_wconf 82' lang='lat' dir='ltr'><strong>guinem</strong></span> <span class='ocrx_word' id='word_1_266' title='bbox 511 3540 789 3602; x_wconf 83' lang='lat' dir='ltr'><strong>antequam</strong></span> <span class='ocrx_word' id='word_1_267' title='bbox 824 3530 991 3584; x_wconf 83' lang='lat' dir='ltr'><strong>veniat</strong></span> <span class='ocrx_word' id='word_1_268' title='bbox 1016 3529 1128 3583; x_wconf 81' lang='lat' dir='ltr'><strong>dies</strong></span> <span class='ocrx_word' id='word_1_269' title='bbox 1165 3528 1377 3584; x_wconf 80' lang='lat' dir='ltr'><strong>Domini</strong></span> <span class='ocrx_word' id='word_1_270' title='bbox 1407 3546 1629 3599; x_wconf 86' lang='lat' dir='ltr'><strong>magnus</strong></span> <span class='ocrx_word' id='word_1_271' title='bbox 1679 3538 1726 3583; x_wconf 88' lang='lat' dir='ltr'><strong>et</strong></span> <span class='ocrx_word' id='word_1_272' title='bbox 1754 3545 1862 3583; x_wconf 84' lang='lat' dir='ltr'><strong>nta-</strong></span> 
     </span>
    </p>
   </div>
   <div class='ocr_carea' id='block_1_39' title="bbox 266 3621 1862 3695">
    <p class='ocr_par' dir='ltr' id='par_1_39' title="bbox 266 3621 1862 3695">
     <span class='ocr_line' id='line_1_39' title="bbox 266 3621 1862 3695; baseline -0.003 -16"><span class='ocrx_word' id='word_1_273' title='bbox 266 3625 514 3695; x_wconf 85' lang='lat' dir='ltr'><strong>nifestus.</strong></span> <span class='ocrx_word' id='word_1_274' title='bbox 557 3623 689 3677; x_wconf 90' lang='lat' dir='ltr'><strong>Item</strong></span> <span class='ocrx_word' id='word_1_275' title='bbox 726 3622 870 3691; x_wconf 86' lang='lat' dir='ltr'><strong>quod</strong></span> <span class='ocrx_word' id='word_1_276' title='bbox 900 3621 1073 3676; x_wconf 89' lang='lat' dir='ltr'><strong>Lucas</strong></span> <span class='ocrx_word' id='word_1_277' title='bbox 1101 3622 1200 3685; x_wconf 86' lang='lat' dir='ltr'><strong>ait,</strong></span> <span class='ocrx_word' id='word_1_278' title='bbox 1246 3630 1293 3674; x_wconf 86' lang='lat' dir='ltr'><strong>et</strong></span> <span class='ocrx_word' id='word_1_279' title='bbox 1322 3621 1379 3674; x_wconf 88' lang='lat' dir='ltr'><strong>in</strong></span> <span class='ocrx_word' id='word_1_280' title='bbox 1428 3622 1581 3674; x_wconf 87' lang='lat' dir='ltr'><strong>terris</strong></span> <span class='ocrx_word' id='word_1_281' title='bbox 1615 3636 1862 3690; x_wconf 85' lang='lat' dir='ltr'><strong>pressura</strong></span> 
     </span>
    </p>
   </div>
   <div class='ocr_carea' id='block_1_40' title="bbox 266 3712 1859 3789">
    <p class='ocr_par' dir='ltr' id='par_1_40' title="bbox 266 3712 1859 3789">
     <span class='ocr_line' id='line_1_40' title="bbox 266 3712 1859 3789; baseline -0.004 -16"><span class='ocrx_word' id='word_1_282' title='bbox 266 3718 524 3789; x_wconf 75' lang='lat' dir='ltr'><strong>gentium,</strong></span> <span class='ocrx_word' id='word_1_283' title='bbox 556 3715 732 3786; x_wconf 90' lang='lat' dir='ltr'><strong>ipsum</strong></span> <span class='ocrx_word' id='word_1_284' title='bbox 777 3712 898 3770; x_wconf 72' lang='lat' dir='ltr'><strong>es&#39;se</strong></span> <span class='ocrx_word' id='word_1_285' title='bbox 924 3730 1046 3769; x_wconf 88' lang='lat' dir='ltr'><strong>reor</strong></span> <span class='ocrx_word' id='word_1_286' title='bbox 1072 3713 1217 3784; x_wconf 87' lang='lat' dir='ltr'><strong>quod</strong></span> <span class='ocrx_word' id='word_1_287' title='bbox 1242 3712 1588 3768; x_wconf 85' lang='lat' dir='ltr'><strong>-Antichristi</strong></span> <span class='ocrx_word' id='word_1_288' title='bbox 1619 3722 1859 3783; x_wconf 89' lang='lat' dir='ltr'><strong>tempora</strong></span> 
     </span>
    </p>
   </div>
   <div class='ocr_carea' id='block_1_41' title="bbox 269 3804 1862 3866">
    <p class='ocr_par' dir='ltr' id='par_1_41' title="bbox 269 3804 1862 3866">
     <span class='ocr_line' id='line_1_41' title="bbox 269 3804 1862 3866; baseline -0.005 0"><span class='ocrx_word' id='word_1_289' title='bbox 269 3809 586 3866; x_wconf 80' lang='lat' dir='ltr'><strong>describens</strong></span> <span class='ocrx_word' id='word_1_290' title='bbox 644 3806 933 3862; x_wconf 68' lang='lat' dir='ltr'><strong>Matthaius</strong></span> <span class='ocrx_word' id='word_1_291' title='bbox 977 3805 1108 3861; x_wconf 89' lang='lat' dir='ltr'><strong>dicit</strong></span> <span class='ocrx_word' id='word_1_292' title='bbox 1140 3823 1153 3859; x_wconf 89' lang='lat'><strong>:</strong></span> <span class='ocrx_word' id='word_1_293' title='bbox 1182 3805 1299 3858; x_wconf 85' lang='lat' dir='ltr'><strong>Erit</strong></span> <span class='ocrx_word' id='word_1_294' title='bbox 1354 3806 1492 3859; x_wconf 85' lang='lat' dir='ltr'><strong>enim</strong></span> <span class='ocrx_word' id='word_1_295' title='bbox 1532 3813 1654 3858; x_wconf 87' lang='lat' dir='ltr'><strong>tunc</strong></span> <span class='ocrx_word' id='word_1_296' title='bbox 1696 3804 1862 3858; x_wconf 88' lang='lat' dir='ltr'><strong>tribu-</strong></span> 
     </span>
    </p>
   </div>
   <div class='ocr_carea' id='block_1_42' title="bbox 269 3891 1863 3973">
    <p class='ocr_par' dir='ltr' id='par_1_42' title="bbox 269 3891 1863 3973">
     <span class='ocr_line' id='line_1_42' title="bbox 269 3891 1863 3973; baseline -0.003 -19"><span class='ocrx_word' id='word_1_297' title='bbox 269 3900 398 3954; x_wconf 88' lang='lat' dir='ltr'><strong>latio</strong></span> <span class='ocrx_word' id='word_1_298' title='bbox 435 3915 651 3969; x_wconf 85' lang='lat' dir='ltr'><strong>magna,</strong></span> <span class='ocrx_word' id='word_1_299' title='bbox 698 3896 871 3969; x_wconf 81' lang='lat' dir='ltr'><strong>qualis</strong></span> <span class='ocrx_word' id='word_1_300' title='bbox 900 3896 1138 3973; x_wconf 85' lang='lat' dir='ltr'><strong>nonfuit</strong></span> <span class='ocrx_word' id='word_1_301' title='bbox 1173 3895 1237 3949; x_wconf 91' lang='lat' dir='ltr'><strong>ab</strong></span> <span class='ocrx_word' id='word_1_302' title='bbox 1270 3891 1420 3949; x_wconf 83' lang='lat' dir='ltr'><strong>initio</strong></span> <span class='ocrx_word' id='word_1_303' title='bbox 1477 3895 1661 3949; x_wconf 83' lang='lat' dir='ltr'><strong>mundi</strong></span> <span class='ocrx_word' id='word_1_304' title='bbox 1698 3912 1863 3966; x_wconf 86' lang='lat' dir='ltr'><strong>usque</strong></span> 
     </span>
    </p>
   </div>
   <div class='ocr_carea' id='block_1_43' title="bbox 270 3983 1861 4056">
    <p class='ocr_par' dir='ltr' id='par_1_43' title="bbox 270 3983 1861 4056">
     <span class='ocr_line' id='line_1_43' title="bbox 270 3983 1861 4056; baseline -0.003 -11"><span class='ocrx_word' id='word_1_305' title='bbox 270 3989 426 4046; x_wconf 79' lang='lat' dir='ltr'><strong>modo</strong></span> <span class='ocrx_word' id='word_1_306' title='bbox 473 4005 564 4042; x_wconf 85' lang='lat' dir='ltr'><strong>nec</strong></span> <span class='ocrx_word' id='word_1_307' title='bbox 594 3988 703 4054; x_wconf 82' lang='lat' dir='ltr'><strong>fiet.</strong></span> <span class='ocrx_word' id='word_1_308' title='bbox 754 3985 908 4053; x_wconf 90' lang='lat' dir='ltr'><strong>Quod</strong></span> <span class='ocrx_word' id='word_1_309' title='bbox 935 3994 1117 4041; x_wconf 85' lang='lat' dir='ltr'><strong>autem</strong></span> <span class='ocrx_word' id='word_1_310' title='bbox 1170 3985 1343 4040; x_wconf 87' lang='lat' dir='ltr'><strong>Lucas</strong></span> <span class='ocrx_word' id='word_1_311' title='bbox 1390 3984 1684 4056; x_wconf 82' lang='lat' dir='ltr'><strong>subjuugit,</strong></span> <span class='ocrx_word' id='word_1_312' title='bbox 1736 3983 1861 4040; x_wconf 73' lang='lat' dir='ltr'><strong>Prw</strong></span> 
     </span>
    </p>
   </div>
   <div class='ocr_carea' id='block_1_44' title="bbox 272 4075 1856 4151">
    <p class='ocr_par' dir='ltr' id='par_1_44' title="bbox 272 4075 1856 4151">
     <span class='ocr_line' id='line_1_44' title="bbox 272 4075 1856 4151; baseline -0.002 -17"><span class='ocrx_word' id='word_1_313' title='bbox 272 4080 579 4151; x_wconf 72' lang='lat' dir='ltr'><strong>confusione</strong></span> <span class='ocrx_word' id='word_1_314' title='bbox 599 4079 802 4133; x_wconf 83' lang='lat' dir='ltr'><strong>sonitus</strong></span> <span class='ocrx_word' id='word_1_315' title='bbox 826 4079 986 4131; x_wconf 86' lang='lat' dir='ltr'><strong>maris</strong></span> <span class='ocrx_word' id='word_1_316' title='bbox 1011 4086 1058 4131; x_wconf 90' lang='lat' dir='ltr'><strong>et</strong></span> <span class='ocrx_word' id='word_1_317' title='bbox 1082 4078 1361 4146; x_wconf 66' lang='lat' dir='ltr'><strong>fluctuum,</strong></span> <span class='ocrx_word' id='word_1_318' title='bbox 1388 4092 1565 4147; x_wconf 58' lang='lat' dir='ltr'><strong>praeco</strong></span> <span class='ocrx_word' id='word_1_319' title='bbox 1586 4084 1672 4130; x_wconf 89' lang='lat' dir='ltr'><strong>est</strong></span> <span class='ocrx_word' id='word_1_320' title='bbox 1694 4075 1856 4143; x_wconf 86' lang='lat' dir='ltr'><strong>illius,</strong></span> 
     </span>
    </p>
   </div>
   <div class='ocr_carea' id='block_1_45' title="bbox 274 4166 1862 4241">
    <p class='ocr_par' dir='ltr' id='par_1_45' title="bbox 274 4166 1862 4241">
     <span class='ocr_line' id='line_1_45' title="bbox 274 4166 1862 4241; baseline 0 -17"><span class='ocrx_word' id='word_1_321' title='bbox 274 4171 416 4241; x_wconf 86' lang='lat' dir='ltr'><strong>quod</strong></span> <span class='ocrx_word' id='word_1_322' title='bbox 457 4171 601 4224; x_wconf 90' lang='lat' dir='ltr'><strong>inter</strong></span> <span class='ocrx_word' id='word_1_323' title='bbox 648 4178 842 4224; x_wconf 62' lang='lat' dir='ltr'><strong>caetera</strong></span> <span class='ocrx_word' id='word_1_324' title='bbox 877 4167 1155 4224; x_wconf 87' lang='lat' dir='ltr'><strong>mutabilia</strong></span> <span class='ocrx_word' id='word_1_325' title='bbox 1209 4168 1391 4223; x_wconf 67' lang='lat' dir='ltr'><strong>steculi</strong></span> <span class='ocrx_word' id='word_1_326' title='bbox 1439 4166 1674 4223; x_wconf 84' lang='lat' dir='ltr'><strong>Joannes</strong></span> <span class='ocrx_word' id='word_1_327' title='bbox 1709 4183 1862 4224; x_wconf 89' lang='lat' dir='ltr'><strong>mare</strong></span> 
     </span>
    </p>
   </div>
   <div class='ocr_carea' id='block_1_46' title="bbox 273 4261 879 4331">
    <p class='ocr_par' dir='ltr' id='par_1_46' title="bbox 273 4261 879 4331">
     <span class='ocr_line' id='line_1_46' title="bbox 273 4261 879 4331; baseline -0.005 -14"><span class='ocrx_word' id='word_1_328' title='bbox 273 4262 546 4317; x_wconf 86' lang='lat' dir='ltr'><strong>abiturum</strong></span> <span class='ocrx_word' id='word_1_329' title='bbox 576 4261 879 4331; x_wconf 75' lang='lat' dir='ltr'><strong>conspexit.</strong></span> 
     </span>
    </p>
   </div>
   <div class='ocr_carea' id='block_1_47' title="bbox 344 4352 1862 4423">
    <p class='ocr_par' dir='ltr' id='par_1_47' title="bbox 344 4352 1862 4423">
     <span class='ocr_line' id='line_1_47' title="bbox 344 4352 1862 4423; baseline -0.003 -12"><span class='ocrx_word' id='word_1_330' title='bbox 344 4356 708 4411; x_wconf 79' lang='lat' dir='ltr'><strong>Arescentibus</strong></span> <span class='ocrx_word' id='word_1_331' title='bbox 737 4355 1032 4409; x_wconf 83' lang='lat' dir='ltr'><strong>hominibus</strong></span> <span class='ocrx_word' id='word_1_332' title='bbox 1056 4368 1166 4421; x_wconf 73' lang='lat' dir='ltr'><strong>pra:</strong></span> <span class='ocrx_word' id='word_1_333' title='bbox 1194 4353 1379 4407; x_wconf 85' lang='lat' dir='ltr'><strong>timore</strong></span> <span class='ocrx_word' id='word_1_334' title='bbox 1404 4353 1458 4406; x_wconf 79' lang='lat' dir='ltr'><strong>et</strong></span> <span class='ocrx_word' id='word_1_335' title='bbox 1480 4352 1862 4423; x_wconf 77' lang='lat' dir='ltr'><strong>exspectatione</strong></span> 
     </span>
    </p>
   </div>
   <div class='ocr_carea' id='block_1_48' title="bbox 270 4440 1861 4516">
    <p class='ocr_par' dir='ltr' id='par_1_48' title="bbox 270 4440 1861 4516">
     <span class='ocr_line' id='line_1_48' title="bbox 270 4440 1861 4516; baseline 0 -19"><span class='ocrx_word' id='word_1_336' title='bbox 270 4460 392 4516; x_wconf 72' lang='lat' dir='ltr'><strong>qum</strong></span> <span class='ocrx_word' id='word_1_337' title='bbox 424 4444 787 4514; x_wconf 81' lang='lat' dir='ltr'><strong>supervenient</strong></span> <span class='ocrx_word' id='word_1_338' title='bbox 821 4444 1059 4497; x_wconf 83' lang='lat' dir='ltr'><strong>universo</strong></span> <span class='ocrx_word' id='word_1_339' title='bbox 1095 4441 1226 4496; x_wconf 90' lang='lat' dir='ltr'><strong>orbi.</strong></span> <span class='ocrx_word' id='word_1_340' title='bbox 1266 4440 1440 4496; x_wconf 85' lang='lat' dir='ltr'><strong>Credo</strong></span> <span class='ocrx_word' id='word_1_341' title='bbox 1470 4441 1641 4510; x_wconf 86' lang='lat' dir='ltr'><strong>ipsum</strong></span> <span class='ocrx_word' id='word_1_342' title='bbox 1662 4441 1861 4512; x_wconf 88' lang='lat' dir='ltr'><strong>judicis</strong></span> 
     </span>
    </p>
   </div>
   <div class='ocr_carea' id='block_1_49' title="bbox 274 4521 1945 4603">
    <p class='ocr_par' dir='ltr' id='par_1_49' title="bbox 274 4521 1945 4603">
     <span class='ocr_line' id='line_1_49' title="bbox 274 4521 1945 4603; baseline -0.001 -14"><span class='ocrx_word' id='word_1_343' title='bbox 274 4533 568 4589; x_wconf 73' lang='lat' dir='ltr'><strong>adventum</strong></span> <span class='ocrx_word' id='word_1_344' title='bbox 599 4532 700 4587; x_wconf 90' lang='lat' dir='ltr'><strong>hac</strong></span> <span class='ocrx_word' id='word_1_345' title='bbox 726 4533 989 4588; x_wconf 90' lang='lat' dir='ltr'><strong>sententia</strong></span> <span class='ocrx_word' id='word_1_346' title='bbox 1015 4532 1284 4603; x_wconf 82' lang='lat' dir='ltr'><strong>designari</strong></span> <span class='ocrx_word' id='word_1_347' title='bbox 1313 4532 1526 4601; x_wconf 85' lang='lat' dir='ltr'><strong>quando</strong></span> <span class='ocrx_word' id='word_1_348' title='bbox 1547 4530 1703 4600; x_wconf 76' lang='lat' dir='ltr'><strong>juxta</strong></span> <span class='ocrx_word' id='word_1_349' title='bbox 1731 4532 1868 4588; x_wconf 89' lang='lat' dir='ltr'><strong>alte-</strong></span> <span class='ocrx_word' id='word_1_350' title='bbox 1893 4521 1945 4579; x_wconf 85' lang='lat' dir='ltr'><strong>D</strong></span> 
     </span>
    </p>
   </div>
   <div class='ocr_carea' id='block_1_50' title="bbox 275 4622 1870 4694">
    <p class='ocr_par' dir='ltr' id='par_1_50' title="bbox 275 4622 1870 4694">
     <span class='ocr_line' id='line_1_50' title="bbox 275 4622 1870 4694; baseline -0.001 -13"><span class='ocrx_word' id='word_1_351' title='bbox 275 4627 392 4681; x_wconf 89' lang='lat' dir='ltr'><strong>rius</strong></span> <span class='ocrx_word' id='word_1_352' title='bbox 415 4624 517 4680; x_wconf 91' lang='lat' dir='ltr'><strong>loci</strong></span> <span class='ocrx_word' id='word_1_353' title='bbox 544 4624 855 4694; x_wconf 86' lang='lat' dir='ltr'><strong>parabolam</strong></span> <span class='ocrx_word' id='word_1_354' title='bbox 872 4640 1079 4690; x_wconf 87' lang='lat' dir='ltr'><strong>omnes,</strong></span> <span class='ocrx_word' id='word_1_355' title='bbox 1106 4625 1206 4679; x_wconf 93' lang='lat' dir='ltr'><strong>hoc</strong></span> <span class='ocrx_word' id='word_1_356' title='bbox 1222 4631 1303 4679; x_wconf 92' lang='lat' dir='ltr'><strong>cst</strong></span> <span class='ocrx_word' id='word_1_357' title='bbox 1323 4622 1611 4694; x_wconf 87' lang='lat' dir='ltr'><strong>prudentes</strong></span> <span class='ocrx_word' id='word_1_358' title='bbox 1635 4630 1690 4677; x_wconf 91' lang='lat' dir='ltr'><strong>et</strong></span> <span class='ocrx_word' id='word_1_359' title='bbox 1708 4622 1870 4679; x_wconf 75' lang='lat' dir='ltr'><strong>fatua:</strong></span> 
     </span>
    </p>
   </div>
   <div class='ocr_carea' id='block_1_51' title="bbox 274 4711 1866 4788">
    <p class='ocr_par' dir='ltr' id='par_1_51' title="bbox 274 4711 1866 4788">
     <span class='ocr_line' id='line_1_51' title="bbox 274 4711 1866 4788; baseline -0.003 -18"><span class='ocrx_word' id='word_1_360' title='bbox 274 4715 517 4788; x_wconf 76' lang='lat' dir='ltr'><strong>virgines</strong></span> <span class='ocrx_word' id='word_1_361' title='bbox 542 4713 758 4769; x_wconf 86' lang='lat' dir='ltr'><strong>insolito</strong></span> <span class='ocrx_word' id='word_1_362' title='bbox 788 4712 1024 4768; x_wconf 89' lang='lat' dir='ltr'><strong>clamore</strong></span> <span class='ocrx_word' id='word_1_363' title='bbox 1052 4713 1323 4769; x_wconf 82' lang='lat' dir='ltr'><strong>suscitatae</strong></span> <span class='ocrx_word' id='word_1_364' title='bbox 1346 4711 1617 4782; x_wconf 81' lang='lat' dir='ltr'><strong>lampades</strong></span> <span class='ocrx_word' id='word_1_365' title='bbox 1642 4719 1866 4779; x_wconf 86' lang='lat' dir='ltr'><strong>ornant,</strong></span> 
     </span>
    </p>
   </div>
   <div class='ocr_carea' id='block_1_52' title="bbox 276 4802 1871 4874">
    <p class='ocr_par' dir='ltr' id='par_1_52' title="bbox 276 4802 1871 4874">
     <span class='ocr_line' id='line_1_52' title="bbox 276 4802 1871 4874; baseline -0.004 -10"><span class='ocrx_word' id='word_1_366' title='bbox 276 4807 423 4864; x_wconf 82' lang='lat' dir='ltr'><strong>idem</strong></span> <span class='ocrx_word' id='word_1_367' title='bbox 476 4821 576 4863; x_wconf 88' lang='lat' dir='ltr'><strong>sua</strong></span> <span class='ocrx_word' id='word_1_368' title='bbox 615 4820 800 4860; x_wconf 88' lang='lat' dir='ltr'><strong>secum</strong></span> <span class='ocrx_word' id='word_1_369' title='bbox 836 4819 997 4874; x_wconf 79' lang='lat' dir='ltr'><strong>Opera</strong></span> <span class='ocrx_word' id='word_1_370' title='bbox 1038 4813 1353 4868; x_wconf 85' lang='lat' dir='ltr'><strong>numerant,</strong></span> <span class='ocrx_word' id='word_1_371' title='bbox 1390 4819 1488 4873; x_wconf 86' lang='lat' dir='ltr'><strong>pro</strong></span> <span class='ocrx_word' id='word_1_372' title='bbox 1523 4802 1718 4872; x_wconf 83' lang='lat' dir='ltr'><strong>quilus</strong></span> <span class='ocrx_word' id='word_1_373' title='bbox 1755 4819 1871 4857; x_wconf 85' lang='lat' dir='ltr'><strong>ma—</strong></span> 
     </span>
    </p>
   </div>
   <div class='ocr_carea' id='block_1_53' title="bbox 276 4894 1871 4965">
    <p class='ocr_par' dir='ltr' id='par_1_53' title="bbox 276 4894 1871 4965">
     <span class='ocr_line' id='line_1_53' title="bbox 276 4894 1871 4965; baseline -0.003 -10"><span class='ocrx_word' id='word_1_374' title='bbox 276 4897 428 4955; x_wconf 77' lang='lat' dir='ltr'><strong>ximo</strong></span> <span class='ocrx_word' id='word_1_375' title='bbox 449 4914 573 4954; x_wconf 91' lang='lat' dir='ltr'><strong>cum</strong></span> <span class='ocrx_word' id='word_1_376' title='bbox 592 4898 792 4951; x_wconf 81' lang='lat' dir='ltr'><strong>timore</strong></span> <span class='ocrx_word' id='word_1_377' title='bbox 819 4894 930 4964; x_wconf 89' lang='lat' dir='ltr'><strong>jam</strong></span> <span class='ocrx_word' id='word_1_378' title='bbox 961 4894 1182 4965; x_wconf 84' lang='lat' dir='ltr'><strong>jamque</strong></span> <span class='ocrx_word' id='word_1_379' title='bbox 1213 4894 1502 4950; x_wconf 87' lang='lat' dir='ltr'><strong>instantem</strong></span> <span class='ocrx_word' id='word_1_380' title='bbox 1535 4896 1726 4951; x_wconf 60' lang='lat' dir='ltr'><strong>aeterni</strong></span> <span class='ocrx_word' id='word_1_381' title='bbox 1761 4895 1871 4951; x_wconf 73' lang='lat' dir='ltr'><strong>dis~</strong></span> 
     </span>
    </p>
   </div>
   <div class='ocr_carea' id='block_1_54' title="bbox 278 4985 1871 5058">
    <p class='ocr_par' dir='ltr' id='par_1_54' title="bbox 278 4985 1871 5058">
     <span class='ocr_line' id='line_1_54' title="bbox 278 4985 1871 5058; baseline -0.004 -10"><span class='ocrx_word' id='word_1_382' title='bbox 278 4990 530 5048; x_wconf 85' lang='lat' dir='ltr'><strong>criminis</strong></span> <span class='ocrx_word' id='word_1_383' title='bbox 565 4995 888 5058; x_wconf 79' lang='lat' dir='ltr'><strong>exspectant</strong></span> <span class='ocrx_word' id='word_1_384' title='bbox 923 4991 1198 5041; x_wconf 79' lang='lat' dir='ltr'><strong>eventum.</strong></span> <span class='ocrx_word' id='word_1_385' title='bbox 1236 4985 1370 5040; x_wconf 82' lang='lat' dir='ltr'><strong>Nam</strong></span> <span class='ocrx_word' id='word_1_386' title='bbox 1405 4995 1630 5042; x_wconf 83' lang='lat' dir='ltr'><strong>eatenus</strong></span> <span class='ocrx_word' id='word_1_387' title='bbox 1665 4987 1871 5058; x_wconf 87' lang='lat' dir='ltr'><strong>absque</strong></span> 
     </span>
    </p>
   </div>
   <div class='ocr_carea' id='block_1_55' title="bbox 279 5075 1873 5146">
    <p class='ocr_par' dir='ltr' id='par_1_55' title="bbox 279 5075 1873 5146">
     <span class='ocr_line' id='line_1_55' title="bbox 279 5075 1873 5146; baseline -0.001 -11"><span class='ocrx_word' id='word_1_388' title='bbox 279 5079 395 5136; x_wconf 86' lang='lat' dir='ltr'><strong>ullo</strong></span> <span class='ocrx_word' id='word_1_389' title='bbox 446 5080 641 5134; x_wconf 87' lang='lat' dir='ltr'><strong>timore</strong></span> <span class='ocrx_word' id='word_1_390' title='bbox 685 5075 885 5145; x_wconf 82' lang='lat' dir='ltr'><strong>judicis</strong></span> <span class='ocrx_word' id='word_1_391' title='bbox 934 5077 1216 5132; x_wconf 74' lang='lat' dir='ltr'><strong>utiiversus</strong></span> <span class='ocrx_word' id='word_1_392' title='bbox 1263 5092 1398 5146; x_wconf 90' lang='lat' dir='ltr'><strong>peuc</strong></span> <span class='ocrx_word' id='word_1_393' title='bbox 1449 5079 1597 5133; x_wconf 85' lang='lat' dir='ltr'><strong>orbis</strong></span> <span class='ocrx_word' id='word_1_394' title='bbox 1649 5089 1873 5134; x_wconf 87' lang='lat' dir='ltr'><strong>acturus</strong></span> 
     </span>
    </p>
   </div>
   <div class='ocr_carea' id='block_1_56' title="bbox 281 5165 1873 5241">
    <p class='ocr_par' dir='ltr' id='par_1_56' title="bbox 281 5165 1873 5241">
     <span class='ocr_line' id='line_1_56' title="bbox 281 5165 1873 5241; baseline -0.002 -14"><span class='ocrx_word' id='word_1_395' title='bbox 281 5179 401 5238; x_wconf 83' lang='lat' dir='ltr'><strong>est,</strong></span> <span class='ocrx_word' id='word_1_396' title='bbox 429 5169 688 5241; x_wconf 86' lang='lat' dir='ltr'><strong>Apostolo</strong></span> <span class='ocrx_word' id='word_1_397' title='bbox 711 5176 1018 5229; x_wconf 70' lang='lat' dir='ltr'><strong>attestante,</strong></span> <span class='ocrx_word' id='word_1_398' title='bbox 1051 5169 1141 5238; x_wconf 89' lang='lat' dir='ltr'><strong>qui</strong></span> <span class='ocrx_word' id='word_1_399' title='bbox 1169 5168 1245 5222; x_wconf 87' lang='lat' dir='ltr'><strong>ait</strong></span> <span class='ocrx_word' id='word_1_400' title='bbox 1269 5185 1282 5221; x_wconf 88' lang='lat'>:</span> <span class='ocrx_word' id='word_1_401' title='bbox 1315 5165 1445 5223; x_wconf 85' lang='lat' dir='ltr'><strong>Cum</strong></span> <span class='ocrx_word' id='word_1_402' title='bbox 1474 5170 1613 5223; x_wconf 88' lang='lat' dir='ltr'><strong>enim</strong></span> <span class='ocrx_word' id='word_1_403' title='bbox 1638 5169 1873 5224; x_wconf 71' lang='lat' dir='ltr'><strong>dixerint</strong></span> 
     </span>
    </p>
   </div>
   <div class='ocr_carea' id='block_1_57' title="bbox 279 5261 1871 5336">
    <p class='ocr_par' dir='ltr' id='par_1_57' title="bbox 279 5261 1871 5336">
     <span class='ocr_line' id='line_1_57' title="bbox 279 5261 1871 5336; baseline -0.001 -18"><span class='ocrx_word' id='word_1_404' title='bbox 279 5280 390 5336; x_wconf 74' lang='lat' dir='ltr'><strong>pax</strong></span> <span class='ocrx_word' id='word_1_405' title='bbox 423 5271 471 5317; x_wconf 83' lang='lat' dir='ltr'><strong>et</strong></span> <span class='ocrx_word' id='word_1_406' title='bbox 506 5262 794 5326; x_wconf 85' lang='lat' dir='ltr'><strong>securitas,</strong></span> <span class='ocrx_word' id='word_1_407' title='bbox 830 5270 954 5314; x_wconf 88' lang='lat' dir='ltr'><strong>tunc</strong></span> <span class='ocrx_word' id='word_1_408' title='bbox 990 5261 1288 5331; x_wconf 86' lang='lat' dir='ltr'><strong>repentinus</strong></span> <span class='ocrx_word' id='word_1_409' title='bbox 1321 5261 1397 5316; x_wconf 85' lang='lat' dir='ltr'><strong>eis</strong></span> <span class='ocrx_word' id='word_1_410' title='bbox 1429 5263 1754 5332; x_wconf 81' lang='lat' dir='ltr'><strong>superveniet</strong></span> <span class='ocrx_word' id='word_1_411' title='bbox 1790 5264 1871 5317; x_wconf 90' lang='lat' dir='ltr'><strong>in-</strong></span> 
     </span>
    </p>
   </div>
   <div class='ocr_carea' id='block_1_58' title="bbox 281 5352 1872 5421">
    <p class='ocr_par' dir='ltr' id='par_1_58' title="bbox 281 5352 1872 5421">
     <span class='ocr_line' id='line_1_58' title="bbox 281 5352 1872 5421; baseline 0.001 -13"><span class='ocrx_word' id='word_1_412' title='bbox 281 5354 489 5409; x_wconf 72' lang='lat' dir='ltr'><strong>(critus.</strong></span> <span class='ocrx_word' id='word_1_413' title='bbox 522 5352 675 5408; x_wconf 87' lang='lat' dir='ltr'><strong>Tunc</strong></span> <span class='ocrx_word' id='word_1_414' title='bbox 704 5352 886 5421; x_wconf 87' lang='lat' dir='ltr'><strong>itaque</strong></span> <span class='ocrx_word' id='word_1_415' title='bbox 917 5352 1327 5420; x_wconf 84' lang='lat' dir='ltr'><strong>superveniente</strong></span> <span class='ocrx_word' id='word_1_416' title='bbox 1360 5353 1614 5409; x_wconf 89' lang='lat' dir='ltr'><strong>universo</strong></span> <span class='ocrx_word' id='word_1_417' title='bbox 1647 5353 1769 5409; x_wconf 87' lang='lat' dir='ltr'><strong>orbi</strong></span> <span class='ocrx_word' id='word_1_418' title='bbox 1806 5355 1872 5410; x_wconf 83' lang='lat' dir='ltr'><strong>ti—</strong></span> 
     </span>
    </p>
   </div>
   <div class='ocr_carea' id='block_1_59' title="bbox 284 5443 1870 5518">
    <p class='ocr_par' dir='ltr' id='par_1_59' title="bbox 284 5443 1870 5518">
     <span class='ocr_line' id='line_1_59' title="bbox 284 5443 1870 5518; baseline 0.002 -18"><span class='ocrx_word' id='word_1_419' title='bbox 284 5459 439 5500; x_wconf 87' lang='lat' dir='ltr'><strong>more</strong></span> <span class='ocrx_word' id='word_1_420' title='bbox 470 5451 525 5498; x_wconf 90' lang='lat' dir='ltr'><strong>et</strong></span> <span class='ocrx_word' id='word_1_421' title='bbox 558 5444 966 5513; x_wconf 72' lang='lat' dir='ltr'><strong>exspectatione</strong></span> <span class='ocrx_word' id='word_1_422' title='bbox 1000 5443 1233 5499; x_wconf 84' lang='lat' dir='ltr'><strong>districti</strong></span> <span class='ocrx_word' id='word_1_423' title='bbox 1261 5446 1547 5511; x_wconf 79' lang='lat' dir='ltr'><strong>examinis,</strong></span> <span class='ocrx_word' id='word_1_424' title='bbox 1587 5447 1741 5502; x_wconf 88' lang='lat' dir='ltr'><strong>multi</strong></span> <span class='ocrx_word' id='word_1_425' title='bbox 1776 5449 1870 5518; x_wconf 90' lang='lat' dir='ltr'><strong>qui</strong></span> 
     </span>
    </p>
   </div>
   <div class='ocr_carea' id='block_1_60' title="bbox 284 5534 1872 5606">
    <p class='ocr_par' dir='ltr' id='par_1_60' title="bbox 284 5534 1872 5606">
     <span class='ocr_line' id='line_1_60' title="bbox 284 5534 1872 5606; baseline 0.003 -14"><span class='ocrx_word' id='word_1_426' title='bbox 284 5538 339 5593; x_wconf 89' lang='lat' dir='ltr'><strong>in</strong></span> <span class='ocrx_word' id='word_1_427' title='bbox 381 5538 487 5593; x_wconf 89' lang='lat' dir='ltr'><strong>hoc</strong></span> <span class='ocrx_word' id='word_1_428' title='bbox 521 5537 723 5592; x_wconf 84' lang='lat' dir='ltr'><strong>mundo</strong></span> <span class='ocrx_word' id='word_1_429' title='bbox 750 5534 944 5592; x_wconf 81' lang='lat' dir='ltr'><strong>ﬂorere</strong></span> <span class='ocrx_word' id='word_1_430' title='bbox 973 5536 1316 5606; x_wconf 86' lang='lat' dir='ltr'><strong>videbantur,</strong></span> <span class='ocrx_word' id='word_1_431' title='bbox 1348 5553 1469 5594; x_wconf 91' lang='lat' dir='ltr'><strong>cum</strong></span> <span class='ocrx_word' id='word_1_432' title='bbox 1510 5554 1570 5594; x_wconf 90' lang='lat' dir='ltr'><strong>se</strong></span> <span class='ocrx_word' id='word_1_433' title='bbox 1606 5540 1725 5595; x_wconf 88' lang='lat' dir='ltr'><strong>sine</strong></span> <span class='ocrx_word' id='word_1_434' title='bbox 1758 5539 1872 5596; x_wconf 78' lang='lat' dir='ltr'><strong>fru-</strong></span> 
     </span>
    </p>
   </div>
   <div class='ocr_carea' id='block_1_61' title="bbox 282 5626 1872 5702">
    <p class='ocr_par' dir='ltr' id='par_1_61' title="bbox 282 5626 1872 5702">
     <span class='ocr_line' id='line_1_61' title="bbox 282 5626 1872 5702; baseline 0.004 -21"><span class='ocrx_word' id='word_1_435' title='bbox 282 5636 374 5681; x_wconf 84' lang='lat' dir='ltr'><strong>ctu</strong></span> <span class='ocrx_word' id='word_1_436' title='bbox 424 5626 841 5698; x_wconf 78' lang='lat' dir='ltr'><strong>conspexerint,</strong></span> <span class='ocrx_word' id='word_1_437' title='bbox 886 5636 1156 5685; x_wconf 84' lang='lat' dir='ltr'><strong>arescent.</strong></span> <span class='ocrx_word' id='word_1_438' title='bbox 1208 5628 1359 5685; x_wconf 91' lang='lat' dir='ltr'><strong>Tunc</strong></span> <span class='ocrx_word' id='word_1_439' title='bbox 1411 5628 1541 5687; x_wconf 85' lang='lat' dir='ltr'><strong>lides</strong></span> <span class='ocrx_word' id='word_1_440' title='bbox 1584 5647 1704 5702; x_wconf 80' lang='lat' dir='ltr'><strong>qua:</strong></span> <span class='ocrx_word' id='word_1_441' title='bbox 1753 5633 1872 5687; x_wconf 88' lang='lat' dir='ltr'><strong>sine</strong></span> 
     </span>
    </p>
   </div>
   <div class='ocr_carea' id='block_1_62' title="bbox 285 5716 1872 5794">
    <p class='ocr_par' dir='ltr' id='par_1_62' title="bbox 285 5716 1872 5794">
     <span class='ocr_line' id='line_1_62' title="bbox 285 5716 1872 5794; baseline 0.005 -24"><span class='ocrx_word' id='word_1_442' title='bbox 285 5716 543 5789; x_wconf 83' lang='lat' dir='ltr'><strong>operibus</strong></span> <span class='ocrx_word' id='word_1_443' title='bbox 593 5718 861 5783; x_wconf 84' lang='lat' dir='ltr'><strong>viruerat,</strong></span> <span class='ocrx_word' id='word_1_444' title='bbox 909 5718 1173 5789; x_wconf 86' lang='lat' dir='ltr'><strong>probante</strong></span> <span class='ocrx_word' id='word_1_445' title='bbox 1224 5734 1281 5776; x_wconf 89' lang='lat' dir='ltr'><strong>se</strong></span> <span class='ocrx_word' id='word_1_446' title='bbox 1326 5719 1457 5790; x_wconf 83' lang='lat' dir='ltr'><strong>justi</strong></span> <span class='ocrx_word' id='word_1_447' title='bbox 1502 5722 1699 5793; x_wconf 86' lang='lat' dir='ltr'><strong>judicis</strong></span> <span class='ocrx_word' id='word_1_448' title='bbox 1750 5723 1872 5794; x_wconf 81' lang='lat' dir='ltr'><strong>igne</strong></span> 
     </span>
    </p>
   </div>
   <div class='ocr_carea' id='block_1_63' title="bbox 1941 515 3555 587">
    <p class='ocr_par' dir='ltr' id='par_1_63' title="bbox 1941 515 3555 587">
     <span class='ocr_line' id='line_1_63' title="bbox 1941 515 3555 587; baseline 0.004 -18"><span class='ocrx_word' id='word_1_449' title='bbox 1941 515 2276 585; x_wconf 75' lang='lat' dir='ltr'><strong>semetipsa.</strong></span> <span class='ocrx_word' id='word_1_450' title='bbox 2333 517 2541 571; x_wconf 81' lang='lat' dir='ltr'><strong>Reddet</strong></span> <span class='ocrx_word' id='word_1_451' title='bbox 2592 517 2738 571; x_wconf 89' lang='lat' dir='ltr'><strong>enim</strong></span> <span class='ocrx_word' id='word_1_452' title='bbox 2796 526 2923 572; x_wconf 89' lang='lat' dir='ltr'><strong>tunc</strong></span> <span class='ocrx_word' id='word_1_453' title='bbox 2971 516 3137 587; x_wconf 85' lang='lat' dir='ltr'><strong>judex</strong></span> <span class='ocrx_word' id='word_1_454' title='bbox 3194 518 3439 572; x_wconf 86' lang='lat' dir='ltr'><strong>vivorum</strong></span> <span class='ocrx_word' id='word_1_455' title='bbox 3496 530 3555 576; x_wconf 85' lang='lat' dir='ltr'><strong>et</strong></span> 
     </span>
    </p>
   </div>
   <div class='ocr_carea' id='block_1_64' title="bbox 1965 604 3553 663">
    <p class='ocr_par' dir='ltr' id='par_1_64' title="bbox 1965 604 3553 663">
     <span class='ocr_line' id='line_1_64' title="bbox 1965 604 3553 663; baseline 0.004 -6"><span class='ocrx_word' id='word_1_456' title='bbox 1965 612 2298 659; x_wconf 90' lang='lat' dir='ltr'><strong>mortuorum</strong></span> <span class='ocrx_word' id='word_1_457' title='bbox 2347 605 2605 659; x_wconf 89' lang='lat' dir='ltr'><strong>Dominus</strong></span> <span class='ocrx_word' id='word_1_458' title='bbox 2648 615 2834 660; x_wconf 90' lang='lat' dir='ltr'><strong>noster</strong></span> <span class='ocrx_word' id='word_1_459' title='bbox 2864 604 3023 660; x_wconf 77' lang='lat' dir='ltr'><strong>Jesus</strong></span> <span class='ocrx_word' id='word_1_460' title='bbox 3059 606 3308 662; x_wconf 83' lang='lat' dir='ltr'><strong>Christus</strong></span> <span class='ocrx_word' id='word_1_461' title='bbox 3341 606 3553 663; x_wconf 76' lang='lat' dir='ltr'><strong>unicui-</strong></span> 
     </span>
    </p>
   </div>
   <div class='ocr_carea' id='block_1_65' title="bbox 1966 696 2764 766">
    <p class='ocr_par' dir='ltr' id='par_1_65' title="bbox 1966 696 2764 766">
     <span class='ocr_line' id='line_1_65' title="bbox 1966 696 2764 766; baseline 0 -15"><span class='ocrx_word' id='word_1_462' title='bbox 1966 711 2073 766; x_wconf 88' lang='lat' dir='ltr'><strong>que</strong></span> <span class='ocrx_word' id='word_1_463' title='bbox 2112 696 2410 751; x_wconf 89' lang='lat' dir='ltr'><strong>secundum</strong></span> <span class='ocrx_word' id='word_1_464' title='bbox 2446 711 2608 765; x_wconf 74' lang='lat' dir='ltr'><strong>opera</strong></span> <span class='ocrx_word' id='word_1_465' title='bbox 2648 712 2764 751; x_wconf 90' lang='lat' dir='ltr'><strong>sua.</strong></span> 
     </span>
    </p>
   </div>
   <div class='ocr_carea' id='block_1_66' title="bbox 2451 769 3060 863">
    <p class='ocr_par' dir='ltr' id='par_1_66' title="bbox 2451 769 3060 863">
     <span class='ocr_line' id='line_1_66' title="bbox 2451 769 3060 863; baseline 0.003 -2"><span class='ocrx_word' id='word_1_466' title='bbox 2451 806 2731 863; x_wconf 76' lang='lat' dir='ltr'><strong>HOMILIA</strong></span> <span class='ocrx_word' id='word_1_467' title='bbox 2766 769 3060 863; x_wconf 52' lang='lat' dir='ltr'><strong>cxxxux:</strong></span> 
     </span>
    </p>
   </div>
   <div class='ocr_carea' id='block_1_67' title="bbox 2622 915 2889 955">
    <p class='ocr_par' dir='ltr' id='par_1_67' title="bbox 2622 915 2889 955">
     <span class='ocr_line' id='line_1_67' title="bbox 2622 915 2889 955; baseline 0 -2"><span class='ocrx_word' id='word_1_468' title='bbox 2622 915 2779 954; x_wconf 75' lang='lat' dir='ltr'><strong>FERIA</strong></span> <span class='ocrx_word' id='word_1_469' title='bbox 2814 916 2889 955; x_wconf 70' lang='lat' dir='ltr'><strong>Vl.</strong></span> 
     </span>
    </p>
   </div>
   <div class='ocr_carea' id='block_1_68' title="bbox 2105 988 3399 1061">
    <p class='ocr_par' dir='ltr' id='par_1_68' title="bbox 2105 988 3399 1061">
     <span class='ocr_line' id='line_1_68' title="bbox 2105 988 3399 1061; baseline 0.005 -18"><span class='ocrx_word' id='word_1_470' title='bbox 2105 988 2292 1044; x_wconf 88' lang='lat' dir='ltr'><strong>Lectio</strong></span> <span class='ocrx_word' id='word_1_471' title='bbox 2330 990 2501 1046; x_wconf 88' lang='lat' dir='ltr'><strong>sancti</strong></span> <span class='ocrx_word' id='word_1_472' title='bbox 2539 990 2812 1061; x_wconf 78' lang='lat' dir='ltr'><strong>Evangelii</strong></span> <span class='ocrx_word' id='word_1_473' title='bbox 2849 992 3142 1047; x_wconf 88' lang='lat' dir='ltr'><strong>secundum</strong></span> <span class='ocrx_word' id='word_1_474' title='bbox 3177 992 3399 1050; x_wconf 87' lang='lat' dir='ltr'><strong>Lucam.</strong></span> 
     </span>
    </p>
   </div>
   <div class='ocr_carea' id='block_1_69' title="bbox 2032 1102 3551 1175">
    <p class='ocr_par' dir='ltr' id='par_1_69' title="bbox 2032 1102 3551 1175">
     <span class='ocr_line' id='line_1_69' title="bbox 2032 1102 3551 1175; baseline -0.001 -20"><span class='ocrx_word' id='word_1_475' title='bbox 2032 1102 2101 1157; x_wconf 89' lang='lat' dir='ltr'><strong>In</strong></span> <span class='ocrx_word' id='word_1_476' title='bbox 2135 1102 2227 1156; x_wconf 91' lang='lat' dir='ltr'><strong>illo</strong></span> <span class='ocrx_word' id='word_1_477' title='bbox 2265 1112 2490 1173; x_wconf 79' lang='lat' dir='ltr'><strong>tempore</strong></span> <span class='ocrx_word' id='word_1_478' title='bbox 2517 1103 2649 1157; x_wconf 79' lang='lat' dir='ltr'><strong>dixit</strong></span> <span class='ocrx_word' id='word_1_479' title='bbox 2686 1103 2841 1157; x_wconf 75' lang='lat' dir='ltr'><strong>Iesus</strong></span> <span class='ocrx_word' id='word_1_480' title='bbox 2870 1104 3140 1175; x_wconf 82' lang='lat' dir='ltr'><strong>discipulis</strong></span> <span class='ocrx_word' id='word_1_481' title='bbox 3170 1107 3278 1159; x_wconf 83' lang='lat' dir='ltr'><strong>suis</strong></span> <span class='ocrx_word' id='word_1_482' title='bbox 3305 1120 3324 1158; x_wconf 90' lang='lat'><em>:</em></span> <span class='ocrx_word' id='word_1_483' title='bbox 3363 1106 3551 1160; x_wconf 74' lang='lat' dir='ltr'><strong>Atten—</strong></span> 
     </span>
    </p>
   </div>
   <div class='ocr_carea' id='block_1_70' title="bbox 1961 1193 3542 1264">
    <p class='ocr_par' dir='ltr' id='par_1_70' title="bbox 1961 1193 3542 1264">
     <span class='ocr_line' id='line_1_70' title="bbox 1961 1193 3542 1264; baseline 0.001 -17"><span class='ocrx_word' id='word_1_484' title='bbox 1961 1193 2068 1247; x_wconf 84' lang='lat' dir='ltr'><strong>dite</strong></span> <span class='ocrx_word' id='word_1_485' title='bbox 2115 1193 2285 1258; x_wconf 85' lang='lat' dir='ltr'><strong>vobis,</strong></span> <span class='ocrx_word' id='word_1_486' title='bbox 2338 1211 2400 1248; x_wconf 87' lang='lat' dir='ltr'><strong>ne</strong></span> <span class='ocrx_word' id='word_1_487' title='bbox 2435 1193 2569 1262; x_wconf 88' lang='lat' dir='ltr'><strong>forte</strong></span> <span class='ocrx_word' id='word_1_488' title='bbox 2601 1204 2886 1264; x_wconf 84' lang='lat' dir='ltr'><strong>graventur</strong></span> <span class='ocrx_word' id='word_1_489' title='bbox 2924 1195 3085 1249; x_wconf 87' lang='lat' dir='ltr'><strong>corda</strong></span> <span class='ocrx_word' id='word_1_490' title='bbox 3120 1205 3293 1249; x_wconf 86' lang='lat' dir='ltr'><strong>vestra</strong></span> <span class='ocrx_word' id='word_1_491' title='bbox 3329 1197 3381 1249; x_wconf 88' lang='lat' dir='ltr'><strong>in</strong></span> <span class='ocrx_word' id='word_1_492' title='bbox 3421 1213 3542 1249; x_wconf 90' lang='lat' dir='ltr'><strong>cra-</strong></span> 
     </span>
    </p>
   </div>
   <div class='ocr_carea' id='block_1_71' title="bbox 1960 1282 3545 1357">
    <p class='ocr_par' dir='ltr' id='par_1_71' title="bbox 1960 1282 3545 1357">
     <span class='ocr_line' id='line_1_71' title="bbox 1960 1282 3545 1357; baseline 0.002 -21"><span class='ocrx_word' id='word_1_493' title='bbox 1960 1282 2118 1354; x_wconf 86' lang='lat' dir='ltr'><strong>pula,</strong></span> <span class='ocrx_word' id='word_1_494' title='bbox 2148 1293 2195 1337; x_wconf 89' lang='lat' dir='ltr'><strong>et</strong></span> <span class='ocrx_word' id='word_1_495' title='bbox 2226 1283 2503 1350; x_wconf 84' lang='lat' dir='ltr'><strong>ebrietate,</strong></span> <span class='ocrx_word' id='word_1_496' title='bbox 2531 1293 2578 1338; x_wconf 87' lang='lat' dir='ltr'><strong>et</strong></span> <span class='ocrx_word' id='word_1_497' title='bbox 2607 1285 2755 1339; x_wconf 82' lang='lat' dir='ltr'><strong>curis</strong></span> <span class='ocrx_word' id='word_1_498' title='bbox 2774 1285 2932 1355; x_wconf 81' lang='lat' dir='ltr'><strong>hujus</strong></span> <span class='ocrx_word' id='word_1_499' title='bbox 2964 1286 3114 1349; x_wconf 61' lang='lat' dir='ltr'><strong>vita),</strong></span> <span class='ocrx_word' id='word_1_500' title='bbox 3146 1296 3193 1340; x_wconf 89' lang='lat' dir='ltr'><strong>et</strong></span> <span class='ocrx_word' id='word_1_501' title='bbox 3219 1286 3545 1357; x_wconf 81' lang='lat' dir='ltr'><strong>superveniat</strong></span> 
     </span>
    </p>
   </div>
   <div class='ocr_carea' id='block_1_72' title="bbox 1905 1372 3546 1446">
    <p class='ocr_par' dir='ltr' id='par_1_72' title="bbox 1905 1372 3546 1446">
     <span class='ocr_line' id='line_1_72' title="bbox 1905 1372 3546 1446; baseline 0.001 -18"><span class='ocrx_word' id='word_1_502' title='bbox 1905 1392 1916 1413; x_wconf 73' lang='grc' dir='ltr'><strong><em>σ</em></strong></span> <span class='ocrx_word' id='word_1_503' title='bbox 1961 1374 2015 1428; x_wconf 82' lang='lat' dir='ltr'><strong>in</strong></span> <span class='ocrx_word' id='word_1_504' title='bbox 2044 1391 2130 1429; x_wconf 83' lang='lat' dir='ltr'><strong>vos</strong></span> <span class='ocrx_word' id='word_1_505' title='bbox 2158 1373 2267 1428; x_wconf 86' lang='lat' dir='ltr'><strong>dies</strong></span> <span class='ocrx_word' id='word_1_506' title='bbox 2294 1373 2387 1426; x_wconf 87' lang='lat' dir='ltr'><strong>illa</strong></span> <span class='ocrx_word' id='word_1_507' title='bbox 2413 1388 2431 1426; x_wconf 90' lang='lat'><strong><em>:</em></strong></span> <span class='ocrx_word' id='word_1_508' title='bbox 2464 1383 2716 1444; x_wconf 80' lang='lat' dir='ltr'><strong>tanquam</strong></span> <span class='ocrx_word' id='word_1_509' title='bbox 2742 1372 2957 1445; x_wconf 87' lang='lat' dir='ltr'><strong>laqueus</strong></span> <span class='ocrx_word' id='word_1_510' title='bbox 2983 1374 3120 1429; x_wconf 87' lang='lat' dir='ltr'><strong>enim</strong></span> <span class='ocrx_word' id='word_1_511' title='bbox 3144 1375 3463 1446; x_wconf 77' lang='lat' dir='ltr'><strong>superveniet</strong></span> <span class='ocrx_word' id='word_1_512' title='bbox 3491 1374 3546 1430; x_wconf 87' lang='lat' dir='ltr'><strong>in</strong></span> 
     </span>
    </p>
   </div>
   <div class='ocr_carea' id='block_1_73' title="bbox 1961 1464 3434 1534">
    <p class='ocr_par' dir='ltr' id='par_1_73' title="bbox 1961 1464 3434 1534">
     <span class='ocr_line' id='line_1_73' title="bbox 1961 1464 3434 1534; baseline 0.001 -16"><span class='ocrx_word' id='word_1_513' title='bbox 1961 1481 2141 1519; x_wconf 87' lang='lat' dir='ltr'><strong>omnes</strong></span> <span class='ocrx_word' id='word_1_514' title='bbox 2170 1465 2258 1528; x_wconf 85' lang='lat' dir='ltr'><strong>qui</strong></span> <span class='ocrx_word' id='word_1_515' title='bbox 2289 1464 2463 1518; x_wconf 86' lang='lat' dir='ltr'><strong>sedent</strong></span> <span class='ocrx_word' id='word_1_516' title='bbox 2494 1481 2652 1534; x_wconf 84' lang='lat' dir='ltr'><strong>super</strong></span> <span class='ocrx_word' id='word_1_517' title='bbox 2679 1464 2873 1533; x_wconf 75' lang='lat' dir='ltr'><strong>faciem</strong></span> <span class='ocrx_word' id='word_1_518' title='bbox 2901 1466 3069 1519; x_wconf 86' lang='lat' dir='ltr'><strong>omnis</strong></span> <span class='ocrx_word' id='word_1_519' title='bbox 3099 1474 3252 1520; x_wconf 76' lang='lat' dir='ltr'><strong>terra&#39;</strong></span> <span class='ocrx_word' id='word_1_520' title='bbox 3273 1506 3287 1531; x_wconf 93' lang='lat'><strong>,</strong></span> <span class='ocrx_word' id='word_1_521' title='bbox 3328 1468 3434 1519; x_wconf 75' lang='lat' dir='ltr'><strong>etc.</strong></span> 
     </span>
    </p>
   </div>
   <div class='ocr_carea' id='block_1_74' title="bbox 2030 1555 3545 1625">
    <p class='ocr_par' dir='ltr' id='par_1_74' title="bbox 2030 1555 3545 1625">
     <span class='ocr_line' id='line_1_74' title="bbox 2030 1555 3545 1625; baseline -0.001 -14"><span class='ocrx_word' id='word_1_522' title='bbox 2030 1555 2076 1611; x_wconf 90' lang='grc' dir='ltr'><strong>Ο</strong></span> <span class='ocrx_word' id='word_1_523' title='bbox 2109 1556 2271 1611; x_wconf 88' lang='lat' dir='ltr'><strong>stulta</strong></span> <span class='ocrx_word' id='word_1_524' title='bbox 2307 1557 2655 1625; x_wconf 67' lang='lat' dir='ltr'><strong>praesumptio</strong></span> <span class='ocrx_word' id='word_1_525' title='bbox 2686 1556 2865 1612; x_wconf 89' lang='lat' dir='ltr'><strong>cordis</strong></span> <span class='ocrx_word' id='word_1_526' title='bbox 2896 1557 3148 1623; x_wconf 88' lang='lat' dir='ltr'><strong>humani,</strong></span> <span class='ocrx_word' id='word_1_527' title='bbox 3180 1574 3302 1613; x_wconf 92' lang='lat' dir='ltr'><strong>cum</strong></span> <span class='ocrx_word' id='word_1_528' title='bbox 3339 1557 3545 1612; x_wconf 90' lang='lat' dir='ltr'><strong>lamen-</strong></span> 
     </span>
    </p>
   </div>
   <div class='ocr_carea' id='block_1_75' title="bbox 1962 1650 3547 1721">
    <p class='ocr_par' dir='ltr' id='par_1_75' title="bbox 1962 1650 3547 1721">
     <span class='ocr_line' id='line_1_75' title="bbox 1962 1650 3547 1721; baseline 0 -17"><span class='ocrx_word' id='word_1_529' title='bbox 1962 1650 2179 1705; x_wconf 89' lang='lat' dir='ltr'><strong>tabilem</strong></span> <span class='ocrx_word' id='word_1_530' title='bbox 2214 1650 2371 1703; x_wconf 88' lang='lat' dir='ltr'><strong>linem</strong></span> <span class='ocrx_word' id='word_1_531' title='bbox 2403 1650 2715 1720; x_wconf 88' lang='lat' dir='ltr'><strong>cupiditatis</strong></span> <span class='ocrx_word' id='word_1_532' title='bbox 2736 1691 2750 1716; x_wconf 91' lang='lat'><strong>,</strong></span> <span class='ocrx_word' id='word_1_533' title='bbox 2782 1650 3063 1705; x_wconf 88' lang='lat' dir='ltr'><strong>ebrietatis</strong></span> <span class='ocrx_word' id='word_1_534' title='bbox 3090 1659 3146 1705; x_wconf 89' lang='lat' dir='ltr'><strong>et</strong></span> <span class='ocrx_word' id='word_1_535' title='bbox 3175 1650 3407 1721; x_wconf 66' lang='lat' dir='ltr'><strong>crapulae</strong></span> <span class='ocrx_word' id='word_1_536' title='bbox 3447 1665 3547 1705; x_wconf 90' lang='lat' dir='ltr'><strong>nec</strong></span> 
     </span>
    </p>
   </div>
   <div class='ocr_carea' id='block_1_76' title="bbox 1964 1730 3547 1813">
    <p class='ocr_par' dir='ltr' id='par_1_76' title="bbox 1964 1730 3547 1813">
     <span class='ocr_line' id='line_1_76' title="bbox 1964 1730 3547 1813; baseline 0 -17"><span class='ocrx_word' id='word_1_537' title='bbox 1964 1743 2079 1813; x_wconf 84' lang='lat' dir='ltr'><strong>ipso</strong></span> <span class='ocrx_word' id='word_1_538' title='bbox 2101 1741 2284 1811; x_wconf 87' lang='lat' dir='ltr'><strong>judice</strong></span> <span class='ocrx_word' id='word_1_539' title='bbox 2308 1730 2647 1797; x_wconf 83' lang='lat' dir='ltr'><strong>contestante</strong></span> <span class='ocrx_word' id='word_1_540' title='bbox 2674 1741 2995 1811; x_wconf 66' lang='lat' dir='ltr'><strong>prtevideat,</strong></span> <span class='ocrx_word' id='word_1_541' title='bbox 3022 1742 3116 1797; x_wconf 84' lang='lat' dir='ltr'><strong>sed</strong></span> <span class='ocrx_word' id='word_1_542' title='bbox 3143 1742 3376 1796; x_wconf 86' lang='lat' dir='ltr'><strong>edictum</strong></span> <span class='ocrx_word' id='word_1_543' title='bbox 3403 1741 3547 1812; x_wconf 84' lang='lat' dir='ltr'><strong>regis</strong></span> 
     </span>
    </p>
   </div>
   <div class='ocr_carea' id='block_1_77' title="bbox 1963 1834 3550 1904">
    <p class='ocr_par' dir='ltr' id='par_1_77' title="bbox 1963 1834 3550 1904">
     <span class='ocr_line' id='line_1_77' title="bbox 1963 1834 3550 1904; baseline -0.003 -13"><span class='ocrx_word' id='word_1_544' title='bbox 1963 1835 2153 1891; x_wconf 60' lang='lat' dir='ltr'><strong>aeterni</strong></span> <span class='ocrx_word' id='word_1_545' title='bbox 2185 1850 2337 1890; x_wconf 88' lang='lat' dir='ltr'><strong>more</strong></span> <span class='ocrx_word' id='word_1_546' title='bbox 2368 1835 2509 1889; x_wconf 88' lang='lat' dir='ltr'><strong>servi</strong></span> <span class='ocrx_word' id='word_1_547' title='bbox 2537 1849 2770 1903; x_wconf 89' lang='lat' dir='ltr'><strong>nequam</strong></span> <span class='ocrx_word' id='word_1_548' title='bbox 2801 1842 3086 1904; x_wconf 87' lang='lat' dir='ltr'><strong>postquam</strong></span> <span class='ocrx_word' id='word_1_549' title='bbox 3117 1834 3368 1891; x_wconf 90' lang='lat' dir='ltr'><strong>didicerit</strong></span> <span class='ocrx_word' id='word_1_550' title='bbox 3396 1849 3550 1904; x_wconf 88' lang='lat' dir='ltr'><strong>sper-</strong></span> 
     </span>
    </p>
   </div>
   <div class='ocr_carea' id='block_1_78' title="bbox 1960 1925 3545 1996">
    <p class='ocr_par' dir='ltr' id='par_1_78' title="bbox 1960 1925 3545 1996">
     <span class='ocr_line' id='line_1_78' title="bbox 1960 1925 3545 1996; baseline -0.001 -15"><span class='ocrx_word' id='word_1_551' title='bbox 1960 1928 2084 1982; x_wconf 87' lang='lat' dir='ltr'><strong>nat!</strong></span> <span class='ocrx_word' id='word_1_552' title='bbox 2126 1925 2194 1980; x_wconf 87' lang='lat' dir='ltr'><strong>Et</strong></span> <span class='ocrx_word' id='word_1_553' title='bbox 2224 1934 2375 1981; x_wconf 82' lang='lat' dir='ltr'><strong>certe</strong></span> <span class='ocrx_word' id='word_1_554' title='bbox 2409 1925 2457 1980; x_wconf 90' lang='lat' dir='ltr'><strong>si</strong></span> <span class='ocrx_word' id='word_1_555' title='bbox 2485 1925 2608 1995; x_wconf 90' lang='lat' dir='ltr'><strong>quis</strong></span> <span class='ocrx_word' id='word_1_556' title='bbox 2644 1925 2802 1980; x_wconf 89' lang='lat' dir='ltr'><strong>nobis</strong></span> <span class='ocrx_word' id='word_1_557' title='bbox 2835 1926 3042 1996; x_wconf 89' lang='lat' dir='ltr'><strong>peritus</strong></span> <span class='ocrx_word' id='word_1_558' title='bbox 3079 1941 3143 1979; x_wconf 90' lang='lat' dir='ltr'><strong>ac</strong></span> <span class='ocrx_word' id='word_1_559' title='bbox 3177 1925 3394 1994; x_wconf 87' lang='lat' dir='ltr'><strong>sapiens</strong></span> <span class='ocrx_word' id='word_1_560' title='bbox 3429 1940 3545 1979; x_wconf 88' lang='lat' dir='ltr'><strong>me-</strong></span> 
     </span>
    </p>
   </div>
   <div class='ocr_carea' id='block_1_79' title="bbox 1960 2015 3549 2085">
    <p class='ocr_par' dir='ltr' id='par_1_79' title="bbox 1960 2015 3549 2085">
     <span class='ocr_line' id='line_1_79' title="bbox 1960 2015 3549 2085; baseline 0 -15"><span class='ocrx_word' id='word_1_561' title='bbox 1960 2017 2111 2071; x_wconf 90' lang='lat' dir='ltr'><strong>dicus</strong></span> <span class='ocrx_word' id='word_1_562' title='bbox 2149 2017 2221 2070; x_wconf 90' lang='lat' dir='ltr'><strong>ita</strong></span> <span class='ocrx_word' id='word_1_563' title='bbox 2258 2016 2577 2085; x_wconf 66' lang='lat' dir='ltr'><strong>praeciperet</strong></span> <span class='ocrx_word' id='word_1_564' title='bbox 2608 2033 2621 2069; x_wconf 92' lang='lat'><strong>:</strong></span> <span class='ocrx_word' id='word_1_565' title='bbox 2652 2015 2947 2080; x_wconf 86' lang='lat' dir='ltr'><strong>Attendite,</strong></span> <span class='ocrx_word' id='word_1_566' title='bbox 2977 2015 3244 2085; x_wconf 88' lang='lat' dir='ltr'><strong>inquiens,</strong></span> <span class='ocrx_word' id='word_1_567' title='bbox 3273 2015 3440 2078; x_wconf 79' lang='lat' dir='ltr'><strong>vobis,</strong></span> <span class='ocrx_word' id='word_1_568' title='bbox 3479 2030 3549 2070; x_wconf 93' lang='lat' dir='ltr'><strong>ne</strong></span> 
     </span>
    </p>
   </div>
   <div class='ocr_carea' id='block_1_80' title="bbox 1960 2090 3545 2175">
    <p class='ocr_par' dir='ltr' id='par_1_80' title="bbox 1960 2090 3545 2175">
     <span class='ocr_line' id='line_1_80' title="bbox 1960 2090 3545 2175; baseline 0.001 -16"><span class='ocrx_word' id='word_1_569' title='bbox 1960 2106 2083 2175; x_wconf 88' lang='lat' dir='ltr'><strong>quis</strong></span> <span class='ocrx_word' id='word_1_570' title='bbox 2109 2104 2257 2160; x_wconf 89' lang='lat' dir='ltr'><strong>verbi</strong></span> <span class='ocrx_word' id='word_1_571' title='bbox 2288 2105 2464 2175; x_wconf 80' lang='lat' dir='ltr'><strong>gratia</strong></span> <span class='ocrx_word' id='word_1_572' title='bbox 2494 2105 2560 2159; x_wconf 90' lang='lat' dir='ltr'><strong>de</strong></span> <span class='ocrx_word' id='word_1_573' title='bbox 2595 2105 2739 2160; x_wconf 90' lang='lat' dir='ltr'><strong>illius</strong></span> <span class='ocrx_word' id='word_1_574' title='bbox 2771 2113 2825 2161; x_wconf 88' lang='lat' dir='ltr'><strong>et</strong></span> <span class='ocrx_word' id='word_1_575' title='bbox 2852 2105 2999 2160; x_wconf 86' lang='lat' dir='ltr'><strong>illius</strong></span> <span class='ocrx_word' id='word_1_576' title='bbox 3029 2090 3211 2160; x_wconf 76' lang='lat' dir='ltr'><strong>herba:</strong></span> <span class='ocrx_word' id='word_1_577' title='bbox 3240 2120 3399 2160; x_wconf 90' lang='lat' dir='ltr'><strong>succo</strong></span> <span class='ocrx_word' id='word_1_578' title='bbox 3427 2105 3545 2160; x_wconf 85' lang='lat' dir='ltr'><strong>avi-</strong></span> 
     </span>
    </p>
   </div>
   <div class='ocr_carea' id='block_1_81' title="bbox 1960 2196 3549 2268">
    <p class='ocr_par' dir='ltr' id='par_1_81' title="bbox 1960 2196 3549 2268">
     <span class='ocr_line' id='line_1_81' title="bbox 1960 2196 3549 2268; baseline -0.002 -13"><span class='ocrx_word' id='word_1_579' title='bbox 1960 2200 2080 2255; x_wconf 88' lang='lat' dir='ltr'><strong>dius</strong></span> <span class='ocrx_word' id='word_1_580' title='bbox 2113 2196 2325 2261; x_wconf 82' lang='lat' dir='ltr'><strong>sumat,</strong></span> <span class='ocrx_word' id='word_1_581' title='bbox 2361 2197 2507 2268; x_wconf 90' lang='lat' dir='ltr'><strong>quod</strong></span> <span class='ocrx_word' id='word_1_582' title='bbox 2545 2197 2591 2252; x_wconf 91' lang='lat' dir='ltr'><strong>si</strong></span> <span class='ocrx_word' id='word_1_583' title='bbox 2632 2197 2822 2252; x_wconf 79' lang='lat' dir='ltr'><strong>fecerit</strong></span> <span class='ocrx_word' id='word_1_584' title='bbox 2851 2196 3169 2268; x_wconf 82' lang='lat' dir='ltr'><strong>repentinus</strong></span> <span class='ocrx_word' id='word_1_585' title='bbox 3206 2198 3254 2251; x_wconf 88' lang='lat' dir='ltr'><strong>ei</strong></span> <span class='ocrx_word' id='word_1_586' title='bbox 3292 2213 3549 2267; x_wconf 85' lang='lat' dir='ltr'><strong>superve-</strong></span> 
     </span>
    </p>
   </div>
   <div class='ocr_carea' id='block_1_82' title="bbox 1960 2287 3547 2358">
    <p class='ocr_par' dir='ltr' id='par_1_82' title="bbox 1960 2287 3547 2358">
     <span class='ocr_line' id='line_1_82' title="bbox 1960 2287 3547 2358; baseline -0.001 -14"><span class='ocrx_word' id='word_1_587' title='bbox 1960 2290 2081 2345; x_wconf 78' lang='lat' dir='ltr'><strong>niet.</strong></span> <span class='ocrx_word' id='word_1_588' title='bbox 2110 2288 2366 2343; x_wconf 88' lang='lat' dir='ltr'><strong>interitus</strong></span> <span class='ocrx_word' id='word_1_589' title='bbox 2392 2330 2406 2354; x_wconf 94' lang='lat'><strong>,</strong></span> <span class='ocrx_word' id='word_1_590' title='bbox 2445 2296 2651 2358; x_wconf 88' lang='lat' dir='ltr'><strong>quanto</strong></span> <span class='ocrx_word' id='word_1_591' title='bbox 2687 2287 2917 2358; x_wconf 90' lang='lat' dir='ltr'><strong>quisque</strong></span> <span class='ocrx_word' id='word_1_592' title='bbox 2951 2288 3129 2344; x_wconf 90' lang='lat' dir='ltr'><strong>studio</strong></span> <span class='ocrx_word' id='word_1_593' title='bbox 3162 2289 3547 2358; x_wconf 72' lang='lat' dir='ltr'><strong>prtemonentis</strong></span> 
     </span>
    </p>
   </div>
   <div class='ocr_carea' id='block_1_83' title="bbox 1960 2381 3547 2450">
    <p class='ocr_par' dir='ltr' id='par_1_83' title="bbox 1960 2381 3547 2450">
     <span class='ocr_line' id='line_1_83' title="bbox 1960 2381 3547 2450; baseline -0.003 -13"><span class='ocrx_word' id='word_1_594' title='bbox 1960 2383 2158 2438; x_wconf 87' lang='lat' dir='ltr'><strong>medici</strong></span> <span class='ocrx_word' id='word_1_595' title='bbox 2196 2381 2450 2436; x_wconf 85' lang='lat' dir='ltr'><strong>mandata</strong></span> <span class='ocrx_word' id='word_1_596' title='bbox 2488 2390 2760 2447; x_wconf 86' lang='lat' dir='ltr'><strong>servaret,</strong></span> <span class='ocrx_word' id='word_1_597' title='bbox 2801 2395 2869 2435; x_wconf 90' lang='lat' dir='ltr'><strong>ne</strong></span> <span class='ocrx_word' id='word_1_598' title='bbox 2904 2381 3152 2436; x_wconf 84' lang='lat' dir='ltr'><strong>videlicet</strong></span> <span class='ocrx_word' id='word_1_599' title='bbox 3192 2381 3416 2435; x_wconf 82' lang='lat' dir='ltr'><strong>vetitum</strong></span> <span class='ocrx_word' id='word_1_600' title='bbox 3452 2388 3547 2450; x_wconf 55' lang='grc' dir='ltr'><strong>ἕως</strong></span> 
     </span>
    </p>
   </div>
   <div class='ocr_carea' id='block_1_84' title="bbox 1960 2472 3548 2544">
    <p class='ocr_par' dir='ltr' id='par_1_84' title="bbox 1960 2472 3548 2544">
     <span class='ocr_line' id='line_1_84' title="bbox 1960 2472 3548 2544; baseline -0.001 -15"><span class='ocrx_word' id='word_1_601' title='bbox 1960 2475 2156 2529; x_wconf 88' lang='lat' dir='ltr'><strong>stando</strong></span> <span class='ocrx_word' id='word_1_602' title='bbox 2206 2473 2436 2544; x_wconf 83' lang='lat' dir='ltr'><strong>periret!</strong></span> <span class='ocrx_word' id='word_1_603' title='bbox 2479 2472 2548 2526; x_wconf 82' lang='lat' dir='ltr'><strong>At</strong></span> <span class='ocrx_word' id='word_1_604' title='bbox 2598 2489 2757 2529; x_wconf 69' lang='lat' dir='ltr'><strong>nunc</strong></span> <span class='ocrx_word' id='word_1_605' title='bbox 2785 2473 3090 2531; x_wconf 88' lang='lat' dir='ltr'><strong>animarum</strong></span> <span class='ocrx_word' id='word_1_606' title='bbox 3128 2473 3287 2528; x_wconf 89' lang='lat' dir='ltr'><strong>simul</strong></span> <span class='ocrx_word' id='word_1_607' title='bbox 3328 2481 3382 2526; x_wconf 90' lang='lat' dir='ltr'><strong>et</strong></span> <span class='ocrx_word' id='word_1_608' title='bbox 3423 2488 3548 2529; x_wconf 88' lang='lat' dir='ltr'><strong>cor-</strong></span> 
     </span>
    </p>
   </div>
   <div class='ocr_carea' id='block_1_85' title="bbox 1960 2563 3547 2637">
    <p class='ocr_par' dir='ltr' id='par_1_85' title="bbox 1960 2563 3547 2637">
     <span class='ocr_line' id='line_1_85' title="bbox 1960 2563 3547 2637; baseline -0.003 -17"><span class='ocrx_word' id='word_1_609' title='bbox 1960 2580 2152 2637; x_wconf 92' lang='lat' dir='ltr'><strong>porum</strong></span> <span class='ocrx_word' id='word_1_610' title='bbox 2187 2564 2427 2620; x_wconf 88' lang='lat' dir='ltr'><strong>salvator</strong></span> <span class='ocrx_word' id='word_1_611' title='bbox 2455 2580 2519 2618; x_wconf 90' lang='lat' dir='ltr'><strong>ac</strong></span> <span class='ocrx_word' id='word_1_612' title='bbox 2548 2563 2808 2620; x_wconf 91' lang='lat' dir='ltr'><strong>Dominus</strong></span> <span class='ocrx_word' id='word_1_613' title='bbox 2831 2563 2986 2634; x_wconf 86' lang='lat' dir='ltr'><strong>jubet</strong></span> <span class='ocrx_word' id='word_1_614' title='bbox 3015 2564 3292 2620; x_wconf 78' lang='lat' dir='ltr'><strong>ebrietatis</strong></span> <span class='ocrx_word' id='word_1_615' title='bbox 3323 2563 3547 2623; x_wconf 81' lang='lat' dir='ltr'><strong>herbam</strong></span> 
     </span>
    </p>
   </div>
   <div class='ocr_carea' id='block_1_86' title="bbox 1960 2652 3547 2727">
    <p class='ocr_par' dir='ltr' id='par_1_86' title="bbox 1960 2652 3547 2727">
     <span class='ocr_line' id='line_1_86' title="bbox 1960 2652 3547 2727; baseline -0.003 -16"><span class='ocrx_word' id='word_1_616' title='bbox 1960 2665 2016 2711; x_wconf 86' lang='lat' dir='ltr'><strong>et</strong></span> <span class='ocrx_word' id='word_1_617' title='bbox 2069 2655 2302 2727; x_wconf 73' lang='lat' dir='ltr'><strong>crapula:</strong></span> <span class='ocrx_word' id='word_1_618' title='bbox 2353 2655 2662 2721; x_wconf 88' lang='lat' dir='ltr'><strong>vitandam,</strong></span> <span class='ocrx_word' id='word_1_619' title='bbox 2719 2670 2820 2710; x_wconf 89' lang='lat' dir='ltr'><strong>nec</strong></span> <span class='ocrx_word' id='word_1_620' title='bbox 2870 2670 2975 2710; x_wconf 90' lang='lat' dir='ltr'><strong>non</strong></span> <span class='ocrx_word' id='word_1_621' title='bbox 3024 2669 3274 2710; x_wconf 90' lang='lat' dir='ltr'><strong>curarum</strong></span> <span class='ocrx_word' id='word_1_622' title='bbox 3328 2652 3547 2708; x_wconf 68' lang='lat' dir='ltr'><strong>secula-</strong></span> 
     </span>
    </p>
   </div>
   <div class='ocr_carea' id='block_1_87' title="bbox 1961 2746 3549 2814">
    <p class='ocr_par' dir='ltr' id='par_1_87' title="bbox 1961 2746 3549 2814">
     <span class='ocr_line' id='line_1_87' title="bbox 1961 2746 3549 2814; baseline -0.002 -11"><span class='ocrx_word' id='word_1_623' title='bbox 1961 2750 2132 2814; x_wconf 86' lang='lat' dir='ltr'><strong>rium,</strong></span> <span class='ocrx_word' id='word_1_624' title='bbox 2178 2748 2325 2803; x_wconf 90' lang='lat' dir='ltr'><strong>velut</strong></span> <span class='ocrx_word' id='word_1_625' title='bbox 2368 2746 2675 2804; x_wconf 82' lang='lat' dir='ltr'><strong>mortiferos</strong></span> <span class='ocrx_word' id='word_1_626' title='bbox 2721 2762 2912 2804; x_wconf 90' lang='lat' dir='ltr'><strong>succos</strong></span> <span class='ocrx_word' id='word_1_627' title='bbox 2957 2762 3081 2803; x_wconf 89' lang='lat' dir='ltr'><strong>esse</strong></span> <span class='ocrx_word' id='word_1_628' title='bbox 3130 2746 3403 2803; x_wconf 86' lang='lat' dir='ltr'><strong>cavendos</strong></span> <span class='ocrx_word' id='word_1_629' title='bbox 3431 2786 3446 2811; x_wconf 86' lang='lat'><strong>,</strong></span> <span class='ocrx_word' id='word_1_630' title='bbox 3494 2752 3549 2800; x_wconf 87' lang='lat' dir='ltr'><strong>et</strong></span> 
     </span>
    </p>
   </div>
   <div class='ocr_carea' id='block_1_88' title="bbox 1962 2828 3547 2913">
    <p class='ocr_par' dir='ltr' id='par_1_88' title="bbox 1962 2828 3547 2913">
     <span class='ocr_line' id='line_1_88' title="bbox 1962 2828 3547 2913; baseline -0.003 -18"><span class='ocrx_word' id='word_1_631' title='bbox 1962 2841 2150 2913; x_wconf 82' lang='lat' dir='ltr'><strong>quanti</strong></span> <span class='ocrx_word' id='word_1_632' title='bbox 2191 2828 2371 2895; x_wconf 87' lang='lat' dir='ltr'><strong>tamen</strong></span> <span class='ocrx_word' id='word_1_633' title='bbox 2412 2850 2660 2896; x_wconf 88' lang='lat' dir='ltr'><strong>nostrum</strong></span> <span class='ocrx_word' id='word_1_634' title='bbox 2699 2841 2785 2896; x_wconf 88' lang='lat' dir='ltr'><strong>his</strong></span> <span class='ocrx_word' id='word_1_635' title='bbox 2818 2855 2922 2894; x_wconf 89' lang='lat' dir='ltr'><strong>non</strong></span> <span class='ocrx_word' id='word_1_636' title='bbox 2954 2840 3128 2895; x_wconf 89' lang='lat' dir='ltr'><strong>solum</strong></span> <span class='ocrx_word' id='word_1_637' title='bbox 3157 2838 3426 2903; x_wconf 88' lang='lat' dir='ltr'><strong>sauciari,</strong></span> <span class='ocrx_word' id='word_1_638' title='bbox 3455 2838 3547 2893; x_wconf 72' lang='lat' dir='ltr'><strong>sei</strong></span> 
     </span>
    </p>
   </div>
   <div class='ocr_carea' id='block_1_89' title="bbox 1962 2914 3546 2990">
    <p class='ocr_par' dir='ltr' id='par_1_89' title="bbox 1962 2914 3546 2990">
     <span class='ocr_line' id='line_1_89' title="bbox 1962 2914 3546 2990; baseline -0.005 0"><span class='ocrx_word' id='word_1_639' title='bbox 1962 2944 2018 2990; x_wconf 89' lang='lat' dir='ltr'><strong>et</strong></span> <span class='ocrx_word' id='word_1_640' title='bbox 2070 2934 2233 2989; x_wconf 90' lang='lat' dir='ltr'><strong>etiam</strong></span> <span class='ocrx_word' id='word_1_641' title='bbox 2292 2933 2538 2988; x_wconf 88' lang='lat' dir='ltr'><strong>consumi</strong></span> <span class='ocrx_word' id='word_1_642' title='bbox 2593 2942 2719 2987; x_wconf 81' lang='lat' dir='ltr'><strong>non‘</strong></span> <span class='ocrx_word' id='word_1_643' title='bbox 2754 2931 2978 2986; x_wconf 85' lang='lat' dir='ltr'><strong>timent!</strong></span> <span class='ocrx_word' id='word_1_644' title='bbox 3022 2914 3176 2984; x_wconf 69' lang='lat' dir='ltr'><strong>Nulla</strong></span> <span class='ocrx_word' id='word_1_645' title='bbox 3232 2929 3394 2985; x_wconf 87' lang='lat' dir='ltr'><strong>credo</strong></span> <span class='ocrx_word' id='word_1_646' title='bbox 3445 2927 3546 2982; x_wconf 85' lang='lat' dir='ltr'><strong>alia</strong></span> 
     </span>
    </p>
   </div>
   <div class='ocr_carea' id='block_1_90' title="bbox 1961 3019 3548 3094">
    <p class='ocr_par' dir='ltr' id='par_1_90' title="bbox 1961 3019 3548 3094">
     <span class='ocr_line' id='line_1_90' title="bbox 1961 3019 3548 3094; baseline -0.004 -14"><span class='ocrx_word' id='word_1_647' title='bbox 1961 3040 2124 3080; x_wconf 74' lang='lat' dir='ltr'><strong>eausa</strong></span> <span class='ocrx_word' id='word_1_648' title='bbox 2155 3024 2261 3079; x_wconf 87' lang='lat' dir='ltr'><strong>nisi</strong></span> <span class='ocrx_word' id='word_1_649' title='bbox 2291 3023 2417 3093; x_wconf 87' lang='lat' dir='ltr'><strong>quia</strong></span> <span class='ocrx_word' id='word_1_650' title='bbox 2456 3022 2616 3078; x_wconf 85' lang='lat' dir='ltr'><strong>ﬁdem</strong></span> <span class='ocrx_word' id='word_1_651' title='bbox 2647 3037 2807 3094; x_wconf 87' lang='lat' dir='ltr'><strong>quam</strong></span> <span class='ocrx_word' id='word_1_652' title='bbox 2842 3021 3064 3076; x_wconf 86' lang='lat' dir='ltr'><strong>medicis</strong></span> <span class='ocrx_word' id='word_1_653' title='bbox 3091 3022 3363 3092; x_wconf 78' lang='lat' dir='ltr'><strong>praebent,</strong></span> <span class='ocrx_word' id='word_1_654' title='bbox 3394 3019 3548 3074; x_wconf 77' lang='lat' dir='ltr'><strong>dictis</strong></span> 
     </span>
    </p>
   </div>
   <div class='ocr_carea' id='block_1_91' title="bbox 1885 3110 3549 3204">
    <p class='ocr_par' dir='ltr' id='par_1_91' title="bbox 1885 3110 3549 3204">
     <span class='ocr_line' id='line_1_91' title="bbox 1885 3110 3549 3204; baseline -0.007 -30"><span class='ocrx_word' id='word_1_655' title='bbox 1885 3143 1930 3204; x_wconf 65' lang='grc' dir='ltr'><strong>ρ</strong></span> <span class='ocrx_word' id='word_1_656' title='bbox 1963 3117 2176 3173; x_wconf 91' lang='lat' dir='ltr'><strong>Domini</strong></span> <span class='ocrx_word' id='word_1_657' title='bbox 2217 3117 2461 3191; x_wconf 65' lang='lat' dir='ltr'><strong>pratbere</strong></span> <span class='ocrx_word' id='word_1_658' title='bbox 2498 3124 2866 3171; x_wconf 88' lang='lat' dir='ltr'><strong>contemnunt.</strong></span> <span class='ocrx_word' id='word_1_659' title='bbox 2898 3113 2955 3169; x_wconf 90' lang='lat' dir='ltr'><strong>Si</strong></span> <span class='ocrx_word' id='word_1_660' title='bbox 2983 3113 3125 3168; x_wconf 88' lang='lat' dir='ltr'><strong>enim</strong></span> <span class='ocrx_word' id='word_1_661' title='bbox 3167 3110 3549 3174; x_wconf 87' lang='lat' dir='ltr'><strong>credidissent,</strong></span> 
     </span>
    </p>
   </div>
   <div class='ocr_carea' id='block_1_92' title="bbox 1962 3203 3554 3278">
    <p class='ocr_par' dir='ltr' id='par_1_92' title="bbox 1962 3203 3554 3278">
     <span class='ocr_line' id='line_1_92' title="bbox 1962 3203 3554 3278; baseline -0.006 -14"><span class='ocrx_word' id='word_1_662' title='bbox 1962 3209 2232 3265; x_wconf 81' lang='lat' dir='ltr'><strong>credendo</strong></span> <span class='ocrx_word' id='word_1_663' title='bbox 2259 3209 2445 3278; x_wconf 87' lang='lat' dir='ltr'><strong>utique</strong></span> <span class='ocrx_word' id='word_1_664' title='bbox 2473 3209 2745 3271; x_wconf 79' lang='lat' dir='ltr'><strong>timerent;</strong></span> <span class='ocrx_word' id='word_1_665' title='bbox 2769 3206 3010 3261; x_wconf 86' lang='lat' dir='ltr'><strong>timendo</strong></span> <span class='ocrx_word' id='word_1_666' title='bbox 3026 3213 3206 3258; x_wconf 87' lang='lat' dir='ltr'><strong>autem</strong></span> <span class='ocrx_word' id='word_1_667' title='bbox 3236 3203 3554 3271; x_wconf 86' lang='lat' dir='ltr'><strong>impendens</strong></span> 
     </span>
    </p>
   </div>
   <div class='ocr_carea' id='block_1_93' title="bbox 1959 3292 3552 3370">
    <p class='ocr_par' dir='ltr' id='par_1_93' title="bbox 1959 3292 3552 3370">
     <span class='ocr_line' id='line_1_93' title="bbox 1959 3292 3552 3370; baseline -0.005 -15"><span class='ocrx_word' id='word_1_668' title='bbox 1959 3300 2260 3370; x_wconf 90' lang='lat' dir='ltr'><strong>periculum</strong></span> <span class='ocrx_word' id='word_1_669' title='bbox 2297 3308 2581 3365; x_wconf 90' lang='lat' dir='ltr'><strong>caverent;</strong></span> <span class='ocrx_word' id='word_1_670' title='bbox 2641 3298 2735 3353; x_wconf 89' lang='lat' dir='ltr'><strong>sed</strong></span> <span class='ocrx_word' id='word_1_671' title='bbox 2788 3297 2862 3351; x_wconf 91' lang='lat' dir='ltr'><strong>illi</strong></span> <span class='ocrx_word' id='word_1_672' title='bbox 2918 3312 2951 3352; x_wconf 93' lang='lat' dir='ltr'><strong>e</strong></span> <span class='ocrx_word' id='word_1_673' title='bbox 2999 3304 3190 3351; x_wconf 88' lang='lat' dir='ltr'><strong>contra</strong></span> <span class='ocrx_word' id='word_1_674' title='bbox 3249 3292 3552 3363; x_wconf 75' lang='lat' dir='ltr'><strong>torpendo,</strong></span> 
     </span>
    </p>
   </div>
   <div class='ocr_carea' id='block_1_94' title="bbox 1962 3385 3554 3463">
    <p class='ocr_par' dir='ltr' id='par_1_94' title="bbox 1962 3385 3554 3463">
     <span class='ocr_line' id='line_1_94' title="bbox 1962 3385 3554 3463; baseline -0.006 -16"><span class='ocrx_word' id='word_1_675' title='bbox 1962 3408 2122 3463; x_wconf 90' lang='lat' dir='ltr'><strong>quam</strong></span> <span class='ocrx_word' id='word_1_676' title='bbox 2160 3390 2307 3460; x_wconf 86' lang='lat' dir='ltr'><strong>juste</strong></span> <span class='ocrx_word' id='word_1_677' title='bbox 2348 3392 2551 3445; x_wconf 89' lang='lat' dir='ltr'><strong>dictum</strong></span> <span class='ocrx_word' id='word_1_678' title='bbox 2594 3390 2662 3455; x_wconf 88' lang='lat' dir='ltr'><strong>sit</strong></span> <span class='ocrx_word' id='word_1_679' title='bbox 2702 3390 2961 3459; x_wconf 83' lang='lat' dir='ltr'><strong>probant,</strong></span> <span class='ocrx_word' id='word_1_680' title='bbox 2999 3387 3165 3442; x_wconf 89' lang='lat' dir='ltr'><strong>Filius</strong></span> <span class='ocrx_word' id='word_1_681' title='bbox 3188 3385 3424 3441; x_wconf 83' lang='lat' dir='ltr'><strong>hominis</strong></span> <span class='ocrx_word' id='word_1_682' title='bbox 3462 3397 3554 3438; x_wconf 83' lang='lat' dir='ltr'><strong>ve-</strong></span> 
     </span>
    </p>
   </div>
   <div class='ocr_carea' id='block_1_95' title="bbox 1962 3472 3058 3554">
    <p class='ocr_par' dir='ltr' id='par_1_95' title="bbox 1962 3472 3058 3554">
     <span class='ocr_line' id='line_1_95' title="bbox 1962 3472 3058 3554; baseline -0.009 -12"><span class='ocrx_word' id='word_1_683' title='bbox 1962 3487 2116 3541; x_wconf 88' lang='lat' dir='ltr'><strong>niens</strong></span> <span class='ocrx_word' id='word_1_684' title='bbox 2145 3493 2305 3554; x_wconf 88' lang='lat' dir='ltr'><strong>putas</strong></span> <span class='ocrx_word' id='word_1_685' title='bbox 2335 3483 2574 3537; x_wconf 85' lang='lat' dir='ltr'><strong>inveniet</strong></span> <span class='ocrx_word' id='word_1_686' title='bbox 2598 3482 2757 3535; x_wconf 88' lang='lat' dir='ltr'><strong>ﬁdem</strong></span> <span class='ocrx_word' id='word_1_687' title='bbox 2789 3481 2842 3535; x_wconf 90' lang='lat' dir='ltr'><strong>in</strong></span> <span class='ocrx_word' id='word_1_688' title='bbox 2873 3472 3058 3535; x_wconf 67' lang='lat' dir='ltr'><strong>terra?</strong></span> 
     </span>
    </p>
   </div>
   <div class='ocr_carea' id='block_1_96' title="bbox 2046 3566 3551 3645">
    <p class='ocr_par' dir='ltr' id='par_1_96' title="bbox 2046 3566 3551 3645">
     <span class='ocr_line' id='line_1_96' title="bbox 2046 3566 3551 3645; baseline -0.005 -18"><span class='ocrx_word' id='word_1_689' title='bbox 2046 3573 2269 3645; x_wconf 83' lang='lat' dir='ltr'><strong>Vigilate</strong></span> <span class='ocrx_word' id='word_1_690' title='bbox 2317 3574 2492 3645; x_wconf 86' lang='lat' dir='ltr'><strong>itaque</strong></span> <span class='ocrx_word' id='word_1_691' title='bbox 2540 3573 2682 3626; x_wconf 89' lang='lat' dir='ltr'><strong>omni</strong></span> <span class='ocrx_word' id='word_1_692' title='bbox 2733 3581 2960 3641; x_wconf 86' lang='lat' dir='ltr'><strong>tempore</strong></span> <span class='ocrx_word' id='word_1_693' title='bbox 3005 3577 3252 3633; x_wconf 83' lang='lat' dir='ltr'><strong>orantes,</strong></span> <span class='ocrx_word' id='word_1_694' title='bbox 3301 3576 3356 3620; x_wconf 89' lang='lat' dir='ltr'><strong>ut</strong></span> <span class='ocrx_word' id='word_1_695' title='bbox 3404 3566 3551 3637; x_wconf 85' lang='lat' dir='ltr'><strong>digni</strong></span> 
     </span>
    </p>
   </div>
   <div class='ocr_carea' id='block_1_97' title="bbox 1962 3661 3551 3737">
    <p class='ocr_par' dir='ltr' id='par_1_97' title="bbox 1962 3661 3551 3737">
     <span class='ocr_line' id='line_1_97' title="bbox 1962 3661 3551 3737; baseline -0.007 -15"><span class='ocrx_word' id='word_1_696' title='bbox 1962 3667 2262 3722; x_wconf 77' lang='lat' dir='ltr'><strong>habeamini</strong></span> <span class='ocrx_word' id='word_1_697' title='bbox 2312 3667 2492 3737; x_wconf 78' lang='lat' dir='ltr'><strong>fugere</strong></span> <span class='ocrx_word' id='word_1_698' title='bbox 2540 3666 2641 3720; x_wconf 90' lang='lat' dir='ltr'><strong>ista</strong></span> <span class='ocrx_word' id='word_1_699' title='bbox 2689 3665 2865 3718; x_wconf 87' lang='lat' dir='ltr'><strong>omnia</strong></span> <span class='ocrx_word' id='word_1_700' title='bbox 2912 3678 3031 3732; x_wconf 72' lang='lat' dir='ltr'><strong>qua:</strong></span> <span class='ocrx_word' id='word_1_701' title='bbox 3077 3661 3260 3731; x_wconf 86' lang='lat' dir='ltr'><strong>futura</strong></span> <span class='ocrx_word' id='word_1_702' title='bbox 3300 3667 3455 3723; x_wconf 89' lang='lat' dir='ltr'><strong>sunt,</strong></span> <span class='ocrx_word' id='word_1_703' title='bbox 3502 3666 3551 3711; x_wconf 90' lang='lat' dir='ltr'><strong>et</strong></span> 
     </span>
    </p>
   </div>
   <div class='ocr_carea' id='block_1_98' title="bbox 1963 3750 3549 3826">
    <p class='ocr_par' dir='ltr' id='par_1_98' title="bbox 1963 3750 3549 3826">
     <span class='ocr_line' id='line_1_98' title="bbox 1963 3750 3549 3826; baseline -0.006 -14"><span class='ocrx_word' id='word_1_704' title='bbox 1963 3768 2104 3813; x_wconf 88' lang='lat' dir='ltr'><strong>stare</strong></span> <span class='ocrx_word' id='word_1_705' title='bbox 2145 3766 2266 3811; x_wconf 88' lang='lat' dir='ltr'><strong>ante</strong></span> <span class='ocrx_word' id='word_1_706' title='bbox 2306 3756 2477 3826; x_wconf 78' lang='lat' dir='ltr'><strong>ﬁlium</strong></span> <span class='ocrx_word' id='word_1_707' title='bbox 2521 3756 2766 3810; x_wconf 82' lang='lat' dir='ltr'><strong>hominis.</strong></span> <span class='ocrx_word' id='word_1_708' title='bbox 2814 3754 2917 3822; x_wconf 89' lang='lat' dir='ltr'><strong>Qui</strong></span> <span class='ocrx_word' id='word_1_709' title='bbox 2960 3760 3085 3808; x_wconf 84' lang='lat' dir='ltr'><strong>ante</strong></span> <span class='ocrx_word' id='word_1_710' title='bbox 3115 3751 3285 3805; x_wconf 83' lang='lat' dir='ltr'><strong>tilium</strong></span> <span class='ocrx_word' id='word_1_711' title='bbox 3313 3750 3549 3805; x_wconf 86' lang='lat' dir='ltr'><strong>hominis</strong></span> 
     </span>
    </p>
   </div>
   <div class='ocr_carea' id='block_1_99' title="bbox 1968 3840 3553 3918">
    <p class='ocr_par' dir='ltr' id='par_1_99' title="bbox 1968 3840 3553 3918">
     <span class='ocr_line' id='line_1_99' title="bbox 1968 3840 3553 3918; baseline -0.006 -14"><span class='ocrx_word' id='word_1_712' title='bbox 1968 3857 2115 3904; x_wconf 88' lang='lat' dir='ltr'><strong>stare</strong></span> <span class='ocrx_word' id='word_1_713' title='bbox 2135 3889 2149 3914; x_wconf 94' lang='lat'><strong>,</strong></span> <span class='ocrx_word' id='word_1_714' title='bbox 2180 3847 2341 3918; x_wconf 88' lang='lat' dir='ltr'><strong>eique</strong></span> <span class='ocrx_word' id='word_1_715' title='bbox 2360 3845 2518 3914; x_wconf 77' lang='lat' dir='ltr'><strong>juxta</strong></span> <span class='ocrx_word' id='word_1_716' title='bbox 2547 3845 2924 3917; x_wconf 80' lang='lat' dir='ltr'><strong>Apocalypsim</strong></span> <span class='ocrx_word' id='word_1_717' title='bbox 2965 3842 3189 3899; x_wconf 89' lang='lat' dir='ltr'><strong>Joannis</strong></span> <span class='ocrx_word' id='word_1_718' title='bbox 3230 3840 3317 3895; x_wconf 84' lang='lat' dir='ltr'><strong>die</strong></span> <span class='ocrx_word' id='word_1_719' title='bbox 3361 3848 3553 3895; x_wconf 85' lang='lat' dir='ltr'><strong>noctu-</strong></span> 
     </span>
    </p>
   </div>
   <div class='ocr_carea' id='block_1_100' title="bbox 1963 3924 3555 4007">
    <p class='ocr_par' dir='ltr' id='par_1_100' title="bbox 1963 3924 3555 4007">
     <span class='ocr_line' id='line_1_100' title="bbox 1963 3924 3555 4007; baseline -0.006 -16"><span class='ocrx_word' id='word_1_720' title='bbox 1963 3951 2067 4007; x_wconf 90' lang='lat' dir='ltr'><strong>que</strong></span> <span class='ocrx_word' id='word_1_721' title='bbox 2114 3936 2169 3990; x_wconf 90' lang='lat' dir='ltr'><strong>in</strong></span> <span class='ocrx_word' id='word_1_722' title='bbox 2212 3933 2416 4004; x_wconf 75' lang='lat' dir='ltr'><strong>templo</strong></span> <span class='ocrx_word' id='word_1_723' title='bbox 2459 3933 2576 4004; x_wconf 87' lang='lat' dir='ltr'><strong>ejus</strong></span> <span class='ocrx_word' id='word_1_724' title='bbox 2617 3933 2822 3989; x_wconf 87' lang='lat' dir='ltr'><strong>servire</strong></span> <span class='ocrx_word' id='word_1_725' title='bbox 2846 3931 3135 3996; x_wconf 87' lang='lat' dir='ltr'><strong>desiderat,</strong></span> <span class='ocrx_word' id='word_1_726' title='bbox 3180 3944 3280 3984; x_wconf 90' lang='lat' dir='ltr'><strong>nec</strong></span> <span class='ocrx_word' id='word_1_727' title='bbox 3323 3927 3391 3982; x_wconf 89' lang='lat' dir='ltr'><strong>ab</strong></span> <span class='ocrx_word' id='word_1_728' title='bbox 3436 3924 3555 3995; x_wconf 74' lang='lat' dir='ltr'><strong>ejus</strong></span> 
     </span>
    </p>
   </div>
   <div class='ocr_carea' id='block_1_101' title="bbox 1963 4017 3550 4100">
    <p class='ocr_par' dir='ltr' id='par_1_101' title="bbox 1963 4017 3550 4100">
     <span class='ocr_line' id='line_1_101' title="bbox 1963 4017 3550 4100; baseline -0.007 -15"><span class='ocrx_word' id='word_1_729' title='bbox 1963 4029 2273 4100; x_wconf 86' lang='lat' dir='ltr'><strong>aspectibus</strong></span> <span class='ocrx_word' id='word_1_730' title='bbox 2321 4028 2374 4083; x_wconf 91' lang='lat' dir='ltr'><strong>in</strong></span> <span class='ocrx_word' id='word_1_731' title='bbox 2423 4027 2603 4097; x_wconf 78' lang='lat' dir='ltr'><strong>ignem</strong></span> <span class='ocrx_word' id='word_1_732' title='bbox 2653 4034 2917 4081; x_wconf 60' lang='lat' dir='ltr'><strong>aeternum</strong></span> <span class='ocrx_word' id='word_1_733' title='bbox 2971 4022 3292 4079; x_wconf 87' lang='lat' dir='ltr'><strong>maledictus</strong></span> <span class='ocrx_word' id='word_1_734' title='bbox 3343 4017 3550 4089; x_wconf 89' lang='lat' dir='ltr'><strong>abjici:</strong></span> 
     </span>
    </p>
   </div>
   <div class='ocr_carea' id='block_1_102' title="bbox 1962 4110 3553 4181">
    <p class='ocr_par' dir='ltr' id='par_1_102' title="bbox 1962 4110 3553 4181">
     <span class='ocr_line' id='line_1_102' title="bbox 1962 4110 3553 4181; baseline -0.007 -6"><span class='ocrx_word' id='word_1_735' title='bbox 1962 4136 2071 4177; x_wconf 90' lang='lat' dir='ltr'><strong>non</strong></span> <span class='ocrx_word' id='word_1_736' title='bbox 2112 4118 2286 4176; x_wconf 91' lang='lat' dir='ltr'><strong>solum</strong></span> <span class='ocrx_word' id='word_1_737' title='bbox 2332 4119 2401 4174; x_wconf 85' lang='lat' dir='ltr'><strong>ab</strong></span> <span class='ocrx_word' id='word_1_738' title='bbox 2448 4117 2718 4174; x_wconf 89' lang='lat' dir='ltr'><strong>illecebris</strong></span> <span class='ocrx_word' id='word_1_739' title='bbox 2764 4115 3115 4172; x_wconf 69' lang='lat' dir='ltr'><strong>smcularibus</strong></span> <span class='ocrx_word' id='word_1_740' title='bbox 3155 4112 3413 4181; x_wconf 82' lang='lat' dir='ltr'><strong>castigari</strong></span> <span class='ocrx_word' id='word_1_741' title='bbox 3455 4110 3553 4166; x_wconf 84' lang='lat' dir='ltr'><strong>sed</strong></span> 
     </span>
    </p>
   </div>
   <div class='ocr_carea' id='block_1_103' title="bbox 1960 4201 3620 4280">
    <p class='ocr_par' dir='ltr' id='par_1_103' title="bbox 1960 4201 3620 4280">
     <span class='ocr_line' id='line_1_103' title="bbox 1960 4201 3620 4280; baseline -0.008 -14"><span class='ocrx_word' id='word_1_742' title='bbox 1960 4220 2018 4266; x_wconf 90' lang='lat' dir='ltr'><strong>et</strong></span> <span class='ocrx_word' id='word_1_743' title='bbox 2060 4224 2218 4265; x_wconf 86' lang='lat' dir='ltr'><strong>orare</strong></span> <span class='ocrx_word' id='word_1_744' title='bbox 2261 4218 2316 4265; x_wconf 92' lang='lat' dir='ltr'><strong>et</strong></span> <span class='ocrx_word' id='word_1_745' title='bbox 2355 4208 2610 4280; x_wconf 83' lang='lat' dir='ltr'><strong>vigilare,</strong></span> <span class='ocrx_word' id='word_1_746' title='bbox 2651 4215 2706 4263; x_wconf 91' lang='lat' dir='ltr'><strong>et</strong></span> <span class='ocrx_word' id='word_1_747' title='bbox 2742 4207 2845 4262; x_wconf 87' lang='lat' dir='ltr'><strong>hoc</strong></span> <span class='ocrx_word' id='word_1_748' title='bbox 2881 4221 2989 4261; x_wconf 88' lang='lat' dir='ltr'><strong>non</strong></span> <span class='ocrx_word' id='word_1_749' title='bbox 3025 4204 3190 4260; x_wconf 89' lang='lat' dir='ltr'><strong>certis</strong></span> <span class='ocrx_word' id='word_1_750' title='bbox 3230 4201 3552 4272; x_wconf 87' lang='lat' dir='ltr'><strong>quibusdam</strong></span> <span class='ocrx_word' id='word_1_751' title='bbox 3614 4264 3620 4270; x_wconf 16' lang='grc' dir='ltr'><strong><em>α</em></strong></span> 
     </span>
    </p>
   </div>
   <div class='ocr_carea' id='block_1_104' title="bbox 1963 4286 3550 4371">
    <p class='ocr_par' dir='ltr' id='par_1_104' title="bbox 1963 4286 3550 4371">
     <span class='ocr_line' id='line_1_104' title="bbox 1963 4286 3550 4371; baseline -0.009 -14"><span class='ocrx_word' id='word_1_752' title='bbox 1963 4303 2153 4357; x_wconf 88' lang='lat' dir='ltr'><strong>diebus</strong></span> <span class='ocrx_word' id='word_1_753' title='bbox 2181 4302 2277 4357; x_wconf 88' lang='lat' dir='ltr'><strong>sed</strong></span> <span class='ocrx_word' id='word_1_754' title='bbox 2303 4286 2449 4356; x_wconf 85' lang='lat' dir='ltr'><strong>omni</strong></span> <span class='ocrx_word' id='word_1_755' title='bbox 2482 4308 2723 4371; x_wconf 89' lang='lat' dir='ltr'><strong>tempore</strong></span> <span class='ocrx_word' id='word_1_756' title='bbox 2763 4298 2941 4353; x_wconf 83' lang='lat' dir='ltr'><strong>facere</strong></span> <span class='ocrx_word' id='word_1_757' title='bbox 2984 4297 3158 4352; x_wconf 90' lang='lat' dir='ltr'><strong>debet.</strong></span> <span class='ocrx_word' id='word_1_758' title='bbox 3205 4293 3366 4348; x_wconf 79' lang='lat' dir='ltr'><strong>Juxta</strong></span> <span class='ocrx_word' id='word_1_759' title='bbox 3410 4290 3550 4361; x_wconf 85' lang='lat' dir='ltr'><strong>quod</strong></span> 
     </span>
    </p>
   </div>
   <div class='ocr_carea' id='block_1_105' title="bbox 1962 4384 3550 4448">
    <p class='ocr_par' dir='ltr' id='par_1_105' title="bbox 1962 4384 3550 4448">
     <span class='ocr_line' id='line_1_105' title="bbox 1962 4384 3550 4448; baseline -0.01 0"><span class='ocrx_word' id='word_1_760' title='bbox 1962 4392 2247 4448; x_wconf 82' lang='lat' dir='ltr'><strong>Psaluiista</strong></span> <span class='ocrx_word' id='word_1_761' title='bbox 2294 4392 2408 4445; x_wconf 82' lang='lat' dir='ltr'><strong>ait:</strong></span> <span class='ocrx_word' id='word_1_762' title='bbox 2452 4390 2768 4445; x_wconf 84' lang='lat' dir='ltr'><strong>Benedicam</strong></span> <span class='ocrx_word' id='word_1_763' title='bbox 2809 4388 3091 4442; x_wconf 85' lang='lat' dir='ltr'><strong>Dominum</strong></span> <span class='ocrx_word' id='word_1_764' title='bbox 3135 4386 3188 4438; x_wconf 87' lang='lat' dir='ltr'><strong>in</strong></span> <span class='ocrx_word' id='word_1_765' title='bbox 3233 4384 3375 4437; x_wconf 87' lang='lat' dir='ltr'><strong>omni</strong></span> <span class='ocrx_word' id='word_1_766' title='bbox 3417 4391 3550 4435; x_wconf 84' lang='lat' dir='ltr'><strong>tem-</strong></span> 
     </span>
    </p>
   </div>
   <div class='ocr_carea' id='block_1_106' title="bbox 1969 4476 3552 4555">
    <p class='ocr_par' dir='ltr' id='par_1_106' title="bbox 1969 4476 3552 4555">
     <span class='ocr_line' id='line_1_106' title="bbox 1969 4476 3552 4555; baseline -0.007 -18"><span class='ocrx_word' id='word_1_767' title='bbox 1969 4500 2126 4555; x_wconf 88' lang='lat' dir='ltr'><strong>pore,</strong></span> <span class='ocrx_word' id='word_1_768' title='bbox 2157 4499 2359 4553; x_wconf 88' lang='lat' dir='ltr'><strong>semper</strong></span> <span class='ocrx_word' id='word_1_769' title='bbox 2387 4480 2505 4535; x_wconf 86' lang='lat' dir='ltr'><strong>laus</strong></span> <span class='ocrx_word' id='word_1_770' title='bbox 2534 4482 2648 4552; x_wconf 84' lang='lat' dir='ltr'><strong>ejus</strong></span> <span class='ocrx_word' id='word_1_771' title='bbox 2680 4480 2735 4532; x_wconf 85' lang='lat' dir='ltr'><strong>in</strong></span> <span class='ocrx_word' id='word_1_772' title='bbox 2763 4495 2852 4531; x_wconf 89' lang='lat' dir='ltr'><strong>ore</strong></span> <span class='ocrx_word' id='word_1_773' title='bbox 2880 4494 3011 4531; x_wconf 87' lang='lat' dir='ltr'><strong>meo.</strong></span> <span class='ocrx_word' id='word_1_774' title='bbox 3054 4476 3142 4530; x_wconf 86' lang='lat' dir='ltr'><strong>Sic</strong></span> <span class='ocrx_word' id='word_1_775' title='bbox 3177 4489 3409 4545; x_wconf 75' lang='lat' dir='ltr'><strong>namque</strong></span> <span class='ocrx_word' id='word_1_776' title='bbox 3439 4488 3552 4527; x_wconf 84' lang='lat' dir='ltr'><strong>tne-</strong></span> 
     </span>
    </p>
   </div>
   <div class='ocr_carea' id='block_1_107' title="bbox 1972 4566 3551 4633">
    <p class='ocr_par' dir='ltr' id='par_1_107' title="bbox 1972 4566 3551 4633">
     <span class='ocr_line' id='line_1_107' title="bbox 1972 4566 3551 4633; baseline -0.009 0"><span class='ocrx_word' id='word_1_777' title='bbox 1972 4579 2178 4633; x_wconf 89' lang='lat' dir='ltr'><strong>rebitur</strong></span> <span class='ocrx_word' id='word_1_778' title='bbox 2224 4575 2468 4631; x_wconf 88' lang='lat' dir='ltr'><strong>habitare</strong></span> <span class='ocrx_word' id='word_1_779' title='bbox 2519 4575 2571 4629; x_wconf 91' lang='lat' dir='ltr'><strong>in</strong></span> <span class='ocrx_word' id='word_1_780' title='bbox 2622 4574 2782 4628; x_wconf 90' lang='lat' dir='ltr'><strong>domo</strong></span> <span class='ocrx_word' id='word_1_781' title='bbox 2830 4570 3040 4624; x_wconf 88' lang='lat' dir='ltr'><strong>Domini</strong></span> <span class='ocrx_word' id='word_1_782' title='bbox 3096 4578 3151 4623; x_wconf 94' lang='lat' dir='ltr'><strong>et</strong></span> <span class='ocrx_word' id='word_1_783' title='bbox 3198 4568 3251 4621; x_wconf 90' lang='lat' dir='ltr'><strong>in</strong></span> <span class='ocrx_word' id='word_1_784' title='bbox 3297 4566 3551 4621; x_wconf 73' lang='lat' dir='ltr'><strong>szeculum</strong></span> 
     </span>
    </p>
   </div>
   <div class='ocr_carea' id='block_1_108' title="bbox 1971 4660 3551 4731">
    <p class='ocr_par' dir='ltr' id='par_1_108' title="bbox 1971 4660 3551 4731">
     <span class='ocr_line' id='line_1_108' title="bbox 1971 4660 3551 4731; baseline -0.007 -7"><span class='ocrx_word' id='word_1_785' title='bbox 1971 4669 2155 4725; x_wconf 74' lang='lat' dir='ltr'><strong>sreculi</strong></span> <span class='ocrx_word' id='word_1_786' title='bbox 2207 4668 2428 4723; x_wconf 88' lang='lat' dir='ltr'><strong>laudare</strong></span> <span class='ocrx_word' id='word_1_787' title='bbox 2483 4682 2655 4721; x_wconf 90' lang='lat' dir='ltr'><strong>eum..</strong></span> <span class='ocrx_word' id='word_1_788' title='bbox 2685 4664 2982 4718; x_wconf 72' lang='lat' dir='ltr'><strong>Przestante</strong></span> <span class='ocrx_word' id='word_1_789' title='bbox 3030 4661 3148 4731; x_wconf 88' lang='lat' dir='ltr'><strong>ipso</strong></span> <span class='ocrx_word' id='word_1_790' title='bbox 3190 4660 3551 4730; x_wconf 82' lang='lat' dir='ltr'><strong>Redemptorc</strong></span> 
     </span>
    </p>
   </div>
   <div class='ocr_carea' id='block_1_109' title="bbox 1971 4751 3552 4829">
    <p class='ocr_par' dir='ltr' id='par_1_109' title="bbox 1971 4751 3552 4829">
     <span class='ocr_line' id='line_1_109' title="bbox 1971 4751 3552 4829; baseline -0.008 -12"><span class='ocrx_word' id='word_1_791' title='bbox 1971 4769 2026 4817; x_wconf 90' lang='lat' dir='ltr'><strong>et</strong></span> <span class='ocrx_word' id='word_1_792' title='bbox 2056 4760 2338 4816; x_wconf 88' lang='lat' dir='ltr'><strong>Salvatore</strong></span> <span class='ocrx_word' id='word_1_793' title='bbox 2369 4758 2587 4829; x_wconf 82' lang='lat' dir='ltr'><strong>generis</strong></span> <span class='ocrx_word' id='word_1_794' title='bbox 2624 4755 2841 4810; x_wconf 90' lang='lat' dir='ltr'><strong>humani</strong></span> <span class='ocrx_word' id='word_1_795' title='bbox 2890 4753 3114 4808; x_wconf 87' lang='lat' dir='ltr'><strong>Domino</strong></span> <span class='ocrx_word' id='word_1_796' title='bbox 3160 4751 3411 4806; x_wconf 83' lang='lat' dir='ltr'><strong>videlicet</strong></span> <span class='ocrx_word' id='word_1_797' title='bbox 3452 4767 3552 4805; x_wconf 68' lang='lat' dir='ltr'><strong>no~</strong></span> 
     </span>
    </p>
   </div>
   <div class='ocr_carea' id='block_1_110' title="bbox 1972 4844 3554 4919">
    <p class='ocr_par' dir='ltr' id='par_1_110' title="bbox 1972 4844 3554 4919">
     <span class='ocr_line' id='line_1_110' title="bbox 1972 4844 3554 4919; baseline -0.008 -9"><span class='ocrx_word' id='word_1_798' title='bbox 1972 4861 2086 4910; x_wconf 90' lang='lat' dir='ltr'><strong>stro</strong></span> <span class='ocrx_word' id='word_1_799' title='bbox 2128 4851 2257 4907; x_wconf 89' lang='lat' dir='ltr'><strong>Jesu</strong></span> <span class='ocrx_word' id='word_1_800' title='bbox 2306 4851 2523 4907; x_wconf 86' lang='lat' dir='ltr'><strong>Christo</strong></span> <span class='ocrx_word' id='word_1_801' title='bbox 2565 4848 2655 4919; x_wconf 90' lang='lat' dir='ltr'><strong>qui</strong></span> <span class='ocrx_word' id='word_1_802' title='bbox 2699 4864 2819 4903; x_wconf 90' lang='lat' dir='ltr'><strong>eum</strong></span> <span class='ocrx_word' id='word_1_803' title='bbox 2868 4846 3031 4901; x_wconf 83' lang='lat' dir='ltr'><strong>Patre</strong></span> <span class='ocrx_word' id='word_1_804' title='bbox 3077 4854 3133 4900; x_wconf 91' lang='lat' dir='ltr'><strong>et</strong></span> <span class='ocrx_word' id='word_1_805' title='bbox 3181 4844 3383 4914; x_wconf 88' lang='lat' dir='ltr'><strong>Spiritu</strong></span> <span class='ocrx_word' id='word_1_806' title='bbox 3427 4859 3554 4898; x_wconf 84' lang='lat' dir='ltr'><strong>san-</strong></span> 
     </span>
    </p>
   </div>
   <div class='ocr_carea' id='block_1_111' title="bbox 1971 4939 3563 5015">
    <p class='ocr_par' dir='ltr' id='par_1_111' title="bbox 1971 4939 3563 5015">
     <span class='ocr_line' id='line_1_111' title="bbox 1971 4939 3563 5015; baseline -0.007 -13"><span class='ocrx_word' id='word_1_807' title='bbox 1971 4956 2060 5004; x_wconf 88' lang='lat' dir='ltr'><strong>cto</strong></span> <span class='ocrx_word' id='word_1_808' title='bbox 2106 4946 2159 5000; x_wconf 92' lang='lat' dir='ltr'><strong>in</strong></span> <span class='ocrx_word' id='word_1_809' title='bbox 2209 4946 2416 4999; x_wconf 87' lang='lat' dir='ltr'><strong>unitate</strong></span> <span class='ocrx_word' id='word_1_810' title='bbox 2465 4942 2707 5015; x_wconf 81' lang='lat' dir='ltr'><strong>perfecta</strong></span> <span class='ocrx_word' id='word_1_811' title='bbox 2752 4949 2939 5013; x_wconf 80' lang='lat' dir='ltr'><strong>regnat</strong></span> <span class='ocrx_word' id='word_1_812' title='bbox 2983 4941 3039 4994; x_wconf 89' lang='lat' dir='ltr'><strong>in</strong></span> <span class='ocrx_word' id='word_1_813' title='bbox 3085 4939 3409 5011; x_wconf 86' lang='lat' dir='ltr'><strong>sempiterna</strong></span> <span class='ocrx_word' id='word_1_814' title='bbox 3453 4949 3563 4992; x_wconf 70' lang='lat' dir='ltr'><strong>sat—-</strong></span> 
     </span>
    </p>
   </div>
   <div class='ocr_carea' id='block_1_112' title="bbox 1971 5036 2358 5094">
    <p class='ocr_par' dir='ltr' id='par_1_112' title="bbox 1971 5036 2358 5094">
     <span class='ocr_line' id='line_1_112' title="bbox 1971 5036 2358 5094; baseline -0.01 0"><span class='ocrx_word' id='word_1_815' title='bbox 1971 5037 2113 5094; x_wconf 88' lang='lat' dir='ltr'><strong>cnla.</strong></span> <span class='ocrx_word' id='word_1_816' title='bbox 2166 5036 2358 5092; x_wconf 82' lang='lat' dir='ltr'><strong>Amen.</strong></span> 
     </span>
    </p>
   </div>
   <div class='ocr_carea' id='block_1_113' title="bbox 2520 5123 2992 5183">
    <p class='ocr_par' dir='ltr' id='par_1_113' title="bbox 2520 5123 2992 5183">
     <span class='ocr_line' id='line_1_113' title="bbox 2520 5123 2992 5183; baseline -0.006 -2"><span class='ocrx_word' id='word_1_817' title='bbox 2520 5124 2801 5183; x_wconf 81' lang='lat' dir='ltr'><strong>lIOMlLlA</strong></span> <span class='ocrx_word' id='word_1_818' title='bbox 2838 5123 2992 5180; x_wconf 75' lang='lat' dir='ltr'><strong>CXL.</strong></span> 
     </span>
    </p>
   </div>
   <div class='ocr_carea' id='block_1_114' title="bbox 2250 5230 3282 5276">
    <p class='ocr_par' dir='ltr' id='par_1_114' title="bbox 2250 5230 3282 5276">
     <span class='ocr_line' id='line_1_114' title="bbox 2250 5230 3282 5276; baseline -0.003 -2"><span class='ocrx_word' id='word_1_819' title='bbox 2250 5234 2567 5276; x_wconf 68' lang='lat' dir='ltr'><strong>BEBDOMADA</strong></span> <span class='ocrx_word' id='word_1_820' title='bbox 2604 5233 2682 5272; x_wconf 76' lang='lat' dir='ltr'><strong>XII</strong></span> <span class='ocrx_word' id='word_1_821' title='bbox 2719 5233 2848 5272; x_wconf 82' lang='lat' dir='ltr'><strong>POST</strong></span> <span class='ocrx_word' id='word_1_822' title='bbox 2887 5230 3282 5272; x_wconf 69' lang='lat' dir='ltr'><strong>PENTECOSTEN.</strong></span> 
     </span>
    </p>
   </div>
   <div class='ocr_carea' id='block_1_115' title="bbox 2153 5327 3377 5403">
    <p class='ocr_par' dir='ltr' id='par_1_115' title="bbox 2153 5327 3377 5403">
     <span class='ocr_line' id='line_1_115' title="bbox 2153 5327 3377 5403; baseline -0.005 -14"><span class='ocrx_word' id='word_1_823' title='bbox 2153 5333 2338 5389; x_wconf 88' lang='lat' dir='ltr'><strong>Lectio</strong></span> <span class='ocrx_word' id='word_1_824' title='bbox 2382 5330 2633 5403; x_wconf 58' lang='lat' dir='ltr'><strong>Epistula</strong></span> <span class='ocrx_word' id='word_1_825' title='bbox 2673 5331 2733 5385; x_wconf 85' lang='grc' dir='ltr'><strong>Β.</strong></span> <span class='ocrx_word' id='word_1_826' title='bbox 2767 5330 2918 5385; x_wconf 90' lang='lat' dir='ltr'><strong>Pauli</strong></span> <span class='ocrx_word' id='word_1_827' title='bbox 2952 5331 3019 5385; x_wconf 91' lang='lat' dir='ltr'><strong>ad</strong></span> <span class='ocrx_word' id='word_1_828' title='bbox 3048 5327 3377 5386; x_wconf 82' lang='lat' dir='ltr'><strong>Corinthios.</strong></span> 
     </span>
    </p>
   </div>
   <div class='ocr_carea' id='block_1_116' title="bbox 2047 5442 3390 5515">
    <p class='ocr_par' dir='ltr' id='par_1_116' title="bbox 2047 5442 3390 5515">
     <span class='ocr_line' id='line_1_116' title="bbox 2047 5442 3390 5515; baseline -0.006 -14"><span class='ocrx_word' id='word_1_829' title='bbox 2047 5446 2300 5512; x_wconf 76' lang='lat' dir='ltr'><strong>Fratres,</strong></span> <span class='ocrx_word' id='word_1_830' title='bbox 2333 5455 2512 5500; x_wconf 88' lang='lat' dir='ltr'><strong>notum</strong></span> <span class='ocrx_word' id='word_1_831' title='bbox 2542 5445 2683 5499; x_wconf 88' lang='lat' dir='ltr'><strong>vobis</strong></span> <span class='ocrx_word' id='word_1_832' title='bbox 2713 5444 2851 5515; x_wconf 83' lang='lat' dir='ltr'><strong>facio</strong></span> <span class='ocrx_word' id='word_1_833' title='bbox 2884 5442 3255 5513; x_wconf 84' lang='lat' dir='ltr'><strong>Evangelium,</strong></span> <span class='ocrx_word' id='word_1_834' title='bbox 3285 5446 3390 5494; x_wconf 90' lang='lat' dir='ltr'><strong>etc.</strong></span> 
     </span>
    </p>
   </div>
   <div class='ocr_carea' id='block_1_117' title="bbox 2049 5527 3555 5608">
    <p class='ocr_par' dir='ltr' id='par_1_117' title="bbox 2049 5527 3555 5608">
     <span class='ocr_line' id='line_1_117' title="bbox 2049 5527 3555 5608; baseline -0.007 -16"><span class='ocrx_word' id='word_1_835' title='bbox 2049 5538 2148 5593; x_wconf 91' lang='lat' dir='ltr'><strong>llic</strong></span> <span class='ocrx_word' id='word_1_836' title='bbox 2172 5537 2539 5608; x_wconf 71' lang='lat' dir='ltr'><strong>przctermisso</strong></span> <span class='ocrx_word' id='word_1_837' title='bbox 2561 5536 2751 5591; x_wconf 88' lang='lat' dir='ltr'><strong>ordine</strong></span> <span class='ocrx_word' id='word_1_838' title='bbox 2775 5533 3099 5604; x_wconf 66' lang='lat' dir='ltr'><strong>prazdieandi</strong></span> <span class='ocrx_word' id='word_1_839' title='bbox 3116 5573 3129 5596; x_wconf 90' lang='lat'><strong>,</strong></span> <span class='ocrx_word' id='word_1_840' title='bbox 3157 5531 3235 5585; x_wconf 22' lang='lat' dir='ltr'><strong>ad,</strong></span> <span class='ocrx_word' id='word_1_841' title='bbox 3255 5527 3555 5584; x_wconf 87' lang='lat' dir='ltr'><strong>doctrinam</strong></span> 
     </span>
    </p>
   </div>
   <div class='ocr_carea' id='block_1_118' title="bbox 1976 5618 3551 5694">
    <p class='ocr_par' dir='ltr' id='par_1_118' title="bbox 1976 5618 3551 5694">
     <span class='ocr_line' id='line_1_118' title="bbox 1976 5618 3551 5694; baseline -0.009 -7"><span class='ocrx_word' id='word_1_842' title='bbox 1976 5647 2035 5687; x_wconf 87' lang='lat' dir='ltr'><strong>se</strong></span> <span class='ocrx_word' id='word_1_843' title='bbox 2066 5628 2294 5685; x_wconf 90' lang='lat' dir='ltr'><strong>contulit</strong></span> <span class='ocrx_word' id='word_1_844' title='bbox 2321 5626 2770 5692; x_wconf 85' lang='lat' dir='ltr'><strong>resurrectionis,</strong></span> <span class='ocrx_word' id='word_1_845' title='bbox 2803 5639 2868 5679; x_wconf 91' lang='lat' dir='ltr'><strong>eo</strong></span> <span class='ocrx_word' id='word_1_846' title='bbox 2895 5622 3035 5694; x_wconf 89' lang='lat' dir='ltr'><strong>quod</strong></span> <span class='ocrx_word' id='word_1_847' title='bbox 3077 5619 3319 5676; x_wconf 88' lang='lat' dir='ltr'><strong>nonnulli</strong></span> <span class='ocrx_word' id='word_1_848' title='bbox 3360 5618 3551 5676; x_wconf 86' lang='lat' dir='ltr'><strong>Corin-</strong></span> 
     </span>
    </p>
   </div>
   <div class='ocr_carea' id='block_1_119' title="bbox 1979 5716 3175 5778">
    <p class='ocr_par' dir='ltr' id='par_1_119' title="bbox 1979 5716 3175 5778">
     <span class='ocr_line' id='line_1_119' title="bbox 1979 5716 3175 5778; baseline -0.008 0"><span class='ocrx_word' id='word_1_849' title='bbox 1979 5724 2217 5778; x_wconf 87' lang='lat' dir='ltr'><strong>thiorum</strong></span> <span class='ocrx_word' id='word_1_850' title='bbox 2272 5721 2337 5777; x_wconf 77' lang='lat' dir='ltr'><strong>de</strong></span> <span class='ocrx_word' id='word_1_851' title='bbox 2393 5719 2791 5777; x_wconf 84' lang='lat' dir='ltr'><strong>resurrectione</strong></span> <span class='ocrx_word' id='word_1_852' title='bbox 2841 5716 3175 5773; x_wconf 74' lang='lat' dir='ltr'><strong>dubitabant.</strong></span> 
     </span>
    </p>
   </div>
  </div>
