  <div class='ocr_page' id='page_1' title='image "/cluster/home/n/w/nwhite01/storage/ocr_20150623/110/hvd.32044054759758/213.png"; bbox 0 0 3950 6184; ppageno 0'>
   <div class='ocr_carea' id='block_1_1' title="bbox 393 346 494 404">
    <p class='ocr_par' dir='ltr' id='par_1_1' title="bbox 393 346 494 404">
     <span class='ocr_line' id='line_1_1' title="bbox 393 346 494 404; baseline -0.01 -1"><span class='ocrx_word' id='word_1_1' title='bbox 393 346 494 404; x_wconf 74' lang='grc'><strong>415</strong></span> 
     </span>
    </p>
   </div>
   <div class='ocr_carea' id='block_1_2' title="bbox 1026 324 2994 406">
    <p class='ocr_par' dir='ltr' id='par_1_2' title="bbox 1026 324 2994 406">
     <span class='ocr_line' id='line_1_2' title="bbox 1026 324 2994 406; baseline -0.006 -10"><span class='ocrx_word' id='word_1_2' title='bbox 1026 342 1087 396; x_wconf 86' lang='grc' dir='ltr'><strong>Β.</strong></span> <span class='ocrx_word' id='word_1_3' title='bbox 1129 337 1380 394; x_wconf 73' lang='lat' dir='ltr'><strong>RABAN]</strong></span> <span class='ocrx_word' id='word_1_4' title='bbox 1417 333 1636 392; x_wconf 78' lang='lat' dir='ltr'><strong>MAURI</strong></span> <span class='ocrx_word' id='word_1_5' title='bbox 1673 332 1993 390; x_wconf 81' lang='lat' dir='ltr'><strong>ARCHIEP.</strong></span> <span class='ocrx_word' id='word_1_6' title='bbox 2025 330 2337 390; x_wconf 77' lang='lat' dir='ltr'><strong>MOGUNT.</strong></span> <span class='ocrx_word' id='word_1_7' title='bbox 2378 324 2663 389; x_wconf 78' lang='lat' dir='ltr'><strong>OPERUM</strong></span> <span class='ocrx_word' id='word_1_8' title='bbox 2705 329 2884 386; x_wconf 78' lang='lat' dir='ltr'><strong>PARS</strong></span> <span class='ocrx_word' id='word_1_9' title='bbox 2917 329 2994 406; x_wconf 70' lang='lat' dir='ltr'><strong>li.</strong></span> 
     </span>
    </p>
   </div>
   <div class='ocr_carea' id='block_1_3' title="bbox 3553 333 3657 388">
    <p class='ocr_par' dir='ltr' id='par_1_3' title="bbox 3553 333 3657 388">
     <span class='ocr_line' id='line_1_3' title="bbox 3553 333 3657 388; baseline 0.01 -2"><span class='ocrx_word' id='word_1_10' title='bbox 3553 333 3657 388; x_wconf 56' lang='lat'><strong>416</strong></span> 
     </span>
    </p>
   </div>
   <div class='ocr_carea' id='block_1_4' title="bbox 468 438 3656 528">
    <p class='ocr_par' dir='ltr' id='par_1_4' title="bbox 468 438 3656 528">
     <span class='ocr_line' id='line_1_4' title="bbox 468 438 3656 528; baseline -0.006 -13"><span class='ocrx_word' id='word_1_11' title='bbox 468 462 622 528; x_wconf 89' lang='lat' dir='ltr'><strong>Quod</strong></span> <span class='ocrx_word' id='word_1_12' title='bbox 669 467 718 514; x_wconf 91' lang='lat' dir='ltr'><strong>et</strong></span> <span class='ocrx_word' id='word_1_13' title='bbox 766 452 1053 528; x_wconf 85' lang='lat' dir='ltr'><strong>accepistis.</strong></span> <span class='ocrx_word' id='word_1_14' title='bbox 1104 455 1163 509; x_wconf 89' lang='lat' dir='ltr'><strong>1d</strong></span> <span class='ocrx_word' id='word_1_15' title='bbox 1198 460 1314 517; x_wconf 90' lang='lat' dir='ltr'><strong>est,</strong></span> <span class='ocrx_word' id='word_1_16' title='bbox 1364 450 1507 521; x_wconf 88' lang='lat' dir='ltr'><strong>quod</strong></span> <span class='ocrx_word' id='word_1_17' title='bbox 1553 456 1831 520; x_wconf 89' lang='lat' dir='ltr'><strong>acceptum</strong></span> <span class='ocrx_word' id='word_1_18' title='bbox 1871 447 1971 502; x_wconf 89' lang='lat' dir='ltr'><strong>ha-</strong></span> <span class='ocrx_word' id='word_1_19' title='bbox 1998 449 2053 509; x_wconf 77' lang='grc' dir='ltr'><strong>Α</strong></span> <span class='ocrx_word' id='word_1_20' title='bbox 2146 443 2350 500; x_wconf 80' lang='lat' dir='ltr'><strong><em>Deinde</em></strong></span> <span class='ocrx_word' id='word_1_21' title='bbox 2392 441 2656 513; x_wconf 82' lang='lat' dir='ltr'><strong>Apostolis</strong></span> <span class='ocrx_word' id='word_1_22' title='bbox 2697 441 2957 496; x_wconf 85' lang='lat' dir='ltr'><strong>omnibus.</strong></span> <span class='ocrx_word' id='word_1_23' title='bbox 3004 438 3156 495; x_wconf 81' lang='lat' dir='ltr'><strong>Multi</strong></span> <span class='ocrx_word' id='word_1_24' title='bbox 3202 438 3292 495; x_wconf 90' lang='lat' dir='ltr'><strong>hic</strong></span> <span class='ocrx_word' id='word_1_25' title='bbox 3336 439 3656 513; x_wconf 77' lang='lat' dir='ltr'><strong>Apostolus,</strong></span> 
     </span>
    </p>
   </div>
   <div class='ocr_carea' id='block_1_5' title="bbox 395 538 1974 611">
    <p class='ocr_par' dir='ltr' id='par_1_5' title="bbox 395 538 1974 611">
     <span class='ocr_line' id='line_1_5' title="bbox 395 538 1974 611; baseline -0.008 -4"><span class='ocrx_word' id='word_1_26' title='bbox 395 552 613 607; x_wconf 88' lang='lat' dir='ltr'><strong>buistis.</strong></span> <span class='ocrx_word' id='word_1_27' title='bbox 667 550 735 604; x_wconf 89' lang='lat' dir='ltr'><strong>Et</strong></span> <span class='ocrx_word' id='word_1_28' title='bbox 775 549 890 603; x_wconf 65' lang='lat' dir='ltr'><strong>haec</strong></span> <span class='ocrx_word' id='word_1_29' title='bbox 936 546 1094 611; x_wconf 90' lang='lat' dir='ltr'><strong>dicit,</strong></span> <span class='ocrx_word' id='word_1_30' title='bbox 1149 557 1217 598; x_wconf 91' lang='lat' dir='ltr'><strong>ne</strong></span> <span class='ocrx_word' id='word_1_31' title='bbox 1256 538 1330 597; x_wconf 90' lang='lat' dir='ltr'><strong>illi</strong></span> <span class='ocrx_word' id='word_1_32' title='bbox 1371 543 1475 597; x_wconf 91' lang='lat' dir='ltr'><strong>hoc</strong></span> <span class='ocrx_word' id='word_1_33' title='bbox 1524 555 1630 596; x_wconf 91' lang='lat' dir='ltr'><strong>non</strong></span> <span class='ocrx_word' id='word_1_34' title='bbox 1677 539 1974 596; x_wconf 80' lang='lat' dir='ltr'><strong>credidisse</strong></span> 
     </span>
    </p>
   </div>
   <div class='ocr_carea' id='block_1_6' title="bbox 397 643 730 697">
    <p class='ocr_par' dir='ltr' id='par_1_6' title="bbox 397 643 730 697">
     <span class='ocr_line' id='line_1_6' title="bbox 397 643 730 697; baseline -0.018 0"><span class='ocrx_word' id='word_1_35' title='bbox 397 643 730 697; x_wconf 78' lang='lat' dir='ltr'><strong>viderentur.</strong></span> 
     </span>
    </p>
   </div>
   <div class='ocr_carea' id='block_1_7' title="bbox 471 721 1977 800">
    <p class='ocr_par' dir='ltr' id='par_1_7' title="bbox 471 721 1977 800">
     <span class='ocr_line' id='line_1_7' title="bbox 471 721 1977 800; baseline -0.006 -17"><span class='ocrx_word' id='word_1_36' title='bbox 471 729 539 785; x_wconf 87' lang='lat' dir='ltr'><strong>In</strong></span> <span class='ocrx_word' id='word_1_37' title='bbox 576 744 678 800; x_wconf 79' lang='lat' dir='ltr'><strong>quo</strong></span> <span class='ocrx_word' id='word_1_38' title='bbox 712 734 760 780; x_wconf 90' lang='lat' dir='ltr'><strong>et</strong></span> <span class='ocrx_word' id='word_1_39' title='bbox 795 725 966 779; x_wconf 85' lang='lat' dir='ltr'><strong>statis.</strong></span> <span class='ocrx_word' id='word_1_40' title='bbox 998 723 1055 778; x_wconf 88' lang='lat' dir='ltr'><strong>Id</strong></span> <span class='ocrx_word' id='word_1_41' title='bbox 1083 730 1169 778; x_wconf 89' lang='lat' dir='ltr'><strong>est</strong></span> <span class='ocrx_word' id='word_1_42' title='bbox 1190 764 1205 789; x_wconf 94' lang='lat'><strong>,</strong></span> <span class='ocrx_word' id='word_1_43' title='bbox 1234 723 1290 778; x_wconf 92' lang='lat' dir='ltr'><strong>in</strong></span> <span class='ocrx_word' id='word_1_44' title='bbox 1316 722 1476 779; x_wconf 86' lang='lat' dir='ltr'><strong>bonis</strong></span> <span class='ocrx_word' id='word_1_45' title='bbox 1500 721 1756 793; x_wconf 78' lang='lat' dir='ltr'><strong>Operibus</strong></span> <span class='ocrx_word' id='word_1_46' title='bbox 1792 733 1977 791; x_wconf 86' lang='lat' dir='ltr'><strong>perse-</strong></span> 
     </span>
    </p>
   </div>
   <div class='ocr_carea' id='block_1_8' title="bbox 397 812 1974 884">
    <p class='ocr_par' dir='ltr' id='par_1_8' title="bbox 397 812 1974 884">
     <span class='ocr_line' id='line_1_8' title="bbox 397 812 1974 884; baseline -0.006 -8"><span class='ocrx_word' id='word_1_47' title='bbox 397 826 651 876; x_wconf 88' lang='lat' dir='ltr'><strong>verantes</strong></span> <span class='ocrx_word' id='word_1_48' title='bbox 671 858 686 883; x_wconf 95' lang='lat'><strong>,</strong></span> <span class='ocrx_word' id='word_1_49' title='bbox 716 818 770 871; x_wconf 91' lang='lat' dir='ltr'><strong>in</strong></span> <span class='ocrx_word' id='word_1_50' title='bbox 798 815 953 884; x_wconf 86' lang='lat' dir='ltr'><strong>cujus</strong></span> <span class='ocrx_word' id='word_1_51' title='bbox 980 815 1227 871; x_wconf 78' lang='lat' dir='ltr'><strong>doctrina</strong></span> <span class='ocrx_word' id='word_1_52' title='bbox 1256 815 1324 870; x_wconf 91' lang='lat' dir='ltr'><strong>ad</strong></span> <span class='ocrx_word' id='word_1_53' title='bbox 1353 814 1592 870; x_wconf 72' lang='lat' dir='ltr'><strong>cmlestia</strong></span> <span class='ocrx_word' id='word_1_54' title='bbox 1623 813 1755 867; x_wconf 80' lang='lat' dir='ltr'><strong>estis</strong></span> <span class='ocrx_word' id='word_1_55' title='bbox 1783 812 1974 867; x_wconf 78' lang='lat' dir='ltr'><strong>erecti.</strong></span> 
     </span>
    </p>
   </div>
   <div class='ocr_carea' id='block_1_9' title="bbox 446 901 1978 979">
    <p class='ocr_par' dir='ltr' id='par_1_9' title="bbox 446 901 1978 979">
     <span class='ocr_line' id='line_1_9' title="bbox 446 901 1978 979; baseline -0.005 -16"><span class='ocrx_word' id='word_1_56' title='bbox 446 907 580 963; x_wconf 88' lang='lat' dir='ltr'><strong>-Per</strong></span> <span class='ocrx_word' id='word_1_57' title='bbox 603 908 742 979; x_wconf 91' lang='lat' dir='ltr'><strong>quod</strong></span> <span class='ocrx_word' id='word_1_58' title='bbox 767 916 816 961; x_wconf 91' lang='lat' dir='ltr'><strong>et</strong></span> <span class='ocrx_word' id='word_1_59' title='bbox 842 906 1139 961; x_wconf 85' lang='lat' dir='ltr'><strong>salvamini.</strong></span> <span class='ocrx_word' id='word_1_60' title='bbox 1182 904 1241 960; x_wconf 89' lang='lat' dir='ltr'><strong>1d</strong></span> <span class='ocrx_word' id='word_1_61' title='bbox 1282 913 1403 969; x_wconf 91' lang='lat' dir='ltr'><strong>est,</strong></span> <span class='ocrx_word' id='word_1_62' title='bbox 1443 919 1543 975; x_wconf 89' lang='lat' dir='ltr'><strong>per</strong></span> <span class='ocrx_word' id='word_1_63' title='bbox 1584 901 1738 971; x_wconf 79' lang='lat' dir='ltr'><strong>cujus</strong></span> <span class='ocrx_word' id='word_1_64' title='bbox 1776 901 1978 956; x_wconf 90' lang='lat' dir='ltr'><strong>doctri-</strong></span> 
     </span>
    </p>
   </div>
   <div class='ocr_carea' id='block_1_10' title="bbox 396 992 1979 1065">
    <p class='ocr_par' dir='ltr' id='par_1_10' title="bbox 396 992 1979 1065">
     <span class='ocr_line' id='line_1_10' title="bbox 396 992 1979 1065; baseline -0.004 -11"><span class='ocrx_word' id='word_1_65' title='bbox 396 1013 527 1055; x_wconf 86' lang='lat' dir='ltr'><strong>nam</strong></span> <span class='ocrx_word' id='word_1_66' title='bbox 566 998 797 1054; x_wconf 82' lang='lat' dir='ltr'><strong>salutem</strong></span> <span class='ocrx_word' id='word_1_67' title='bbox 836 995 1097 1065; x_wconf 85' lang='lat' dir='ltr'><strong>speratis,</strong></span> <span class='ocrx_word' id='word_1_68' title='bbox 1140 1003 1196 1049; x_wconf 89' lang='lat' dir='ltr'><strong>et</strong></span> <span class='ocrx_word' id='word_1_69' title='bbox 1232 992 1537 1049; x_wconf 90' lang='lat' dir='ltr'><strong>animarum</strong></span> <span class='ocrx_word' id='word_1_70' title='bbox 1577 1003 1631 1049; x_wconf 90' lang='lat' dir='ltr'><strong>et</strong></span> <span class='ocrx_word' id='word_1_71' title='bbox 1672 1009 1704 1047; x_wconf 88' lang='lat' dir='ltr'><strong>a</strong></span> <span class='ocrx_word' id='word_1_72' title='bbox 1748 993 1979 1048; x_wconf 81' lang='lat' dir='ltr'><strong>diversis</strong></span> 
     </span>
    </p>
   </div>
   <div class='ocr_carea' id='block_1_11' title="bbox 397 1085 1980 1157">
    <p class='ocr_par' dir='ltr' id='par_1_11' title="bbox 397 1085 1980 1157">
     <span class='ocr_line' id='line_1_11' title="bbox 397 1085 1980 1157; baseline -0.004 -11"><span class='ocrx_word' id='word_1_73' title='bbox 397 1086 807 1146; x_wconf 80' lang='lat' dir='ltr'><strong>inﬁrmitatibus</strong></span> <span class='ocrx_word' id='word_1_74' title='bbox 853 1101 1178 1157; x_wconf 88' lang='lat' dir='ltr'><strong>corporum,</strong></span> <span class='ocrx_word' id='word_1_75' title='bbox 1230 1085 1356 1155; x_wconf 90' lang='lat' dir='ltr'><strong>quia</strong></span> <span class='ocrx_word' id='word_1_76' title='bbox 1410 1085 1528 1139; x_wconf 88' lang='lat' dir='ltr'><strong>sine</strong></span> <span class='ocrx_word' id='word_1_77' title='bbox 1580 1085 1683 1140; x_wconf 85' lang='lat' dir='ltr'><strong>[ide</strong></span> <span class='ocrx_word' id='word_1_78' title='bbox 1734 1098 1980 1140; x_wconf 88' lang='lat' dir='ltr'><strong>resurre-</strong></span> 
     </span>
    </p>
   </div>
   <div class='ocr_carea' id='block_1_12' title="bbox 398 1176 1552 1249">
    <p class='ocr_par' dir='ltr' id='par_1_12' title="bbox 398 1176 1552 1249">
     <span class='ocr_line' id='line_1_12' title="bbox 398 1176 1552 1249; baseline -0.004 -14"><span class='ocrx_word' id='word_1_79' title='bbox 398 1180 595 1235; x_wconf 88' lang='lat' dir='ltr'><strong>ctionis</strong></span> <span class='ocrx_word' id='word_1_80' title='bbox 635 1179 778 1249; x_wconf 91' lang='lat' dir='ltr'><strong>perit</strong></span> <span class='ocrx_word' id='word_1_81' title='bbox 817 1178 1127 1233; x_wconf 88' lang='lat' dir='ltr'><strong>omnimodo</strong></span> <span class='ocrx_word' id='word_1_82' title='bbox 1174 1192 1298 1248; x_wconf 90' lang='lat' dir='ltr'><strong>spes</strong></span> <span class='ocrx_word' id='word_1_83' title='bbox 1342 1176 1552 1233; x_wconf 89' lang='lat' dir='ltr'><strong>salutis.</strong></span> 
     </span>
    </p>
   </div>
   <div class='ocr_carea' id='block_1_13' title="bbox 473 1267 1978 1339">
    <p class='ocr_par' dir='ltr' id='par_1_13' title="bbox 473 1267 1978 1339">
     <span class='ocr_line' id='line_1_13' title="bbox 473 1267 1978 1339; baseline -0.001 -15"><span class='ocrx_word' id='word_1_84' title='bbox 473 1270 593 1336; x_wconf 88' lang='lat' dir='ltr'><strong>Qua</strong></span> <span class='ocrx_word' id='word_1_85' title='bbox 642 1271 846 1324; x_wconf 75' lang='lat' dir='ltr'><strong>ratione</strong></span> <span class='ocrx_word' id='word_1_86' title='bbox 882 1269 1276 1339; x_wconf 77' lang='lat' dir='ltr'><strong>prwdicaverim</strong></span> <span class='ocrx_word' id='word_1_87' title='bbox 1317 1269 1477 1324; x_wconf 80' lang='lat' dir='ltr'><strong>vobis.</strong></span> <span class='ocrx_word' id='word_1_88' title='bbox 1525 1267 1605 1324; x_wconf 84' lang='lat' dir='ltr'><strong>Ae</strong></span> <span class='ocrx_word' id='word_1_89' title='bbox 1645 1268 1691 1324; x_wconf 84' lang='lat' dir='ltr'><strong>si</strong></span> <span class='ocrx_word' id='word_1_90' title='bbox 1735 1268 1978 1334; x_wconf 88' lang='lat' dir='ltr'><strong>diceret,</strong></span> 
     </span>
    </p>
   </div>
   <div class='ocr_carea' id='block_1_14' title="bbox 400 1359 1979 1431">
    <p class='ocr_par' dir='ltr' id='par_1_14' title="bbox 400 1359 1979 1431">
     <span class='ocr_line' id='line_1_14' title="bbox 400 1359 1979 1431; baseline -0.003 -15"><span class='ocrx_word' id='word_1_91' title='bbox 400 1362 537 1417; x_wconf 87' lang='lat' dir='ltr'><strong>Tota</strong></span> <span class='ocrx_word' id='word_1_92' title='bbox 580 1361 720 1415; x_wconf 86' lang='lat' dir='ltr'><strong>ratio</strong></span> <span class='ocrx_word' id='word_1_93' title='bbox 748 1359 1148 1431; x_wconf 69' lang='lat' dir='ltr'><strong>prmdicationis</strong></span> <span class='ocrx_word' id='word_1_94' title='bbox 1176 1366 1375 1414; x_wconf 79' lang='lat' dir='ltr'><strong>nostrae</strong></span> <span class='ocrx_word' id='word_1_95' title='bbox 1404 1359 1521 1414; x_wconf 63' lang='lat' dir='ltr'><strong>haec</strong></span> <span class='ocrx_word' id='word_1_96' title='bbox 1548 1367 1663 1423; x_wconf 87' lang='lat' dir='ltr'><strong>est,</strong></span> <span class='ocrx_word' id='word_1_97' title='bbox 1694 1367 1755 1413; x_wconf 91' lang='lat' dir='ltr'><strong>ut</strong></span> <span class='ocrx_word' id='word_1_98' title='bbox 1797 1373 1979 1413; x_wconf 83' lang='lat' dir='ltr'><strong>resur—</strong></span> 
     </span>
    </p>
   </div>
   <div class='ocr_carea' id='block_1_15' title="bbox 402 1448 1981 1518">
    <p class='ocr_par' dir='ltr' id='par_1_15' title="bbox 402 1448 1981 1518">
     <span class='ocr_line' id='line_1_15' title="bbox 402 1448 1981 1518; baseline -0.003 -11"><span class='ocrx_word' id='word_1_99' title='bbox 402 1452 699 1507; x_wconf 85' lang='lat' dir='ltr'><strong>rectionem</strong></span> <span class='ocrx_word' id='word_1_100' title='bbox 745 1450 1001 1505; x_wconf 86' lang='lat' dir='ltr'><strong>credatis.</strong></span> <span class='ocrx_word' id='word_1_101' title='bbox 1051 1448 1167 1504; x_wconf 85' lang='lat' dir='ltr'><strong>Hoc</strong></span> <span class='ocrx_word' id='word_1_102' title='bbox 1214 1456 1298 1505; x_wconf 89' lang='lat' dir='ltr'><strong>est</strong></span> <span class='ocrx_word' id='word_1_103' title='bbox 1345 1448 1489 1503; x_wconf 89' lang='lat' dir='ltr'><strong>enim</strong></span> <span class='ocrx_word' id='word_1_104' title='bbox 1536 1449 1817 1518; x_wconf 75' lang='lat' dir='ltr'><strong>prtemium</strong></span> <span class='ocrx_word' id='word_1_105' title='bbox 1863 1464 1981 1503; x_wconf 89' lang='lat' dir='ltr'><strong>om-</strong></span> 
     </span>
    </p>
   </div>
   <div class='ocr_carea' id='block_1_16' title="bbox 401 1540 1981 1612">
    <p class='ocr_par' dir='ltr' id='par_1_16' title="bbox 401 1540 1981 1612">
     <span class='ocr_line' id='line_1_16' title="bbox 401 1540 1981 1612; baseline -0.003 -15"><span class='ocrx_word' id='word_1_106' title='bbox 401 1545 551 1597; x_wconf 85' lang='lat' dir='ltr'><strong>nium</strong></span> <span class='ocrx_word' id='word_1_107' title='bbox 607 1541 699 1612; x_wconf 85' lang='lat' dir='ltr'><strong>qui</strong></span> <span class='ocrx_word' id='word_1_108' title='bbox 750 1540 1023 1596; x_wconf 90' lang='lat' dir='ltr'><strong>Christum</strong></span> <span class='ocrx_word' id='word_1_109' title='bbox 1070 1540 1450 1606; x_wconf 87' lang='lat' dir='ltr'><strong>crediderunt,</strong></span> <span class='ocrx_word' id='word_1_110' title='bbox 1503 1540 1739 1610; x_wconf 83' lang='lat' dir='ltr'><strong>alioquin</strong></span> <span class='ocrx_word' id='word_1_111' title='bbox 1792 1554 1981 1610; x_wconf 84' lang='lat' dir='ltr'><strong>super-</strong></span> 
     </span>
    </p>
   </div>
   <div class='ocr_carea' id='block_1_17' title="bbox 389 1632 1981 1702">
    <p class='ocr_par' dir='ltr' id='par_1_17' title="bbox 389 1632 1981 1702">
     <span class='ocr_line' id='line_1_17' title="bbox 389 1632 1981 1702; baseline -0.001 -13"><span class='ocrx_word' id='word_1_112' title='bbox 389 1635 541 1691; x_wconf 52' lang='lat' dir='ltr'><strong>.ﬂuus</strong></span> <span class='ocrx_word' id='word_1_113' title='bbox 597 1643 680 1690; x_wconf 89' lang='lat' dir='ltr'><strong>est</strong></span> <span class='ocrx_word' id='word_1_114' title='bbox 732 1633 908 1690; x_wconf 90' lang='lat' dir='ltr'><strong>omnis</strong></span> <span class='ocrx_word' id='word_1_115' title='bbox 979 1632 1135 1687; x_wconf 88' lang='lat' dir='ltr'><strong>labor</strong></span> <span class='ocrx_word' id='word_1_116' title='bbox 1191 1632 1564 1702; x_wconf 86' lang='lat' dir='ltr'><strong>jejuniorum,</strong></span> <span class='ocrx_word' id='word_1_117' title='bbox 1626 1642 1681 1697; x_wconf 83' lang='lat' dir='ltr'><strong>et</strong></span> <span class='ocrx_word' id='word_1_118' title='bbox 1737 1632 1981 1687; x_wconf 89' lang='lat' dir='ltr'><strong>omnium</strong></span> 
     </span>
    </p>
   </div>
   <div class='ocr_carea' id='block_1_18' title="bbox 401 1722 1983 1794">
    <p class='ocr_par' dir='ltr' id='par_1_18' title="bbox 401 1722 1983 1794">
     <span class='ocr_line' id='line_1_18' title="bbox 401 1722 1983 1794; baseline -0.003 -13"><span class='ocrx_word' id='word_1_119' title='bbox 401 1726 809 1782; x_wconf 82' lang='lat' dir='ltr'><strong>tribulationum</strong></span> <span class='ocrx_word' id='word_1_120' title='bbox 835 1766 849 1789; x_wconf 91' lang='lat'><strong>,</strong></span> <span class='ocrx_word' id='word_1_121' title='bbox 900 1739 1036 1794; x_wconf 89' lang='lat' dir='ltr'><strong>quas</strong></span> <span class='ocrx_word' id='word_1_122' title='bbox 1078 1724 1132 1778; x_wconf 85' lang='lat' dir='ltr'><strong>in</strong></span> <span class='ocrx_word' id='word_1_123' title='bbox 1178 1723 1284 1779; x_wconf 91' lang='lat' dir='ltr'><strong>hac</strong></span> <span class='ocrx_word' id='word_1_124' title='bbox 1325 1724 1436 1779; x_wconf 89' lang='lat' dir='ltr'><strong>vita</strong></span> <span class='ocrx_word' id='word_1_125' title='bbox 1480 1738 1580 1794; x_wconf 92' lang='lat' dir='ltr'><strong>pro</strong></span> <span class='ocrx_word' id='word_1_126' title='bbox 1626 1722 1844 1779; x_wconf 84' lang='lat' dir='ltr'><strong>Christo</strong></span> <span class='ocrx_word' id='word_1_127' title='bbox 1889 1738 1983 1794; x_wconf 86' lang='lat' dir='ltr'><strong>pa-</strong></span> 
     </span>
    </p>
   </div>
   <div class='ocr_carea' id='block_1_19' title="bbox 404 1816 604 1872">
    <p class='ocr_par' dir='ltr' id='par_1_19' title="bbox 404 1816 604 1872">
     <span class='ocr_line' id='line_1_19' title="bbox 404 1816 604 1872; baseline -0.01 0"><span class='ocrx_word' id='word_1_128' title='bbox 404 1816 604 1872; x_wconf 89' lang='lat' dir='ltr'><strong>timini.</strong></span> 
     </span>
    </p>
   </div>
   <div class='ocr_carea' id='block_1_20' title="bbox 476 1903 1985 1974">
    <p class='ocr_par' dir='ltr' id='par_1_20' title="bbox 476 1903 1985 1974">
     <span class='ocr_line' id='line_1_20' title="bbox 476 1903 1985 1974; baseline 0 -14"><span class='ocrx_word' id='word_1_129' title='bbox 476 1906 537 1961; x_wconf 94' lang='lat' dir='ltr'><strong>Si</strong></span> <span class='ocrx_word' id='word_1_130' title='bbox 585 1906 858 1970; x_wconf 79' lang='lat' dir='ltr'><strong>retinetis,</strong></span> <span class='ocrx_word' id='word_1_131' title='bbox 902 1905 1000 1959; x_wconf 91' lang='lat' dir='ltr'><strong>nisi</strong></span> <span class='ocrx_word' id='word_1_132' title='bbox 1051 1904 1250 1974; x_wconf 79' lang='lat' dir='ltr'><strong>frustra</strong></span> <span class='ocrx_word' id='word_1_133' title='bbox 1294 1904 1606 1959; x_wconf 88' lang='lat' dir='ltr'><strong>credidistis.</strong></span> <span class='ocrx_word' id='word_1_134' title='bbox 1654 1904 1712 1960; x_wconf 87' lang='lat' dir='ltr'><strong>ld</strong></span> <span class='ocrx_word' id='word_1_135' title='bbox 1754 1913 1838 1960; x_wconf 90' lang='lat' dir='ltr'><strong>est</strong></span> <span class='ocrx_word' id='word_1_136' title='bbox 1877 1903 1985 1960; x_wconf 88' lang='lat' dir='ltr'><strong>nisi</strong></span> 
     </span>
    </p>
   </div>
   <div class='ocr_carea' id='block_1_21' title="bbox 400 1992 1985 2059">
    <p class='ocr_par' dir='ltr' id='par_1_21' title="bbox 400 1992 1985 2059">
     <span class='ocr_line' id='line_1_21' title="bbox 400 1992 1985 2059; baseline 0.001 -11"><span class='ocrx_word' id='word_1_137' title='bbox 400 1993 550 2048; x_wconf 84' lang='lat' dir='ltr'><strong>obliti</strong></span> <span class='ocrx_word' id='word_1_138' title='bbox 601 1994 765 2059; x_wconf 91' lang='lat' dir='ltr'><strong>estis,</strong></span> <span class='ocrx_word' id='word_1_139' title='bbox 816 1993 899 2047; x_wconf 86' lang='lat' dir='ltr'><strong>vel</strong></span> <span class='ocrx_word' id='word_1_140' title='bbox 944 2003 1125 2059; x_wconf 90' lang='lat' dir='ltr'><strong>certe,</strong></span> <span class='ocrx_word' id='word_1_141' title='bbox 1170 1993 1217 2047; x_wconf 93' lang='lat' dir='ltr'><strong>si</strong></span> <span class='ocrx_word' id='word_1_142' title='bbox 1260 1993 1383 2048; x_wconf 72' lang='lat' dir='ltr'><strong>ﬁdei</strong></span> <span class='ocrx_word' id='word_1_143' title='bbox 1426 2002 1622 2049; x_wconf 70' lang='lat' dir='ltr'><strong>vestrm</strong></span> <span class='ocrx_word' id='word_1_144' title='bbox 1658 1992 1743 2049; x_wconf 87' lang='lat' dir='ltr'><strong>vel</strong></span> <span class='ocrx_word' id='word_1_145' title='bbox 1781 1992 1985 2050; x_wconf 86' lang='lat' dir='ltr'><strong>laboris</strong></span> 
     </span>
    </p>
   </div>
   <div class='ocr_carea' id='block_1_22' title="bbox 402 2083 1916 2153">
    <p class='ocr_par' dir='ltr' id='par_1_22' title="bbox 402 2083 1916 2153">
     <span class='ocr_line' id='line_1_22' title="bbox 402 2083 1916 2153; baseline 0.002 -18"><span class='ocrx_word' id='word_1_146' title='bbox 402 2083 688 2151; x_wconf 70' lang='lat' dir='ltr'><strong>prmmium</strong></span> <span class='ocrx_word' id='word_1_147' title='bbox 720 2084 1051 2153; x_wconf 87' lang='lat' dir='ltr'><strong>resurgendo</strong></span> <span class='ocrx_word' id='word_1_148' title='bbox 1090 2099 1195 2138; x_wconf 90' lang='lat' dir='ltr'><strong>non</strong></span> <span class='ocrx_word' id='word_1_149' title='bbox 1223 2084 1475 2153; x_wconf 85' lang='lat' dir='ltr'><strong>speratis,</strong></span> <span class='ocrx_word' id='word_1_150' title='bbox 1494 2100 1644 2139; x_wconf 88' lang='lat' dir='ltr'><strong>.vane</strong></span> <span class='ocrx_word' id='word_1_151' title='bbox 1673 2085 1916 2141; x_wconf 84' lang='lat' dir='ltr'><strong>creditis.</strong></span> 
     </span>
    </p>
   </div>
   <div class='ocr_carea' id='block_1_23' title="bbox 478 2171 1985 2245">
    <p class='ocr_par' dir='ltr' id='par_1_23' title="bbox 478 2171 1985 2245">
     <span class='ocr_line' id='line_1_23' title="bbox 478 2171 1985 2245; baseline 0.005 -19"><span class='ocrx_word' id='word_1_152' title='bbox 478 2171 697 2226; x_wconf 85' lang='lat' dir='ltr'><strong>Tradidi</strong></span> <span class='ocrx_word' id='word_1_153' title='bbox 723 2173 860 2226; x_wconf 84' lang='lat' dir='ltr'><strong>enim</strong></span> <span class='ocrx_word' id='word_1_154' title='bbox 889 2173 1029 2227; x_wconf 85' lang='lat' dir='ltr'><strong>vobis</strong></span> <span class='ocrx_word' id='word_1_155' title='bbox 1077 2173 1344 2243; x_wconf 84' lang='lat' dir='ltr'><strong>inprimis,</strong></span> <span class='ocrx_word' id='word_1_156' title='bbox 1379 2175 1431 2229; x_wconf 94' lang='lat' dir='ltr'><strong>id</strong></span> <span class='ocrx_word' id='word_1_157' title='bbox 1457 2182 1575 2241; x_wconf 88' lang='lat' dir='ltr'><strong>est,</strong></span> <span class='ocrx_word' id='word_1_158' title='bbox 1603 2190 1671 2230; x_wconf 77' lang='lat' dir='ltr'><strong>ex</strong></span> <span class='ocrx_word' id='word_1_159' title='bbox 1698 2192 1807 2245; x_wconf 89' lang='lat' dir='ltr'><strong>quo</strong></span> <span class='ocrx_word' id='word_1_160' title='bbox 1829 2176 1985 2233; x_wconf 81' lang='lat' dir='ltr'><strong>vobis</strong></span> 
     </span>
    </p>
   </div>
   <div class='ocr_carea' id='block_1_24' title="bbox 404 2261 1985 2335">
    <p class='ocr_par' dir='ltr' id='par_1_24' title="bbox 404 2261 1985 2335">
     <span class='ocr_line' id='line_1_24' title="bbox 404 2261 1985 2335; baseline 0.004 -21"><span class='ocrx_word' id='word_1_161' title='bbox 404 2261 458 2314; x_wconf 88' lang='lat' dir='ltr'><strong>in</strong></span> <span class='ocrx_word' id='word_1_162' title='bbox 489 2262 787 2331; x_wconf 89' lang='lat' dir='ltr'><strong>primordio</strong></span> <span class='ocrx_word' id='word_1_163' title='bbox 824 2263 1113 2331; x_wconf 64' lang='lat' dir='ltr'><strong>praedicavi</strong></span> <span class='ocrx_word' id='word_1_164' title='bbox 1152 2263 1349 2317; x_wconf 85' lang='lat' dir='ltr'><strong>tradidi</strong></span> <span class='ocrx_word' id='word_1_165' title='bbox 1387 2264 1705 2335; x_wconf 85' lang='lat' dir='ltr'><strong>mysterium</strong></span> <span class='ocrx_word' id='word_1_166' title='bbox 1741 2278 1985 2321; x_wconf 86' lang='lat' dir='ltr'><strong>resurre-</strong></span> 
     </span>
    </p>
   </div>
   <div class='ocr_carea' id='block_1_25' title="bbox 404 2352 1874 2425">
    <p class='ocr_par' dir='ltr' id='par_1_25' title="bbox 404 2352 1874 2425">
     <span class='ocr_line' id='line_1_25' title="bbox 404 2352 1874 2425; baseline 0.003 -18"><span class='ocrx_word' id='word_1_167' title='bbox 404 2352 620 2418; x_wconf 87' lang='lat' dir='ltr'><strong>ctionis,</strong></span> <span class='ocrx_word' id='word_1_168' title='bbox 654 2355 796 2423; x_wconf 81' lang='lat' dir='ltr'><strong>quod</strong></span> <span class='ocrx_word' id='word_1_169' title='bbox 825 2353 908 2408; x_wconf 89' lang='lat' dir='ltr'><strong>vel</strong></span> <span class='ocrx_word' id='word_1_170' title='bbox 937 2363 1138 2408; x_wconf 64' lang='lat' dir='ltr'><strong>nostra:</strong></span> <span class='ocrx_word' id='word_1_171' title='bbox 1167 2362 1401 2421; x_wconf 88' lang='lat' dir='ltr'><strong>constat,</strong></span> <span class='ocrx_word' id='word_1_172' title='bbox 1429 2354 1513 2410; x_wconf 90' lang='lat' dir='ltr'><strong>vel</strong></span> <span class='ocrx_word' id='word_1_173' title='bbox 1547 2355 1874 2425; x_wconf 72' lang='lat' dir='ltr'><strong>primum...</strong></span> 
     </span>
    </p>
   </div>
   <div class='ocr_carea' id='block_1_26' title="bbox 476 2442 1985 2518">
    <p class='ocr_par' dir='ltr' id='par_1_26' title="bbox 476 2442 1985 2518">
     <span class='ocr_line' id='line_1_26' title="bbox 476 2442 1985 2518; baseline 0.004 -21"><span class='ocrx_word' id='word_1_174' title='bbox 476 2442 632 2508; x_wconf 83' lang='lat' dir='ltr'><strong>Quod</strong></span> <span class='ocrx_word' id='word_1_175' title='bbox 657 2453 704 2497; x_wconf 89' lang='lat' dir='ltr'><strong>et</strong></span> <span class='ocrx_word' id='word_1_176' title='bbox 729 2445 923 2514; x_wconf 87' lang='lat' dir='ltr'><strong>accepi.</strong></span> <span class='ocrx_word' id='word_1_177' title='bbox 952 2443 1214 2514; x_wconf 85' lang='lat' dir='ltr'><strong>Accipere</strong></span> <span class='ocrx_word' id='word_1_178' title='bbox 1239 2460 1297 2501; x_wconf 91' lang='lat' dir='ltr'><strong>se</strong></span> <span class='ocrx_word' id='word_1_179' title='bbox 1322 2446 1459 2500; x_wconf 81' lang='lat' dir='ltr'><strong>dixit</strong></span> <span class='ocrx_word' id='word_1_180' title='bbox 1485 2446 1599 2502; x_wconf 86' lang='lat' dir='ltr'><strong>sive</strong></span> <span class='ocrx_word' id='word_1_181' title='bbox 1630 2461 1660 2500; x_wconf 90' lang='lat' dir='ltr'><strong>a</strong></span> <span class='ocrx_word' id='word_1_182' title='bbox 1686 2446 1806 2518; x_wconf 83' lang='lat' dir='ltr'><strong>lege</strong></span> <span class='ocrx_word' id='word_1_183' title='bbox 1825 2487 1841 2512; x_wconf 90' lang='lat'><strong>,</strong></span> <span class='ocrx_word' id='word_1_184' title='bbox 1869 2446 1985 2504; x_wconf 90' lang='lat' dir='ltr'><strong>sive</strong></span> 
     </span>
    </p>
   </div>
   <div class='ocr_carea' id='block_1_27' title="bbox 400 2533 1980 2607">
    <p class='ocr_par' dir='ltr' id='par_1_27' title="bbox 400 2533 1980 2607">
     <span class='ocr_line' id='line_1_27' title="bbox 400 2533 1980 2607; baseline 0.006 -22"><span class='ocrx_word' id='word_1_185' title='bbox 400 2547 430 2585; x_wconf 86' lang='lat' dir='ltr'><strong>a</strong></span> <span class='ocrx_word' id='word_1_186' title='bbox 463 2533 786 2598; x_wconf 82' lang='lat' dir='ltr'><strong>senioribus,</strong></span> <span class='ocrx_word' id='word_1_187' title='bbox 812 2535 924 2588; x_wconf 86' lang='lat' dir='ltr'><strong>sive</strong></span> <span class='ocrx_word' id='word_1_188' title='bbox 952 2536 1021 2590; x_wconf 88' lang='lat' dir='ltr'><strong>ab</strong></span> <span class='ocrx_word' id='word_1_189' title='bbox 1051 2535 1166 2605; x_wconf 88' lang='lat' dir='ltr'><strong>ipso</strong></span> <span class='ocrx_word' id='word_1_190' title='bbox 1194 2535 1420 2590; x_wconf 86' lang='lat' dir='ltr'><strong>Domino</strong></span> <span class='ocrx_word' id='word_1_191' title='bbox 1448 2552 1547 2607; x_wconf 89' lang='lat' dir='ltr'><strong>per</strong></span> <span class='ocrx_word' id='word_1_192' title='bbox 1574 2538 1980 2595; x_wconf 87' lang='lat' dir='ltr'><strong>revelationem.</strong></span> 
     </span>
    </p>
   </div>
   <div class='ocr_carea' id='block_1_28' title="bbox 473 2622 1982 2698">
    <p class='ocr_par' dir='ltr' id='par_1_28' title="bbox 473 2622 1982 2698">
     <span class='ocr_line' id='line_1_28' title="bbox 473 2622 1982 2698; baseline 0.007 -22"><span class='ocrx_word' id='word_1_193' title='bbox 473 2622 734 2688; x_wconf 85' lang='lat' dir='ltr'><strong>Quoniam</strong></span> <span class='ocrx_word' id='word_1_194' title='bbox 769 2623 1280 2687; x_wconf 79' lang='lat' dir='ltr'><strong>Christus,mortuus</strong></span> <span class='ocrx_word' id='word_1_195' title='bbox 1308 2636 1381 2681; x_wconf 90' lang='lat' dir='ltr'><strong>est</strong></span> <span class='ocrx_word' id='word_1_196' title='bbox 1410 2644 1505 2695; x_wconf 88' lang='lat' dir='ltr'><strong>pro</strong></span> <span class='ocrx_word' id='word_1_197' title='bbox 1535 2630 1759 2698; x_wconf 77' lang='lat' dir='ltr'><strong>peccatis</strong></span> <span class='ocrx_word' id='word_1_198' title='bbox 1790 2630 1982 2686; x_wconf 79' lang='lat' dir='ltr'><strong>nostris</strong></span> 
     </span>
    </p>
   </div>
   <div class='ocr_carea' id='block_1_29' title="bbox 400 2715 1983 2791">
    <p class='ocr_par' dir='ltr' id='par_1_29' title="bbox 400 2715 1983 2791">
     <span class='ocr_line' id='line_1_29' title="bbox 400 2715 1983 2791; baseline 0.005 -22"><span class='ocrx_word' id='word_1_199' title='bbox 400 2716 685 2770; x_wconf 85' lang='lat' dir='ltr'><strong>secundum</strong></span> <span class='ocrx_word' id='word_1_200' title='bbox 716 2715 1046 2786; x_wconf 86' lang='lat' dir='ltr'><strong>Scripturas.</strong></span> <span class='ocrx_word' id='word_1_201' title='bbox 1079 2718 1147 2772; x_wconf 89' lang='lat' dir='ltr'><strong>Ut</strong></span> <span class='ocrx_word' id='word_1_202' title='bbox 1175 2719 1381 2789; x_wconf 85' lang='lat' dir='ltr'><strong>majore</strong></span> <span class='ocrx_word' id='word_1_203' title='bbox 1410 2728 1593 2790; x_wconf 91' lang='lat' dir='ltr'><strong>posset</strong></span> <span class='ocrx_word' id='word_1_204' title='bbox 1620 2721 1811 2776; x_wconf 90' lang='lat' dir='ltr'><strong>beatus</strong></span> <span class='ocrx_word' id='word_1_205' title='bbox 1837 2720 1983 2791; x_wconf 88' lang='lat' dir='ltr'><strong>Apo-</strong></span> 
     </span>
    </p>
   </div>
   <div class='ocr_carea' id='block_1_30' title="bbox 401 2806 1983 2879">
    <p class='ocr_par' dir='ltr' id='par_1_30' title="bbox 401 2806 1983 2879">
     <span class='ocr_line' id='line_1_30' title="bbox 401 2806 1983 2879; baseline 0.004 -18"><span class='ocrx_word' id='word_1_206' title='bbox 401 2806 571 2861; x_wconf 87' lang='lat' dir='ltr'><strong>stolus</strong></span> <span class='ocrx_word' id='word_1_207' title='bbox 614 2807 938 2862; x_wconf 83' lang='lat' dir='ltr'><strong>auctoritate</strong></span> <span class='ocrx_word' id='word_1_208' title='bbox 980 2806 1198 2863; x_wconf 81' lang='lat' dir='ltr'><strong>ﬁrmare</strong></span> <span class='ocrx_word' id='word_1_209' title='bbox 1257 2810 1400 2877; x_wconf 86' lang='lat' dir='ltr'><strong>quod</strong></span> <span class='ocrx_word' id='word_1_210' title='bbox 1443 2809 1795 2879; x_wconf 62' lang='lat' dir='ltr'><strong>prtedicabat,</strong></span> <span class='ocrx_word' id='word_1_211' title='bbox 1838 2812 1983 2868; x_wconf 89' lang='lat' dir='ltr'><strong>hunc</strong></span> 
     </span>
    </p>
   </div>
   <div class='ocr_carea' id='block_1_31' title="bbox 404 2884 1983 2974">
    <p class='ocr_par' dir='ltr' id='par_1_31' title="bbox 404 2884 1983 2974">
     <span class='ocr_line' id='line_1_31' title="bbox 404 2884 1983 2974; baseline 0.001 -19"><span class='ocrx_word' id='word_1_212' title='bbox 404 2884 523 2955; x_wconf 84' lang='lat' dir='ltr'><strong>esse</strong></span> <span class='ocrx_word' id='word_1_213' title='bbox 558 2898 831 2955; x_wconf 82' lang='lat' dir='ltr'><strong>Christum</strong></span> <span class='ocrx_word' id='word_1_214' title='bbox 868 2899 1191 2954; x_wconf 64' lang='lat' dir='ltr'><strong>salvatorem</strong></span> <span class='ocrx_word' id='word_1_215' title='bbox 1227 2900 1411 2955; x_wconf 88' lang='lat' dir='ltr'><strong>mundi</strong></span> <span class='ocrx_word' id='word_1_216' title='bbox 1445 2902 1606 2966; x_wconf 89' lang='lat' dir='ltr'><strong>dicit,</strong></span> <span class='ocrx_word' id='word_1_217' title='bbox 1647 2919 1800 2971; x_wconf 87' lang='lat' dir='ltr'><strong>quem</strong></span> <span class='ocrx_word' id='word_1_218' title='bbox 1832 2902 1983 2974; x_wconf 81' lang='lat' dir='ltr'><strong>Moy-</strong></span> 
     </span>
    </p>
   </div>
   <div class='ocr_carea' id='block_1_32' title="bbox 402 2983 1979 3066">
    <p class='ocr_par' dir='ltr' id='par_1_32' title="bbox 402 2983 1979 3066">
     <span class='ocr_line' id='line_1_32' title="bbox 402 2983 1979 3066; baseline 0.003 -17"><span class='ocrx_word' id='word_1_219' title='bbox 402 3013 482 3050; x_wconf 89' lang='lat' dir='ltr'><strong>ses</strong></span> <span class='ocrx_word' id='word_1_220' title='bbox 528 3006 577 3050; x_wconf 89' lang='lat' dir='ltr'><strong>et</strong></span> <span class='ocrx_word' id='word_1_221' title='bbox 622 2992 900 3066; x_wconf 77' lang='lat' dir='ltr'><strong>Propheta:</strong></span> <span class='ocrx_word' id='word_1_222' title='bbox 941 2983 1413 3061; x_wconf 68' lang='lat' dir='ltr'><strong>annuntiaverunt,</strong></span> <span class='ocrx_word' id='word_1_223' title='bbox 1454 2996 1574 3051; x_wconf 88' lang='lat' dir='ltr'><strong>ideo</strong></span> <span class='ocrx_word' id='word_1_224' title='bbox 1603 3005 1658 3053; x_wconf 90' lang='lat' dir='ltr'><strong>et</strong></span> <span class='ocrx_word' id='word_1_225' title='bbox 1684 2999 1979 3053; x_wconf 89' lang='lat' dir='ltr'><strong>secundum</strong></span> 
     </span>
    </p>
   </div>
   <div class='ocr_carea' id='block_1_33' title="bbox 404 3084 1977 3155">
    <p class='ocr_par' dir='ltr' id='par_1_33' title="bbox 404 3084 1977 3155">
     <span class='ocr_line' id='line_1_33' title="bbox 404 3084 1977 3155; baseline 0.001 -15"><span class='ocrx_word' id='word_1_226' title='bbox 404 3085 714 3155; x_wconf 88' lang='lat' dir='ltr'><strong>Scripturas</strong></span> <span class='ocrx_word' id='word_1_227' title='bbox 751 3084 1070 3153; x_wconf 59' lang='lat' dir='ltr'><strong>praedictum</strong></span> <span class='ocrx_word' id='word_1_228' title='bbox 1098 3099 1218 3139; x_wconf 90' lang='lat' dir='ltr'><strong>esse</strong></span> <span class='ocrx_word' id='word_1_229' title='bbox 1255 3096 1646 3141; x_wconf 88' lang='lat' dir='ltr'><strong>commemorat</strong></span> <span class='ocrx_word' id='word_1_230' title='bbox 1670 3128 1685 3152; x_wconf 90' lang='lat'><strong>,</strong></span> <span class='ocrx_word' id='word_1_231' title='bbox 1720 3098 1781 3142; x_wconf 92' lang='lat' dir='ltr'><strong>ut</strong></span> <span class='ocrx_word' id='word_1_232' title='bbox 1815 3087 1977 3155; x_wconf 89' lang='lat' dir='ltr'><strong>illud,</strong></span> 
     </span>
    </p>
   </div>
   <div class='ocr_carea' id='block_1_34' title="bbox 2075 530 3660 603">
    <p class='ocr_par' dir='ltr' id='par_1_34' title="bbox 2075 530 3660 603">
     <span class='ocr_line' id='line_1_34' title="bbox 2075 530 3660 603; baseline 0 -14"><span class='ocrx_word' id='word_1_233' title='bbox 2075 531 2196 589; x_wconf 90' lang='lat' dir='ltr'><strong>illos</strong></span> <span class='ocrx_word' id='word_1_234' title='bbox 2220 547 2408 588; x_wconf 90' lang='lat' dir='ltr'><strong>omnes</strong></span> <span class='ocrx_word' id='word_1_235' title='bbox 2438 531 2776 603; x_wconf 80' lang='lat' dir='ltr'><strong>septuaginta</strong></span> <span class='ocrx_word' id='word_1_236' title='bbox 2802 545 2941 601; x_wconf 83' lang='lat' dir='ltr'><strong>quos</strong></span> <span class='ocrx_word' id='word_1_237' title='bbox 2965 530 3224 587; x_wconf 89' lang='lat' dir='ltr'><strong>Dominus</strong></span> <span class='ocrx_word' id='word_1_238' title='bbox 3250 531 3396 587; x_wconf 88' lang='lat' dir='ltr'><strong>misit</strong></span> <span class='ocrx_word' id='word_1_239' title='bbox 3422 533 3488 588; x_wconf 90' lang='lat' dir='ltr'><strong>ad</strong></span> <span class='ocrx_word' id='word_1_240' title='bbox 3516 547 3660 602; x_wconf 68' lang='lat' dir='ltr'><strong>pne-</strong></span> 
     </span>
    </p>
   </div>
   <div class='ocr_carea' id='block_1_35' title="bbox 2076 623 2857 692">
    <p class='ocr_par' dir='ltr' id='par_1_35' title="bbox 2076 623 2857 692">
     <span class='ocr_line' id='line_1_35' title="bbox 2076 623 2857 692; baseline -0.005 -12"><span class='ocrx_word' id='word_1_241' title='bbox 2076 625 2363 681; x_wconf 86' lang='lat' dir='ltr'><strong>dicandum</strong></span> <span class='ocrx_word' id='word_1_242' title='bbox 2395 623 2620 692; x_wconf 80' lang='lat' dir='ltr'><strong>intelligi</strong></span> <span class='ocrx_word' id='word_1_243' title='bbox 2648 623 2857 678; x_wconf 90' lang='lat' dir='ltr'><strong>volunt.</strong></span> 
     </span>
    </p>
   </div>
   <div class='ocr_carea' id='block_1_36' title="bbox 2148 714 3661 787">
    <p class='ocr_par' dir='ltr' id='par_1_36' title="bbox 2148 714 3661 787">
     <span class='ocr_line' id='line_1_36' title="bbox 2148 714 3661 787; baseline -0.001 -16"><span class='ocrx_word' id='word_1_244' title='bbox 2148 716 2442 771; x_wconf 84' lang='lat' dir='ltr'><strong>Novissime</strong></span> <span class='ocrx_word' id='word_1_245' title='bbox 2478 725 2652 770; x_wconf 89' lang='lat' dir='ltr'><strong>autem</strong></span> <span class='ocrx_word' id='word_1_246' title='bbox 2695 716 2927 769; x_wconf 88' lang='lat' dir='ltr'><strong>omnium</strong></span> <span class='ocrx_word' id='word_1_247' title='bbox 2967 725 3215 787; x_wconf 86' lang='lat' dir='ltr'><strong>tanquam</strong></span> <span class='ocrx_word' id='word_1_248' title='bbox 3245 714 3414 769; x_wconf 90' lang='lat' dir='ltr'><strong>aborti</strong></span> <span class='ocrx_word' id='word_1_249' title='bbox 3427 732 3477 774; x_wconf 83' lang='lat' dir='ltr'><strong>ro</strong></span> <span class='ocrx_word' id='word_1_250' title='bbox 3521 717 3661 771; x_wconf 83' lang='lat' dir='ltr'><strong>risus</strong></span> 
     </span>
    </p>
   </div>
   <div class='ocr_carea' id='block_1_37' title="bbox 2075 802 3663 873">
    <p class='ocr_par' dir='ltr' id='par_1_37' title="bbox 2075 802 3663 873">
     <span class='ocr_line' id='line_1_37' title="bbox 2075 802 3663 873; baseline 0 -13"><span class='ocrx_word' id='word_1_251' title='bbox 2075 814 2151 860; x_wconf 84' lang='lat' dir='ltr'><strong>est</strong></span> <span class='ocrx_word' id='word_1_252' title='bbox 2176 815 2223 859; x_wconf 91' lang='lat' dir='ltr'><strong>et</strong></span> <span class='ocrx_word' id='word_1_253' title='bbox 2253 805 2400 858; x_wconf 83' lang='lat' dir='ltr'><strong>mihi.</strong></span> <span class='ocrx_word' id='word_1_254' title='bbox 2435 804 2597 860; x_wconf 78' lang='lat' dir='ltr'><strong>Visus</strong></span> <span class='ocrx_word' id='word_1_255' title='bbox 2623 810 2708 859; x_wconf 88' lang='lat' dir='ltr'><strong>est</strong></span> <span class='ocrx_word' id='word_1_256' title='bbox 2740 802 2816 858; x_wconf 88' lang='lat' dir='ltr'><strong>illi</strong></span> <span class='ocrx_word' id='word_1_257' title='bbox 2848 802 2902 856; x_wconf 91' lang='lat' dir='ltr'><strong>in</strong></span> <span class='ocrx_word' id='word_1_258' title='bbox 2932 802 3023 863; x_wconf 74' lang='lat' dir='ltr'><strong>via,</strong></span> <span class='ocrx_word' id='word_1_259' title='bbox 3047 803 3263 873; x_wconf 83' lang='lat' dir='ltr'><strong>quando</strong></span> <span class='ocrx_word' id='word_1_260' title='bbox 3294 803 3385 858; x_wconf 80' lang='lat' dir='ltr'><strong>lux</strong></span> <span class='ocrx_word' id='word_1_261' title='bbox 3428 805 3663 861; x_wconf 82' lang='lat' dir='ltr'><strong>circum-</strong></span> 
     </span>
    </p>
   </div>
   <div class='ocr_carea' id='block_1_38' title="bbox 2076 891 3658 964">
    <p class='ocr_par' dir='ltr' id='par_1_38' title="bbox 2076 891 3658 964">
     <span class='ocr_line' id='line_1_38' title="bbox 2076 891 3658 964; baseline -0.002 -14"><span class='ocrx_word' id='word_1_262' title='bbox 2076 893 2227 951; x_wconf 79' lang='lat' dir='ltr'><strong>fulsit</strong></span> <span class='ocrx_word' id='word_1_263' title='bbox 2254 910 2377 950; x_wconf 92' lang='lat' dir='ltr'><strong>eum</strong></span> <span class='ocrx_word' id='word_1_264' title='bbox 2427 895 2543 949; x_wconf 87' lang='lat' dir='ltr'><strong>sive</strong></span> <span class='ocrx_word' id='word_1_265' title='bbox 2571 894 2625 949; x_wconf 92' lang='lat' dir='ltr'><strong>in</strong></span> <span class='ocrx_word' id='word_1_266' title='bbox 2655 892 2878 963; x_wconf 88' lang='lat' dir='ltr'><strong>templo.</strong></span> <span class='ocrx_word' id='word_1_267' title='bbox 2906 891 3033 948; x_wconf 63' lang='lat' dir='ltr'><strong>Haec</strong></span> <span class='ocrx_word' id='word_1_268' title='bbox 3065 892 3187 948; x_wconf 90' lang='lat' dir='ltr'><strong>ideo</strong></span> <span class='ocrx_word' id='word_1_269' title='bbox 3213 893 3376 958; x_wconf 88' lang='lat' dir='ltr'><strong>dicit,</strong></span> <span class='ocrx_word' id='word_1_270' title='bbox 3408 909 3476 949; x_wconf 86' lang='lat' dir='ltr'><strong>ne</strong></span> <span class='ocrx_word' id='word_1_271' title='bbox 3502 904 3658 964; x_wconf 85' lang='lat' dir='ltr'><strong>puta-</strong></span> 
     </span>
    </p>
   </div>
   <div class='ocr_carea' id='block_1_39' title="bbox 2077 981 3659 1055">
    <p class='ocr_par' dir='ltr' id='par_1_39' title="bbox 2077 981 3659 1055">
     <span class='ocr_line' id='line_1_39' title="bbox 2077 981 3659 1055; baseline -0.001 -14"><span class='ocrx_word' id='word_1_272' title='bbox 2077 994 2196 1041; x_wconf 87' lang='lat' dir='ltr'><strong>rent</strong></span> <span class='ocrx_word' id='word_1_273' title='bbox 2221 1000 2345 1041; x_wconf 90' lang='lat' dir='ltr'><strong>eum</strong></span> <span class='ocrx_word' id='word_1_274' title='bbox 2372 985 2553 1039; x_wconf 88' lang='lat' dir='ltr'><strong>audita</strong></span> <span class='ocrx_word' id='word_1_275' title='bbox 2577 984 2755 1055; x_wconf 89' lang='lat' dir='ltr'><strong>potius</strong></span> <span class='ocrx_word' id='word_1_276' title='bbox 2777 998 2939 1054; x_wconf 86' lang='lat' dir='ltr'><strong>quam</strong></span> <span class='ocrx_word' id='word_1_277' title='bbox 2965 983 3079 1038; x_wconf 90' lang='lat' dir='ltr'><strong>visa</strong></span> <span class='ocrx_word' id='word_1_278' title='bbox 3108 998 3367 1038; x_wconf 80' lang='lat' dir='ltr'><strong>narrare.</strong></span> <span class='ocrx_word' id='word_1_279' title='bbox 3387 981 3659 1055; x_wconf 85' lang='lat' dir='ltr'><strong>Tanquam</strong></span> 
     </span>
    </p>
   </div>
   <div class='ocr_carea' id='block_1_40' title="bbox 2076 1075 3663 1146">
    <p class='ocr_par' dir='ltr' id='par_1_40' title="bbox 2076 1075 3663 1146">
     <span class='ocr_line' id='line_1_40' title="bbox 2076 1075 3663 1146; baseline 0 -15"><span class='ocrx_word' id='word_1_280' title='bbox 2076 1076 2311 1131; x_wconf 86' lang='lat' dir='ltr'><strong>abortivo</strong></span> <span class='ocrx_word' id='word_1_281' title='bbox 2339 1076 2501 1141; x_wconf 89' lang='lat' dir='ltr'><strong>dicit,</strong></span> <span class='ocrx_word' id='word_1_282' title='bbox 2530 1075 2657 1145; x_wconf 89' lang='lat' dir='ltr'><strong>quia</strong></span> <span class='ocrx_word' id='word_1_283' title='bbox 2686 1081 2771 1130; x_wconf 90' lang='lat' dir='ltr'><strong>est</strong></span> <span class='ocrx_word' id='word_1_284' title='bbox 2795 1089 3080 1146; x_wconf 61' lang='lat' dir='ltr'><strong>synagoga:</strong></span> <span class='ocrx_word' id='word_1_285' title='bbox 3110 1082 3389 1141; x_wconf 88' lang='lat' dir='ltr'><strong>mortuus,</strong></span> <span class='ocrx_word' id='word_1_286' title='bbox 3414 1083 3471 1129; x_wconf 87' lang='lat' dir='ltr'><strong>et</strong></span> <span class='ocrx_word' id='word_1_287' title='bbox 3494 1077 3663 1132; x_wconf 77' lang='lat' dir='ltr'><strong>natus</strong></span> 
     </span>
    </p>
   </div>
   <div class='ocr_carea' id='block_1_41' title="bbox 2077 1164 3666 1235">
    <p class='ocr_par' dir='ltr' id='par_1_41' title="bbox 2077 1164 3666 1235">
     <span class='ocr_line' id='line_1_41' title="bbox 2077 1164 3666 1235; baseline 0.001 -14"><span class='ocrx_word' id='word_1_288' title='bbox 2077 1165 2352 1232; x_wconf 63' lang='lat' dir='ltr'><strong>ecclesias,</strong></span> <span class='ocrx_word' id='word_1_289' title='bbox 2397 1176 2649 1235; x_wconf 87' lang='lat' dir='ltr'><strong>tanquam</strong></span> <span class='ocrx_word' id='word_1_290' title='bbox 2697 1164 2966 1232; x_wconf 85' lang='lat' dir='ltr'><strong>abortivo,</strong></span> <span class='ocrx_word' id='word_1_291' title='bbox 2995 1164 3083 1220; x_wconf 52' lang='lat' dir='ltr'><strong>‘de</strong></span> <span class='ocrx_word' id='word_1_292' title='bbox 3128 1164 3282 1234; x_wconf 85' lang='lat' dir='ltr'><strong>cujus</strong></span> <span class='ocrx_word' id='word_1_293' title='bbox 3323 1165 3434 1221; x_wconf 87' lang='lat' dir='ltr'><strong>vita</strong></span> <span class='ocrx_word' id='word_1_294' title='bbox 3483 1164 3666 1222; x_wconf 82' lang='lat' dir='ltr'><strong>fuerat</strong></span> 
     </span>
    </p>
   </div>
   <div class='ocr_carea' id='block_1_42' title="bbox 2078 1258 3665 1330">
    <p class='ocr_par' dir='ltr' id='par_1_42' title="bbox 2078 1258 3665 1330">
     <span class='ocr_line' id='line_1_42' title="bbox 2078 1258 3665 1330; baseline 0.001 -15"><span class='ocrx_word' id='word_1_295' title='bbox 2078 1259 2421 1330; x_wconf 87' lang='lat' dir='ltr'><strong>desperatum</strong></span> <span class='ocrx_word' id='word_1_296' title='bbox 2443 1259 2547 1315; x_wconf 89' lang='lat' dir='ltr'><strong>nisi</strong></span> <span class='ocrx_word' id='word_1_297' title='bbox 2570 1274 2668 1329; x_wconf 91' lang='lat' dir='ltr'><strong>per</strong></span> <span class='ocrx_word' id='word_1_298' title='bbox 2690 1258 2919 1330; x_wconf 84' lang='lat' dir='ltr'><strong>gratiam</strong></span> <span class='ocrx_word' id='word_1_299' title='bbox 2942 1258 3155 1315; x_wconf 86' lang='lat' dir='ltr'><strong>Domini</strong></span> <span class='ocrx_word' id='word_1_300' title='bbox 3184 1259 3447 1316; x_wconf 74' lang='lat' dir='ltr'><strong>violenter</strong></span> <span class='ocrx_word' id='word_1_301' title='bbox 3469 1260 3665 1317; x_wconf 77' lang='lat' dir='ltr'><strong>luisset</strong></span> 
     </span>
    </p>
   </div>
   <div class='ocr_carea' id='block_1_43' title="bbox 2079 1351 3655 1422">
    <p class='ocr_par' dir='ltr' id='par_1_43' title="bbox 2079 1351 3655 1422">
     <span class='ocr_line' id='line_1_43' title="bbox 2079 1351 3655 1422; baseline 0.003 -16"><span class='ocrx_word' id='word_1_302' title='bbox 2079 1358 2362 1407; x_wconf 87' lang='lat' dir='ltr'><strong>attractus.</strong></span> <span class='ocrx_word' id='word_1_303' title='bbox 2407 1351 2691 1407; x_wconf 83' lang='lat' dir='ltr'><strong>Attraetus</strong></span> <span class='ocrx_word' id='word_1_304' title='bbox 2730 1358 2911 1407; x_wconf 88' lang='lat' dir='ltr'><strong>autem</strong></span> <span class='ocrx_word' id='word_1_305' title='bbox 2937 1352 3409 1422; x_wconf 71' lang='lat' dir='ltr'><strong>prmdicationibus</strong></span> <span class='ocrx_word' id='word_1_306' title='bbox 3439 1370 3545 1410; x_wconf 90' lang='lat' dir='ltr'><strong>non</strong></span> <span class='ocrx_word' id='word_1_307' title='bbox 3575 1372 3655 1411; x_wconf 84' lang='lat' dir='ltr'><strong>ea-</strong></span> 
     </span>
    </p>
   </div>
   <div class='ocr_carea' id='block_1_44' title="bbox 2080 1440 3660 1514">
    <p class='ocr_par' dir='ltr' id='par_1_44' title="bbox 2080 1440 3660 1514">
     <span class='ocr_line' id='line_1_44' title="bbox 2080 1440 3660 1514; baseline 0.003 -20"><span class='ocrx_word' id='word_1_308' title='bbox 2080 1440 2221 1495; x_wconf 90' lang='lat' dir='ltr'><strong>tenis</strong></span> <span class='ocrx_word' id='word_1_309' title='bbox 2265 1448 2322 1495; x_wconf 90' lang='lat' dir='ltr'><strong>et</strong></span> <span class='ocrx_word' id='word_1_310' title='bbox 2367 1456 2480 1511; x_wconf 71' lang='lat' dir='ltr'><strong>pra:</strong></span> <span class='ocrx_word' id='word_1_311' title='bbox 2506 1448 2728 1511; x_wconf 85' lang='lat' dir='ltr'><strong>stupore</strong></span> <span class='ocrx_word' id='word_1_312' title='bbox 2766 1440 3025 1497; x_wconf 83' lang='lat' dir='ltr'><strong>novitatis</strong></span> <span class='ocrx_word' id='word_1_313' title='bbox 3056 1441 3271 1499; x_wconf 83' lang='lat' dir='ltr'><strong>invitus</strong></span> <span class='ocrx_word' id='word_1_314' title='bbox 3291 1483 3306 1508; x_wconf 94' lang='lat'><strong>,</strong></span> <span class='ocrx_word' id='word_1_315' title='bbox 3338 1443 3429 1514; x_wconf 87' lang='lat' dir='ltr'><strong>qui</strong></span> <span class='ocrx_word' id='word_1_316' title='bbox 3458 1453 3579 1499; x_wconf 89' lang='lat' dir='ltr'><strong>erat</strong></span> <span class='ocrx_word' id='word_1_317' title='bbox 3608 1445 3660 1499; x_wconf 90' lang='lat' dir='ltr'><strong>in</strong></span> 
     </span>
    </p>
   </div>
   <div class='ocr_carea' id='block_1_45' title="bbox 2079 1529 3661 1605">
    <p class='ocr_par' dir='ltr' id='par_1_45' title="bbox 2079 1529 3661 1605">
     <span class='ocr_line' id='line_1_45' title="bbox 2079 1529 3661 1605; baseline 0.003 -21"><span class='ocrx_word' id='word_1_318' title='bbox 2079 1529 2213 1602; x_wconf 89' lang='lat' dir='ltr'><strong>legis</strong></span> <span class='ocrx_word' id='word_1_319' title='bbox 2239 1530 2545 1586; x_wconf 89' lang='lat' dir='ltr'><strong>eruditione</strong></span> <span class='ocrx_word' id='word_1_320' title='bbox 2569 1531 2875 1601; x_wconf 83' lang='lat' dir='ltr'><strong>perfectus,</strong></span> <span class='ocrx_word' id='word_1_321' title='bbox 2906 1532 3021 1587; x_wconf 87' lang='lat' dir='ltr'><strong>sive</strong></span> <span class='ocrx_word' id='word_1_322' title='bbox 3050 1531 3171 1588; x_wconf 89' lang='lat' dir='ltr'><strong>ideo</strong></span> <span class='ocrx_word' id='word_1_323' title='bbox 3196 1533 3472 1589; x_wconf 83' lang='lat' dir='ltr'><strong>abortivus</strong></span> <span class='ocrx_word' id='word_1_324' title='bbox 3490 1575 3505 1599; x_wconf 95' lang='lat'><strong>,</strong></span> <span class='ocrx_word' id='word_1_325' title='bbox 3533 1536 3661 1605; x_wconf 83' lang='lat' dir='ltr'><strong>quia</strong></span> 
     </span>
    </p>
   </div>
   <div class='ocr_carea' id='block_1_46' title="bbox 2080 1625 3664 1699">
    <p class='ocr_par' dir='ltr' id='par_1_46' title="bbox 2080 1625 3664 1699">
     <span class='ocr_line' id='line_1_46' title="bbox 2080 1625 3664 1699; baseline 0.001 -18"><span class='ocrx_word' id='word_1_326' title='bbox 2080 1626 2278 1682; x_wconf 89' lang='lat' dir='ltr'><strong>merito</strong></span> <span class='ocrx_word' id='word_1_327' title='bbox 2303 1642 2575 1699; x_wconf 80' lang='lat' dir='ltr'><strong>synagoga</strong></span> <span class='ocrx_word' id='word_1_328' title='bbox 2603 1641 2728 1681; x_wconf 89' lang='lat' dir='ltr'><strong>eum</strong></span> <span class='ocrx_word' id='word_1_329' title='bbox 2755 1625 2895 1681; x_wconf 90' lang='lat' dir='ltr'><strong>male</strong></span> <span class='ocrx_word' id='word_1_330' title='bbox 2916 1634 3236 1696; x_wconf 83' lang='lat' dir='ltr'><strong>conceptum</strong></span> <span class='ocrx_word' id='word_1_331' title='bbox 3263 1626 3664 1698; x_wconf 83' lang='lat' dir='ltr'><strong>imperfectum-</strong></span> 
     </span>
    </p>
   </div>
   <div class='ocr_carea' id='block_1_47' title="bbox 2082 1714 2451 1788">
    <p class='ocr_par' dir='ltr' id='par_1_47' title="bbox 2082 1714 2451 1788">
     <span class='ocr_line' id='line_1_47' title="bbox 2082 1714 2451 1788; baseline 0.003 -17"><span class='ocrx_word' id='word_1_332' title='bbox 2082 1732 2188 1787; x_wconf 88' lang='lat' dir='ltr'><strong>que</strong></span> <span class='ocrx_word' id='word_1_333' title='bbox 2221 1714 2451 1788; x_wconf 84' lang='lat' dir='ltr'><strong>peperit.</strong></span> 
     </span>
    </p>
   </div>
   <div class='ocr_carea' id='block_1_48' title="bbox 2010 1807 3668 1882">
    <p class='ocr_par' dir='ltr' id='par_1_48' title="bbox 2010 1807 3668 1882">
     <span class='ocr_line' id='line_1_48' title="bbox 2010 1807 3668 1882; baseline 0.004 -23"><span class='ocrx_word' id='word_1_334' title='bbox 2010 1822 2059 1882; x_wconf 80' lang='grc' dir='ltr'><strong>Β</strong></span> <span class='ocrx_word' id='word_1_335' title='bbox 2158 1807 2273 1880; x_wconf 78' lang='lat' dir='ltr'><strong>Ego</strong></span> <span class='ocrx_word' id='word_1_336' title='bbox 2315 1810 2452 1862; x_wconf 85' lang='lat' dir='ltr'><strong>enim</strong></span> <span class='ocrx_word' id='word_1_337' title='bbox 2491 1824 2608 1863; x_wconf 87' lang='lat' dir='ltr'><strong>sum</strong></span> <span class='ocrx_word' id='word_1_338' title='bbox 2646 1809 2896 1863; x_wconf 87' lang='lat' dir='ltr'><strong>minimus</strong></span> <span class='ocrx_word' id='word_1_339' title='bbox 2937 1807 3314 1879; x_wconf 81' lang='lat' dir='ltr'><strong>apostolorum.</strong></span> <span class='ocrx_word' id='word_1_340' title='bbox 3354 1808 3481 1865; x_wconf 74' lang='lat' dir='ltr'><strong>Haec</strong></span> <span class='ocrx_word' id='word_1_341' title='bbox 3510 1809 3668 1866; x_wconf 64' lang='lat' dir='ltr'><strong>de~se</strong></span> 
     </span>
    </p>
   </div>
   <div class='ocr_carea' id='block_1_49' title="bbox 2085 1899 3669 1970">
    <p class='ocr_par' dir='ltr' id='par_1_49' title="bbox 2085 1899 3669 1970">
     <span class='ocr_line' id='line_1_49' title="bbox 2085 1899 3669 1970; baseline 0.003 -18"><span class='ocrx_word' id='word_1_342' title='bbox 2085 1908 2309 1970; x_wconf 80' lang='lat' dir='ltr'><strong>prepter</strong></span> <span class='ocrx_word' id='word_1_343' title='bbox 2343 1899 2702 1955; x_wconf 91' lang='lat' dir='ltr'><strong>humilitatem</strong></span> <span class='ocrx_word' id='word_1_344' title='bbox 2743 1899 2912 1966; x_wconf 90' lang='lat' dir='ltr'><strong>dicit;</strong></span> <span class='ocrx_word' id='word_1_345' title='bbox 2958 1908 3214 1956; x_wconf 57' lang='lat' dir='ltr'><strong>ueterum</strong></span> <span class='ocrx_word' id='word_1_346' title='bbox 3252 1908 3370 1955; x_wconf 88' lang='lat' dir='ltr'><strong>erat</strong></span> <span class='ocrx_word' id='word_1_347' title='bbox 3411 1901 3669 1957; x_wconf 88' lang='lat' dir='ltr'><strong>minimus</strong></span> 
     </span>
    </p>
   </div>
   <div class='ocr_carea' id='block_1_50' title="bbox 2086 1989 3671 2063">
    <p class='ocr_par' dir='ltr' id='par_1_50' title="bbox 2086 1989 3671 2063">
     <span class='ocr_line' id='line_1_50' title="bbox 2086 1989 3671 2063; baseline -0.001 -15"><span class='ocrx_word' id='word_1_348' title='bbox 2086 2000 2332 2063; x_wconf 82' lang='lat' dir='ltr'><strong>tempore</strong></span> <span class='ocrx_word' id='word_1_349' title='bbox 2373 2006 2479 2047; x_wconf 92' lang='lat' dir='ltr'><strong>non</strong></span> <span class='ocrx_word' id='word_1_350' title='bbox 2506 1990 2705 2063; x_wconf 76' lang='lat' dir='ltr'><strong>labore</strong></span> <span class='ocrx_word' id='word_1_351' title='bbox 2732 2009 2744 2044; x_wconf 91' lang='lat'><strong>:</strong></span> <span class='ocrx_word' id='word_1_352' title='bbox 2773 1994 2899 2045; x_wconf 82' lang='lat' dir='ltr'><strong>nam</strong></span> <span class='ocrx_word' id='word_1_353' title='bbox 2938 1989 3067 2046; x_wconf 89' lang='lat' dir='ltr'><strong>alibi</strong></span> <span class='ocrx_word' id='word_1_354' title='bbox 3110 1991 3219 2057; x_wconf 86' lang='lat' dir='ltr'><strong>ait,</strong></span> <span class='ocrx_word' id='word_1_355' title='bbox 3265 1991 3383 2062; x_wconf 84' lang='lat' dir='ltr'><strong>plus</strong></span> <span class='ocrx_word' id='word_1_356' title='bbox 3424 1992 3671 2046; x_wconf 85' lang='lat' dir='ltr'><strong>omnibus</strong></span> 
     </span>
    </p>
   </div>
   <div class='ocr_carea' id='block_1_51' title="bbox 2086 2083 2342 2139">
    <p class='ocr_par' dir='ltr' id='par_1_51' title="bbox 2086 2083 2342 2139">
     <span class='ocr_line' id='line_1_51' title="bbox 2086 2083 2342 2139; baseline 0.008 -2"><span class='ocrx_word' id='word_1_357' title='bbox 2086 2083 2342 2139; x_wconf 82' lang='lat' dir='ltr'><strong>laboravi.</strong></span> 
     </span>
    </p>
   </div>
   <div class='ocr_carea' id='block_1_52' title="bbox 2156 2170 3668 2247">
    <p class='ocr_par' dir='ltr' id='par_1_52' title="bbox 2156 2170 3668 2247">
     <span class='ocr_line' id='line_1_52' title="bbox 2156 2170 3668 2247; baseline 0 -18"><span class='ocrx_word' id='word_1_358' title='bbox 2156 2174 2262 2241; x_wconf 87' lang='lat' dir='ltr'><strong>Qui</strong></span> <span class='ocrx_word' id='word_1_359' title='bbox 2309 2192 2414 2229; x_wconf 90' lang='lat' dir='ltr'><strong>non</strong></span> <span class='ocrx_word' id='word_1_360' title='bbox 2458 2191 2575 2230; x_wconf 88' lang='lat' dir='ltr'><strong>sum</strong></span> <span class='ocrx_word' id='word_1_361' title='bbox 2614 2175 2804 2247; x_wconf 84' lang='lat' dir='ltr'><strong>dignus</strong></span> <span class='ocrx_word' id='word_1_362' title='bbox 2850 2175 3028 2230; x_wconf 86' lang='lat' dir='ltr'><strong>vocari</strong></span> <span class='ocrx_word' id='word_1_363' title='bbox 3074 2170 3376 2246; x_wconf 85' lang='lat' dir='ltr'><strong>apostolus,</strong></span> <span class='ocrx_word' id='word_1_364' title='bbox 3415 2176 3668 2247; x_wconf 88' lang='lat' dir='ltr'><strong>quoniam</strong></span> 
     </span>
    </p>
   </div>
   <div class='ocr_carea' id='block_1_53' title="bbox 2083 2260 3671 2341">
    <p class='ocr_par' dir='ltr' id='par_1_53' title="bbox 2083 2260 3671 2341">
     <span class='ocr_line' id='line_1_53' title="bbox 2083 2260 3671 2341; baseline 0.003 -17"><span class='ocrx_word' id='word_1_365' title='bbox 2083 2278 2385 2341; x_wconf 87' lang='lat' dir='ltr'><strong>persecutus</strong></span> <span class='ocrx_word' id='word_1_366' title='bbox 2414 2286 2530 2324; x_wconf 88' lang='lat' dir='ltr'><strong>sum</strong></span> <span class='ocrx_word' id='word_1_367' title='bbox 2560 2268 2854 2324; x_wconf 85' lang='lat' dir='ltr'><strong>Ecclesiam</strong></span> <span class='ocrx_word' id='word_1_368' title='bbox 2884 2268 3003 2324; x_wconf 88' lang='lat' dir='ltr'><strong>Dei.</strong></span> <span class='ocrx_word' id='word_1_369' title='bbox 3033 2260 3211 2337; x_wconf 82' lang='lat' dir='ltr'><strong>Quare</strong></span> <span class='ocrx_word' id='word_1_370' title='bbox 3233 2286 3340 2325; x_wconf 92' lang='lat' dir='ltr'><strong>non</strong></span> <span class='ocrx_word' id='word_1_371' title='bbox 3368 2271 3442 2327; x_wconf 89' lang='lat' dir='ltr'><strong>sit</strong></span> <span class='ocrx_word' id='word_1_372' title='bbox 3468 2271 3671 2341; x_wconf 78' lang='lat' dir='ltr'><strong>dignus</strong></span> 
     </span>
    </p>
   </div>
   <div class='ocr_carea' id='block_1_54' title="bbox 2084 2359 3673 2431">
    <p class='ocr_par' dir='ltr' id='par_1_54' title="bbox 2084 2359 3673 2431">
     <span class='ocr_line' id='line_1_54' title="bbox 2084 2359 3673 2431; baseline 0.001 -16"><span class='ocrx_word' id='word_1_373' title='bbox 2084 2360 2201 2431; x_wconf 87' lang='lat' dir='ltr'><strong>ipse</strong></span> <span class='ocrx_word' id='word_1_374' title='bbox 2229 2375 2506 2431; x_wconf 82' lang='lat' dir='ltr'><strong>exponens</strong></span> <span class='ocrx_word' id='word_1_375' title='bbox 2536 2360 2646 2426; x_wconf 89' lang='lat' dir='ltr'><strong>ait,</strong></span> <span class='ocrx_word' id='word_1_376' title='bbox 2678 2359 2942 2426; x_wconf 87' lang='lat' dir='ltr'><strong>Quoniam</strong></span> <span class='ocrx_word' id='word_1_377' title='bbox 2984 2375 3284 2430; x_wconf 85' lang='lat' dir='ltr'><strong>persecutus</strong></span> <span class='ocrx_word' id='word_1_378' title='bbox 3322 2377 3440 2414; x_wconf 89' lang='lat' dir='ltr'><strong>sum</strong></span> <span class='ocrx_word' id='word_1_379' title='bbox 3482 2359 3673 2416; x_wconf 85' lang='lat' dir='ltr'><strong>Eccle-</strong></span> 
     </span>
    </p>
   </div>
   <div class='ocr_carea' id='block_1_55' title="bbox 2083 2451 3675 2523">
    <p class='ocr_par' dir='ltr' id='par_1_55' title="bbox 2083 2451 3675 2523">
     <span class='ocr_line' id='line_1_55' title="bbox 2083 2451 3675 2523; baseline 0 -16"><span class='ocrx_word' id='word_1_380' title='bbox 2083 2451 2219 2507; x_wconf 87' lang='lat' dir='ltr'><strong>siam</strong></span> <span class='ocrx_word' id='word_1_381' title='bbox 2260 2451 2378 2506; x_wconf 88' lang='lat' dir='ltr'><strong>Dei.</strong></span> <span class='ocrx_word' id='word_1_382' title='bbox 2408 2451 2581 2507; x_wconf 90' lang='lat' dir='ltr'><strong>Docet</strong></span> <span class='ocrx_word' id='word_1_383' title='bbox 2610 2467 2710 2507; x_wconf 91' lang='lat' dir='ltr'><strong>nos</strong></span> <span class='ocrx_word' id='word_1_384' title='bbox 2735 2451 2984 2521; x_wconf 81' lang='lat' dir='ltr'><strong>exemplo</strong></span> <span class='ocrx_word' id='word_1_385' title='bbox 3010 2466 3107 2507; x_wconf 89' lang='lat' dir='ltr'><strong>suo</strong></span> <span class='ocrx_word' id='word_1_386' title='bbox 3137 2452 3302 2507; x_wconf 89' lang='lat' dir='ltr'><strong>etiam</strong></span> <span class='ocrx_word' id='word_1_387' title='bbox 3342 2452 3388 2508; x_wconf 89' lang='lat' dir='ltr'><strong>si</strong></span> <span class='ocrx_word' id='word_1_388' title='bbox 3428 2453 3493 2507; x_wconf 86' lang='lat' dir='ltr'><strong>ad</strong></span> <span class='ocrx_word' id='word_1_389' title='bbox 3532 2469 3675 2523; x_wconf 70' lang='lat' dir='ltr'><strong>prae-</strong></span> 
     </span>
    </p>
   </div>
   <div class='ocr_carea' id='block_1_56' title="bbox 2083 2541 3671 2614">
    <p class='ocr_par' dir='ltr' id='par_1_56' title="bbox 2083 2541 3671 2614">
     <span class='ocr_line' id='line_1_56' title="bbox 2083 2541 3671 2614; baseline -0.001 -15"><span class='ocrx_word' id='word_1_390' title='bbox 2083 2558 2209 2599; x_wconf 90' lang='lat' dir='ltr'><strong>sens</strong></span> <span class='ocrx_word' id='word_1_391' title='bbox 2229 2542 2578 2614; x_wconf 85' lang='lat' dir='ltr'><strong>proﬁciamus</strong></span> <span class='ocrx_word' id='word_1_392' title='bbox 2597 2583 2613 2608; x_wconf 93' lang='lat'><strong>,</strong></span> <span class='ocrx_word' id='word_1_393' title='bbox 2640 2541 2836 2598; x_wconf 83' lang='lat' dir='ltr'><strong>deﬂere</strong></span> <span class='ocrx_word' id='word_1_394' title='bbox 2859 2542 3167 2612; x_wconf 79' lang='lat' dir='ltr'><strong>praeterita,</strong></span> <span class='ocrx_word' id='word_1_395' title='bbox 3196 2543 3391 2599; x_wconf 89' lang='lat' dir='ltr'><strong>melius</strong></span> <span class='ocrx_word' id='word_1_396' title='bbox 3411 2552 3495 2598; x_wconf 88' lang='lat' dir='ltr'><strong>est</strong></span> <span class='ocrx_word' id='word_1_397' title='bbox 3519 2543 3671 2598; x_wconf 88' lang='lat' dir='ltr'><strong>enim</strong></span> 
     </span>
    </p>
   </div>
   <div class='ocr_carea' id='block_1_57' title="bbox 2083 2631 3674 2702">
    <p class='ocr_par' dir='ltr' id='par_1_57' title="bbox 2083 2631 3674 2702">
     <span class='ocr_line' id='line_1_57' title="bbox 2083 2631 3674 2702; baseline -0.001 -14"><span class='ocrx_word' id='word_1_398' title='bbox 2083 2632 2309 2688; x_wconf 88' lang='lat' dir='ltr'><strong>dimissa</strong></span> <span class='ocrx_word' id='word_1_399' title='bbox 2362 2631 2638 2688; x_wconf 87' lang='lat' dir='ltr'><strong>recordari</strong></span> <span class='ocrx_word' id='word_1_400' title='bbox 2690 2640 2912 2702; x_wconf 86' lang='lat' dir='ltr'><strong>peccata</strong></span> <span class='ocrx_word' id='word_1_401' title='bbox 2935 2672 2949 2698; x_wconf 93' lang='lat'><strong>,</strong></span> <span class='ocrx_word' id='word_1_402' title='bbox 3000 2647 3162 2702; x_wconf 89' lang='lat' dir='ltr'><strong>quam</strong></span> <span class='ocrx_word' id='word_1_403' title='bbox 3219 2632 3467 2687; x_wconf 84' lang='lat' dir='ltr'><strong>oblivisci</strong></span> <span class='ocrx_word' id='word_1_404' title='bbox 3522 2648 3674 2687; x_wconf 89' lang='lat' dir='ltr'><strong>com-</strong></span> 
     </span>
    </p>
   </div>
   <div class='ocr_carea' id='block_1_58' title="bbox 2082 2721 3672 2799">
    <p class='ocr_par' dir='ltr' id='par_1_58' title="bbox 2082 2721 3672 2799">
     <span class='ocr_line' id='line_1_58' title="bbox 2082 2721 3672 2799; baseline 0 -19"><span class='ocrx_word' id='word_1_405' title='bbox 2082 2724 2267 2780; x_wconf 88' lang='lat' dir='ltr'><strong>missa.</strong></span> <span class='ocrx_word' id='word_1_406' title='bbox 2300 2724 2572 2795; x_wconf 88' lang='lat' dir='ltr'><strong>Scriptum</strong></span> <span class='ocrx_word' id='word_1_407' title='bbox 2603 2733 2685 2782; x_wconf 91' lang='lat' dir='ltr'><strong>est</strong></span> <span class='ocrx_word' id='word_1_408' title='bbox 2715 2725 2886 2790; x_wconf 89' lang='lat' dir='ltr'><strong>enim,</strong></span> <span class='ocrx_word' id='word_1_409' title='bbox 2917 2721 3046 2789; x_wconf 86' lang='lat' dir='ltr'><strong>Fili,</strong></span> <span class='ocrx_word' id='word_1_410' title='bbox 3071 2725 3313 2799; x_wconf 78' lang='lat' dir='ltr'><strong>peccasti,</strong></span> <span class='ocrx_word' id='word_1_411' title='bbox 3350 2742 3411 2781; x_wconf 89' lang='lat' dir='ltr'><strong>ne</strong></span> <span class='ocrx_word' id='word_1_412' title='bbox 3440 2724 3672 2797; x_wconf 83' lang='lat' dir='ltr'><strong>adjicias</strong></span> 
     </span>
    </p>
   </div>
   <div class='ocr_carea' id='block_1_59' title="bbox 2082 2816 3216 2887">
    <p class='ocr_par' dir='ltr' id='par_1_59' title="bbox 2082 2816 3216 2887">
     <span class='ocr_line' id='line_1_59' title="bbox 2082 2816 3216 2887; baseline 0.001 -17"><span class='ocrx_word' id='word_1_413' title='bbox 2082 2816 2304 2884; x_wconf 86' lang='lat' dir='ltr'><strong>iterum,</strong></span> <span class='ocrx_word' id='word_1_414' title='bbox 2331 2816 2423 2872; x_wconf 82' lang='lat' dir='ltr'><strong>sed</strong></span> <span class='ocrx_word' id='word_1_415' title='bbox 2450 2826 2499 2871; x_wconf 90' lang='lat' dir='ltr'><strong>et</strong></span> <span class='ocrx_word' id='word_1_416' title='bbox 2524 2817 2589 2872; x_wconf 88' lang='lat' dir='ltr'><strong>de</strong></span> <span class='ocrx_word' id='word_1_417' title='bbox 2612 2817 2890 2886; x_wconf 79' lang='lat' dir='ltr'><strong>prwteritis</strong></span> <span class='ocrx_word' id='word_1_418' title='bbox 2918 2816 3216 2887; x_wconf 86' lang='lat' dir='ltr'><strong>deprecare.</strong></span> 
     </span>
    </p>
   </div>
   <div class='ocr_carea' id='block_1_60' title="bbox 2153 2906 3671 2981">
    <p class='ocr_par' dir='ltr' id='par_1_60' title="bbox 2153 2906 3671 2981">
     <span class='ocr_line' id='line_1_60' title="bbox 2153 2906 3671 2981; baseline 0.001 -18"><span class='ocrx_word' id='word_1_419' title='bbox 2153 2906 2339 2963; x_wconf 78' lang='lat' dir='ltr'><strong>Gratia</strong></span> <span class='ocrx_word' id='word_1_420' title='bbox 2368 2917 2542 2962; x_wconf 75' lang='lat' dir='ltr'><strong>autem</strong></span> <span class='ocrx_word' id='word_1_421' title='bbox 2567 2907 2666 2962; x_wconf 87' lang='lat' dir='ltr'><strong>Dei</strong></span> <span class='ocrx_word' id='word_1_422' title='bbox 2693 2926 2808 2963; x_wconf 87' lang='lat' dir='ltr'><strong>sum</strong></span> <span class='ocrx_word' id='word_1_423' title='bbox 2837 2909 2892 2964; x_wconf 92' lang='lat' dir='ltr'><strong>id</strong></span> <span class='ocrx_word' id='word_1_424' title='bbox 2920 2908 3060 2980; x_wconf 82' lang='lat' dir='ltr'><strong>quod</strong></span> <span class='ocrx_word' id='word_1_425' title='bbox 3089 2926 3209 2964; x_wconf 87' lang='lat' dir='ltr'><strong>sum</strong></span> <span class='ocrx_word' id='word_1_426' title='bbox 3227 2950 3242 2977; x_wconf 93' lang='lat'><strong>,</strong></span> <span class='ocrx_word' id='word_1_427' title='bbox 3271 2908 3325 2964; x_wconf 88' lang='lat' dir='ltr'><strong>et</strong></span> <span class='ocrx_word' id='word_1_428' title='bbox 3345 2909 3521 2981; x_wconf 88' lang='lat' dir='ltr'><strong>gratia</strong></span> <span class='ocrx_word' id='word_1_429' title='bbox 3549 2910 3671 2981; x_wconf 84' lang='lat' dir='ltr'><strong>ejus</strong></span> 
     </span>
    </p>
   </div>
   <div class='ocr_carea' id='block_1_61' title="bbox 2029 2996 3683 3072">
    <p class='ocr_par' dir='ltr' id='par_1_61' title="bbox 2029 2996 3683 3072">
     <span class='ocr_line' id='line_1_61' title="bbox 2029 2996 3683 3072; baseline 0.001 -16"><span class='ocrx_word' id='word_1_430' title='bbox 2029 3068 2037 3072; x_wconf 95' lang='lat'><em>_</em></span> <span class='ocrx_word' id='word_1_431' title='bbox 2080 3001 2241 3056; x_wconf 85' lang='lat' dir='ltr'><strong>inme</strong></span> <span class='ocrx_word' id='word_1_432' title='bbox 2268 3016 2431 3054; x_wconf 86' lang='lat' dir='ltr'><strong>vacua</strong></span> <span class='ocrx_word' id='word_1_433' title='bbox 2457 3015 2560 3053; x_wconf 89' lang='lat' dir='ltr'><strong>non</strong></span> <span class='ocrx_word' id='word_1_434' title='bbox 2588 2996 2710 3067; x_wconf 82' lang='lat' dir='ltr'><strong>fuit.</strong></span> <span class='ocrx_word' id='word_1_435' title='bbox 2752 2999 2888 3067; x_wconf 85' lang='lat' dir='ltr'><strong>Quia</strong></span> <span class='ocrx_word' id='word_1_436' title='bbox 2916 3000 3088 3070; x_wconf 84' lang='lat' dir='ltr'><strong>gratia</strong></span> <span class='ocrx_word' id='word_1_437' title='bbox 3131 3017 3239 3072; x_wconf 89' lang='lat' dir='ltr'><strong>qua</strong></span> <span class='ocrx_word' id='word_1_438' title='bbox 3280 3002 3544 3072; x_wconf 88' lang='lat' dir='ltr'><strong>redempti</strong></span> <span class='ocrx_word' id='word_1_439' title='bbox 3585 3019 3683 3058; x_wconf 91' lang='lat' dir='ltr'><strong>su-</strong></span> 
     </span>
    </p>
   </div>
   <div class='ocr_carea' id='block_1_62' title="bbox 2082 3089 3681 3163">
    <p class='ocr_par' dir='ltr' id='par_1_62' title="bbox 2082 3089 3681 3163">
     <span class='ocr_line' id='line_1_62' title="bbox 2082 3089 3681 3163; baseline 0.002 -18"><span class='ocrx_word' id='word_1_440' title='bbox 2082 3089 2204 3145; x_wconf 86' lang='lat' dir='ltr'><strong>mus</strong></span> <span class='ocrx_word' id='word_1_441' title='bbox 2228 3089 2471 3145; x_wconf 89' lang='lat' dir='ltr'><strong>laborem</strong></span> <span class='ocrx_word' id='word_1_442' title='bbox 2497 3096 2787 3145; x_wconf 86' lang='lat' dir='ltr'><strong>conatuum</strong></span> <span class='ocrx_word' id='word_1_443' title='bbox 2814 3105 2920 3145; x_wconf 91' lang='lat' dir='ltr'><strong>non</strong></span> <span class='ocrx_word' id='word_1_444' title='bbox 2948 3091 3202 3149; x_wconf 88' lang='lat' dir='ltr'><strong>meritum</strong></span> <span class='ocrx_word' id='word_1_445' title='bbox 3227 3092 3494 3163; x_wconf 67' lang='lat' dir='ltr'><strong>quaasivit.</strong></span> <span class='ocrx_word' id='word_1_446' title='bbox 3524 3092 3681 3160; x_wconf 83' lang='lat' dir='ltr'><strong>Quo-</strong></span> 
     </span>
    </p>
   </div>
   <div class='ocr_carea' id='block_1_63' title="bbox 403 3172 3672 3255">
    <p class='ocr_par' dir='ltr' id='par_1_63' title="bbox 403 3172 3672 3255">
     <span class='ocr_line' id='line_1_63' title="bbox 403 3172 3672 3255; baseline 0.003 -24"><span class='ocrx_word' id='word_1_447' title='bbox 403 3172 556 3231; x_wconf 88' lang='lat' dir='ltr'><strong>Sicut</strong></span> <span class='ocrx_word' id='word_1_448' title='bbox 602 3177 719 3231; x_wconf 90' lang='lat' dir='ltr'><strong>ovis</strong></span> <span class='ocrx_word' id='word_1_449' title='bbox 762 3176 830 3231; x_wconf 85' lang='lat' dir='ltr'><strong>ad</strong></span> <span class='ocrx_word' id='word_1_450' title='bbox 868 3176 1198 3231; x_wconf 88' lang='lat' dir='ltr'><strong>occisionem</strong></span> <span class='ocrx_word' id='word_1_451' title='bbox 1236 3176 1481 3242; x_wconf 87' lang='lat' dir='ltr'><strong>ducetur,</strong></span> <span class='ocrx_word' id='word_1_452' title='bbox 1532 3187 1588 3233; x_wconf 91' lang='lat' dir='ltr'><strong>et</strong></span> <span class='ocrx_word' id='word_1_453' title='bbox 1624 3181 1779 3249; x_wconf 88' lang='lat' dir='ltr'><strong>quasi</strong></span> <span class='ocrx_word' id='word_1_454' title='bbox 1810 3196 1981 3251; x_wconf 88' lang='lat' dir='ltr'><strong>agnus</strong></span> <span class='ocrx_word' id='word_1_455' title='bbox 2007 3176 2051 3238; x_wconf 91' lang='lat' dir='ltr'><strong>C</strong></span> <span class='ocrx_word' id='word_1_456' title='bbox 2086 3182 2288 3239; x_wconf 88' lang='lat' dir='ltr'><strong>tidiana</strong></span> <span class='ocrx_word' id='word_1_457' title='bbox 2329 3191 2508 3238; x_wconf 90' lang='lat' dir='ltr'><strong>autem</strong></span> <span class='ocrx_word' id='word_1_458' title='bbox 2538 3182 2714 3254; x_wconf 90' lang='lat' dir='ltr'><strong>gratia</strong></span> <span class='ocrx_word' id='word_1_459' title='bbox 2769 3191 2894 3252; x_wconf 91' lang='lat' dir='ltr'><strong>post</strong></span> <span class='ocrx_word' id='word_1_460' title='bbox 2929 3184 3256 3255; x_wconf 88' lang='lat' dir='ltr'><strong>baptismum</strong></span> <span class='ocrx_word' id='word_1_461' title='bbox 3297 3185 3672 3255; x_wconf 84' lang='lat' dir='ltr'><strong>quotidianum</strong></span> 
     </span>
    </p>
   </div>
   <div class='ocr_carea' id='block_1_64' title="bbox 401 3267 1980 3337">
    <p class='ocr_par' dir='ltr' id='par_1_64' title="bbox 401 3267 1980 3337">
     <span class='ocr_line' id='line_1_64' title="bbox 401 3267 1980 3337; baseline 0.003 -14"><span class='ocrx_word' id='word_1_462' title='bbox 401 3283 586 3323; x_wconf 90' lang='lat' dir='ltr'><strong>coram</strong></span> <span class='ocrx_word' id='word_1_463' title='bbox 617 3267 869 3323; x_wconf 86' lang='lat' dir='ltr'><strong>tondente</strong></span> <span class='ocrx_word' id='word_1_464' title='bbox 893 3283 952 3323; x_wconf 90' lang='lat' dir='ltr'><strong>se</strong></span> <span class='ocrx_word' id='word_1_465' title='bbox 977 3268 1338 3337; x_wconf 88' lang='lat' dir='ltr'><strong>obmutescet;</strong></span> <span class='ocrx_word' id='word_1_466' title='bbox 1367 3278 1421 3323; x_wconf 89' lang='lat' dir='ltr'><strong>et</strong></span> <span class='ocrx_word' id='word_1_467' title='bbox 1448 3270 1599 3336; x_wconf 80' lang='lat' dir='ltr'><strong>illud,</strong></span> <span class='ocrx_word' id='word_1_468' title='bbox 1628 3271 1876 3326; x_wconf 85' lang='lat' dir='ltr'><strong>Traditus</strong></span> <span class='ocrx_word' id='word_1_469' title='bbox 1905 3285 1980 3328; x_wconf 88' lang='lat' dir='ltr'><strong>est</strong></span> 
     </span>
    </p>
   </div>
   <div class='ocr_carea' id='block_1_65' title="bbox 399 3359 1981 3431">
    <p class='ocr_par' dir='ltr' id='par_1_65' title="bbox 399 3359 1981 3431">
     <span class='ocr_line' id='line_1_65' title="bbox 399 3359 1981 3431; baseline 0.004 -20"><span class='ocrx_word' id='word_1_470' title='bbox 399 3370 610 3430; x_wconf 81' lang='lat' dir='ltr'><strong>propter</strong></span> <span class='ocrx_word' id='word_1_471' title='bbox 646 3359 944 3430; x_wconf 82' lang='lat' dir='ltr'><strong>iniquitates</strong></span> <span class='ocrx_word' id='word_1_472' title='bbox 976 3369 1213 3425; x_wconf 87' lang='lat' dir='ltr'><strong>nostras,</strong></span> <span class='ocrx_word' id='word_1_473' title='bbox 1255 3368 1310 3415; x_wconf 90' lang='lat' dir='ltr'><strong>et</strong></span> <span class='ocrx_word' id='word_1_474' title='bbox 1344 3360 1504 3415; x_wconf 84' lang='lat' dir='ltr'><strong>livore</strong></span> <span class='ocrx_word' id='word_1_475' title='bbox 1531 3362 1643 3431; x_wconf 84' lang='lat' dir='ltr'><strong>ejus</strong></span> <span class='ocrx_word' id='word_1_476' title='bbox 1687 3364 1859 3416; x_wconf 87' lang='lat' dir='ltr'><strong>sanati</strong></span> <span class='ocrx_word' id='word_1_477' title='bbox 1896 3381 1981 3418; x_wconf 87' lang='lat' dir='ltr'><strong>su-</strong></span> 
     </span>
    </p>
   </div>
   <div class='ocr_carea' id='block_1_66' title="bbox 400 3451 1980 3524">
    <p class='ocr_par' dir='ltr' id='par_1_66' title="bbox 400 3451 1980 3524">
     <span class='ocr_line' id='line_1_66' title="bbox 400 3451 1980 3524; baseline 0.002 -19"><span class='ocrx_word' id='word_1_478' title='bbox 400 3468 550 3518; x_wconf 87' lang='lat' dir='ltr'><strong>mus,</strong></span> <span class='ocrx_word' id='word_1_479' title='bbox 592 3461 649 3506; x_wconf 88' lang='lat' dir='ltr'><strong>et</strong></span> <span class='ocrx_word' id='word_1_480' title='bbox 687 3451 854 3507; x_wconf 90' lang='lat' dir='ltr'><strong>multa</strong></span> <span class='ocrx_word' id='word_1_481' title='bbox 896 3451 997 3507; x_wconf 85' lang='lat' dir='ltr'><strong>alia</strong></span> <span class='ocrx_word' id='word_1_482' title='bbox 1041 3452 1098 3517; x_wconf 91' lang='lat' dir='ltr'><strong>in</strong></span> <span class='ocrx_word' id='word_1_483' title='bbox 1141 3452 1337 3507; x_wconf 89' lang='lat' dir='ltr'><strong>divinis</strong></span> <span class='ocrx_word' id='word_1_484' title='bbox 1366 3452 1432 3507; x_wconf 87' lang='lat' dir='ltr'><strong>de</strong></span> <span class='ocrx_word' id='word_1_485' title='bbox 1458 3452 1713 3522; x_wconf 88' lang='lat' dir='ltr'><strong>passione</strong></span> <span class='ocrx_word' id='word_1_486' title='bbox 1740 3453 1856 3524; x_wconf 86' lang='lat' dir='ltr'><strong>ejus</strong></span> <span class='ocrx_word' id='word_1_487' title='bbox 1897 3453 1980 3508; x_wconf 93' lang='lat' dir='ltr'><strong>in-</strong></span> 
     </span>
    </p>
   </div>
   <div class='ocr_carea' id='block_1_67' title="bbox 404 3542 928 3614">
    <p class='ocr_par' dir='ltr' id='par_1_67' title="bbox 404 3542 928 3614">
     <span class='ocr_line' id='line_1_67' title="bbox 404 3542 928 3614; baseline -0.002 -16"><span class='ocrx_word' id='word_1_488' title='bbox 404 3543 591 3599; x_wconf 86' lang='lat' dir='ltr'><strong>venies</strong></span> <span class='ocrx_word' id='word_1_489' title='bbox 616 3542 928 3614; x_wconf 88' lang='lat' dir='ltr'><strong>Scripturis.</strong></span> 
     </span>
    </p>
   </div>
   <div class='ocr_carea' id='block_1_68' title="bbox 473 3618 1975 3713">
    <p class='ocr_par' dir='ltr' id='par_1_68' title="bbox 473 3618 1975 3713">
     <span class='ocr_line' id='line_1_68' title="bbox 473 3618 1975 3713; baseline -0.001 -23"><span class='ocrx_word' id='word_1_490' title='bbox 473 3635 544 3690; x_wconf 86' lang='lat' dir='ltr'><strong>Et</strong></span> <span class='ocrx_word' id='word_1_491' title='bbox 584 3636 708 3707; x_wconf 88' lang='lat' dir='ltr'><strong>quia</strong></span> <span class='ocrx_word' id='word_1_492' title='bbox 738 3634 971 3706; x_wconf 89' lang='lat' dir='ltr'><strong>sepultus</strong></span> <span class='ocrx_word' id='word_1_493' title='bbox 1000 3642 1096 3713; x_wconf 79' lang='lat' dir='ltr'><strong>est.</strong></span> <span class='ocrx_word' id='word_1_494' title='bbox 1141 3632 1212 3690; x_wconf 90' lang='lat' dir='ltr'><strong>Ut</strong></span> <span class='ocrx_word' id='word_1_495' title='bbox 1243 3632 1373 3687; x_wconf 88' lang='lat' dir='ltr'><strong>illud</strong></span> <span class='ocrx_word' id='word_1_496' title='bbox 1403 3632 1555 3688; x_wconf 72' lang='lat' dir='ltr'><strong>ISaite</strong></span> <span class='ocrx_word' id='word_1_497' title='bbox 1577 3674 1593 3699; x_wconf 92' lang='lat'><strong>,</strong></span> <span class='ocrx_word' id='word_1_498' title='bbox 1624 3643 1671 3688; x_wconf 91' lang='lat' dir='ltr'><strong>et</strong></span> <span class='ocrx_word' id='word_1_499' title='bbox 1702 3618 1847 3688; x_wconf 82' lang='lat' dir='ltr'><strong>dabit</strong></span> <span class='ocrx_word' id='word_1_500' title='bbox 1875 3634 1975 3689; x_wconf 86' lang='lat' dir='ltr'><strong>im-</strong></span> 
     </span>
    </p>
   </div>
   <div class='ocr_carea' id='block_1_69' title="bbox 398 3724 1974 3800">
    <p class='ocr_par' dir='ltr' id='par_1_69' title="bbox 398 3724 1974 3800">
     <span class='ocr_line' id='line_1_69' title="bbox 398 3724 1974 3800; baseline -0.002 -17"><span class='ocrx_word' id='word_1_501' title='bbox 398 3727 514 3800; x_wconf 78' lang='lat' dir='ltr'><strong>pios</strong></span> <span class='ocrx_word' id='word_1_502' title='bbox 555 3744 649 3798; x_wconf 89' lang='lat' dir='ltr'><strong>pro</strong></span> <span class='ocrx_word' id='word_1_503' title='bbox 690 3725 956 3797; x_wconf 88' lang='lat' dir='ltr'><strong>sepultura</strong></span> <span class='ocrx_word' id='word_1_504' title='bbox 1001 3724 1153 3796; x_wconf 84' lang='lat' dir='ltr'><strong>ejus,</strong></span> <span class='ocrx_word' id='word_1_505' title='bbox 1199 3734 1245 3779; x_wconf 91' lang='lat' dir='ltr'><strong>et</strong></span> <span class='ocrx_word' id='word_1_506' title='bbox 1293 3726 1476 3795; x_wconf 75' lang='lat' dir='ltr'><strong>divites</strong></span> <span class='ocrx_word' id='word_1_507' title='bbox 1513 3741 1609 3796; x_wconf 86' lang='lat' dir='ltr'><strong>pro</strong></span> <span class='ocrx_word' id='word_1_508' title='bbox 1650 3734 1816 3779; x_wconf 87' lang='lat' dir='ltr'><strong>morte</strong></span> <span class='ocrx_word' id='word_1_509' title='bbox 1854 3741 1974 3780; x_wconf 90' lang='lat' dir='ltr'><strong>sua.</strong></span> 
     </span>
    </p>
   </div>
   <div class='ocr_carea' id='block_1_70' title="bbox 398 3816 1797 3892">
    <p class='ocr_par' dir='ltr' id='par_1_70' title="bbox 398 3816 1797 3892">
     <span class='ocr_line' id='line_1_70' title="bbox 398 3816 1797 3892; baseline -0.003 -16"><span class='ocrx_word' id='word_1_510' title='bbox 398 3818 531 3876; x_wconf 80' lang='lat' dir='ltr'><strong>item</strong></span> <span class='ocrx_word' id='word_1_511' title='bbox 554 3821 687 3892; x_wconf 87' lang='lat' dir='ltr'><strong>ipse,</strong></span> <span class='ocrx_word' id='word_1_512' title='bbox 722 3818 1005 3889; x_wconf 87' lang='lat' dir='ltr'><strong>Sepultura</strong></span> <span class='ocrx_word' id='word_1_513' title='bbox 1035 3818 1148 3889; x_wconf 86' lang='lat' dir='ltr'><strong>ejus</strong></span> <span class='ocrx_word' id='word_1_514' title='bbox 1177 3816 1384 3873; x_wconf 86' lang='lat' dir='ltr'><strong>sublata</strong></span> <span class='ocrx_word' id='word_1_515' title='bbox 1407 3828 1482 3873; x_wconf 88' lang='lat' dir='ltr'><strong>est</strong></span> <span class='ocrx_word' id='word_1_516' title='bbox 1512 3818 1577 3873; x_wconf 92' lang='lat' dir='ltr'><strong>de</strong></span> <span class='ocrx_word' id='word_1_517' title='bbox 1603 3817 1797 3880; x_wconf 73' lang='lat' dir='ltr'><strong>medio.</strong></span> 
     </span>
    </p>
   </div>
   <div class='ocr_carea' id='block_1_71' title="bbox 473 3909 1973 3981">
    <p class='ocr_par' dir='ltr' id='par_1_71' title="bbox 473 3909 1973 3981">
     <span class='ocr_line' id='line_1_71' title="bbox 473 3909 1973 3981; baseline 0.001 -17"><span class='ocrx_word' id='word_1_518' title='bbox 473 3910 540 3964; x_wconf 88' lang='lat' dir='ltr'><strong>Et</strong></span> <span class='ocrx_word' id='word_1_519' title='bbox 580 3909 705 3981; x_wconf 87' lang='lat' dir='ltr'><strong>quia</strong></span> <span class='ocrx_word' id='word_1_520' title='bbox 746 3911 972 3963; x_wconf 77' lang='lat' dir='ltr'><strong>surrexit</strong></span> <span class='ocrx_word' id='word_1_521' title='bbox 1017 3911 1169 3964; x_wconf 89' lang='lat' dir='ltr'><strong>tertia</strong></span> <span class='ocrx_word' id='word_1_522' title='bbox 1209 3911 1294 3964; x_wconf 88' lang='lat' dir='ltr'><strong>die</strong></span> <span class='ocrx_word' id='word_1_523' title='bbox 1324 3910 1611 3965; x_wconf 83' lang='lat' dir='ltr'><strong>secundum</strong></span> <span class='ocrx_word' id='word_1_524' title='bbox 1650 3909 1973 3981; x_wconf 87' lang='lat' dir='ltr'><strong>Scripturas.</strong></span> 
     </span>
    </p>
   </div>
   <div class='ocr_carea' id='block_1_72' title="bbox 398 3996 1977 4070">
    <p class='ocr_par' dir='ltr' id='par_1_72' title="bbox 398 3996 1977 4070">
     <span class='ocr_line' id='line_1_72' title="bbox 398 3996 1977 4070; baseline 0.001 -14"><span class='ocrx_word' id='word_1_525' title='bbox 398 3999 578 4057; x_wconf 87' lang='lat' dir='ltr'><strong>llabes</strong></span> <span class='ocrx_word' id='word_1_526' title='bbox 607 4000 661 4053; x_wconf 93' lang='lat' dir='ltr'><strong>in</strong></span> <span class='ocrx_word' id='word_1_527' title='bbox 701 3996 837 4054; x_wconf 87' lang='lat' dir='ltr'><strong>Osee</strong></span> <span class='ocrx_word' id='word_1_528' title='bbox 855 4039 869 4065; x_wconf 89' lang='lat'><strong>,</strong></span> <span class='ocrx_word' id='word_1_529' title='bbox 900 3999 1180 4067; x_wconf 79' lang='lat' dir='ltr'><strong>viviﬁcabit</strong></span> <span class='ocrx_word' id='word_1_530' title='bbox 1209 4016 1301 4054; x_wconf 89' lang='lat' dir='ltr'><strong>nos</strong></span> <span class='ocrx_word' id='word_1_531' title='bbox 1330 4010 1445 4070; x_wconf 89' lang='lat' dir='ltr'><strong>post</strong></span> <span class='ocrx_word' id='word_1_532' title='bbox 1474 4000 1606 4055; x_wconf 85' lang='lat' dir='ltr'><strong>duos</strong></span> <span class='ocrx_word' id='word_1_533' title='bbox 1635 4001 1746 4056; x_wconf 88' lang='lat' dir='ltr'><strong>dies</strong></span> <span class='ocrx_word' id='word_1_534' title='bbox 1768 4042 1782 4068; x_wconf 96' lang='lat'><strong>,</strong></span> <span class='ocrx_word' id='word_1_535' title='bbox 1813 4002 1867 4057; x_wconf 82' lang='lat' dir='ltr'><strong>in</strong></span> <span class='ocrx_word' id='word_1_536' title='bbox 1892 4003 1977 4057; x_wconf 89' lang='lat' dir='ltr'><strong>die</strong></span> 
     </span>
    </p>
   </div>
   <div class='ocr_carea' id='block_1_73' title="bbox 398 4091 1865 4164">
    <p class='ocr_par' dir='ltr' id='par_1_73' title="bbox 398 4091 1865 4164">
     <span class='ocr_line' id='line_1_73' title="bbox 398 4091 1865 4164; baseline 0.002 -17"><span class='ocrx_word' id='word_1_537' title='bbox 398 4095 550 4148; x_wconf 86' lang='lat' dir='ltr'><strong>tertia</strong></span> <span class='ocrx_word' id='word_1_538' title='bbox 577 4091 847 4147; x_wconf 86' lang='lat' dir='ltr'><strong>suscitabit</strong></span> <span class='ocrx_word' id='word_1_539' title='bbox 877 4107 990 4156; x_wconf 76' lang='lat' dir='ltr'><strong>nos,</strong></span> <span class='ocrx_word' id='word_1_540' title='bbox 1018 4100 1065 4145; x_wconf 92' lang='lat' dir='ltr'><strong>et</strong></span> <span class='ocrx_word' id='word_1_541' title='bbox 1094 4092 1317 4146; x_wconf 86' lang='lat' dir='ltr'><strong>vivemus</strong></span> <span class='ocrx_word' id='word_1_542' title='bbox 1346 4093 1398 4146; x_wconf 88' lang='lat' dir='ltr'><strong>in</strong></span> <span class='ocrx_word' id='word_1_543' title='bbox 1431 4103 1702 4163; x_wconf 87' lang='lat' dir='ltr'><strong>conspectu</strong></span> <span class='ocrx_word' id='word_1_544' title='bbox 1728 4094 1865 4164; x_wconf 85' lang='lat' dir='ltr'><strong>ejus.</strong></span> 
     </span>
    </p>
   </div>
   <div class='ocr_carea' id='block_1_74' title="bbox 469 4180 1977 4257">
    <p class='ocr_par' dir='ltr' id='par_1_74' title="bbox 469 4180 1977 4257">
     <span class='ocr_line' id='line_1_74' title="bbox 469 4180 1977 4257; baseline 0.004 -21"><span class='ocrx_word' id='word_1_545' title='bbox 469 4181 541 4236; x_wconf 88' lang='lat' dir='ltr'><strong>Et</strong></span> <span class='ocrx_word' id='word_1_546' title='bbox 576 4181 702 4253; x_wconf 88' lang='lat' dir='ltr'><strong>quia</strong></span> <span class='ocrx_word' id='word_1_547' title='bbox 736 4180 874 4236; x_wconf 81' lang='lat' dir='ltr'><strong>visus</strong></span> <span class='ocrx_word' id='word_1_548' title='bbox 919 4188 995 4235; x_wconf 89' lang='lat' dir='ltr'><strong>est</strong></span> <span class='ocrx_word' id='word_1_549' title='bbox 1035 4180 1253 4251; x_wconf 74' lang='lat' dir='ltr'><strong>Cephre,</strong></span> <span class='ocrx_word' id='word_1_550' title='bbox 1309 4182 1363 4237; x_wconf 91' lang='lat' dir='ltr'><strong>id</strong></span> <span class='ocrx_word' id='word_1_551' title='bbox 1399 4192 1512 4249; x_wconf 87' lang='lat' dir='ltr'><strong>est,</strong></span> <span class='ocrx_word' id='word_1_552' title='bbox 1548 4183 1729 4239; x_wconf 91' lang='lat' dir='ltr'><strong>Petro.</strong></span> <span class='ocrx_word' id='word_1_553' title='bbox 1765 4185 1977 4257; x_wconf 90' lang='lat' dir='ltr'><strong>Ccphas</strong></span> 
     </span>
    </p>
   </div>
   <div class='ocr_carea' id='block_1_75' title="bbox 397 4271 1975 4345">
    <p class='ocr_par' dir='ltr' id='par_1_75' title="bbox 397 4271 1975 4345">
     <span class='ocr_line' id='line_1_75' title="bbox 397 4271 1975 4345; baseline 0.003 -18"><span class='ocrx_word' id='word_1_554' title='bbox 397 4273 542 4328; x_wconf 90' lang='lat' dir='ltr'><strong>enim</strong></span> <span class='ocrx_word' id='word_1_555' title='bbox 591 4272 789 4345; x_wconf 89' lang='lat' dir='ltr'><strong>Syrum</strong></span> <span class='ocrx_word' id='word_1_556' title='bbox 839 4288 1033 4327; x_wconf 90' lang='lat' dir='ltr'><strong>nomen</strong></span> <span class='ocrx_word' id='word_1_557' title='bbox 1078 4280 1179 4327; x_wconf 88' lang='lat' dir='ltr'><strong>est.</strong></span> <span class='ocrx_word' id='word_1_558' title='bbox 1223 4271 1487 4344; x_wconf 77' lang='lat' dir='ltr'><strong>Apparuit</strong></span> <span class='ocrx_word' id='word_1_559' title='bbox 1527 4273 1688 4330; x_wconf 88' lang='lat' dir='ltr'><strong>Petro</strong></span> <span class='ocrx_word' id='word_1_560' title='bbox 1729 4276 1870 4331; x_wconf 89' lang='lat' dir='ltr'><strong>sicut</strong></span> <span class='ocrx_word' id='word_1_561' title='bbox 1920 4277 1975 4332; x_wconf 89' lang='lat' dir='ltr'><strong>in</strong></span> 
     </span>
    </p>
   </div>
   <div class='ocr_carea' id='block_1_76' title="bbox 396 4364 1801 4437">
    <p class='ocr_par' dir='ltr' id='par_1_76' title="bbox 396 4364 1801 4437">
     <span class='ocr_line' id='line_1_76' title="bbox 396 4364 1801 4437; baseline 0.001 -16"><span class='ocrx_word' id='word_1_562' title='bbox 396 4365 685 4437; x_wconf 85' lang='lat' dir='ltr'><strong>Evangelio</strong></span> <span class='ocrx_word' id='word_1_563' title='bbox 716 4365 977 4436; x_wconf 89' lang='lat' dir='ltr'><strong>scriptum</strong></span> <span class='ocrx_word' id='word_1_564' title='bbox 1003 4374 1122 4430; x_wconf 89' lang='lat' dir='ltr'><strong>est,</strong></span> <span class='ocrx_word' id='word_1_565' title='bbox 1151 4364 1275 4436; x_wconf 90' lang='lat' dir='ltr'><strong>quia</strong></span> <span class='ocrx_word' id='word_1_566' title='bbox 1303 4368 1545 4437; x_wconf 85' lang='lat' dir='ltr'><strong>apparuit</strong></span> <span class='ocrx_word' id='word_1_567' title='bbox 1576 4366 1801 4423; x_wconf 86' lang='lat' dir='ltr'><strong>Simoni.</strong></span> 
     </span>
    </p>
   </div>
   <div class='ocr_carea' id='block_1_77' title="bbox 2083 3272 3675 3347">
    <p class='ocr_par' dir='ltr' id='par_1_77' title="bbox 2083 3272 3675 3347">
     <span class='ocr_line' id='line_1_77' title="bbox 2083 3272 3675 3347; baseline 0.002 -19"><span class='ocrx_word' id='word_1_568' title='bbox 2083 3273 2363 3328; x_wconf 86' lang='lat' dir='ltr'><strong>servitium</strong></span> <span class='ocrx_word' id='word_1_569' title='bbox 2415 3272 2618 3329; x_wconf 90' lang='lat' dir='ltr'><strong>laboris</strong></span> <span class='ocrx_word' id='word_1_570' title='bbox 2665 3283 2965 3344; x_wconf 85' lang='lat' dir='ltr'><strong>exspectat,</strong></span> <span class='ocrx_word' id='word_1_571' title='bbox 3010 3275 3063 3329; x_wconf 93' lang='lat' dir='ltr'><strong>in</strong></span> <span class='ocrx_word' id='word_1_572' title='bbox 3109 3290 3217 3346; x_wconf 87' lang='lat' dir='ltr'><strong>quo</strong></span> <span class='ocrx_word' id='word_1_573' title='bbox 3260 3276 3487 3347; x_wconf 90' lang='lat' dir='ltr'><strong>quisque</strong></span> <span class='ocrx_word' id='word_1_574' title='bbox 3531 3277 3675 3332; x_wconf 80' lang='lat' dir='ltr'><strong>bene</strong></span> 
     </span>
    </p>
   </div>
   <div class='ocr_carea' id='block_1_78' title="bbox 2082 3363 3672 3440">
    <p class='ocr_par' dir='ltr' id='par_1_78' title="bbox 2082 3363 3672 3440">
     <span class='ocr_line' id='line_1_78' title="bbox 2082 3363 3672 3440; baseline 0.003 -21"><span class='ocrx_word' id='word_1_575' title='bbox 2082 3377 2315 3434; x_wconf 86' lang='lat' dir='ltr'><strong>Operans</strong></span> <span class='ocrx_word' id='word_1_576' title='bbox 2343 3379 2513 3435; x_wconf 87' lang='lat' dir='ltr'><strong>usque</strong></span> <span class='ocrx_word' id='word_1_577' title='bbox 2535 3364 2592 3420; x_wconf 92' lang='lat' dir='ltr'><strong>in</strong></span> <span class='ocrx_word' id='word_1_578' title='bbox 2617 3363 2779 3420; x_wconf 81' lang='lat' dir='ltr'><strong>tinem</strong></span> <span class='ocrx_word' id='word_1_579' title='bbox 2806 3379 3091 3437; x_wconf 89' lang='lat' dir='ltr'><strong>persevera</strong></span> <span class='ocrx_word' id='word_1_580' title='bbox 3106 3368 3239 3424; x_wconf 76' lang='lat' dir='ltr'><strong>verit</strong></span> <span class='ocrx_word' id='word_1_581' title='bbox 3267 3368 3320 3424; x_wconf 92' lang='lat' dir='ltr'><strong>in</strong></span> <span class='ocrx_word' id='word_1_582' title='bbox 3348 3377 3672 3440; x_wconf 88' lang='lat' dir='ltr'><strong>perpetuum</strong></span> 
     </span>
    </p>
   </div>
   <div class='ocr_carea' id='block_1_79' title="bbox 2081 3456 2429 3513">
    <p class='ocr_par' dir='ltr' id='par_1_79' title="bbox 2081 3456 2429 3513">
     <span class='ocr_line' id='line_1_79' title="bbox 2081 3456 2429 3513; baseline -0.003 -1"><span class='ocrx_word' id='word_1_583' title='bbox 2081 3456 2264 3513; x_wconf 89' lang='lat' dir='ltr'><strong>salvus</strong></span> <span class='ocrx_word' id='word_1_584' title='bbox 2304 3457 2429 3513; x_wconf 89' lang='lat' dir='ltr'><strong>erit.</strong></span> 
     </span>
    </p>
   </div>
   <div class='ocr_carea' id='block_1_80' title="bbox 2620 3527 3096 3585">
    <p class='ocr_par' dir='ltr' id='par_1_80' title="bbox 2620 3527 3096 3585">
     <span class='ocr_line' id='line_1_80' title="bbox 2620 3527 3096 3585; baseline 0 -1"><span class='ocrx_word' id='word_1_585' title='bbox 2620 3527 2904 3585; x_wconf 81' lang='lat' dir='ltr'><strong>HOMlLlA</strong></span> <span class='ocrx_word' id='word_1_586' title='bbox 2939 3527 3096 3584; x_wconf 77' lang='lat' dir='ltr'><strong>CXLI</strong></span> 
     </span>
    </p>
   </div>
   <div class='ocr_carea' id='block_1_81' title="bbox 2645 3634 3095 3676">
    <p class='ocr_par' dir='ltr' id='par_1_81' title="bbox 2645 3634 3095 3676">
     <span class='ocr_line' id='line_1_81' title="bbox 2645 3634 3095 3676; baseline -0.002 -2"><span class='ocrx_word' id='word_1_587' title='bbox 2645 3635 2778 3675; x_wconf 74' lang='grc' dir='ltr'><strong>ἰΤΕΙ</strong></span> <span class='ocrx_word' id='word_1_588' title='bbox 2809 3635 2881 3676; x_wconf 78' lang='lat' dir='ltr'><strong>UT</strong></span> <span class='ocrx_word' id='word_1_589' title='bbox 2909 3634 3095 3675; x_wconf 67' lang='lat' dir='ltr'><strong>SUPBA.</strong></span> 
     </span>
    </p>
   </div>
   <div class='ocr_carea' id='block_1_82' title="bbox 2237 3708 3501 3784">
    <p class='ocr_par' dir='ltr' id='par_1_82' title="bbox 2237 3708 3501 3784">
     <span class='ocr_line' id='line_1_82' title="bbox 2237 3708 3501 3784; baseline 0 -19"><span class='ocrx_word' id='word_1_590' title='bbox 2237 3708 2422 3767; x_wconf 89' lang='lat' dir='ltr'><strong>Lectio</strong></span> <span class='ocrx_word' id='word_1_591' title='bbox 2447 3711 2621 3766; x_wconf 83' lang='lat' dir='ltr'><strong>sancti</strong></span> <span class='ocrx_word' id='word_1_592' title='bbox 2647 3710 2925 3784; x_wconf 83' lang='lat' dir='ltr'><strong>Evangelii</strong></span> <span class='ocrx_word' id='word_1_593' title='bbox 2953 3708 3250 3768; x_wconf 83' lang='lat' dir='ltr'><strong>secundum</strong></span> <span class='ocrx_word' id='word_1_594' title='bbox 3278 3711 3501 3767; x_wconf 87' lang='lat' dir='ltr'><strong>Lucam.</strong></span> 
     </span>
    </p>
   </div>
   <div class='ocr_carea' id='block_1_83' title="bbox 2149 3822 3670 3895">
    <p class='ocr_par' dir='ltr' id='par_1_83' title="bbox 2149 3822 3670 3895">
     <span class='ocr_line' id='line_1_83' title="bbox 2149 3822 3670 3895; baseline 0.001 -16"><span class='ocrx_word' id='word_1_595' title='bbox 2149 3822 2217 3879; x_wconf 83' lang='lat' dir='ltr'><strong>In</strong></span> <span class='ocrx_word' id='word_1_596' title='bbox 2249 3824 2341 3879; x_wconf 92' lang='lat' dir='ltr'><strong>illo</strong></span> <span class='ocrx_word' id='word_1_597' title='bbox 2379 3833 2607 3895; x_wconf 87' lang='lat' dir='ltr'><strong>tempore</strong></span> <span class='ocrx_word' id='word_1_598' title='bbox 2627 3866 2643 3893; x_wconf 93' lang='lat'><strong>,</strong></span> <span class='ocrx_word' id='word_1_599' title='bbox 2673 3826 2777 3880; x_wconf 90' lang='lat' dir='ltr'><strong>duo</strong></span> <span class='ocrx_word' id='word_1_600' title='bbox 2808 3825 3043 3880; x_wconf 83' lang='lat' dir='ltr'><strong>homines</strong></span> <span class='ocrx_word' id='word_1_601' title='bbox 3069 3826 3413 3880; x_wconf 86' lang='lat' dir='ltr'><strong>ascenderunt</strong></span> <span class='ocrx_word' id='word_1_602' title='bbox 3444 3826 3670 3881; x_wconf 85' lang='lat' dir='ltr'><strong>in&#39;tem-</strong></span> 
     </span>
    </p>
   </div>
   <div class='ocr_carea' id='block_1_84' title="bbox 2075 3913 3671 3987">
    <p class='ocr_par' dir='ltr' id='par_1_84' title="bbox 2075 3913 3671 3987">
     <span class='ocr_line' id='line_1_84' title="bbox 2075 3913 3671 3987; baseline 0.002 -20"><span class='ocrx_word' id='word_1_603' title='bbox 2075 3914 2221 3987; x_wconf 80' lang='lat' dir='ltr'><strong>plum</strong></span> <span class='ocrx_word' id='word_1_604' title='bbox 2262 3925 2320 3970; x_wconf 88' lang='lat' dir='ltr'><strong>ut</strong></span> <span class='ocrx_word' id='word_1_605' title='bbox 2361 3924 2616 3970; x_wconf 85' lang='lat' dir='ltr'><strong>orarent:</strong></span> <span class='ocrx_word' id='word_1_606' title='bbox 2642 3931 2781 3970; x_wconf 87' lang='lat' dir='ltr'><strong>unus</strong></span> <span class='ocrx_word' id='word_1_607' title='bbox 2810 3913 3120 3971; x_wconf 74' lang='lat' dir='ltr'><strong>Phariswus</strong></span> <span class='ocrx_word' id='word_1_608' title='bbox 3160 3923 3208 3970; x_wconf 90' lang='lat' dir='ltr'><strong>et</strong></span> <span class='ocrx_word' id='word_1_609' title='bbox 3250 3915 3385 3969; x_wconf 88' lang='lat' dir='ltr'><strong>alter</strong></span> <span class='ocrx_word' id='word_1_610' title='bbox 3424 3914 3671 3986; x_wconf 84' lang='lat' dir='ltr'><strong>publica-</strong></span> 
     </span>
    </p>
   </div>
   <div class='ocr_carea' id='block_1_85' title="bbox 2078 4002 2349 4072">
    <p class='ocr_par' dir='ltr' id='par_1_85' title="bbox 2078 4002 2349 4072">
     <span class='ocr_line' id='line_1_85' title="bbox 2078 4002 2349 4072; baseline -0.007 -9"><span class='ocrx_word' id='word_1_611' title='bbox 2078 4002 2176 4063; x_wconf 82' lang='lat' dir='ltr'><strong>nus</strong></span> <span class='ocrx_word' id='word_1_612' title='bbox 2194 4047 2209 4072; x_wconf 93' lang='lat'><strong>,</strong></span> <span class='ocrx_word' id='word_1_613' title='bbox 2241 4016 2349 4064; x_wconf 91' lang='lat' dir='ltr'><strong>etc.</strong></span> 
     </span>
    </p>
   </div>
   <div class='ocr_carea' id='block_1_86' title="bbox 2145 4096 3666 4168">
    <p class='ocr_par' dir='ltr' id='par_1_86' title="bbox 2145 4096 3666 4168">
     <span class='ocr_line' id='line_1_86' title="bbox 2145 4096 3666 4168; baseline -0.001 -14"><span class='ocrx_word' id='word_1_614' title='bbox 2145 4097 2471 4154; x_wconf 90' lang='lat' dir='ltr'><strong>Publieanus</strong></span> <span class='ocrx_word' id='word_1_615' title='bbox 2496 4099 2776 4154; x_wconf 89' lang='lat' dir='ltr'><strong>humiliter</strong></span> <span class='ocrx_word' id='word_1_616' title='bbox 2799 4113 2963 4155; x_wconf 89' lang='lat' dir='ltr'><strong>orans</strong></span> <span class='ocrx_word' id='word_1_617' title='bbox 2991 4098 3058 4153; x_wconf 89' lang='lat' dir='ltr'><strong>ad</strong></span> <span class='ocrx_word' id='word_1_618' title='bbox 3084 4096 3176 4153; x_wconf 89' lang='lat' dir='ltr'><strong>illa</strong></span> <span class='ocrx_word' id='word_1_619' title='bbox 3200 4096 3439 4168; x_wconf 74' lang='lat' dir='ltr'><strong>prmfata:</strong></span> <span class='ocrx_word' id='word_1_620' title='bbox 3464 4097 3666 4165; x_wconf 72' lang='lat' dir='ltr'><strong>vidum,</strong></span> 
     </span>
    </p>
   </div>
   <div class='ocr_carea' id='block_1_87' title="bbox 2078 4187 3665 4260">
    <p class='ocr_par' dir='ltr' id='par_1_87' title="bbox 2078 4187 3665 4260">
     <span class='ocr_line' id='line_1_87' title="bbox 2078 4187 3665 4260; baseline 0.001 -18"><span class='ocrx_word' id='word_1_621' title='bbox 2078 4188 2181 4243; x_wconf 87' lang='lat' dir='ltr'><strong>hoc.</strong></span> <span class='ocrx_word' id='word_1_622' title='bbox 2207 4197 2290 4243; x_wconf 90' lang='lat' dir='ltr'><strong>cst</strong></span> <span class='ocrx_word' id='word_1_623' title='bbox 2316 4187 2572 4244; x_wconf 75' lang='lat' dir='ltr'><strong>Ecclesiae</strong></span> <span class='ocrx_word' id='word_1_624' title='bbox 2597 4187 2841 4244; x_wconf 89' lang='lat' dir='ltr'><strong>membra</strong></span> <span class='ocrx_word' id='word_1_625' title='bbox 2869 4189 3107 4258; x_wconf 89' lang='lat' dir='ltr'><strong>pertinet</strong></span> <span class='ocrx_word' id='word_1_626' title='bbox 3125 4229 3139 4255; x_wconf 90' lang='lat'><strong>,</strong></span> <span class='ocrx_word' id='word_1_627' title='bbox 3172 4188 3239 4244; x_wconf 89' lang='lat' dir='ltr'><strong>de</strong></span> <span class='ocrx_word' id='word_1_628' title='bbox 3267 4189 3466 4259; x_wconf 89' lang='lat' dir='ltr'><strong>quibus</strong></span> <span class='ocrx_word' id='word_1_629' title='bbox 3495 4205 3665 4260; x_wconf 89' lang='lat' dir='ltr'><strong>supra</strong></span> 
     </span>
    </p>
   </div>
   <div class='ocr_carea' id='block_1_88' title="bbox 2075 4276 3666 4347">
    <p class='ocr_par' dir='ltr' id='par_1_88' title="bbox 2075 4276 3666 4347">
     <span class='ocr_line' id='line_1_88' title="bbox 2075 4276 3666 4347; baseline 0.001 -15"><span class='ocrx_word' id='word_1_630' title='bbox 2075 4276 2291 4343; x_wconf 85' lang='lat' dir='ltr'><strong>dicitur,</strong></span> <span class='ocrx_word' id='word_1_631' title='bbox 2332 4277 2472 4333; x_wconf 88' lang='lat' dir='ltr'><strong>Deus</strong></span> <span class='ocrx_word' id='word_1_632' title='bbox 2506 4287 2681 4332; x_wconf 89' lang='lat' dir='ltr'><strong>autem</strong></span> <span class='ocrx_word' id='word_1_633' title='bbox 2717 4278 2873 4347; x_wconf 82' lang='lat' dir='ltr'><strong>faciet</strong></span> <span class='ocrx_word' id='word_1_634' title='bbox 2904 4279 3185 4332; x_wconf 80' lang='lat' dir='ltr'><strong>vindictam</strong></span> <span class='ocrx_word' id='word_1_635' title='bbox 3224 4277 3507 4332; x_wconf 87' lang='lat' dir='ltr'><strong>electorum</strong></span> <span class='ocrx_word' id='word_1_636' title='bbox 3534 4296 3666 4333; x_wconf 58' lang='lat' dir='ltr'><strong>suo-</strong></span> 
     </span>
    </p>
   </div>
   <div class='ocr_carea' id='block_1_89' title="bbox 2076 4369 3670 4439">
    <p class='ocr_par' dir='ltr' id='par_1_89' title="bbox 2076 4369 3670 4439">
     <span class='ocr_line' id='line_1_89' title="bbox 2076 4369 3670 4439; baseline 0.001 -16"><span class='ocrx_word' id='word_1_637' title='bbox 2076 4387 2192 4424; x_wconf 87' lang='lat' dir='ltr'><strong>rum</strong></span> <span class='ocrx_word' id='word_1_638' title='bbox 2236 4370 2577 4427; x_wconf 87' lang='lat' dir='ltr'><strong>clamantium</strong></span> <span class='ocrx_word' id='word_1_639' title='bbox 2605 4370 2677 4425; x_wconf 87' lang='lat' dir='ltr'><strong>ad</strong></span> <span class='ocrx_word' id='word_1_640' title='bbox 2704 4387 2778 4425; x_wconf 89' lang='lat' dir='ltr'><strong>se.</strong></span> <span class='ocrx_word' id='word_1_641' title='bbox 2810 4369 3117 4425; x_wconf 72' lang='lat' dir='ltr'><strong>Pharismus</strong></span> <span class='ocrx_word' id='word_1_642' title='bbox 3149 4378 3330 4424; x_wconf 88' lang='lat' dir='ltr'><strong>autem</strong></span> <span class='ocrx_word' id='word_1_643' title='bbox 3359 4370 3556 4425; x_wconf 88' lang='lat' dir='ltr'><strong>merita</strong></span> <span class='ocrx_word' id='word_1_644' title='bbox 3583 4369 3670 4439; x_wconf 77' lang='lat' dir='ltr'><strong>ja-</strong></span> 
     </span>
    </p>
   </div>
   <div class='ocr_carea' id='block_1_90' title="bbox 466 4455 3667 4534">
    <p class='ocr_par' dir='ltr' id='par_1_90' title="bbox 466 4455 3667 4534">
     <span class='ocr_line' id='line_1_90' title="bbox 466 4455 3667 4534; baseline 0.001 -21"><span class='ocrx_word' id='word_1_645' title='bbox 466 4458 534 4513; x_wconf 84' lang='lat' dir='ltr'><strong>Et</strong></span> <span class='ocrx_word' id='word_1_646' title='bbox 557 4468 669 4528; x_wconf 87' lang='lat' dir='ltr'><strong>post</strong></span> <span class='ocrx_word' id='word_1_647' title='bbox 700 4458 794 4512; x_wconf 85' lang='lat' dir='ltr'><strong>hoc</strong></span> <span class='ocrx_word' id='word_1_648' title='bbox 821 4456 1077 4511; x_wconf 83' lang='lat' dir='ltr'><strong>undecim.</strong></span> <span class='ocrx_word' id='word_1_649' title='bbox 1108 4456 1333 4523; x_wconf 85' lang='lat' dir='ltr'><strong>Quando</strong></span> <span class='ocrx_word' id='word_1_650' title='bbox 1360 4455 1428 4510; x_wconf 81' lang='lat' dir='ltr'><strong>ad</strong></span> <span class='ocrx_word' id='word_1_651' title='bbox 1454 4470 1548 4512; x_wconf 90' lang='lat' dir='ltr'><strong>eos</strong></span> <span class='ocrx_word' id='word_1_652' title='bbox 1568 4457 1749 4528; x_wconf 86' lang='lat' dir='ltr'><strong>januis</strong></span> <span class='ocrx_word' id='word_1_653' title='bbox 1775 4458 1973 4515; x_wconf 90' lang='lat' dir='ltr'><strong>clausis</strong></span> <span class='ocrx_word' id='word_1_654' title='bbox 2001 4523 2043 4534; x_wconf 37' lang='lat' dir='ltr'><strong>ﬁ</strong></span> <span class='ocrx_word' id='word_1_655' title='bbox 2074 4472 2230 4519; x_wconf 89' lang='lat' dir='ltr'><strong>etans</strong></span> <span class='ocrx_word' id='word_1_656' title='bbox 2252 4504 2268 4530; x_wconf 94' lang='lat'><strong>,</strong></span> <span class='ocrx_word' id='word_1_657' title='bbox 2314 4464 2383 4519; x_wconf 90' lang='lat' dir='ltr'><strong>ad</strong></span> <span class='ocrx_word' id='word_1_658' title='bbox 2419 4478 2516 4529; x_wconf 88' lang='lat' dir='ltr'><strong>ea,</strong></span> <span class='ocrx_word' id='word_1_659' title='bbox 2558 4462 2625 4519; x_wconf 90' lang='lat' dir='ltr'><strong>de</strong></span> <span class='ocrx_word' id='word_1_660' title='bbox 2666 4463 2862 4534; x_wconf 85' lang='lat' dir='ltr'><strong>quibus</strong></span> <span class='ocrx_word' id='word_1_661' title='bbox 2908 4461 3166 4519; x_wconf 84' lang='lat' dir='ltr'><strong>terribilis</strong></span> <span class='ocrx_word' id='word_1_662' title='bbox 3210 4461 3262 4516; x_wconf 91' lang='lat' dir='ltr'><strong>in</strong></span> <span class='ocrx_word' id='word_1_663' title='bbox 3306 4462 3667 4518; x_wconf 90' lang='lat' dir='ltr'><strong>conclusione</strong></span> 
     </span>
    </p>
   </div>
   <div class='ocr_carea' id='block_1_91' title="bbox 394 4523 3665 4624">
    <p class='ocr_par' dir='ltr' id='par_1_91' title="bbox 394 4523 3665 4624">
     <span class='ocr_line' id='line_1_91' title="bbox 394 4523 3665 4624; baseline 0.002 -21"><span class='ocrx_word' id='word_1_664' title='bbox 394 4547 637 4604; x_wconf 88' lang='lat' dir='ltr'><strong>intravit.</strong></span> <span class='ocrx_word' id='word_1_665' title='bbox 680 4547 794 4604; x_wconf 87' lang='lat' dir='ltr'><strong>Hoc</strong></span> <span class='ocrx_word' id='word_1_666' title='bbox 833 4549 1235 4620; x_wconf 86' lang='lat' dir='ltr'><strong>intelligendum</strong></span> <span class='ocrx_word' id='word_1_667' title='bbox 1254 4591 1269 4616; x_wconf 86' lang='lat'><strong>,</strong></span> <span class='ocrx_word' id='word_1_668' title='bbox 1299 4550 1426 4622; x_wconf 90' lang='lat' dir='ltr'><strong>quia</strong></span> <span class='ocrx_word' id='word_1_669' title='bbox 1457 4550 1512 4604; x_wconf 90' lang='lat' dir='ltr'><strong>in</strong></span> <span class='ocrx_word' id='word_1_670' title='bbox 1540 4549 1830 4620; x_wconf 76' lang='lat' dir='ltr'><strong>Evangelio</strong></span> <span class='ocrx_word' id='word_1_671' title='bbox 1860 4565 1970 4606; x_wconf 90' lang='lat' dir='ltr'><strong>non</strong></span> <span class='ocrx_word' id='word_1_672' title='bbox 1999 4523 2050 4583; x_wconf 83' lang='lat' dir='ltr'><strong>D</strong></span> <span class='ocrx_word' id='word_1_673' title='bbox 2076 4554 2341 4609; x_wconf 86' lang='lat' dir='ltr'><strong>sententia</strong></span> <span class='ocrx_word' id='word_1_674' title='bbox 2366 4553 2632 4618; x_wconf 88' lang='lat' dir='ltr'><strong>subditur,</strong></span> <span class='ocrx_word' id='word_1_675' title='bbox 2658 4564 3009 4609; x_wconf 82' lang='lat' dir='ltr'><strong>verumtamen</strong></span> <span class='ocrx_word' id='word_1_676' title='bbox 3029 4554 3175 4624; x_wconf 79' lang='lat' dir='ltr'><strong>[ilius</strong></span> <span class='ocrx_word' id='word_1_677' title='bbox 3201 4554 3428 4610; x_wconf 82' lang='lat' dir='ltr'><strong>hominis</strong></span> <span class='ocrx_word' id='word_1_678' title='bbox 3450 4556 3665 4610; x_wconf 84' lang='lat' dir='ltr'><strong>veniens</strong></span> 
     </span>
    </p>
   </div>
   <div class='ocr_carea' id='block_1_92' title="bbox 395 4640 1971 4713">
    <p class='ocr_par' dir='ltr' id='par_1_92' title="bbox 395 4640 1971 4713">
     <span class='ocr_line' id='line_1_92' title="bbox 395 4640 1971 4713; baseline 0.001 -18"><span class='ocrx_word' id='word_1_679' title='bbox 395 4655 584 4695; x_wconf 89' lang='lat' dir='ltr'><strong>omnes</strong></span> <span class='ocrx_word' id='word_1_680' title='bbox 626 4640 838 4709; x_wconf 74' lang='lat' dir='ltr'><strong>scripta:</strong></span> <span class='ocrx_word' id='word_1_681' title='bbox 883 4649 1009 4694; x_wconf 87' lang='lat' dir='ltr'><strong>sunt</strong></span> <span class='ocrx_word' id='word_1_682' title='bbox 1046 4641 1309 4709; x_wconf 87' lang='lat' dir='ltr'><strong>visiones,</strong></span> <span class='ocrx_word' id='word_1_683' title='bbox 1356 4642 1450 4698; x_wconf 91' lang='lat' dir='ltr'><strong>sed</strong></span> <span class='ocrx_word' id='word_1_684' title='bbox 1491 4649 1701 4696; x_wconf 89' lang='lat' dir='ltr'><strong>tantum</strong></span> <span class='ocrx_word' id='word_1_685' title='bbox 1745 4657 1865 4713; x_wconf 66' lang='lat' dir='ltr'><strong>quas</strong></span> <span class='ocrx_word' id='word_1_686' title='bbox 1901 4640 1971 4697; x_wconf 88' lang='lat' dir='ltr'><strong>ad</strong></span> 
     </span>
    </p>
   </div>
   <div class='ocr_carea' id='block_1_93' title="bbox 396 4728 1274 4789">
    <p class='ocr_par' dir='ltr' id='par_1_93' title="bbox 396 4728 1274 4789">
     <span class='ocr_line' id='line_1_93' title="bbox 396 4728 1274 4789; baseline 0.003 -6"><span class='ocrx_word' id='word_1_687' title='bbox 396 4730 731 4789; x_wconf 90' lang='lat' dir='ltr'><strong>audientium</strong></span> <span class='ocrx_word' id='word_1_688' title='bbox 758 4728 1065 4786; x_wconf 86' lang='lat' dir='ltr'><strong>sullieerent</strong></span> <span class='ocrx_word' id='word_1_689' title='bbox 1091 4730 1274 4788; x_wconf 85' lang='lat' dir='ltr'><strong>tidem.</strong></span> 
     </span>
    </p>
   </div>
   <div class='ocr_carea' id='block_1_94' title="bbox 465 4820 1972 4895">
    <p class='ocr_par' dir='ltr' id='par_1_94' title="bbox 465 4820 1972 4895">
     <span class='ocr_line' id='line_1_94' title="bbox 465 4820 1972 4895; baseline 0.002 -20"><span class='ocrx_word' id='word_1_690' title='bbox 465 4821 666 4877; x_wconf 83' lang='lat' dir='ltr'><strong>Deinde</strong></span> <span class='ocrx_word' id='word_1_691' title='bbox 690 4822 828 4876; x_wconf 86' lang='lat' dir='ltr'><strong>visus</strong></span> <span class='ocrx_word' id='word_1_692' title='bbox 857 4830 930 4877; x_wconf 85' lang='lat' dir='ltr'><strong>est</strong></span> <span class='ocrx_word' id='word_1_693' title='bbox 957 4820 1075 4892; x_wconf 86' lang='lat' dir='ltr'><strong>plus</strong></span> <span class='ocrx_word' id='word_1_694' title='bbox 1104 4839 1261 4893; x_wconf 88' lang='lat' dir='ltr'><strong>quam</strong></span> <span class='ocrx_word' id='word_1_695' title='bbox 1300 4823 1590 4895; x_wconf 86' lang='lat' dir='ltr'><strong>quingentis</strong></span> <span class='ocrx_word' id='word_1_696' title='bbox 1620 4821 1871 4892; x_wconf 83' lang='lat' dir='ltr'><strong>fratribus</strong></span> <span class='ocrx_word' id='word_1_697' title='bbox 1898 4822 1972 4878; x_wconf 83' lang='lat' dir='ltr'><strong>si-</strong></span> 
     </span>
    </p>
   </div>
   <div class='ocr_carea' id='block_1_95' title="bbox 394 4912 1967 4987">
    <p class='ocr_par' dir='ltr' id='par_1_95' title="bbox 394 4912 1967 4987">
     <span class='ocr_line' id='line_1_95' title="bbox 394 4912 1967 4987; baseline 0.002 -20"><span class='ocrx_word' id='word_1_698' title='bbox 394 4916 546 4978; x_wconf 84' lang='lat' dir='ltr'><strong>mul;</strong></span> <span class='ocrx_word' id='word_1_699' title='bbox 583 4929 650 4967; x_wconf 78' lang='lat' dir='ltr'><strong>ea:</strong></span> <span class='ocrx_word' id='word_1_700' title='bbox 683 4912 868 4984; x_wconf 88' lang='lat' dir='ltr'><strong>quibus</strong></span> <span class='ocrx_word' id='word_1_701' title='bbox 898 4912 1048 4966; x_wconf 89' lang='lat' dir='ltr'><strong>multi</strong></span> <span class='ocrx_word' id='word_1_702' title='bbox 1076 4923 1284 4969; x_wconf 89' lang='lat' dir='ltr'><strong>manent</strong></span> <span class='ocrx_word' id='word_1_703' title='bbox 1321 4931 1482 4986; x_wconf 88' lang='lat' dir='ltr'><strong>usque</strong></span> <span class='ocrx_word' id='word_1_704' title='bbox 1508 4915 1712 4980; x_wconf 90' lang='lat' dir='ltr'><strong>adhuc,</strong></span> <span class='ocrx_word' id='word_1_705' title='bbox 1750 4916 1967 4987; x_wconf 83' lang='lat' dir='ltr'><strong>quidam</strong></span> 
     </span>
    </p>
   </div>
   <div class='ocr_carea' id='block_1_96' title="bbox 393 5002 1966 5077">
    <p class='ocr_par' dir='ltr' id='par_1_96' title="bbox 393 5002 1966 5077">
     <span class='ocr_line' id='line_1_96' title="bbox 393 5002 1966 5077; baseline 0.001 -18"><span class='ocrx_word' id='word_1_706' title='bbox 393 5015 568 5059; x_wconf 86' lang='lat' dir='ltr'><strong>autem</strong></span> <span class='ocrx_word' id='word_1_707' title='bbox 606 5002 948 5058; x_wconf 86' lang='lat' dir='ltr'><strong>dormierunt.</strong></span> <span class='ocrx_word' id='word_1_708' title='bbox 998 5003 1067 5060; x_wconf 90' lang='lat' dir='ltr'><strong>Ut</strong></span> <span class='ocrx_word' id='word_1_709' title='bbox 1094 5007 1237 5061; x_wconf 90' lang='lat' dir='ltr'><strong>enim</strong></span> <span class='ocrx_word' id='word_1_710' title='bbox 1267 5004 1442 5077; x_wconf 83' lang='lat' dir='ltr'><strong>major</strong></span> <span class='ocrx_word' id='word_1_711' title='bbox 1487 5005 1621 5062; x_wconf 83' lang='lat' dir='ltr'><strong>ﬁdes</strong></span> <span class='ocrx_word' id='word_1_712' title='bbox 1654 5006 1966 5072; x_wconf 82' lang='lat' dir='ltr'><strong>haberetur,</strong></span> 
     </span>
    </p>
   </div>
   <div class='ocr_carea' id='block_1_97' title="bbox 392 5093 1966 5167">
    <p class='ocr_par' dir='ltr' id='par_1_97' title="bbox 392 5093 1966 5167">
     <span class='ocr_line' id='line_1_97' title="bbox 392 5093 1966 5167; baseline -0.001 -17"><span class='ocrx_word' id='word_1_713' title='bbox 392 5093 788 5151; x_wconf 85' lang='lat' dir='ltr'><strong>multitudinem</strong></span> <span class='ocrx_word' id='word_1_714' title='bbox 834 5095 1052 5150; x_wconf 87' lang='lat' dir='ltr'><strong>testium</strong></span> <span class='ocrx_word' id='word_1_715' title='bbox 1094 5094 1438 5167; x_wconf 89' lang='lat' dir='ltr'><strong>interposuit.</strong></span> <span class='ocrx_word' id='word_1_716' title='bbox 1471 5095 1552 5150; x_wconf 83' lang='lat' dir='ltr'><strong>Ex</strong></span> <span class='ocrx_word' id='word_1_717' title='bbox 1579 5094 1775 5166; x_wconf 87' lang='lat' dir='ltr'><strong>quibus</strong></span> <span class='ocrx_word' id='word_1_718' title='bbox 1813 5095 1966 5150; x_wconf 89' lang='lat' dir='ltr'><strong>multi</strong></span> 
     </span>
    </p>
   </div>
   <div class='ocr_carea' id='block_1_98' title="bbox 391 5184 1966 5261">
    <p class='ocr_par' dir='ltr' id='par_1_98' title="bbox 391 5184 1966 5261">
     <span class='ocr_line' id='line_1_98' title="bbox 391 5184 1966 5261; baseline 0.001 -22"><span class='ocrx_word' id='word_1_719' title='bbox 391 5184 573 5240; x_wconf 89' lang='lat' dir='ltr'><strong>vivere</strong></span> <span class='ocrx_word' id='word_1_720' title='bbox 611 5184 882 5251; x_wconf 88' lang='lat' dir='ltr'><strong>dicuntur,</strong></span> <span class='ocrx_word' id='word_1_721' title='bbox 916 5186 1008 5257; x_wconf 89' lang='lat' dir='ltr'><strong>qui</strong></span> <span class='ocrx_word' id='word_1_722' title='bbox 1032 5187 1244 5261; x_wconf 84' lang='lat' dir='ltr'><strong>possint</strong></span> <span class='ocrx_word' id='word_1_723' title='bbox 1270 5186 1589 5258; x_wconf 87' lang='lat' dir='ltr'><strong>interrogati</strong></span> <span class='ocrx_word' id='word_1_724' title='bbox 1628 5187 1808 5242; x_wconf 89' lang='lat' dir='ltr'><strong>dicere</strong></span> <span class='ocrx_word' id='word_1_725' title='bbox 1843 5200 1966 5256; x_wconf 68' lang='lat' dir='ltr'><strong>quae</strong></span> 
     </span>
    </p>
   </div>
   <div class='ocr_carea' id='block_1_99' title="bbox 330 5266 1961 5352">
    <p class='ocr_par' dir='ltr' id='par_1_99' title="bbox 330 5266 1961 5352">
     <span class='ocr_line' id='line_1_99' title="bbox 330 5266 1961 5352; baseline -0.001 -20"><span class='ocrx_word' id='word_1_726' title='bbox 330 5348 334 5352; x_wconf 16' lang='grc' dir='ltr'>θ</span> <span class='ocrx_word' id='word_1_727' title='bbox 388 5277 655 5334; x_wconf 89' lang='lat' dir='ltr'><strong>viderunt.</strong></span> <span class='ocrx_word' id='word_1_728' title='bbox 687 5266 835 5331; x_wconf 83' lang='lat' dir='ltr'><strong>Multi</strong></span> <span class='ocrx_word' id='word_1_729' title='bbox 861 5292 990 5331; x_wconf 88' lang='lat' dir='ltr'><strong>vero</strong></span> <span class='ocrx_word' id='word_1_730' title='bbox 1010 5276 1122 5345; x_wconf 85' lang='lat' dir='ltr'><strong>jam</strong></span> <span class='ocrx_word' id='word_1_731' title='bbox 1151 5276 1384 5332; x_wconf 91' lang='lat' dir='ltr'><strong>dormire</strong></span> <span class='ocrx_word' id='word_1_732' title='bbox 1412 5276 1662 5331; x_wconf 88' lang='lat' dir='ltr'><strong>dicuntur</strong></span> <span class='ocrx_word' id='word_1_733' title='bbox 1684 5277 1739 5331; x_wconf 88' lang='lat' dir='ltr'><strong>in</strong></span> <span class='ocrx_word' id='word_1_734' title='bbox 1768 5286 1961 5331; x_wconf 89' lang='lat' dir='ltr'><strong>morte.</strong></span> 
     </span>
    </p>
   </div>
   <div class='ocr_carea' id='block_1_100' title="bbox 457 5367 1963 5439">
    <p class='ocr_par' dir='ltr' id='par_1_100' title="bbox 457 5367 1963 5439">
     <span class='ocr_line' id='line_1_100' title="bbox 457 5367 1963 5439; baseline -0.001 -15"><span class='ocrx_word' id='word_1_735' title='bbox 457 5369 659 5425; x_wconf 83' lang='lat' dir='ltr'><strong>Deinde</strong></span> <span class='ocrx_word' id='word_1_736' title='bbox 680 5370 819 5425; x_wconf 86' lang='lat' dir='ltr'><strong>visus</strong></span> <span class='ocrx_word' id='word_1_737' title='bbox 845 5379 919 5425; x_wconf 89' lang='lat' dir='ltr'><strong>est</strong></span> <span class='ocrx_word' id='word_1_738' title='bbox 966 5367 1188 5423; x_wconf 76' lang='lat' dir='ltr'><strong>Iacobo.</strong></span> <span class='ocrx_word' id='word_1_739' title='bbox 1239 5367 1440 5424; x_wconf 69' lang='lat' dir='ltr'><strong>Iacobo</strong></span> <span class='ocrx_word' id='word_1_740' title='bbox 1464 5367 1669 5439; x_wconf 74' lang='lat' dir='ltr'><strong>Alphmi</strong></span> <span class='ocrx_word' id='word_1_741' title='bbox 1719 5383 1963 5424; x_wconf 87' lang='lat' dir='ltr'><strong>seorsum</strong></span> 
     </span>
    </p>
   </div>
   <div class='ocr_carea' id='block_1_101' title="bbox 387 5456 1962 5531">
    <p class='ocr_par' dir='ltr' id='par_1_101' title="bbox 387 5456 1962 5531">
     <span class='ocr_line' id='line_1_101' title="bbox 387 5456 1962 5531; baseline -0.002 -15"><span class='ocrx_word' id='word_1_742' title='bbox 387 5461 669 5531; x_wconf 87' lang='lat' dir='ltr'><strong>apparuit,</strong></span> <span class='ocrx_word' id='word_1_743' title='bbox 721 5459 903 5515; x_wconf 81' lang='lat' dir='ltr'><strong>ferunt</strong></span> <span class='ocrx_word' id='word_1_744' title='bbox 947 5458 1090 5513; x_wconf 91' lang='lat' dir='ltr'><strong>enim</strong></span> <span class='ocrx_word' id='word_1_745' title='bbox 1133 5456 1276 5527; x_wconf 87' lang='lat' dir='ltr'><strong>quod</strong></span> <span class='ocrx_word' id='word_1_746' title='bbox 1324 5457 1439 5529; x_wconf 89' lang='lat' dir='ltr'><strong>ipse</strong></span> <span class='ocrx_word' id='word_1_747' title='bbox 1480 5456 1714 5514; x_wconf 68' lang='lat' dir='ltr'><strong>Iacobus</strong></span> <span class='ocrx_word' id='word_1_748' title='bbox 1757 5457 1962 5528; x_wconf 66' lang='lat' dir='ltr'><strong>Alphazi</strong></span> 
     </span>
    </p>
   </div>
   <div class='ocr_carea' id='block_1_102' title="bbox 389 5547 1964 5618">
    <p class='ocr_par' dir='ltr' id='par_1_102' title="bbox 389 5547 1964 5618">
     <span class='ocr_line' id='line_1_102' title="bbox 389 5547 1964 5618; baseline 0.001 -15"><span class='ocrx_word' id='word_1_749' title='bbox 389 5556 619 5605; x_wconf 88' lang='lat' dir='ltr'><strong>testatus</strong></span> <span class='ocrx_word' id='word_1_750' title='bbox 645 5550 747 5618; x_wconf 89' lang='lat' dir='ltr'><strong>sit,</strong></span> <span class='ocrx_word' id='word_1_751' title='bbox 795 5549 848 5602; x_wconf 91' lang='lat' dir='ltr'><strong>in</strong></span> <span class='ocrx_word' id='word_1_752' title='bbox 876 5562 1031 5603; x_wconf 72' lang='lat' dir='ltr'><strong>coena</strong></span> <span class='ocrx_word' id='word_1_753' title='bbox 1058 5547 1267 5604; x_wconf 87' lang='lat' dir='ltr'><strong>Domini</strong></span> <span class='ocrx_word' id='word_1_754' title='bbox 1297 5549 1501 5615; x_wconf 86' lang='lat' dir='ltr'><strong>dicens,</strong></span> <span class='ocrx_word' id='word_1_755' title='bbox 1544 5564 1653 5603; x_wconf 91' lang='lat' dir='ltr'><strong>non</strong></span> <span class='ocrx_word' id='word_1_756' title='bbox 1681 5564 1739 5604; x_wconf 90' lang='lat' dir='ltr'><strong>se</strong></span> <span class='ocrx_word' id='word_1_757' title='bbox 1782 5563 1964 5605; x_wconf 89' lang='lat' dir='ltr'><strong>come-</strong></span> 
     </span>
    </p>
   </div>
   <div class='ocr_carea' id='block_1_103' title="bbox 388 5641 1961 5713">
    <p class='ocr_par' dir='ltr' id='par_1_103' title="bbox 388 5641 1961 5713">
     <span class='ocr_line' id='line_1_103' title="bbox 388 5641 1961 5713; baseline 0.001 -16"><span class='ocrx_word' id='word_1_758' title='bbox 388 5651 596 5697; x_wconf 85' lang='lat' dir='ltr'><strong>sturum</strong></span> <span class='ocrx_word' id='word_1_759' title='bbox 631 5658 824 5713; x_wconf 87' lang='lat' dir='ltr'><strong>panem</strong></span> <span class='ocrx_word' id='word_1_760' title='bbox 863 5643 1164 5713; x_wconf 85' lang='lat' dir='ltr'><strong>usquedum</strong></span> <span class='ocrx_word' id='word_1_761' title='bbox 1192 5644 1400 5700; x_wconf 84' lang='lat' dir='ltr'><strong>videret</strong></span> <span class='ocrx_word' id='word_1_762' title='bbox 1447 5641 1723 5700; x_wconf 86' lang='lat' dir='ltr'><strong>Christum</strong></span> <span class='ocrx_word' id='word_1_763' title='bbox 1754 5658 1785 5698; x_wconf 90' lang='lat' dir='ltr'><strong>a</strong></span> <span class='ocrx_word' id='word_1_764' title='bbox 1815 5657 1961 5699; x_wconf 80' lang='lat' dir='ltr'><strong>mor-</strong></span> 
     </span>
    </p>
   </div>
   <div class='ocr_carea' id='block_1_104' title="bbox 388 5735 919 5805">
    <p class='ocr_par' dir='ltr' id='par_1_104' title="bbox 388 5735 919 5805">
     <span class='ocr_line' id='line_1_104' title="bbox 388 5735 919 5805; baseline 0.008 -17"><span class='ocrx_word' id='word_1_765' title='bbox 388 5735 497 5794; x_wconf 84' lang='lat' dir='ltr'><strong>tuis</strong></span> <span class='ocrx_word' id='word_1_766' title='bbox 538 5745 919 5805; x_wconf 81' lang='lat' dir='ltr'><strong>resurgentem.</strong></span> 
     </span>
    </p>
   </div>
   <div class='ocr_carea' id='block_1_105' title="bbox 2074 4644 2966 4715">
    <p class='ocr_par' dir='ltr' id='par_1_105' title="bbox 2074 4644 2966 4715">
     <span class='ocr_line' id='line_1_105' title="bbox 2074 4644 2966 4715; baseline 0.002 -17"><span class='ocrx_word' id='word_1_767' title='bbox 2074 4654 2227 4715; x_wconf 88' lang='lat' dir='ltr'><strong>putas</strong></span> <span class='ocrx_word' id='word_1_768' title='bbox 2254 4646 2474 4700; x_wconf 89' lang='lat' dir='ltr'><strong>inveniet</strong></span> <span class='ocrx_word' id='word_1_769' title='bbox 2502 4644 2660 4714; x_wconf 79' lang='lat' dir='ltr'><strong>[idem</strong></span> <span class='ocrx_word' id='word_1_770' title='bbox 2686 4645 2742 4699; x_wconf 85' lang='lat' dir='ltr'><strong>in</strong></span> <span class='ocrx_word' id='word_1_771' title='bbox 2779 4654 2917 4700; x_wconf 86' lang='lat' dir='ltr'><strong>terra</strong></span> <span class='ocrx_word' id='word_1_772' title='bbox 2940 4646 2966 4700; x_wconf 72' lang='grc' dir='ltr'><strong><em>Ρ</em></strong></span> 
     </span>
    </p>
   </div>
   <div class='ocr_carea' id='block_1_106' title="bbox 2146 4722 3665 4808">
    <p class='ocr_par' dir='ltr' id='par_1_106' title="bbox 2146 4722 3665 4808">
     <span class='ocr_line' id='line_1_106' title="bbox 2146 4722 3665 4808; baseline 0.003 -18"><span class='ocrx_word' id='word_1_773' title='bbox 2146 4733 2455 4792; x_wconf 73' lang='grc' dir='ltr'><strong>ΡΙιατὶδαειιε</strong></span> <span class='ocrx_word' id='word_1_774' title='bbox 2505 4746 2684 4803; x_wconf 88' lang='lat' dir='ltr'><strong>stans,</strong></span> <span class='ocrx_word' id='word_1_775' title='bbox 2736 4736 2847 4792; x_wconf 77' lang='lat' dir='ltr'><strong>haec</strong></span> <span class='ocrx_word' id='word_1_776' title='bbox 2900 4722 3044 4808; x_wconf 78' lang='lat' dir='ltr'><strong>apud</strong></span> <span class='ocrx_word' id='word_1_777' title='bbox 3094 4754 3148 4793; x_wconf 91' lang='lat' dir='ltr'><strong>se</strong></span> <span class='ocrx_word' id='word_1_778' title='bbox 3200 4738 3385 4793; x_wconf 88' lang='lat' dir='ltr'><strong>orabat</strong></span> <span class='ocrx_word' id='word_1_779' title='bbox 3435 4739 3665 4797; x_wconf 86' lang='lat' dir='ltr'><strong>dicens:</strong></span> 
     </span>
    </p>
   </div>
   <div class='ocr_carea' id='block_1_107' title="bbox 2071 4826 3665 4900">
    <p class='ocr_par' dir='ltr' id='par_1_107' title="bbox 2071 4826 3665 4900">
     <span class='ocr_line' id='line_1_107' title="bbox 2071 4826 3665 4900; baseline 0.001 -18"><span class='ocrx_word' id='word_1_780' title='bbox 2071 4826 2253 4896; x_wconf 86' lang='lat' dir='ltr'><strong>Deus,</strong></span> <span class='ocrx_word' id='word_1_781' title='bbox 2300 4828 2501 4900; x_wconf 90' lang='lat' dir='ltr'><strong>gratias</strong></span> <span class='ocrx_word' id='word_1_782' title='bbox 2552 4844 2650 4899; x_wconf 86' lang='lat' dir='ltr'><strong>ago</strong></span> <span class='ocrx_word' id='word_1_783' title='bbox 2698 4828 2791 4882; x_wconf 90' lang='lat' dir='ltr'><strong>tibi</strong></span> <span class='ocrx_word' id='word_1_784' title='bbox 2830 4828 2956 4900; x_wconf 89' lang='lat' dir='ltr'><strong>quia</strong></span> <span class='ocrx_word' id='word_1_785' title='bbox 2994 4845 3099 4883; x_wconf 89' lang='lat' dir='ltr'><strong>non</strong></span> <span class='ocrx_word' id='word_1_786' title='bbox 3144 4844 3260 4884; x_wconf 79' lang='lat' dir='ltr'><strong>sum</strong></span> <span class='ocrx_word' id='word_1_787' title='bbox 3302 4844 3440 4883; x_wconf 76' lang='lat' dir='ltr'><strong>sicut</strong></span> <span class='ocrx_word' id='word_1_788' title='bbox 3481 4843 3665 4883; x_wconf 67' lang='lat' dir='ltr'><strong>eastern</strong></span> 
     </span>
    </p>
   </div>
   <div class='ocr_carea' id='block_1_108' title="bbox 2072 4914 3666 4989">
    <p class='ocr_par' dir='ltr' id='par_1_108' title="bbox 2072 4914 3666 4989">
     <span class='ocr_line' id='line_1_108' title="bbox 2072 4914 3666 4989; baseline -0.002 -15"><span class='ocrx_word' id='word_1_789' title='bbox 2072 4919 2372 4984; x_wconf 89' lang='lat' dir='ltr'><strong>hominum,</strong></span> <span class='ocrx_word' id='word_1_790' title='bbox 2420 4925 2690 4989; x_wconf 88' lang='lat' dir='ltr'><strong>raptores,</strong></span> <span class='ocrx_word' id='word_1_791' title='bbox 2737 4917 2952 4988; x_wconf 86' lang='lat' dir='ltr'><strong>injusti,</strong></span> <span class='ocrx_word' id='word_1_792' title='bbox 3004 4915 3236 4972; x_wconf 87' lang='lat' dir='ltr'><strong>adulteri</strong></span> <span class='ocrx_word' id='word_1_793' title='bbox 3258 4930 3277 4969; x_wconf 90' lang='lat'><strong><em>:</em></strong></span> <span class='ocrx_word' id='word_1_794' title='bbox 3317 4914 3455 4970; x_wconf 79' lang='lat' dir='ltr'><strong>velut</strong></span> <span class='ocrx_word' id='word_1_795' title='bbox 3497 4917 3666 4972; x_wconf 81' lang='lat' dir='ltr'><strong>etiam</strong></span> 
     </span>
    </p>
   </div>
   <div class='ocr_carea' id='block_1_109' title="bbox 2073 4998 3666 5082">
    <p class='ocr_par' dir='ltr' id='par_1_109' title="bbox 2073 4998 3666 5082">
     <span class='ocr_line' id='line_1_109' title="bbox 2073 4998 3666 5082; baseline -0.002 -17"><span class='ocrx_word' id='word_1_796' title='bbox 2073 5011 2159 5066; x_wconf 85' lang='lat' dir='ltr'><strong>hic</strong></span> <span class='ocrx_word' id='word_1_797' title='bbox 2195 5010 2528 5082; x_wconf 86' lang='lat' dir='ltr'><strong>publicanus.</strong></span> <span class='ocrx_word' id='word_1_798' title='bbox 2571 4998 2978 5078; x_wconf 88' lang='lat' dir='ltr'><strong>Quatuorsunt</strong></span> <span class='ocrx_word' id='word_1_799' title='bbox 3015 5009 3224 5080; x_wconf 78' lang='lat' dir='ltr'><strong>Species</strong></span> <span class='ocrx_word' id='word_1_800' title='bbox 3253 5007 3449 5078; x_wconf 89' lang='lat' dir='ltr'><strong>quibus</strong></span> <span class='ocrx_word' id='word_1_801' title='bbox 3478 5008 3666 5063; x_wconf 85' lang='lat' dir='ltr'><strong>omnis</strong></span> 
     </span>
    </p>
   </div>
   <div class='ocr_carea' id='block_1_110' title="bbox 2076 5100 3662 5173">
    <p class='ocr_par' dir='ltr' id='par_1_110' title="bbox 2076 5100 3662 5173">
     <span class='ocr_line' id='line_1_110' title="bbox 2076 5100 3662 5173; baseline -0.002 -16"><span class='ocrx_word' id='word_1_802' title='bbox 2076 5110 2258 5158; x_wconf 89' lang='lat' dir='ltr'><strong>tumor</strong></span> <span class='ocrx_word' id='word_1_803' title='bbox 2287 5101 2659 5173; x_wconf 86' lang='lat' dir='ltr'><strong>arrogantium</strong></span> <span class='ocrx_word' id='word_1_804' title='bbox 2706 5101 3130 5165; x_wconf 89' lang='lat' dir='ltr'><strong>demonstratur,</strong></span> <span class='ocrx_word' id='word_1_805' title='bbox 3164 5100 3250 5155; x_wconf 89' lang='lat' dir='ltr'><strong>vel</strong></span> <span class='ocrx_word' id='word_1_806' title='bbox 3287 5116 3412 5158; x_wconf 90' lang='lat' dir='ltr'><strong>cum</strong></span> <span class='ocrx_word' id='word_1_807' title='bbox 3451 5100 3662 5154; x_wconf 90' lang='lat' dir='ltr'><strong>bonum</strong></span> 
     </span>
    </p>
   </div>
   <div class='ocr_carea' id='block_1_111' title="bbox 2075 5188 3664 5263">
    <p class='ocr_par' dir='ltr' id='par_1_111' title="bbox 2075 5188 3664 5263">
     <span class='ocr_line' id='line_1_111' title="bbox 2075 5188 3664 5263; baseline -0.003 -15"><span class='ocrx_word' id='word_1_808' title='bbox 2075 5207 2107 5248; x_wconf 91' lang='lat' dir='ltr'><strong>a</strong></span> <span class='ocrx_word' id='word_1_809' title='bbox 2164 5190 2470 5263; x_wconf 88' lang='lat' dir='ltr'><strong>semetipsis</strong></span> <span class='ocrx_word' id='word_1_810' title='bbox 2518 5189 2722 5247; x_wconf 87' lang='lat' dir='ltr'><strong>habere</strong></span> <span class='ocrx_word' id='word_1_811' title='bbox 2778 5205 2837 5246; x_wconf 87' lang='lat' dir='ltr'><strong>se</strong></span> <span class='ocrx_word' id='word_1_812' title='bbox 2898 5188 3249 5256; x_wconf 75' lang='lat' dir='ltr'><strong>existimant;</strong></span> <span class='ocrx_word' id='word_1_813' title='bbox 3305 5199 3399 5246; x_wconf 89' lang='lat' dir='ltr'><strong>aut</strong></span> <span class='ocrx_word' id='word_1_814' title='bbox 3453 5189 3499 5244; x_wconf 94' lang='lat' dir='ltr'><strong>si</strong></span> <span class='ocrx_word' id='word_1_815' title='bbox 3552 5189 3664 5244; x_wconf 64' lang='lat' dir='ltr'><strong>sibi</strong></span> 
     </span>
    </p>
   </div>
   <div class='ocr_carea' id='block_1_112' title="bbox 2073 5279 3667 5352">
    <p class='ocr_par' dir='ltr' id='par_1_112' title="bbox 2073 5279 3667 5352">
     <span class='ocr_line' id='line_1_112' title="bbox 2073 5279 3667 5352; baseline -0.001 -17"><span class='ocrx_word' id='word_1_816' title='bbox 2073 5279 2260 5336; x_wconf 89' lang='lat' dir='ltr'><strong>datum</strong></span> <span class='ocrx_word' id='word_1_817' title='bbox 2300 5279 2535 5352; x_wconf 87' lang='lat' dir='ltr'><strong>desuper</strong></span> <span class='ocrx_word' id='word_1_818' title='bbox 2577 5280 2806 5337; x_wconf 90' lang='lat' dir='ltr'><strong>credunt</strong></span> <span class='ocrx_word' id='word_1_819' title='bbox 2849 5295 2949 5350; x_wconf 90' lang='lat' dir='ltr'><strong>pro</strong></span> <span class='ocrx_word' id='word_1_820' title='bbox 2988 5280 3101 5335; x_wconf 90' lang='lat' dir='ltr'><strong>suis</strong></span> <span class='ocrx_word' id='word_1_821' title='bbox 3139 5296 3198 5335; x_wconf 90' lang='lat' dir='ltr'><strong>se</strong></span> <span class='ocrx_word' id='word_1_822' title='bbox 3237 5281 3342 5335; x_wconf 89' lang='lat' dir='ltr'><strong>hoc</strong></span> <span class='ocrx_word' id='word_1_823' title='bbox 3379 5279 3667 5350; x_wconf 84' lang='lat' dir='ltr'><strong>accepisse</strong></span> 
     </span>
    </p>
   </div>
   <div class='ocr_carea' id='block_1_113' title="bbox 2073 5370 3665 5441">
    <p class='ocr_par' dir='ltr' id='par_1_113' title="bbox 2073 5370 3665 5441">
     <span class='ocr_line' id='line_1_113' title="bbox 2073 5370 3665 5441; baseline 0 -16"><span class='ocrx_word' id='word_1_824' title='bbox 2073 5372 2283 5427; x_wconf 85' lang='lat' dir='ltr'><strong>meritis</strong></span> <span class='ocrx_word' id='word_1_825' title='bbox 2326 5378 2550 5441; x_wconf 89' lang='lat' dir='ltr'><strong>putant,</strong></span> <span class='ocrx_word' id='word_1_826' title='bbox 2595 5378 2690 5425; x_wconf 89' lang='lat' dir='ltr'><strong>aut</strong></span> <span class='ocrx_word' id='word_1_827' title='bbox 2730 5379 2878 5427; x_wconf 88' lang='lat' dir='ltr'><strong>certe</strong></span> <span class='ocrx_word' id='word_1_828' title='bbox 2915 5370 3126 5441; x_wconf 86' lang='lat' dir='ltr'><strong>jactant</strong></span> <span class='ocrx_word' id='word_1_829' title='bbox 3168 5385 3228 5425; x_wconf 90' lang='lat' dir='ltr'><strong>se</strong></span> <span class='ocrx_word' id='word_1_830' title='bbox 3272 5371 3471 5425; x_wconf 85' lang='lat' dir='ltr'><strong>habere</strong></span> <span class='ocrx_word' id='word_1_831' title='bbox 3510 5370 3665 5440; x_wconf 83' lang='lat' dir='ltr'><strong>quod</strong></span> 
     </span>
    </p>
   </div>
   <div class='ocr_carea' id='block_1_114' title="bbox 2071 5459 3661 5531">
    <p class='ocr_par' dir='ltr' id='par_1_114' title="bbox 2071 5459 3661 5531">
     <span class='ocr_line' id='line_1_114' title="bbox 2071 5459 3661 5531; baseline -0.001 -16"><span class='ocrx_word' id='word_1_832' title='bbox 2071 5474 2176 5515; x_wconf 90' lang='lat' dir='ltr'><strong>non</strong></span> <span class='ocrx_word' id='word_1_833' title='bbox 2206 5461 2429 5527; x_wconf 85' lang='lat' dir='ltr'><strong>habent,</strong></span> <span class='ocrx_word' id='word_1_834' title='bbox 2459 5468 2553 5515; x_wconf 88' lang='lat' dir='ltr'><strong>aut</strong></span> <span class='ocrx_word' id='word_1_835' title='bbox 2579 5459 2850 5530; x_wconf 86' lang='lat' dir='ltr'><strong>despectis</strong></span> <span class='ocrx_word' id='word_1_836' title='bbox 2879 5461 3089 5516; x_wconf 69' lang='lat' dir='ltr'><strong>caeteris</strong></span> <span class='ocrx_word' id='word_1_837' title='bbox 3112 5459 3460 5531; x_wconf 84' lang='lat' dir='ltr'><strong>singulariter</strong></span> <span class='ocrx_word' id='word_1_838' title='bbox 3480 5459 3661 5514; x_wconf 79' lang='lat' dir='ltr'><strong>videri</strong></span> 
     </span>
    </p>
   </div>
   <div class='ocr_carea' id='block_1_115' title="bbox 2071 5551 3665 5623">
    <p class='ocr_par' dir='ltr' id='par_1_115' title="bbox 2071 5551 3665 5623">
     <span class='ocr_line' id='line_1_115' title="bbox 2071 5551 3665 5623; baseline 0.002 -17"><span class='ocrx_word' id='word_1_839' title='bbox 2071 5561 2330 5623; x_wconf 90' lang='lat' dir='ltr'><strong>appetunt</strong></span> <span class='ocrx_word' id='word_1_840' title='bbox 2386 5552 2623 5620; x_wconf 91' lang='lat' dir='ltr'><strong>habere,</strong></span> <span class='ocrx_word' id='word_1_841' title='bbox 2679 5552 2823 5622; x_wconf 88' lang='lat' dir='ltr'><strong>quod</strong></span> <span class='ocrx_word' id='word_1_842' title='bbox 2873 5553 3117 5619; x_wconf 88' lang='lat' dir='ltr'><strong>habent,</strong></span> <span class='ocrx_word' id='word_1_843' title='bbox 3167 5554 3294 5623; x_wconf 89' lang='lat' dir='ltr'><strong>quia</strong></span> <span class='ocrx_word' id='word_1_844' title='bbox 3344 5551 3665 5609; x_wconf 67' lang='lat' dir='ltr'><strong>Pharistcus</strong></span> 
     </span>
    </p>
   </div>
   <div class='ocr_carea' id='block_1_116' title="bbox 2067 5643 3662 5715">
    <p class='ocr_par' dir='ltr' id='par_1_116' title="bbox 2067 5643 3662 5715">
     <span class='ocr_line' id='line_1_116' title="bbox 2067 5643 3662 5715; baseline -0.001 -14"><span class='ocrx_word' id='word_1_845' title='bbox 2067 5645 2172 5701; x_wconf 90' lang='lat' dir='ltr'><strong>iste</strong></span> <span class='ocrx_word' id='word_1_846' title='bbox 2213 5643 2495 5713; x_wconf 69' lang='lat' dir='ltr'><strong>iactantiae</strong></span> <span class='ocrx_word' id='word_1_847' title='bbox 2535 5651 2686 5714; x_wconf 87' lang='lat' dir='ltr'><strong>peste</strong></span> <span class='ocrx_word' id='word_1_848' title='bbox 2739 5644 3016 5701; x_wconf 87' lang='lat' dir='ltr'><strong>laborasse</strong></span> <span class='ocrx_word' id='word_1_849' title='bbox 3064 5644 3505 5715; x_wconf 82' lang='lat' dir='ltr'><strong>deprehenditur,</strong></span> <span class='ocrx_word' id='word_1_850' title='bbox 3555 5644 3662 5712; x_wconf 87' lang='lat' dir='ltr'><strong>qui</strong></span> 
     </span>
    </p>
   </div>
   <div class='ocr_carea' id='block_1_117' title="bbox 2071 5733 3662 5807">
    <p class='ocr_par' dir='ltr' id='par_1_117' title="bbox 2071 5733 3662 5807">
     <span class='ocr_line' id='line_1_117' title="bbox 2071 5733 3662 5807; baseline -0.004 -14"><span class='ocrx_word' id='word_1_851' title='bbox 2071 5736 2274 5793; x_wconf 89' lang='lat' dir='ltr'><strong>idcirco</strong></span> <span class='ocrx_word' id='word_1_852' title='bbox 2305 5734 2371 5792; x_wconf 88' lang='lat' dir='ltr'><strong>de</strong></span> <span class='ocrx_word' id='word_1_853' title='bbox 2400 5734 2596 5807; x_wconf 89' lang='lat' dir='ltr'><strong>templo</strong></span> <span class='ocrx_word' id='word_1_854' title='bbox 2646 5736 2851 5807; x_wconf 87' lang='lat' dir='ltr'><strong>absque</strong></span> <span class='ocrx_word' id='word_1_855' title='bbox 2895 5733 3285 5806; x_wconf 82' lang='lat' dir='ltr'><strong>justiticationc</strong></span> <span class='ocrx_word' id='word_1_856' title='bbox 3335 5734 3662 5801; x_wconf 79' lang='lat' dir='ltr'><strong>descendit,</strong></span> 
     </span>
    </p>
   </div>
  </div>
