3950 6184
256 326 362 381 417

267 533 507 588 tribuens
525 572 539 597 ,
568 531 745 585 oranti
773 531 1060 601 publicano
1085 545 1144 586 se
1169 531 1424 600 praetulit.

329 623 527 694 Jejuno
568 624 645 677 bis
687 625 742 678 in
781 623 1039 677 sabbato:
1083 623 1311 676 decimas
1353 622 1420 675 do
1463 622 1695 675 omnium
1726 637 1844 692 qua:

260 715 516 788 possideo.
581 715 836 769 Ezechiel
888 715 1151 784 propheta
1200 715 1266 768 de
1305 713 1538 768 ostensis
1577 712 1680 767 sibi
1720 712 1843 768 caeli

262 806 586 862 animalibus
615 805 838 870 scribit,
867 814 916 859 et
941 815 1104 858 totum
1128 821 1317 875 corpus
1345 804 1551 874 plenum
1578 813 1692 858 erat
1718 820 1843 858 ocu-

263 896 324 951 lis
360 899 416 951 in
447 897 672 950 circuitu
697 898 929 967 ipsorum
955 905 1198 967 quatuor.
1231 895 1468 964 Corpora
1495 895 1691 965 quippe
1728 895 1844 949 ani-

264 989 484 1044 malium
515 989 717 1046 idcirco
741 988 898 1058 plena
927 988 1099 1043 oculis
1123 988 1533 1053 describuntur,
1565 988 1690 1056 quia
1719 1002 1844 1040 san-

261 1088 472 1134 ctorum
522 1079 666 1134 actio
689 1080 756 1133 ab
777 1078 923 1132 οιηηὶ
952 1086 1107 1147 parte
1137 1078 1524 1148 circumspecta
1553 1085 1635 1131 est
1656 1116 1671 1142 ,
1701 1077 1841 1130 bona

261 1168 692 1226 desiderabiliter
713 1168 1036 1238 praevidens,
1069 1167 1210 1221 mala
1239 1167 1465 1222 solerter
1494 1181 1713 1231 cavens,
1746 1165 1843 1220 sed

263 1277 358 1315 nos
399 1275 542 1329 saepe
583 1258 710 1312 dum
750 1257 872 1311 aliis
912 1258 1074 1312 rebus
1112 1257 1474 1322 intendimus,
1507 1257 1598 1323 ﬁt,
1631 1265 1690 1310 ut
1735 1256 1840 1310 alia

263 1350 628 1420 negligamus,
661 1348 732 1402 ibi
765 1346 950 1418 procul
984 1347 1144 1402 dubio
1172 1347 1388 1401 oculum
1418 1361 1525 1401 non
1555 1347 1836 1401 habemus.

263 1439 397 1493 Nam
425 1453 552 1492 ecce
595 1437 900 1491 Pharisaeus
922 1438 989 1491 ad
1028 1436 1386 1491 exhibendam
1430 1436 1837 1500 abstinentiam;

259 1532 325 1587 ad
383 1530 710 1601 implendam
764 1529 1214 1593 misericordiam,
1259 1528 1326 1582 ad
1369 1527 1679 1583 referendas
1731 1529 1842 1581 Deo

257 1624 464 1692 gratias
497 1621 710 1676 oculum
739 1620 1036 1684 habuerat,
1075 1619 1168 1674 sed
1210 1620 1276 1673 ad
1316 1619 1635 1674 humilitatis
1661 1628 1841 1674 custo-

257 1718 401 1769 diam
427 1729 534 1770 non
562 1712 826 1776 habebat,
853 1719 908 1765 et
933 1709 1061 1779 quid
1089 1710 1340 1778 prodest,
1367 1708 1510 1778 quod
1535 1716 1721 1763 contra
1743 1707 1839 1761 ho-

1333 325 1653 410 ‘IIOMILIE
1689 325 1757 383 IN
1797 325 2051 386 EVANG.
2090 327 2180 385 ΕΤ
2216 327 2434 386 EPIST.

264 440 384 510 quia
414 439 682 494 bonorum
706 453 931 509 operum
961 437 1152 494 merita
1181 437 1284 494 sibi
1311 440 1467 509 quasi
1495 439 1843 511 singulariter
1868 449 1924 510 Α

3416 333 3522 391 ιιδ

2472 437 2751 495 IIOMILIA
2790 439 2991 496 CXLII.

2599 549 2755 588 FERIA
2787 549 2860 588 IV.

1978 619 2162 676 Lectio
2211 621 2462 691 Epistolae
2497 622 2556 676 Β.
2595 623 2745 678 Pauli
2783 623 3006 693 apostoli
3046 623 3112 677 ad
3148 622 3478 682 Corinthios.

2015 711 2255 778 Fratres,
2285 715 2492 768 nescitis
2521 716 2643 785 quia
2671 732 2890 785 corpora
2920 725 3086 770 vestra
3114 717 3345 771 membra
3368 717 3522 773 Chri-

1944 801 2013 854 sti
2044 811 2164 854 sunt
2187 843 2200 866 ,
2232 811 2337 856 etc.

2011 892 2246 961 Corpora
2293 902 2476 946 nostra
2508 892 2746 946 membra
2771 892 2967 947 Christi
2999 902 3142 959 sunt,
3169 895 3262 949 sed
3299 895 3350 950 in
3383 911 3524 951 novo

1941 983 2191 1049 homine,
2224 984 2312 1052 qui
2349 984 2644 1039 secundum
2673 985 2840 1038 Deum
2870 995 3084 1039 creatus
3108 994 3218 1052 est,
3252 987 3376 1056 quia
3407 987 3522 1057 ipse

1941 1084 2024 1129 est
2049 1084 2207 1144 caput
2237 1075 2508 1129 Ecclesiae.

2014 1164 2220 1219 Tollens
2251 1182 2372 1235 ergo
2410 1165 2639 1218 membra
2674 1163 2901 1231 Christi,
2941 1165 3134 1234 faciant
3160 1167 3389 1222 membra
3413 1185 3522 1224 mc-

1941 1258 2187 1310 retricis?
2223 1257 2386 1310 Absit.
2421 1257 2556 1323 Quia
2603 1257 2877 1312 meretrici
2916 1258 3245 1312 adhaerentia
3276 1259 3519 1316 membra

1941 1347 2191 1402 desinunt
2216 1364 2337 1403 esse
2363 1349 2602 1402 membra
2633 1347 2852 1402 Christi.

2011 1439 2093 1491 An
2119 1440 2325 1493 nescitis
2353 1441 2476 1508 quia
2505 1440 2594 1510 qui
2633 1440 2861 1492 adliceret
2891 1439 3178 1505 meretrici,
3208 1456 3368 1493 unum
3403 1457 3521 1495 cor-

1938 1546 2036 1598 pus
2061 1530 2168 1583 sit?
2209 1529 2320 1584 Iloc
2360 1530 2509 1594 dicit,
2543 1529 2670 1598 quia
2713 1529 2802 1598 qui
2841 1529 3282 1584 contaminationi
3317 1547 3376 1586 se
3419 1531 3516 1586 ad-

1939 1621 2152 1685 miscet,
2175 1636 2340 1674 unum
2373 1620 2431 1673 ﬁt
2460 1636 2582 1674 cum
2605 1636 2690 1686 eo,
2715 1621 2801 1675 cui
2829 1637 2886 1675 se
2907 1622 3197 1686 admiscet;
3232 1623 3518 1679 fornicatio

1942 1709 2083 1762 enim
2115 1709 2304 1763 ambos
2330 1723 2493 1762 unum
2525 1707 2653 1763 facit
2681 1718 2739 1763 ut
2764 1713 3033 1779 quomodo
3062 1711 3115 1764 in
3147 1719 3336 1766 natura
3367 1712 3444 1767 sic
3463 1719 3520 1767 et

257 1807 423 1867 stium
455 1804 678 1859 insidias
713 1817 851 1874 pene
887 1809 999 1856 tota
1037 1800 1232 1854 civitas
1266 1807 1420 1854 caute
1445 1798 1765 1860 custoditur,
1793 1795 1838 1850 si
1869 1789 1914 1848 Β
1942 1799 1998 1851 in
2025 1798 2230 1852 macula
2260 1813 2424 1852 unum
2452 1798 2582 1852 sint.

257 1909 424 1949 mium
461 1893 703 1949 foramen
742 1897 988 1962 apertum
1030 1888 1372 1960 relinquitur,
1404 1888 1544 1943 unde
1573 1887 1642 1942 ab
1670 1885 1833 1942 hosti-
1878 1883 1880 1885 ’

257 1987 358 2041 bus
390 1985 662 2040 intretur?

326 2075 398 2128 Et
439 2073 777 2144 publicanus,
820 2091 853 2128 a
895 2073 1045 2144 longe
1071 2083 1250 2138 stans,
1296 2070 1500 2126 nolebat
1531 2088 1622 2125 nec
1659 2069 1835 2127 oculos

257 2166 324 2220 ad
367 2166 553 2220 caelum
597 2165 806 2231 levare;
843 2165 934 2220 sed
971 2164 1288 2236 percutiebat
1325 2174 1500 2234 pectus
1537 2180 1718 2228 suum,
1747 2163 1834 2216 di-

257 2274 374 2310 cens
417 2273 436 2312 :
485 2256 656 2322 Deus,
703 2257 957 2327 propitius
1014 2266 1120 2310 esto
1169 2255 1295 2308 mitti
1340 2255 1618 2325 peccatori.
1670 2254 1836 2309 Amen

257 2347 376 2399 dico
403 2344 544 2399 vobis
563 2385 577 2409 ,
605 2344 866 2398 descendit
891 2343 975 2397 hic
991 2343 1320 2414 justiﬁcatus
1351 2345 1404 2396 in
1433 2343 1643 2397 domum
1682 2359 1834 2396 suam

257 2436 466 2490 abillo.
521 2436 786 2502 Quantam
830 2435 1001 2491 veniae
1045 2435 1296 2490 fiduciam
1340 2436 1499 2506 digne
1527 2436 1837 2504 paenitenti-

256 2527 356 2580 bus
387 2527 594 2596 praebet
616 2526 758 2595 quod
787 2525 1102 2594 publicanus
1128 2525 1220 2594 qui
1261 2534 1468 2579 reatum
1506 2531 1614 2578 suae
1647 2525 1837 2594 nequi-

256 2618 345 2670 tiae
391 2615 632 2687 perfecte
678 2616 964 2685 cognovit,
1014 2615 1195 2682 ﬂevit,
1245 2615 1526 2678 confessus
1567 2623 1679 2678 est,
1732 2615 1834 2670 etsi

257 2707 497 2777 iniustus
540 2708 607 2762 ad
660 2708 914 2778 templum
965 2708 1144 2772 venit,
1188 2706 1517 2776 justifiestus
1557 2724 1589 2761 a
1639 2707 1836 2778 templo

255 2799 458 2852 rediit!
491 2798 691 2868 Typice
732 2808 910 2854 autem
944 2798 1252 2853 Phariszeus
1292 2797 1598 2853 Iudaeorum
1635 2807 1718 2854 est
1745 2813 1840 2869 po-

254 2889 418 2959 pulus
477 2889 569 2959 qui
623 2903 690 2942 ex
737 2887 1216 2957 justiﬁeationibus
1267 2889 1401 2960 legis
1457 2889 1666 2944 extollit
1717 2885 1868 2945 tne--

256 2984 361 3038 rita
408 2999 537 3048 sua;
568 2982 890 3054 publicanus
929 2997 1058 3037 vero
1099 2981 1313 3053 gentilis
1354 2989 1469 3048 est,
1497 2982 1590 3052 qui
1620 2981 1776 3054 longe
1803 2996 1836 3037 a

252 3073 368 3128 Deo
407 3073 618 3143 positus
656 3070 942 3140 conﬁtetur
980 3079 1199 3142 peccata
1243 3085 1339 3125 sua
1370 3089 1383 3126 :
1427 3087 1656 3141 quorum
1697 3086 1837 3127 unus

2010 1891 2176 1944 Erunt
2210 1891 2443 1961 (inquit),
2474 1890 2578 1943 duo
2609 1890 2662 1943 in
2692 1907 2850 1946 carne
2878 1909 3002 1946 una.
3045 1891 3385 1947 Manifestum
3413 1901 3516 1958 est,

1935 1989 1994 2037 ut
2029 1983 2154 2052 quia
2193 1981 2386 2036 mulier
2425 1983 2491 2036 de
2536 1981 2653 2036 viro
2689 1991 2809 2048 est,
2849 1985 3008 2039 ambo
3048 1985 3101 2038 in
3146 1999 3311 2040 carne
3351 2001 3518 2041 unum

1935 2075 2064 2130 sint.

2009 2166 2110 2232 Qui
2141 2174 2313 2220 autem
2340 2166 2567 2219 adluvret
2602 2152 2840 2229 Domino,
2871 2183 3006 2220 unus
3027 2169 3238 2238 spiritus
3259 2180 3352 2224 est.
3375 2169 3519 2236 Quo-

1934 2261 2078 2315 niam
2121 2259 2174 2314 in
2217 2258 2355 2313 bene
2395 2258 2677 2328 agentibus
2717 2258 2934 2327 spiritus
2971 2258 3063 2313 Dei
3103 2268 3186 2314 est
3218 2261 3518 2315 communis

1935 2368 2055 2407 cum
2086 2353 2194 2406 Deo
2219 2359 2272 2404 et
2303 2350 2628 2404 hominibus.
2659 2349 2792 2404 Cum
2815 2351 2891 2405 sic
2919 2351 3113 2404 dicitur
3134 2367 3296 2406 unum
3325 2362 3384 2407 ut
3411 2369 3518 2408 non

1935 2445 2181 2508 addatur,
2215 2444 2341 2514 quid
2366 2460 2548 2510 unum,
2576 2452 2630 2498 et
2657 2444 2808 2513 plura
2836 2460 2997 2498 uatum
3021 2445 3290 2509 dicuntur,
3326 2447 3516 2500 eadem

1935 2545 2127 2587 natura
2160 2543 2322 2603 atque
2363 2534 2598 2588 essentia
2630 2549 2737 2587 non
2781 2533 3071 2595 dissidens,
3107 2548 3281 2601 neque
3310 2534 3517 2588 dissen-

1935 2624 2078 2679 tiens
2101 2623 2462 2694 signiﬁcatur;
2497 2639 2617 2678 cum
2645 2638 2771 2678 vero
2801 2623 3013 2677 additur
3051 2623 3176 2691 quid
3207 2638 3390 2685 unum,
3425 2638 3520 2693 po-

1939 2723 2044 2768 test
2087 2715 2288 2784 altquid
2343 2715 2637 2785 significari
2691 2730 2754 2768 ex
2809 2714 3050 2784 pluribus
3096 2729 3259 2768 unum
3315 2713 3516 2769 factum

1937 2807 2181 2877 quamvis
2211 2807 2437 2860 diversis
2466 2813 2656 2858 natura
2677 2846 2690 2870 ,
2718 2806 2858 2859 sicut
2889 2805 3067 2858 anima
3102 2812 3157 2858 ct
3189 2819 3383 2873 corpus
3410 2821 3517 2859 non

1937 2905 2061 2953 sunt
2085 2899 2270 2966 utique
2297 2913 2482 2960 unum,
2511 2896 2639 2965 quid
2661 2896 2805 2950 enim
2831 2904 2937 2949 tam
2958 2894 3267 2950 diversum?
3290 2895 3392 2949 nisi
3419 2897 3517 2950 ad—

1937 2988 2096 3042 datur
2124 2995 2218 3042 ant
2257 2985 2689 3054 subintelligatnr
2733 2984 2858 3054 quid
2900 2999 3096 3048 unum,
3136 2983 3188 3039 id
3224 2993 3340 3048 est,
3382 2999 3519 3041 unus

1937 3077 2120 3142 homo,
2151 3084 2430 3131 autnnum
2465 3075 2692 3141 animal;
2738 3075 2860 3130 inde
2900 3075 3185 3145 Apostolus
3213 3077 3302 3146 qui
3341 3077 3517 3131 adlue-

253 3164 620 3236 superbiendo
664 3165 889 3219 recessit
930 3163 1272 3229 humiliatus,
1318 3163 1456 3219 alter
1491 3163 1834 3221 lamentando
1860 3160 1905 3222 C
1938 3179 2011 3225 ret
2039 3171 2315 3235 meretrici,
2341 3169 2533 3238 inquit,
2559 3185 2718 3222 unum
2741 3184 2927 3236 corpus
2953 3177 3048 3234 est,
3070 3183 3177 3221 non
3199 3168 3333 3222 dixit
3353 3183 3517 3223 unum

255 3256 690 3328 appropinquare
733 3255 930 3310 meruit
977 3253 1264 3310 exaltatus.

329 3347 474 3412 Quia
504 3345 674 3399 cuntis
693 3385 708 3410 ,
737 3345 824 3415 qui
859 3361 914 3399 se
943 3343 1139 3398 exultat
1161 3383 1176 3408 ,
1219 3341 1623 3410 humiliabitur;
1654 3351 1702 3398 et
1746 3343 1836 3414 qui

257 3453 311 3490 se
364 3433 656 3500 humiliat,
711 3433 1049 3487 exaltabitur.
1095 3432 1177 3487 -Ει
1231 3431 1300 3486 de
1354 3440 1584 3501 utroque
1640 3432 1836 3501 populo

257 3528 516 3598 praefato,
573 3535 628 3582 et
682 3528 749 3582 de
798 3527 946 3581 omni
1004 3528 1238 3598 superbo
1293 3525 1378 3580 vel
1433 3526 1622 3581 humili
1691 3535 1837 3582 recte

259 3631 442 3691 potest
499 3619 760 3690 intelligi,
820 3620 960 3674 sicut
1019 3626 1084 3674 ει-
1136 3619 1265 3673 illud
1325 3619 1467 3689 quod
1525 3619 1653 3675 alibi
1707 3619 1839 3692 legi-

260 3727 418 3775 mus,
483 3709 626 3763 Ante
690 3711 899 3764 ruinam
949 3709 1221 3765 exaltatur
1267 3725 1396 3776 cor,
1451 3718 1505 3764 et
1557 3719 1683 3766 ante
1730 3710 1838 3780 glo-

261 3802 396 3855 riam
449 3799 808 3865 humiliatur;
864 3808 1191 3870 quapropter
1245 3809 1301 3855 et
1352 3801 1418 3855 de
1470 3799 1652 3855 verbis
1710 3800 1838 3855 elati

261 3892 556 3956 Pharisaei,
602 3890 799 3960 quibus
843 3891 1116 3945 humiliari
1163 3891 1390 3957 meruit,
1437 3905 1726 3961 possumus
1771 3904 1838 3944 ex

261 3984 479 4038 diverso
516 3981 745 4036 formam
790 3979 1110 4034 humilitatis
1145 3994 1251 4049 qua
1294 3979 1647 4034 sublimemur
1689 3994 1840 4034 assu-

261 4091 443 4139 mere,
504 4083 566 4128 ιιι
619 4072 760 4128 sicut
813 4072 901 4126 ille
957 4072 1310 4127 consideratis
1373 4080 1428 4128 et
1471 4071 1716 4143 pejorum
1761 4071 1841 4125 vi-

267 4166 393 4224 tiis.
431 4163 634 4219 etsuis
673 4161 986 4227 virtutibus,
1033 4169 1117 4215 est
1160 4161 1332 4216 elatus
1376 4163 1442 4215 ad
1486 4162 1722 4227 ruinam,
1765 4160 1840 4214 ita

264 4272 364 4310 nos
416 4271 524 4310 non
575 4261 761 4308 nostra
803 4252 975 4308 solum
1019 4252 1267 4322 pigritia,
1317 4253 1411 4306 sed
1455 4260 1508 4306 et
1553 4251 1838 4307 meliorum

263 4346 559 4400 virtutibus
600 4345 879 4415 inspectis,
910 4345 1256 4400 humiliemur
1301 4345 1369 4400 ad
1408 4345 1665 4415 gloriam,
1707 4359 1842 4414 qua-

267 4448 424 4491 tenus
474 4437 845 4506 unusquisque
885 4445 1130 4490 nostrum
1176 4435 1291 4490 haec
1331 4437 1471 4506 apud
1513 4450 1572 4490 se
1618 4435 1838 4504 supplex

1934 3271 2056 3320 sunt
2083 3269 2174 3316 aut
2199 3277 2363 3315 unum
2391 3269 2504 3326 est,
2538 3260 2632 3315 sed
2661 3259 2864 3314 addidit
2893 3274 3122 3328 corpus,
3165 3267 3419 3330 tanquam
3450 3274 3518 3314 ex

1935 3355 2143 3409 duobus
2176 3353 2400 3408 diversis
2426 3352 2720 3406 masculino
2745 3359 2798 3406 et
2829 3350 3086 3406 feminino
3120 3367 3285 3406 unum
3323 3367 3518 3422 corpus

1935 3446 2235 3515 adiectione
2263 3444 2633 3514 compositum.
2671 3443 2737 3496 Et
2771 3445 2860 3514 qui
2891 3444 3122 3498 adhwret
3163 3444 3406 3508 Domino,
3437 3445 3518 3498 in-

1935 3536 2072 3607 quit,
2095 3552 2229 3590 unus
2251 3535 2461 3606 spiritus
2483 3542 2579 3599 est,
2605 3549 2711 3587 non
2732 3532 2886 3596 dixit,
2911 3534 3000 3602 qui
3026 3533 3516 3591 adhaeret-Domino

1935 3642 2101 3680 unum
2129 3634 2240 3691 est,
2269 3633 2360 3679 aut
2397 3640 2561 3679 unum
2589 3632 2731 3688 sunt,
2765 3623 2857 3678 sed
2897 3623 3097 3677 addidit
3132 3623 3352 3692 spiritus
3382 3624 3514 3678 :.Di-

1935 3731 2125 3771 versus
2149 3715 2290 3770 enim
2324 3724 2515 3769 natura
2547 3714 2766 3783 spiritus
2795 3711 3026 3767 hominis
3059 3719 3114 3766 et
3147 3712 3367 3780 spiritus
3393 3711 3510 3778 Dei,

1939 3806 2031 3860 sed
2061 3804 2370 3859 inhaerendo
2413 3803 2472 3858 fit
2511 3818 2649 3857 unus
2687 3801 2904 3871 spiritus
2941 3816 3002 3856 ex
3030 3799 3255 3856 diversis
3285 3799 3512 3870 duobus,

1939 3895 2013 3950 ita
2041 3904 2096 3948 ut
2118 3896 2236 3950 sine
2258 3896 2497 3961 humano
2514 3894 2700 3963 spiritu
2729 3893 2916 3948 beatus
2943 3892 3014 3946 sit
3037 3890 3133 3947 Dei
3155 3893 3375 3962 spiritus
3397 3909 3516 3963 per-

1939 3987 2140 4050 fectus,
2169 3987 2360 4041 beatus
2399 3995 2579 4041 autem
2606 3985 2837 4040 hominis
2865 3984 3089 4054 spiritus
3126 4002 3231 4041 non
3261 3987 3363 4041 nisi
3391 4002 3512 4042 cum

1939 4079 2068 4134 Deo.
2115 4078 2472 4146 Quamobrem
2518 4079 2630 4133 sive
2661 4078 2733 4131 ita
2768 4077 2977 4132 dicatur
3007 4078 3149 4133 Deus
3178 4079 3242 4133 de
3273 4079 3382 4134 Deo
3403 4120 3416 4142 ,
3455 4087 3514 4134 ut

1939 4177 1994 4224 et
2019 4169 2242 4239 singulis
2267 4169 2365 4224 hoc
2392 4185 2584 4223 nomen
2607 4167 2909 4232 conveniat,
2937 4181 3040 4221 non
3068 4175 3242 4221 tamen
3271 4177 3331 4222 ut
3355 4167 3514 4224 ambo

1940 4259 2096 4316 simul
2139 4261 2243 4313 duo
2271 4258 2374 4323 dii,
2404 4259 2495 4313 sed
2526 4272 2663 4312 unus
2700 4256 2841 4311 Deus
2881 4257 2970 4312 sit.
3004 4255 3081 4310 Ita
3117 4257 3260 4310 enim
3293 4257 3394 4313 sibi
3422 4274 3514 4314 co-

1940 4353 2176 4416 haerent;
2207 4351 2348 4420 quod
2382 4352 2542 4405 etiam
2584 4350 2638 4403 in
2663 4348 2988 4403 distantibus
3017 4347 3351 4416 diversisque
3387 4351 3514 4405 sub-

1943 4442 2157 4497 stantiis
2187 4441 2302 4495 fieri
2332 4439 2617 4510 Apostolus
2648 4438 2796 4492 testis
2835 4445 2936 4490 est.
2979 4434 3111 4506 Nam
3141 4444 3196 4489 et
3226 4435 3372 4491 solus
3411 4437 3514 4492 Do-

264 4541 332 4579 ac
385 4525 689 4580 submissus
737 4525 1024 4590 obsecret,
1084 4525 1226 4580 Deus
1275 4523 1619 4594 omnipotens
1675 4525 1838 4578 mise-

1948 4533 2074 4586 mini
2105 4532 2348 4602 spiritus,
2380 4501 2602 4599 spiritus
2624 4537 2736 4591 est,
2768 4534 2823 4581 et
2856 4525 3000 4580 solus
3028 4501 3261 4580 hominis
3293 4525 3512 4596 spiritus

267 4632 389 4672 rere
431 4616 661 4688 supplici
707 4623 834 4681 tuo,
879 4616 1004 4684 quia
1046 4629 1150 4669 non
1195 4620 1346 4680 sum,
1395 4614 1537 4669 sicut
1576 4611 1844 4668 innumeri

263 4707 409 4761 servi
456 4708 532 4760 tui
575 4714 884 4777 contemptu
929 4705 1113 4761 saeculi
1155 4705 1444 4770 sublimes,
1481 4703 1709 4774 iustitiae
1739 4717 1848 4758 me-

265 4798 382 4850 rito
415 4795 665 4866 gloriosi,
701 4797 966 4850 castitatis
1004 4795 1158 4849 laude
1191 4794 1455 4864 angelici,
1497 4794 1644 4849 velut
1683 4793 1845 4850 etiam

262 4887 422 4944 multi
467 4886 682 4941 illorum
727 4887 817 4956 qui
857 4896 978 4957 post
1021 4885 1222 4957 flagitia
1270 4885 1486 4955 publica
1529 4884 1838 4956 paenitendo

263 4978 364 5033 tibi
419 4985 736 5032 meruerunt
786 4992 907 5032 esse
969 4976 1187 5041 devoti;
1243 4975 1336 5046 qui
1379 4973 1545 5030 etiam
1607 4974 1652 5030 si
1711 4973 1840 5043 quid

263 5068 392 5122 boni
439 5076 531 5122 tua
577 5067 750 5137 gratia
795 5066 1059 5138 largiente
1101 5065 1281 5122 fecero
1324 5080 1431 5135 quo
1475 5064 1579 5120 fine
1625 5066 1728 5120 hoc
1762 5064 1842 5119 fa-

261 5158 444 5224 ciam,
495 5172 672 5226 quave
717 5173 747 5210 a
803 5164 857 5211 te
911 5157 1251 5212 districtione
1307 5168 1564 5227 pensetur
1618 5157 1838 5227 ignoro,

262 5249 413 5318 quia,
460 5257 519 5302 ut
561 5249 838 5318 Scriptura
881 5245 1032 5313 dicit,
1070 5248 1276 5317 judicia
1323 5247 1423 5301 Dei
1461 5257 1582 5301 sunt
1624 5248 1840 5317 abyssus

260 5338 474 5404 multa,
527 5340 616 5394 hic
665 5339 810 5393 enim
863 5339 1014 5394 novit
1059 5339 1260 5402 omnia,
1313 5346 1501 5393 etnon
1552 5345 1636 5392 est
1680 5338 1837 5408 quid-

263 5449 434 5505 quam.
478 5434 858 5488 absconditum
907 5449 1092 5489 coram
1143 5433 1314 5489 oculis
1361 5434 1498 5503 ejus,
1532 5432 1645 5502 ipse
1695 5432 1840 5488 enim

263 5530 414 5585 stuius
459 5529 624 5592 vivit,
656 5537 711 5583 et
751 5537 942 5600 regnat
972 5529 1112 5584 Deus
1152 5543 1250 5600 per
1286 5528 1464 5584 omnia
1511 5526 1708 5584 saecula
1741 5542 1843 5583 sae—

267 5621 532 5675 culorum.
581 5619 773 5674 Amen.

1940 4623 2125 4692 utique
2155 4622 2370 4692 spiritus
2396 4628 2507 4684 est,
2551 4626 2729 4671 tamen
2763 4615 2806 4670 si
2848 4615 3050 4670 haereat
3083 4615 3342 4681 Domino,
3373 4631 3513 4670 unus

1941 4713 2163 4782 spiritus
2196 4719 2292 4765 est.
2324 4709 2534 4776 Quanto
2559 4705 2728 4777 magis
2764 4705 2868 4770 ibi,
2895 4705 2985 4760 ubi
3014 4713 3098 4759 est
3125 4704 3345 4759 omnino
3373 4705 3515 4760 inse-

1939 4801 2198 4872 parabilis
2233 4808 2394 4869 atque
2436 4807 2632 4854 aeterna
2683 4795 2974 4851 connexio!
3015 4795 3106 4850 Sic
3143 4795 3389 4870 ordinata
3429 4804 3513 4852 est

1943 4906 2098 4946 mens
2123 4898 2433 4945 naturarum
2461 4888 2679 4953 ordine,
2712 4901 2817 4942 non
2848 4885 3090 4941 locorum
3113 4927 3127 4952 ,
3167 4895 3228 4941 ut
3257 4902 3418 4958 supra
3446 4888 3510 4942 il.

1919 4981 2048 5035 iam
2082 4995 2186 5035 non
2214 4978 2304 5044 sit,
2335 4978 2437 5032 nisi
2467 4979 2626 5042 Deus,
2653 4977 2883 5046 denique
2911 4991 3033 5032 cum
3064 4976 3137 5030 illi
3171 4978 3385 5051 penitus
3412 4979 3511 5034 ad-

1942 5071 2156 5126 haeserit
2177 5085 2312 5124 unus
2332 5067 2681 5137 eritspiritus,
2711 5067 2796 5120 cui
2825 5067 2900 5120 rei
2926 5074 3213 5122 attestatur
3226 5066 3512 5137 Apostolus

1943 5161 2143 5223 dicens,
2167 5157 2269 5226 Qui
2297 5168 2472 5213 autem
2503 5157 2731 5210 adliceret
2757 5155 2980 5212 Domino
3010 5175 3144 5212 unus
3169 5158 3382 5227 spiritus
3411 5169 3508 5222 est,

1946 5251 2233 5305 accedente
2267 5249 2479 5319 quidem
2522 5248 2625 5302 ista
2671 5248 2738 5302 ad
2776 5248 3239 5318 participationem
3284 5256 3510 5313 naturae,

1944 5340 2188 5395 veritatis
2216 5349 2270 5394 et
2296 5339 2636 5393 beatitudinis
2663 5337 2803 5393 illius
2827 5379 2840 5404 ,
2875 5354 2981 5392 non
3020 5346 3197 5392 tamen
3233 5347 3513 5392 crescente

1945 5432 2036 5489 illo
2063 5433 2112 5486 in
2145 5439 2334 5485 natura
2363 5431 2601 5485 veritatis
2625 5430 2957 5486 beatitudine
2985 5446 3110 5494 sua;
3135 5430 3188 5482 in
3218 5427 3302 5481 illa
3331 5429 3513 5496 itaque

1946 5529 2134 5576 natura
2160 5520 2242 5574 cui
2274 5520 2494 5574 feliciter
2520 5519 2792 5574 inhaeserit
2816 5519 3146 5574 immutabile
3177 5516 3377 5570 videbit
3398 5532 3512 5571 om-

1947 5631 2038 5678 ne,
2068 5614 2208 5683 quod
2232 5613 2442 5676 viderit,
2478 5621 2603 5666 tunc
2628 5611 2769 5665 sicut
2803 5611 2852 5665 ei
2882 5611 3060 5664 divina
3087 5607 3364 5677 Scriptura
3387 5623 3513 5677 pro-

1951 5705 2131 5772 mittit,
2155 5704 2424 5759 satiabitur
2445 5704 2498 5757 in
2522 5703 2666 5758 bonis
2686 5701 2998 5756 desiderium
3024 5699 3159 5770 ejus,
3184 5698 3234 5752 in
3258 5698 3511 5754 immuta-
