3950 6184
401 381 506 441 419

1041 373 1102 427 Β.
1144 368 1397 427 RABANI
1435 361 1652 421 MAURI
1692 353 2013 415 ARCHIEP.
2054 346 2368 409 MOGUNT.
2408 332 2695 403 OPERUM
2734 339 2916 397 PARS
2947 338 3012 394 ll.

3568 336 3669 392 «ιΞο

401 496 619 562 bilibun,
646 494 751 549 hoc
774 498 886 555 est,
918 489 1035 559 ipsa
1066 485 1311 540 trinitate
1338 482 1450 538 Deo
1475 493 1595 543 suo,
1624 473 1779 544 cujus
1812 474 1990 542 imago
2015 474 2066 535 Α
2092 465 2296 562 inquit,
2325 461 2432 516 duo
2474 461 2531 514 in
2564 473 2722 562 carne
2765 472 2891 562 imp.
2920 452 3174 562 Nunquid
3201 459 3388 562 posset
3416 451 3522 562 hoc
3570 452 3672 556 diei

402 596 519 651 est,
549 596 603 640 et
640 598 709 638 ne
740 581 944 652 uspiam
981 577 1230 647 deinceps
1254 573 1515 637 violetur,
1543 569 1648 624 erit
1679 568 1732 621 in
1756 566 1986 620 abscon-

404 677 517 734 dito
538 675 714 730 vultus
740 673 877 742 ejus,
907 676 1055 723 tanta
1084 668 1329 723 ubertate
1350 662 1465 733 ejus
1496 660 1713 733 impleta
1739 700 1753 726 ,
1785 667 1845 713 ut
1865 670 1985 710 eam

403 781 676 836 nunquam
702 775 929 832 peccare
950 759 1195 813 delectet.

480 855 670 926 Fugite
698 851 1119 923 fornicationem.
1154 848 1321 902 Recte
1340 846 1650 917 fugiendam
1673 847 1859 896 monet
1881 838 1989 894 for-

405 953 754 1012 nicationem,
787 960 884 1016 per
911 958 1072 1013 quam
1102 942 1194 997 ﬁlii
1225 940 1316 1016 Dei
1338 940 1473 993 ﬁunt
1500 936 1591 991 ﬁlii
1619 934 1839 991 diaboli.

480 1041 645 1098 Omne
705 1048 973 1109 peccatum
1019 1008 1362 1107 quodcunime
1406 1030 1585 1102 fecerit
1629 1027 1803 1091 homo,
1842 1033 1989 1079 extra

406 1150 592 1205 corpus
616 1142 691 1186 est
725 1150 737 1184 :
770 1131 858 1200 qui
876 1138 1048 1182 autem
1074 1126 1386 1196 fornicatur,
1411 1123 1466 1175 in
1491 1137 1676 1190 corpus
1699 1133 1854 1172 suum
1874 1133 1993 1187 pec-

407 1235 510 1281 cat.
545 1221 792 1280 Ostendit
834 1218 1246 1273 fornicationem
1285 1212 1663 1286 gravissimum
1710 1225 1831 1264 esse
1870 1223 1994 1278 pec-

408 1324 615 1380 catum,
644 1313 770 1384 quia
800 1328 865 1366 ex
888 1311 991 1365 hoc
1014 1324 1174 1364 omne
1203 1306 1415 1377 deperit
1441 1318 1658 1372 corpus,
1691 1302 1744 1354 in
1779 1298 1993 1355 caeteris

411 1414 591 1461 autem
619 1402 857 1474 peccatis
878 1400 1056 1472 portio
1078 1398 1241 1471 perit,
1276 1412 1382 1451 non
1406 1403 1599 1449 totum.
1630 1391 1995 1454 Totum,enim

414 1512 609 1567 corpus
637 1495 723 1549 vir
747 1502 831 1549 est
858 1501 915 1548 et
939 1491 1152 1555 mulier,
1185 1489 1310 1559 quia
1338 1485 1517 1557 portio
1542 1483 1644 1539 viri
1665 1491 1750 1540 est
1779 1482 1992 1547 mulier,

415 1590 724 1661 quicunque
755 1586 902 1641 enim
928 1583 1073 1638 aliud
1103 1589 1387 1653 peccatum
1429 1575 1709 1632 admiserit
1749 1581 1905 1628 extra
1938 1585 1997 1627 se

411 1687 645 1753 peccat:
678 1675 1000 1733 fornicarius
1040 1687 1171 1728 vero
1232 1671 1287 1725 in
1340 1682 1563 1724 carnem
1596 1680 1747 1722 suam
1786 1671 1995 1735 peccat.

413 1771 527 1843 Age
557 1771 602 1825 si
630 1769 822 1837 laqueo
845 1767 1011 1821 vitam
1035 1763 1205 1829 ﬁniat,
1227 1770 1321 1816 aut
1355 1759 1501 1816 ferro
1527 1774 1585 1815 se
1607 1757 1861 1821 trucidet,
1892 1771 1999 1809 non

2089 554 2156 611 de
2199 553 2320 608 aliis
2371 561 2535 621 atque
2590 548 2712 603 aliis
2758 547 3063 617 quibusque
3110 543 3445 600 facinoribus
3500 543 3678 599 homi-

2089 646 2253 703 num?
2291 644 2518 699 liberum
2547 648 2631 696 est
2655 639 2800 694 enim
2831 639 3013 692 animo
3054 637 3290 692 humano
3322 636 3378 691 in
3413 636 3537 691 aliis
3561 637 3679 707 qui.

2088 739 2297 806 busque
2341 732 2637 798 sceleribus
2665 739 2719 785 et
2742 744 2908 784 unum
2957 727 3163 798 aliquid
3207 741 3396 783 eorum
3440 726 3677 797 operari,

2090 840 2145 886 et
2173 846 2238 885 eo
2260 830 2375 899 ipso
2402 836 2646 897 tempore
2673 823 2800 878 alibi
2846 821 3175 899 cogitatione
3198 819 3455 885 distendi,
3488 819 3544 873 in
3568 817 3682 874 for-

2092 921 2380 978 nicationis
2403 920 2583 974 autem
2609 919 2726 988 ipso
2749 931 2913 986 opere
2934 930 2999 969 ac
3023 895 3266 984 tempore
3283 928 3389 967 non
3414 912 3543 967 licet
3562 913 3684 966 ani-

2100 1033 2191 1072 mo
2221 1016 2288 1071 ad
2332 1013 2476 1069 aliud
2510 1011 2713 1081 aliquid
2751 1008 3096 1079 cogitandum
3125 1006 3356 1061 liberum
3404 1019 3545 1071 esse,
3599 1005 3680 1061 sic

2093 1109 2239 1163 enim
2269 1115 2412 1161 totus
2435 1105 2598 1159 homo
2629 1102 2948 1157 absorbetur
2973 1097 3041 1151 ab
3065 1096 3203 1167 ipso,
3248 1102 3302 1148 et
3330 1095 3381 1149 in
3412 1096 3532 1164 ipso
3560 1109 3685 1150 eor-

2093 1214 2246 1271 pore,
2261 1195 2446 1264 utjam
2476 1194 2581 1249 dici
2603 1208 2710 1247 non
2731 1190 2903 1262 possit
2919 1189 3032 1260 ipse
3046 1187 3258 1240 animus
3271 1198 3400 1239 suus
3424 1198 3571 1250 esse,
3589 1183 3685 1239 sed

2095 1289 2255 1344 simul
2288 1296 2431 1343 totus
2464 1288 2623 1341 homo
2663 1283 2767 1339 dici
2805 1282 2991 1353 possit,
3024 1279 3167 1349 quod
3205 1292 3335 1332 caro
3367 1276 3459 1343 sit,
3490 1286 3547 1330 et
3570 1275 3683 1346 spi-

2088 1382 2233 1460 ritus
2260 1377 2478 1442 vadens,
2507 1385 2562 1432 et
2588 1390 2695 1429 non
2725 1374 2956 1428 rediens.
3003 1369 3096 1425 Sic
3130 1384 3261 1439 ergo
3288 1382 3579 1439 possumus
3606 1367 3689 1422 in-

2100 1471 2335 1542 telligere
2394 1470 2521 1540 quia
2552 1496 2559 1501 -
2593 1483 2744 1522 omne
2789 1473 3062 1537 peccatum
3118 1460 3469 1533 quodcunque
3505 1460 3686 1531 fecerit

2098 1560 2251 1615 homo
2275 1569 2423 1615 extra
2451 1574 2637 1630 corpus
2664 1564 2760 1622 est,
2781 1555 2871 1627 qui
2894 1563 3069 1608 autem
3098 1552 3395 1623 fornicatur
3421 1550 3479 1605 in
3497 1565 3691 1615 corpus

2099 1651 2367 1722 praprium
2417 1657 2622 1721 peccat,
2667 1656 2727 1701 ut
2755 1645 3006 1700 videatur
3040 1640 3334 1712 Apostolus
3389 1641 3444 1696 in
3478 1648 3692 1695 tantum

2101 1753 2434 1812 exaggerare
2462 1737 2698 1793 voluisse
2726 1734 3101 1791 fornicationis
3131 1731 3355 1798 malum,
3384 1740 3445 1786 ut
3463 1732 3519 1786 in
3543 1747 3695 1787 eom-

414 1820 494 1920 ino
510 1877 706 1932 corpus
751 1874 908 1916 suum
964 1857 1180 1913 videtur
1226 1854 1498 1928 peccare?
1526 1867 1634 1908 non
1687 1852 1742 1907 in
1805 1864 2001 1921 corpus
2029 1845 2076 1907 B
2103 1832 2382 1932 ιξξινειιξοηθ
2409 1828 2570 1898 huius
2610 1835 2808 1882 οωῑθη
2851 1832 3008 1880 eum
3052 1838 3250 1932 θοξῬιξε
3286 1820 3539 1879 habenda
3573 1837 3697 1932 θεξθ

414 1959 803 2024 suumpeecat,
834 1950 929 2006 sed
977 1950 1033 2003 in
1077 1949 1317 2002 animam
1352 1945 1441 2001 cui
1474 1944 1585 1999 vim
1634 1942 1784 2007 facit,
1824 1938 1999 1995 forni-

416 2045 528 2104 cari
551 2052 733 2099 autem
770 2039 1052 2112 corporale
1078 2039 1334 2094 delictum
1392 2044 1497 2103 est,
1532 2036 1676 2105 quod
1703 2043 1759 2089 et
1803 2046 2001 2102 corpus

415 2136 681 2208 contingit
715 2134 795 2190 ‘et
850 2133 1087 2189 animam
1113 2171 1128 2197 ,
1178 2146 1288 2186 non
1351 2129 1496 2185 enim
1557 2129 1674 2184 sine
1734 2125 2002 2183 desiderio

415 2230 620 2296 carnis,
647 2228 773 2299 quia
801 2227 964 2282 habet
1004 2232 1059 2281 et
1082 2238 1212 2280 caro
1247 2222 1528 2295 proprium
1561 2230 1791 2287 motum,
1821 2221 2001 2275 anima

416 2318 772 2389 concupiscit,
821 2323 881 2371 ut
925 2321 1113 2386 peccet
1163 2313 1218 2368 in
1283 2327 1526 2378 carnem,
1580 2311 1829 2382 quamvis
1885 2311 2003 2365 sine

417 2410 601 2464 animo
638 2406 771 2462 nihil
819 2406 989 2477 possit
1015 2420 1112 2475 per
1150 2402 1203 2457 id
1237 2402 1383 2473 quod
1439 2402 1494 2457 in
1526 2416 1746 2458 carnem
1787 2416 1910 2472 quae
1935 2416 2003 2455 ex

417 2513 478 2555 se
501 2505 586 2553 est
611 2505 819 2567 peccat.
859 2495 944 2550 Ad
978 2494 1245 2566 originem
1272 2494 1420 2551 enim
1468 2492 1673 2559 retulit,
1720 2493 1775 2547 in
1805 2506 2004 2563 corpus

419 2605 577 2647 suum
633 2588 831 2644 dicitur
882 2582 1142 2657 peccare,
1191 2595 1253 2642 ut
1290 2585 1501 2641 desinat
1542 2599 1571 2638 a
1620 2582 2001 2657 fornicatione,

419 2681 575 2753 quasi
615 2679 718 2735 sibi
740 2693 989 2749 parcens.
1015 2675 1316 2733 Novaliano
1341 2684 1523 2731 tamen
1552 2675 1645 2730 hic
1694 2674 1741 2729 is
1769 2674 1861 2743 qui
1889 2673 2005 2729 fer—

422 2773 633 2830 nieatur
655 2787 765 2827 non
801 2766 855 2825 in
898 2784 1093 2840 corpus
1122 2784 1282 2824 suum
1306 2767 1520 2823 videtur
1559 2781 1789 2837 peccare
1815 2766 1912 2822 sed
1950 2764 2007 2819 in

423 2863 647 2920 Christi.
709 2862 883 2917 Aliter
929 2861 1075 2915 enim
1140 2858 1456 2930 pronuntiat
1510 2859 1673 2923 hoc,
1720 2866 1781 2911 ut
1841 2856 2008 2911 etiam

423 2958 574 3013 illum
603 2956 694 3026 qui
726 2954 1028 3010 fornicatur
1054 2952 1107 3006 in
1143 2951 1403 3022 Spiritum
1426 2959 1674 3007 sanctum
1708 2951 2007 3022 dieatpec—

425 3064 553 3106 care
574 3089 589 3114 ,
620 3055 842 3118 propter
887 3058 1108 3099 causam
1145 3059 1253 3112 qua
1301 3043 1505 3098 scissus
1532 3052 1616 3098 est
1640 3042 1708 3098 ab
1741 3041 2005 3098 Ecclesia.

426 3146 542 3202 lloc
561 3142 709 3200 nulla
733 3142 945 3197 ratione
972 3139 1145 3194 astrui
1173 3146 1369 3209 potest,
1406 3152 1604 3209 corpus
1632 3135 1776 3192 enim
1805 3134 2007 3192 Christi

426 3250 535 3290 non
565 3242 649 3289 est
678 3248 815 3287 unus
852 3239 945 3286 aut
976 3230 1082 3286 duo
1108 3228 1419 3295 Christiani,
1444 3229 1537 3284 sed
1561 3243 1771 3294 omnes,
1812 3226 2008 3298 singuli

425 3335 602 3383 autem
643 3325 875 3379 membra
904 3332 1045 3378 sunt.
1101 3321 1378 3390 Quomodo
1411 3336 1539 3393 ergo
1583 3321 1678 3392 qui
1708 3319 2010 3376 fornicatur

431 3418 485 3472 in
507 3416 709 3473 Christi
748 3430 943 3485 corpus
967 3424 1174 3485 peccat,
1223 3428 1344 3469 cum
1388 3428 1495 3467 non
1523 3426 1712 3469 omnes
1743 3411 2010 3467 contami-

431 3508 555 3563 net?
589 3506 742 3575 Quod
771 3506 816 3561 si
849 3505 922 3559 ita
956 3511 1122 3570 esset,
1148 3502 1525 3559 utNovatiano
1551 3503 1782 3567 videtur,
1813 3510 2011 3558 cattera

428 3599 611 3654 omnia
628 3605 851 3669 peccata
876 3604 1030 3651 extra
1065 3594 1231 3650 Deum
1262 3602 1466 3661 essent,
1496 3602 1552 3648 et
1576 3593 1689 3649 sola
1719 3592 2011 3648 fornicatio

430 3680 712 3763 peccatum
753 3698 899 3744 esset
928 3688 984 3743 in
1014 3686 1205 3742 Deum.
1234 3686 1410 3741 Etiam
1455 3685 1548 3756 qui
1577 3684 1727 3762 vadit
1759 3685 1827 3740 ad
1868 3683 2011 3740 idola

431 3799 536 3837 non
565 3790 753 3851 peccat
782 3780 836 3834 in
868 3779 1058 3842 Deum,
1083 3792 1184 3832 nec
1212 3776 1305 3848 qui
1335 3784 1495 3848 negat
1524 3776 1578 3831 in
1616 3775 2011 3847 persecutione,

431 3875 558 3944 quia
617 3886 778 3927 omne
837 3878 1117 3940 peceatum
1166 3870 1523 3940 quodcunque
1583 3866 1775 3924 fecerit
1828 3866 2011 3932 homo,

431 3976 588 4022 extra
618 3979 815 4032 corpus
833 3962 1033 4018 Christi
1058 3969 1163 4027 est,
1198 3962 1338 4016 sicut
1370 3961 1445 4016 illi
1482 3960 1712 4016 videtur.
1745 3959 1803 4016 Si
1831 3968 2013 4014 autem

432 4066 489 4112 et
519 4057 621 4110 hoc
656 4054 814 4108 aliter
860 4051 1089 4105 voluerit
1114 4051 1486 4121 pronuntiare,
1521 4061 1577 4105 ut
1600 4060 1757 4121 neget
1797 4051 2015 4122 aliquod

434 4156 593 4202 extra
634 4159 832 4216 corpus
885 4157 1006 4199 esse
1043 4152 1324 4219 peccatum
1353 4185 1369 4210 ,
1396 4153 1620 4216 cogetur
1657 4145 1839 4200 dicere
1887 4146 2014 4215 quia

435 4238 613 4294 omnis
662 4237 969 4308 quicunque
1007 4234 1385 4305 quodcumque
1411 4243 1688 4304 peceatum
1718 4234 1930 4301 fecerit,
1959 4235 2017 4290 in

436 4328 605 4384 Deum
632 4337 838 4403 peccat,
880 4336 933 4383 et
970 4328 1023 4382 in
1057 4325 1314 4398 Spiritum
1360 4335 1626 4393 sanctum,
1669 4336 1811 4383 utet
1845 4327 1934 4383 fur
1961 4336 2017 4384 et

434 4419 706 4491 perjurus,
738 4430 793 4476 et
824 4420 1050 4475 mendax
1092 4418 1147 4473 in
1195 4417 1458 4488 Spiritum
1488 4426 1751 4485 sanctum,
1783 4435 2010 4491 peccare

437 4513 665 4577 dicatur,
701 4506 972 4584 quomodo
996 4520 1079 4567 est
1104 4509 1233 4565 illud
1268 4509 1411 4582 quod
1460 4510 1537 4565 ait
1582 4511 1862 4578 Dominus,
1888 4513 2013 4583 quia

439 4602 616 4656 omnia
640 4611 851 4671 peccata
874 4611 920 4655 et
955 4600 1288 4671 blasphemia:
1329 4601 1654 4656 remittemur
1695 4603 2009 4670 hominibus,

436 4693 529 4763 qui
570 4700 744 4744 autem
785 4693 1073 4760 peccaverit
1119 4692 1174 4745 in
1210 4690 1461 4762 Spiritum
1491 4701 1728 4749 sanctum
1772 4710 1877 4748 non
1932 4710 2015 4749 re-

439 4782 679 4837 mittetur
698 4782 747 4835 ei
773 4798 936 4852 neque
955 4782 1040 4835 hic
1065 4798 1227 4853 neque
1250 4783 1304 4835 in
1336 4782 1534 4851 futuro.
1567 4783 1802 4855 Apparet
1834 4784 2019 4854 utique

439 4873 682 4944 exceptis
713 4864 951 4944 peccatis
972 4874 1184 4930 caneris
1216 4874 1361 4929 aliud
1388 4891 1504 4931 esse
1524 4888 1803 4946 peccatum
1823 4917 1839 4943 ,
1878 4877 2021 4947 quod

440 4973 723 5035 peccatum
738 4965 935 5020 dicitur
953 4966 1007 5019 in
1021 4964 1282 5036 Spiritum
1300 4976 1563 5023 sanetum.
1581 4968 2025 5036 Quibusdamite-

442 5069 563 5110 rum
584 5054 933 5125 videturquia
960 5056 1051 5125 qui
1083 5054 1384 5111 fornicatur
1406 5058 1525 5114 ideo
1555 5059 1608 5114 in
1639 5075 1834 5130 corpus
1861 5076 2017 5116 suum

441 5148 640 5204 dicitur
664 5161 915 5218 peccare,
945 5147 1071 5217 quia
1108 5148 1362 5204 Ecclesim
1404 5150 1703 5206 membrum
1743 5160 1846 5216 est,
1876 5159 1931 5207 et
1961 5166 2020 5207 se

443 5241 819 5299 eontaminans
848 5240 900 5296 in
931 5239 1227 5296 Ecclesium
1255 5253 1479 5313 peccat,
1518 5246 1670 5315 cujus
1721 5247 2019 5301 membrum

441 5340 542 5388 est.
590 5330 724 5398 Quia
771 5345 904 5400 ergo
945 5330 1200 5386 Ecclesia:
1249 5334 1548 5388 membrum
1597 5344 1696 5397 est,
1737 5335 2019 5391 dicendum

441 5432 526 5481 cst
560 5424 635 5479 illi
665 5438 788 5480 cum
840 5422 1162 5489 fornicatur,
1195 5424 1321 5493 quia
1369 5441 1475 5479 non
1507 5426 1607 5480 sibi
1644 5427 1737 5482 sed
1767 5428 1819 5482 in
1843 5427 2023 5484 Eccle-

442 5518 581 5573 siam
607 5528 815 5590 peccat.
862 5516 1032 5573 Porro
1059 5527 1241 5573 autem
1280 5518 1413 5574 dicit
1450 5519 1738 5590 Apostolus
1771 5520 1892 5590 quia
1928 5522 2019 5591 qui

444 5611 743 5667 fornicatur
768 5627 865 5682 per
890 5611 942 5667 id
972 5611 1115 5682 quod
1154 5611 1208 5667 in
1238 5612 1537 5682 portionem
1581 5629 1731 5668 suam
1778 5613 2020 5684 deliquit,

440 5703 495 5755 in
536 5717 734 5772 corpus
762 5719 916 5758 suum
940 5712 1147 5773 peccat.
1182 5703 1264 5757 An
1294 5704 1521 5769 nescitis,
1554 5705 1746 5774 inquit,
1775 5706 2021 5777 quoniam

445 5794 535 5862 qui
560 5798 787 5849 adhwret
815 5798 1071 5852 meretrici
1123 5813 1283 5851 unum
1337 5812 1523 5863 corpus
1553 5809 1625 5851 est
1647 5798 1670 5850 ?
1690 5809 1835 5853 erunt
1865 5800 2017 5867 enim,

2104 1921 2320 1988 dixerit,
2352 1933 2687 1990 quaecunque
2708 1923 2953 1987 peccata,
2981 1921 3038 1970 et
3056 1914 3174 1970 solo
3195 1914 3297 1969 hoc
3321 1912 3696 1967 tantummodo

2102 2012 2479 2070 fornicationis
2518 2010 2661 2066 malo
2687 2010 2742 2065 in
2793 2021 2992 2078 corpus
3032 2004 3313 2077 proprium
3357 2018 3587 2075 peccare
3610 2004 3697 2059 di-

2101 2106 2267 2172 xerit,
2298 2105 2425 2175 quia
2451 2103 2657 2175 majore
2682 2099 2927 2156 libidinis
2952 2099 3150 2153 ardore
3170 2112 3277 2167 quo
3301 2096 3551 2165 superior
3577 2093 3702 2150 nul-

2104 2198 2188 2256 ius
2217 2208 2321 2265 est,
2369 2197 2620 2268 voluptas
2657 2195 2828 2266 ipsius
2863 2191 3119 2265 corporis
3141 2197 3289 2245 tenet
3332 2202 3551 2242 servum
3577 2184 3701 2242 etii-

2103 2291 2283 2360 citque
2311 2288 2604 2359 captivum.
2634 2284 2726 2340 Ait
2764 2300 2834 2338 an
2868 2283 3077 2338 nescitis
3109 2296 3328 2350 corpora
3368 2287 3542 2333 vestra
3573 2286 3706 2333 temp

2103 2381 2246 2452 plum
2278 2380 2417 2433 Dei?
2446 2377 2602 2443 dixit,
2630 2376 2722 2432 hic
2765 2375 3015 2448 templum
3057 2374 3291 2445 Spiritus
3331 2373 3503 2426 sancti
3533 2386 3704 2442 quem

2104 2472 2317 2528 habetis
2351 2488 2383 2526 a
2404 2471 2549 2540 Deo;
2578 2473 2826 2542 superius
2855 2468 3100 2541 templum
3129 2467 3226 2523 Dei
3254 2467 3410 2533 dixit,
3440 2468 3531 2522 hic
3565 2477 3703 2522 tem-

2104 2564 2250 2636 plum
2271 2562 2503 2636 Spiritus
2533 2564 2701 2617 sancti
2725 2563 2852 2634 quia
2884 2561 2939 2618 in
2974 2562 3301 2628 substantia,
3341 2562 3448 2617 hoc
3470 2570 3555 2616 est
3582 2560 3703 2632 spi-

2108 2657 2267 2721 ritus,
2312 2656 2456 2726 quod
2483 2656 2647 2711 Deus.
2677 2654 2792 2711 Hoc
2845 2655 3048 2710 idcirco
3074 2654 3211 2708 dixit
3253 2662 3314 2708 ut
3342 2668 3573 2724 corpora
3607 2668 3707 2710 no-

2108 2758 2221 2802 stra
2251 2746 2677 2802 incontaminata
2702 2748 3006 2811 servemus,
3035 2753 3095 2799 ut
3118 2743 3289 2816 possit
3317 2742 3428 2800 illic
3463 2742 3707 2816 Spiritus

2110 2847 2333 2893 sanctus
2363 2837 2630 2892 habitare.

2181 2948 2249 3003 Et
2275 2966 2380 3004 non
2410 2950 2532 3004 estis
2559 2949 2739 3015 vestri,
2774 2949 2934 3020 empti
2965 2949 3106 3003 enim
3133 2950 3257 3005 estis
3292 2949 3458 3021 pretio
3486 2963 3707 3020 magno.

2111 3040 2451 3097 Manifestum
2478 3049 2580 3107 est,
2606 3041 2699 3111 qui
2723 3052 2937 3111 emptus
2962 3047 3068 3106 est,
3098 3056 3207 3096 non
3249 3049 3335 3097 est
3360 3040 3444 3096 sui
3466 3040 3707 3106 arbitrii,

2113 3133 2208 3188 sed
2249 3132 2366 3203 ejus
2386 3147 2417 3186 a
2448 3146 2556 3202 quo
2610 3139 2825 3203 emptus
2854 3137 2960 3196 est,
2989 3139 3046 3185 ut
3077 3146 3186 3186 non
3216 3146 3406 3196 suam,
3436 3131 3532 3186 sed
3564 3129 3715 3186 illius

2036 3197 2081 3261 (ἶ
2112 3197 2653 3278 ιίιείδινγοιιιηιειιθηι.
2688 3197 2755 3276 Et
2782 3222 2911 3291 quia
2938 3221 3103 3277 chare
3132 3221 3298 3292 empti
3352 3236 3541 3278 sumus
3581 3236 3716 3292 pro-

2109 3314 2332 3387 pensius
2386 3314 2499 3369 Deo
2527 3321 2717 3369 nostro
2767 3312 2975 3368 servire
3025 3310 3305 3377 debemus,
3358 3327 3427 3367 ne
3468 3310 3717 3367 offensus

2110 3420 2141 3461 a
2176 3420 2284 3476 qua
2337 3420 2438 3461 nos
2489 3404 2717 3460 redemit
2747 3402 2911 3458 morti
2958 3416 3059 3458 nos
3104 3402 3294 3457 reddat
3323 3440 3341 3469 ,
3370 3416 3535 3472 quam
3561 3400 3716 3457 enim

2112 3497 2434 3554 charissimo
2453 3495 2630 3568 pretio
2657 3509 2757 3551 uos
2776 3493 2909 3550 emit
2934 3502 2997 3548 ut
3021 3492 3336 3564 sanguinem
3366 3505 3528 3547 suum
3555 3490 3719 3546 daret

2110 3602 2211 3658 pro
2237 3586 2421 3643 nobis!
2654 3650 2657 3653 Α

2185 3679 2503 3735 Clariﬁeate
2529 3686 2578 3733 et
2602 3687 2809 3749 portate
2830 3662 3002 3731 Deum
3028 3676 3085 3730 in
3113 3691 3329 3747 corpore
3371 3682 3563 3728 vestro.
3596 3671 3719 3728 lloc

2113 3780 2198 3828 est
2218 3769 2504 3840 clariﬁcate
2538 3778 2585 3824 et
2611 3777 2811 3839 portate
2844 3766 3015 3823 Deum
3054 3768 3110 3820 in
3133 3782 3370 3837 corpore,
3415 3774 3478 3820 ut
3504 3780 3712 3820 secun-

2114 3864 2241 3920 dum
2263 3863 2438 3935 legem
2463 3861 2582 3933 ejus
2614 3860 2973 3925 ambulemus,
3018 3874 3117 3930 per
3165 3858 3336 3930 legem
3373 3858 3521 3914 enim
3552 3872 3717 3913 suam

2114 3957 2231 4028 ipse
2242 3956 2458 4012 videtur
2480 3954 2537 4010 in
2563 3954 2751 4020 nobis;
2777 3952 3002 4024 portate,
3036 3952 3233 4022 inquit,
3262 3950 3452 4016 Deum,
3479 3951 3584 4005 hoc
3605 3958 3714 4017 est,

2116 4050 2406 4121 imaginem
2446 4048 2542 4104 Dei
2589 4048 2645 4102 in
2682 4046 2847 4104 rebus
2877 4046 3017 4103 bene
3059 4044 3229 4116 gestis
3264 4043 3555 4099 ostendite.
3593 4042 3716 4099 Duo

2115 4151 2241 4199 sunt
2270 4148 2496 4212 peccata
2545 4148 2603 4195 et
2646 4138 2752 4195 duo
2784 4151 2983 4209 genera
3014 4144 3383 4206 peccatorum,
3438 4144 3535 4188 aut
3563 4132 3713 4189 enim

2117 4236 2171 4290 in
2220 4235 2390 4290 Deum
2431 4234 2596 4289 homo
2625 4238 2839 4302 peccat,
2878 4237 2975 4284 aut
3002 4228 3055 4283 in
3081 4227 3383 4284 hominem.
3441 4224 3717 4283 Peecatur

2118 4333 2299 4381 autem
2329 4325 2383 4380 in
2414 4323 2583 4378 Deum
2627 4322 2793 4377 etiam
2840 4318 3237 4389 corrumpendo
3283 4316 3545 4387 templum
3592 4314 3715 4387 ejus

2116 4417 2171 4472 in
2197 4425 2273 4483 te,
2302 4415 2504 4473 etenim
2537 4413 2800 4470 Dominus
2832 4411 3064 4467 redemit
3092 4419 3143 4466 te
3190 4408 3453 4480 sanguine
3474 4407 3600 4463 Filii
3627 4409 3714 4465 sui

2118 4523 2427 4581 quanquam
2450 4515 2506 4562 et
2532 4515 2823 4576 antequam
2843 4502 3213 4568 redimereris,
3245 4498 3402 4570 cujus
3430 4515 3578 4565 eras,
3605 4498 3714 4554 nisi
3780 4490 3787 4499 ’

2115 4602 2234 4673 ejus
2251 4600 2343 4671 qui
2369 4599 2609 4655 condidit
2631 4596 2848 4654 omnia?
2872 4594 3228 4651 Peculiariter
3252 4602 3430 4651 tamen
3452 4590 3716 4661 quodam-

2117 4692 2276 4748 modo
2297 4689 2497 4746 habere
2513 4687 2684 4743 voluit
2707 4688 3043 4758 redemptum
3060 4684 3321 4756 sanguine
3337 4682 3430 4737 ﬁlii
3447 4683 3553 4738 sui.
3588 4682 3713 4737 Non

2119 4789 2262 4852 estis,
2300 4785 2494 4855 inquit,
2534 4783 2708 4848 vestri,
2737 4782 2895 4852 empti
2937 4780 3077 4834 enim
3114 4778 3237 4833 estis
3283 4778 3450 4845 pretio
3494 4792 3709 4846 magna,

2123 4877 2414 4950 gloriﬁcate
2458 4885 2505 4931 et
2562 4884 2769 4946 portate
2823 4871 3106 4927 Dominum
3152 4870 3208 4924 in
3250 4883 3468 4938 corpore
3518 4877 3711 4930 uestro,

2126 4971 2268 5042 Ergo
2295 4966 2382 5024 ille
2409 4984 2441 5023 a
2476 4982 2586 5039 quo
2616 4966 2928 5036 redemptus
2946 4979 3007 5020 es
3027 4961 3190 5019 edicit
3214 4961 3502 5016 tedomum
3533 4974 3709 5013 suam.

2122 5060 2375 5132 Nunquid
2414 5068 2469 5114 tu
2506 5060 2588 5114 vis
2624 5058 2842 5113 domum
2878 5066 3026 5111 tuam
3079 5053 3295 5109 everti?
3329 5052 3375 5108 si
3414 5065 3517 5106 nec
3570 5050 3715 5107 Deus

2123 5169 2299 5219 suam,
2324 5152 2427 5206 hoc
2454 5159 2558 5212 est,
2600 5158 2650 5203 te
2681 5148 2893 5225 ipsum?
2915 5147 2971 5202 Si
3009 5145 3106 5200 tibi
3132 5160 3238 5199 non
3279 5144 3462 5214 mrcis
3490 5149 3716 5212 propter

2126 5256 2179 5301 te
2214 5246 2411 5314 ipsum,
2453 5256 2614 5313 parce
2640 5242 2732 5295 tibi
2761 5239 2843 5294 vel
2881 5230 3099 5310 propt’er
3148 5236 3341 5300 Deum,
3378 5234 3473 5303 qui
3506 5242 3558 5291 te
3583 5232 3717 5288 fecit

2127 5334 2385 5405 templum
2423 5349 2601 5396 suum,
2674 5329 2930 5399 templum
2961 5327 3108 5382 enim
3171 5325 3267 5380 Dei
3326 5333 3578 5379 sanetqu
3626 5331 3717 5378 est

2126 5426 2270 5495 quod
2333 5424 2466 5479 estis
2510 5439 2607 5478 vos
2638 5462 2654 5485 ,
2692 5431 2749 5476 et
2804 5421 2897 5489 qui
2958 5417 3217 5487 templum
3259 5415 3352 5470 Dei
3402 5413 3714 5481 violaverit.

2125 5518 2402 5588 disperdet
2447 5516 2596 5571 illum
2649 5515 2813 5570 Deus.
2846 5512 2970 5568 Ideo
3009 5526 3233 5566 necesse
3274 5516 3359 5564 est
3378 5516 3447 5584 ,ιιι
3496 5508 3722 5563 studeat

2126 5608 2496 5678 unusquisque
2544 5605 2809 5659 mundare
2884 5618 2979 5657 cor
3030 5617 3190 5659 suum
3249 5602 3318 5655 ab
3375 5599 3523 5653 oumi
3578 5613 3719 5653 con-

2126 5703 2460 5775 cupiscentia
2501 5701 2663 5765 mala,
2714 5710 2771 5757 et
2818 5701 2989 5754 vitam
3043 5714 3197 5754 suam
3241 5697 3310 5752 ab
3357 5696 3503 5750 onnii
3555 5696 3721 5752 sorde

2128 5808 2473 5866 peccatorum
2508 5802 2559 5847 et
2588 5809 2749 5863 opere
2780 5779 3038 5858 nefario',
3061 5798 3330 5860 quatenus
3359 5795 3631 5844 mercatur
3657 5787 3720 5841 in
