3950 6184
286 346 378 405 ﬁl

1370 345 1676 403 IIOMILIIE
1717 345 1783 400 IN
1822 344 2074 402 EVANG.
2116 347 2205 403 ET
2244 347 2460 405 EPIST.

3429 351 3537 411 ΗΞ

288 480 343 520 se
389 460 754 517 habitatorem
793 460 993 515 habere
1041 459 1257 527 Deum;
1305 462 1399 531 qui
1458 464 1512 517 in
1553 454 1760 516 unitate
1803 471 1859 518 et
1884 467 1929 526 Α
1961 480 2137 536 neque
2170 467 2244 531 hi,
2298 468 2390 537 qui
2438 467 2700 538 Spiritum
2735 476 2982 525 sanctum
3023 484 3131 525 non
3174 483 3327 535 esse,
3360 485 3541 542 neque

289 554 554 609 Trinitate
579 552 814 622 perfecta
836 553 1176 621 omnipotens
1194 553 1337 607 Deus
1353 562 1542 623 regnat
1561 566 1660 623 per
1682 553 1864 610 omnia

291 648 629 705 sazculorum.
659 646 850 702 Amen.
1300 714 1309 721 .

796 732 1078 790 HOMILIA
1117 734 1341 789 CXLIII.

872 843 1002 882 ITEII
1025 842 1178 880 FERIA
1219 843 1292 881 IV.

358 922 545 977 Lectio
580 919 751 974 sancti
781 918 1054 988 Evangelii
1085 918 1380 973 secundum
1427 915 1755 972 Matthaeum.

355 1014 424 1068 In
447 1012 541 1067 illo
564 1022 792 1096 tempo‘re
832 1011 963 1064 dixit
990 1009 1026 1062 J
1031 1027 1149 1064 esus
1174 1009 1461 1064 Pharistcis
1486 1023 1504 1061 :
1530 1009 1633 1076 Qui
1655 1026 1758 1064 non
1789 1019 1865 1064 est

285 1120 507 1169 mecum,
537 1112 721 1157 contra
753 1119 833 1155 me
855 1110 930 1155 est
948 1118 967 1167 ,'
995 1110 1042 1155 et
1066 1102 1156 1171 qui
1198 1117 1302 1156 non
1329 1110 1607 1172 congregat
1640 1117 1863 1169 mecum,

286 1195 505 1265 spargit,
538 1200 642 1249 etc.
1775 1194 1787 1209 '

360 1287 478 1342 Non
509 1294 662 1355 putet
691 1285 974 1356 quisquam
1017 1286 1084 1340 de
1109 1284 1379 1340 haereticis
1401 1286 1603 1341 dictum
1632 1294 1687 1341 et
1724 1287 1866 1341 schi-

289 1378 557 1443 smaticis,
597 1391 903 1448 quanquam
951 1386 1003 1429 et
1033 1377 1106 1429 ita
1159 1391 1229 1439 ex
1254 1374 1523 1446 superfluo
1569 1377 1740 1446 possit
1786 1377 1867 1430 in-

291 1468 476 1540 telligi,
506 1468 600 1523 sed
627 1483 693 1521 ex
728 1466 1189 1535 consequentibus
1216 1473 1474 1535 textuque
1503 1460 1770 1547 sermonis
1798 1466 1867 1521 ad

289 1560 561 1616 diabolum
589 1558 840 1624 refertur,
858 1557 999 1627 quod
1029 1572 1137 1612 non
1165 1558 1548 1627 possintopera
1571 1554 1868 1611 Salvatoris

290 1652 558 1708 Belsebub
580 1649 833 1721 operibus
863 1649 1193 1718 comparari;
1228 1647 1316 1703 ille
1355 1649 1497 1717 cupit
1523 1649 1734 1702 animas
1768 1647 1866 1703 ho-

288 1742 496 1795 initium
525 1748 711 1794 tenere
730 1737 991 1809 captivas,
1035 1736 1294 1791 Dominus
1324 1736 1588 1801 liberare;
1617 1736 1704 1791 ille
1722 1751 1864 1807 prce-

1966 554 2057 625 qui
2092 555 2233 609 hunc
2255 555 2421 610 Deum
2448 558 2664 626 quidem
2696 573 2836 625 esse,
2861 560 2953 614 sed
2984 560 3147 615 Patre
3171 559 3415 630 Filioque
3438 562 3541 616 mi-

1965 658 2153 698 norem
2171 645 2397 698 credunt
2412 652 2467 698 et
2479 645 2826 709 conﬁtentur,
2846 647 2972 715 quia
2993 662 3099 701 non
3123 648 3412 703 invidentia
3428 648 3540 703 dia-

1965 730 2159 796 bolica,
2188 733 2281 787 sed
2312 733 2546 787 humana
2587 720 2885 803 ignorantia
2916 736 3060 790 ducti
3093 736 3313 804 faciunt,
3340 738 3441 794 hoc
3465 738 3540 793 ir-

1966 823 2304 879 remissibilis
2324 824 2668 893 blasphemiae
2680 827 2903 881 crimine
2919 836 3185 883 tenentur.
3201 828 3540 901 Quapropter

1964 913 2237 983 principes
2261 913 2564 968 Judteorum
2605 923 2661 968 et
2685 917 2885 984 quique
2911 917 3103 971 similis
3133 917 3347 972 invidia:
3383 927 3535 988 peste

1966 1001 2206 1069 corrupti
2234 1001 2569 1070 majestatem
2591 1002 2985 1073 blasphemant,
3000 1006 3115 1060 sine
3139 1006 3245 1060 fine
3264 1008 3535 1075 peribunt.

2035 1091 2103 1143 Et
2123 1092 2415 1162 quicunque
2442 1092 2631 1146 dixerit
2661 1094 2867 1148 verbum
2892 1106 3072 1148 contra
3095 1095 3263 1162 ﬁlium
3291 1098 3537 1163 hominis,

1966 1182 2256 1234 remittetur
2289 1182 2357 1235 ei.
2387 1182 2464 1237 Ae
2517 1182 2566 1237 si
2596 1183 2716 1237 aliis
2758 1184 2940 1239 verbis
2982 1185 3203 1251 diceret,
3233 1186 3538 1256 quicunque

1966 1271 2201 1325 convitia
2258 1271 2455 1325 dixerit
2502 1280 2690 1326 contra
2740 1284 2845 1338 me,
2899 1274 3292 1329 scandalizatus
3338 1276 3537 1344 quippe

1966 1373 2130 1414 carne
2158 1375 2299 1425 mea,
2323 1368 2378 1414 et
2416 1375 2502 1415 me
2547 1361 2815 1416 hominem
2846 1371 3051 1416 tantum
3098 1362 3380 1418 arbitrans
3395 1364 3538 1434 quod

1966 1448 2109 1502 ﬁlius
2158 1448 2257 1503 sim
2309 1447 2470 1512 fabri,
2522 1458 2577 1503 et
2624 1448 2819 1504 fratres
2877 1451 3105 1505 habeam
3153 1449 3435 1517 Jacobum,
3485 1460 3540 1505 et

1965 1540 2195 1610 Ioseph,
2256 1548 2313 1595 et
2366 1538 2589 1607 Iudam,
2653 1550 2708 1594 et
2771 1541 2932 1595 homo
2995 1550 3248 1607 voratur,
3309 1551 3364 1597 et
3423 1539 3539 1596 vini

1966 1640 2181 1702 potator
2220 1632 2340 1697 sim,
2389 1631 2513 1685 talis
2544 1631 2726 1699 opinio
2774 1640 2935 1701 atque
2989 1629 3325 1702 blasphemia
3364 1645 3538 1701 quan-

1967 1737 2129 1790 quam
2160 1720 2312 1789 culpa
2340 1736 2447 1775 non
2469 1729 2654 1774 careat
2677 1721 2897 1787 erroris,
2928 1729 3106 1775 tamen
3131 1721 3293 1776 habet
3325 1721 3541 1776 veniam

288 1830 437 1883 dicat
462 1827 624 1893 idola,
661 1826 751 1881 hic
795 1804 962 1881 unius
996 1825 1087 1879 Dei
1127 1824 1405 1890 notitiam;
1448 1813 1541 1878 ille
1579 1804 1746 1878 trahit
1797 1804 1941 1878 adB
1968 1821 2186 1882 propter
2205 1812 2446 1880 corporis
2472 1810 2903 1866 vilitatem-Nam
2933 1811 3232 1881 ineoquod
3255 1812 3537 1881 sequitur:

286 1918 435 1980 vitia,
477 1918 566 1972 hic
611 1917 679 1971 ad
725 1916 955 1971 virtutes
984 1924 1220 1970 revocat.
1271 1914 1551 1982 Quomodo
1588 1931 1718 1987 ergo
1742 1932 1867 1987 pos-

285 2014 413 2059 sunt
433 2005 636 2060 habere
663 2004 1002 2060 concordiam
1047 2003 1189 2059 inter
1213 2019 1273 2059 se
1315 2018 1545 2074 quorum
1572 2018 1735 2074 opera
1780 2004 1867 2059 di-

290 2096 405 2151 visa
430 2095 605 2161 sunt?
1658 2081 1663 2085 ’

355 2185 488 2240 Ideo
536 2187 653 2240 dico
698 2186 877 2240 vobis:
934 2183 1101 2240 Omne
1138 2195 1500 2256 peccatum-et
1548 2185 1867 2256 blasphemia

284 2277 615 2331 remittemur
640 2274 955 2329 hominibus.
980 2274 1170 2329 Omnia
1194 2285 1416 2344 peccata
1438 2283 1493 2329 et
1521 2274 1868 2345 blasphemiae

283 2384 392 2424 non
422 2368 626 2439 passim
662 2367 1001 2423 dimittuntur
1023 2367 1273 2422 omnibus
1303 2367 1632 2434 hominibus,
1663 2366 1756 2421 sed
1781 2367 1867 2422 his

285 2458 374 2527 qui
402 2457 618 2528 dignam
643 2471 743 2527 pro
766 2455 1033 2511 erratibus
1064 2456 1177 2511 suis
1227 2456 1281 2510 in
1303 2456 1406 2509 hac
1454 2455 1566 2535 vita
1595 2456 1866 2526 poeniten-

218 2600 230 2625 ,
286 2550 415 2604 tiam
447 2548 676 2620 egerint.
707 2545 891 2616 Neque
938 2545 1104 2600 ullum
1150 2546 1312 2600 habet
1348 2545 1524 2600 locum
1554 2560 1735 2614 pravae
1781 2559 1869 2600 as-

285 2638 565 2703 sertionis,
596 2637 679 2691 vel
713 2636 1059 2703 Novatianus,
1088 2643 1147 2690 ut
1180 2636 1564 2706 paenitentibus
1591 2636 1670 2690 eis
1693 2635 1784 2705 qui
1814 2636 1870 2691 in

285 2730 553 2800 martyrio
585 2728 722 2798 lapsi
759 2735 902 2793 sunt,
929 2729 1140 2782 veniam
1171 2735 1329 2798 neget
1361 2741 1483 2783 esse
1509 2727 1866 2793 tribuendam,

281 2819 375 2877 vel
414 2819 697 2891 Origenes,
743 2825 803 2872 ut
845 2825 1057 2872 asserat
1094 2824 1216 2886 post
1253 2814 1515 2885 judicium
1570 2816 1871 2872 universale

284 2910 577 2966 transactis
620 2910 750 2964 licet
788 2908 1108 2964 saiculorum
1140 2908 1503 2963 voluminibus
1547 2906 1868 2974 innumeris,

284 3010 514 3057 cunctos
557 3007 872 3071 peccatores
910 3014 974 3053 ac
1016 2997 1362 3068 blasphemos
1409 2997 1623 3052 veniam
1679 3011 1872 3066 pecca-

281 3101 465 3149 torum
490 3106 611 3147 esse
656 3101 1068 3156 consecuturos,
1097 3098 1257 3160 atque
1284 3088 1351 3145 ad
1390 3104 1612 3160 regnum
1650 3089 1871 3145 caeleste

2040 1926 2143 1992 Qui
2185 1935 2359 1979 autem
2397 1925 2591 1980 dixerit
2638 1932 2820 1978 contra
2846 1923 3105 1994 Spiritum
3144 1932 3405 1988 sanctum,
3435 1934 3540 1974 non

1968 2017 2257 2070 remittetur
2288 2016 2335 2069 ei
2357 2030 2517 2085 neque
2535 2012 2589 2067 in
2613 2014 2710 2067 hoc
2730 2012 2943 2077 seculo,
2968 2028 3131 2084 neque
3154 2012 3211 2066 in
3231 2011 3431 2081 futuro,
3471 2026 3540 2065 ex

1955 2105 2056 2160 ~his
2098 2104 2277 2159 verbis
2323 2104 2488 2158 Deum
2529 2104 2686 2157 datur
2716 2102 2937 2173 intelligi
2976 2103 3233 2172 quasdam
3275 2100 3461 2171 culpas
3486 2101 3541 2155 in

1969 2194 2072 2249 hoc
2098 2192 2313 2259 saeculo,
2342 2192 2600 2262 quasdam
2625 2205 2756 2246 vero
2795 2192 2849 2245 in
2910 2190 3091 2246 futuro
3125 2192 3342 2255 laxare;
3398 2190 3541 2259 quod

1968 2283 2115 2339 enim
2137 2283 2202 2339 de
2228 2297 2336 2336 uno
2362 2289 2614 2349 negatur,
2641 2294 2978 2351 consequens
3024 2280 3328 2336 intellectus
3370 2287 3541 2350 patet,

1969 2375 2093 2445 quia
2136 2375 2202 2430 de
2248 2374 2569 2445 quibusdam
2599 2373 2930 2428 conceditur.
2965 2371 3071 2427 Sed
3119 2379 3294 2427 tamen
3330 2372 3435 2426 hoc
3472 2372 3541 2427 de

1968 2466 2154 2536 parvis
2202 2466 2547 2535 minimisque
2578 2465 2816 2534 peccatis
2854 2464 2972 2519 ﬁeri
3009 2477 3166 2532 posse
3212 2463 3538 2518 credendum

1971 2566 2076 2625 est,
2109 2558 2248 2613 sicut
2272 2566 2357 2612 est
2393 2556 2638 2611 assiduus
2668 2555 2873 2610 otiosus
2915 2568 3113 2620 sermo,
3157 2550 3542 2612 immoderatus

1972 2649 2134 2715 risus,
2187 2648 2272 2702 vel
2320 2655 2600 2718 peceatum
2636 2661 2780 2700 cura;
2822 2645 2901 2700 rei
2945 2645 3257 2713 familiaris,
3295 2660 3415 2715 quae
3445 2645 3537 2703 vix

1942 2742 2090 2797 'sine
2115 2739 2270 2809 culpa
2316 2738 2401 2793 vel
2431 2739 2498 2792 ab
2526 2738 2658 2808 ipsis
2709 2737 2904 2808 agitur,
2950 2737 3041 2807 qui
3072 2737 3281 2807 culpam
3310 2736 3541 2807 qualiter

1973 2829 2230 2887 declinari
2267 2825 2458 2884 debeat
2508 2828 2722 2893 sciunt,
2776 2835 2870 2880 aut
2921 2842 3031 2883 non
3065 2826 3318 2898 gravibus
3369 2827 3542 2896 culpis

1972 2933 2161 2975 errore
2208 2917 2544 2990 ignorantiae,
2574 2931 2694 2987 qua:
2733 2924 2925 2970 cuncta
2974 2915 3138 2970 etiam
3164 2924 3289 2986 post
3312 2924 3543 2970 mortem

1972 3018 2202 3092 gravant
2222 3011 2267 3065 si
2291 3011 2467 3065 adhuc
2510 3009 2564 3064 in
2594 3009 2702 3063 vita
2730 3008 2833 3063 hac
2859 3006 3052 3077 positis
3096 3006 3317 3061 minime
3343 3005 3542 3062 fuerint

1974 3103 2235 3158 relaxata.
2266 3099 2379 3156 Hoc
2402 3108 2581 3155 autem
2608 3099 2885 3155 sciendum
2917 3106 3023 3163 est,
3048 3097 3175 3167 quia
3211 3097 3322 3153 illic
3345 3097 3538 3153 saltem
3616 3116 3635 3133 ε

280 3181 691 3253 perducendos.
720 3179 872 3250 cuius
915 3195 1155 3236 errorem
1196 3180 1473 3250 sequentia
1511 3193 1724 3250 quoque
1767 3177 1874 3233 Do-
1898 3164 1943 3226 C
1974 3193 2043 3248 de
2086 3192 2327 3247 minimis
2362 3190 2438 3244 nil
2474 3190 2700 3261 quisque
2729 3164 3082 3260 purgationis
3107 3188 3390 3254 obtinebit,
3436 3187 3541 3242 nisi

282 3273 419 3329 mini
449 3270 617 3326 verba
647 3268 999 3340 redarguunt,
1032 3285 1152 3324 cum
1177 3269 1551 3338 subsequitur:

356 3362 589 3434 Spiritus
611 3370 785 3415 autem
812 3359 1145 3430 blasphemia:
1167 3376 1270 3413 non
1298 3360 1604 3413 remittetur.
1629 3357 1728 3425 Qui
1744 3372 1872 3429 ergo

287 3455 579 3511 manifeste
602 3453 906 3525 intelligens
926 3468 1087 3523 Opera
1108 3452 1224 3519 Dei,
1243 3469 1364 3507 cunt
1389 3452 1483 3507 Dei
1504 3454 1757 3509 virtutem
1779 3469 1873 3510 ne-

283 3562 413 3617 gare
436 3562 545 3602 non
574 3546 764 3617 possit,
794 3545 1100 3600 stimulatus
1122 3546 1321 3601 invidia
1345 3545 1873 3603 calumniaturChri-

284 3647 451 3702 stum,
482 3638 687 3707 Deique
710 3638 955 3704 verbum,
982 3645 1038 3692 et
1063 3652 1225 3708 opera
1266 3637 1500 3710 Spiritus
1538 3643 1711 3695 sancti
1740 3640 1873 3695 dicit

280 3740 402 3782 esse
416 3724 721 3782 Belsebub:
751 3726 839 3781 isti
862 3741 966 3781 non
990 3725 1307 3795 dimittetur,
1337 3742 1510 3798 neque
1532 3729 1586 3783 in
1614 3729 1871 3799 praesenti

281 3816 479 3872 saeculo
496 3832 676 3886 neque
691 3816 745 3870 in
762 3816 961 3872 futuro.
977 3816 1092 3873 Non
1116 3818 1258 3888 quod
1271 3834 1527 3889 negemus
1545 3827 1600 3873 et
1618 3820 1667 3874 ei
1689 3818 1734 3873 si
1756 3834 1873 3888 poe-

285 3907 570 3962 nitentiam
595 3921 756 3976 agere
780 3907 1006 3963 voluerit
1030 3923 1188 3977 posse
1211 3907 1432 3974 dimitti,
1462 3909 1528 3964 ab
1553 3924 1618 3964 eo
1636 3909 1729 3979 qui
1758 3909 1874 3964 vult

283 4014 475 4055 omnes
500 3999 748 4053 homines
770 3999 945 4054 salvos
961 3998 1099 4063 ﬁeri,
1126 4006 1180 4055 et
1203 3997 1256 4053 in
1281 4000 1603 4070 agnitionem
1626 4001 1871 4058 veritatis

288 4091 503 4156 venire;
518 4089 612 4146 sed
627 4090 768 4160 quod
783 4091 882 4161 ipsi
900 4088 1066 4159 judici
1081 4099 1134 4144 et
1150 4090 1386 4162 largitori
1411 4091 1579 4145 venia:
1591 4093 1871 4148 credentes

286 4181 377 4250 qui
396 4190 452 4237 et
471 4194 531 4235 se
551 4180 921 4251 paenitentiam
943 4193 1154 4251 semper
1169 4188 1512 4250 accepturum
1525 4189 1580 4236 et
1591 4183 1732 4238 hanc
1757 4182 1872 4239 bla-

285 4273 585 4343 sphemiam
617 4288 882 4343 nusquam
921 4272 1053 4328 dicit
1078 4286 1199 4329 esse
1235 4273 1633 4341 remittendam,
1684 4275 1873 4332 creda-

288 4380 407 4420 mus
454 4365 601 4419 hunc
644 4363 1017 4434 blasphemum
1067 4364 1405 4435 exigentibus
1456 4365 1669 4420 meritis
1732 4366 1873 4421 sicut

287 4470 562 4524 nunquam
607 4454 676 4510 ad
714 4454 1107 4519 remissionem,
1140 4454 1213 4508 ita
1266 4469 1368 4510 nec
1408 4454 1478 4510 ad
1510 4455 1656 4526 ipsos
1689 4455 1861 4527 dignae

1971 3281 2128 3337 bonis
2156 3281 2260 3336 hoc
2286 3281 2494 3335 actibus
2523 3281 2577 3333 in
2602 3281 2705 3336 hac
2732 3279 2909 3347 adhuc
2949 3278 3060 3334 vita
3092 3277 3319 3349 positus,
3347 3284 3406 3332 ut
3434 3277 3545 3332 illic

1971 3373 2210 3428 obtineat
2234 3378 2626 3442 promereatur.

2040 3462 2147 3516 Aut
2181 3461 2339 3531 facile
2365 3461 2600 3514 arborem
2623 3460 2810 3515 bonam
2831 3469 2880 3515 et
2912 3460 3141 3531 fructum
3168 3462 3284 3531 ejus
3313 3461 3539 3524 bonum;

1971 3560 2063 3605 aut
2104 3550 2261 3621 facite
2291 3551 2529 3604 arborem
2572 3549 2767 3603 malam
2806 3558 2853 3604 et
2887 3550 3116 3619 fructum
3158 3550 3273 3619 ejus
3301 3548 3541 3614 malum;

1969 3658 2035 3696 ea:
2062 3642 2237 3711 fructu
2263 3640 2517 3712 siquidem
2549 3640 2705 3694 arbor
2733 3641 3050 3710 agnoscitur.
3087 3638 3419 3711 Constringit
3442 3655 3540 3695 eos

1970 3731 2303 3803 syllogismo,
2332 3745 2493 3800 quem
2522 3728 2698 3784 Graeci
2718 3736 2914 3783 vocant
2932 3726 3541 3800 Apciton.[Aphueton],

1969 3838 2069 3887 nos
2086 3831 2264 3877 autem
2280 3820 2642 3876 inevitabilem
2657 3834 2945 3890 possumus
2957 3818 3247 3889 appellare,
3264 3819 3353 3889 qui
3371 3819 3540 3874 inter-

1972 3921 2191 3983 rogatos
2206 3912 2335 3966 hinc
2354 3911 2480 3966 inde
2496 3910 2792 3976 concludit,
2813 3919 2865 3965 et
2882 3918 3111 3980 utroque
3126 3924 3291 3965 cornu
3312 3910 3535 3981 premit.

1973 4002 2032 4059 Si
2061 4002 2252 4072 inquit,
2283 4002 2526 4058 diabolus
2546 4009 2632 4057 est
2658 4000 2834 4056 malus
2855 4001 2999 4057 bona
3032 4014 3195 4072 opera
3220 3985 3402 4057 facere
3430 4015 3539 4057 non

1968 4086 2169 4166 potest,
2218 4094 2266 4148 si
2316 4100 2497 4149 autem
2552 4093 2693 4149 bona
2738 4099 2864 4148 sunt
2909 4106 3029 4163 quae
3074 4091 3220 4147 facta
3273 4091 3495 4147 cernitis
3518 4131 3538 4159 ,

1969 4186 2217 4257 sequitur
2262 4192 2324 4240 ut
2362 4199 2470 4240 non
2505 4183 2576 4239 sit
2612 4183 2858 4240 diabolus
2905 4182 2996 4253 qui
3042 4197 3106 4245 ea
3142 4181 3273 4238 facit
3308 4196 3326 4237 :
3361 4196 3541 4253 neque

1969 4280 2116 4337 enim
2155 4278 2270 4334 ﬁeri
2302 4286 2500 4349 potest,
2529 4284 2590 4333 ut
2642 4292 2712 4334 ex
2754 4276 2898 4332 malo
2930 4277 3150 4342 bonum,
3177 4281 3270 4330 aut
3298 4289 3366 4330 ex
3392 4276 3543 4333 bono

1968 4373 2207 4431 oriatur»
2216 4371 2437 4428 malum.

2016 4463 2322 4536 'Progenies
2350 4464 2639 4534 viperarum
2656 4501 2673 4527 ,
2696 4459 2954 4531 quomodo
2977 4458 3187 4530 potestis
3222 4457 3358 4514 bona
3389 4457 3535 4531 loqui

283 4544 620 4615 paenitentia:
667 4543 873 4600 fructus
919 4558 1040 4600 esse
1082 4552 1485 4614 perventurum.
1528 4515 1703 4603 .Juxta
1745 4515 1862 4603 hoc
1888 4515 1939 4575 Β
1964 4571 2082 4609 cum
2109 4515 2226 4609 silis
2263 4515 2432 4608 mulir?
2471 4515 2751 4623 Progenies
2781 4515 3071 4621 viperarum
3099 4563 3193 4605 eos
3218 4547 3368 4615 dicit,
3405 4515 3535 4619 quia

286 4636 427 4707 quod
447 4634 682 4692 Joannes
701 4635 1146 4708 Evangelista,de
1174 4635 1491 4706 quibusdam
1519 4638 1864 4710 blasphemia:
1966 4643 2164 4699 diaboli
2218 4642 2356 4698 ﬁlios
2408 4656 2503 4697 eos
2542 4638 2812 4711 appellat:
2858 4638 2913 4693 in
2957 4646 3165 4694 tantum
3216 4639 3358 4694 enim
3408 4640 3537 4709 quis

284 4746 396 4786 sua:
426 4728 913 4785 meritoexc'ecatis
937 4727 1281 4783 veracissime
1309 4729 1524 4799 scripsit
1551 4727 1865 4801 :Propterea
1965 4732 2108 4788 illius
2132 4732 2248 4803 ejus
2267 4739 2371 4798 est,
2416 4731 2469 4785 in
2501 4736 2759 4799 quantum
2803 4742 2924 4784 eum
2950 4728 3226 4800 peccando
3267 4728 3532 4790 imitatur.

285 4836 389 4875 non
407 4830 646 4893 poterant
669 4819 896 4886 credere,
913 4818 1038 4889 quia
1064 4817 1263 4873 iterum
1286 4818 1422 4873 dixit
1443 4818 1611 4876 Isaias
1634 4839 1647 4875 :
1677 4819 1866 4876 Excre-

284 4912 417 4965 cavit
444 4910 622 4966 oculos
648 4925 851 4976 eorum,
877 4918 924 4964 et
955 4910 1222 4965 induravit
1245 4925 1427 4964 eorum
1457 4927 1548 4965 cor
1574 4922 1631 4965 ut
1664 4928 1769 4966 non
1794 4913 1865 4968 vi-

284 5005 441 5079 deant
461 5004 648 5070 oculis,
674 5015 720 5059 et
743 5003 1035 5075 intelligant
1058 5005 1212 5058 Corde
1232 5014 1280 5059 et
1310 5014 1680 5060 convertantur
1703 5015 1751 5061 et
1774 5023 1860 5061 sa-

286 5112 402 5149 nem
431 5094 570 5149 illos.
613 5094 737 5150 Sola
786 5110 914 5166 ergo
955 5095 1285 5165 blasphemia
1324 5092 1377 5149 in
1425 5082 1858 5166 Spiritum'san-

282 5194 449 5250 ctum,
481 5199 587 5254 qua
624 5184 851 5255 quisque
878 5185 929 5238 in
956 5183 1363 5240 similitudinem
1388 5186 1587 5241 diaboli
1617 5197 1672 5242 et
1696 5203 1861 5260 ange-

284 5273 457 5328 lorum
508 5275 626 5344 ejns
659 5282 845 5329 contra
896 5275 1281 5329 conscientiam
1329 5291 1481 5331 suam
1518 5276 1858 5346 maiestatem

282 5364 511 5420 Deitatis
552 5379 864 5436 oppugnare
889 5380 995 5419 non
1028 5365 1281 5434 trepidat,
1321 5382 1427 5421 non
1458 5367 1621 5423 habet
1668 5370 1858 5424 remis-

281 5450 488 5512 sionem
532 5457 584 5511 in
623 5465 905 5521 mternum,
958 5458 1051 5512 sed
1085 5473 1208 5511 reus
1259 5458 1367 5512 erit
1410 5461 1597 5528 aeterni
1652 5461 1854 5525 delicti,

282 5549 423 5602 sicut
466 5548 833 5617 Evangelista.
858 5547 1067 5601 Marcus
1117 5547 1399 5601 manifeste
1446 5549 1713 5617 declarat,
1765 5552 1856 5620 qui

282 5639 458 5706 posito
492 5638 595 5691 hoc
625 5636 834 5691 Domini
862 5638 1169 5691 testimonio
1206 5637 1501 5707 subjunxit,
1531 5650 1692 5708 atque
1733 5641 1808 5695 ait
1839 5656 1853 5694 :

284 5726 543 5792 Quoniam
576 5728 1124 5797 dicebant:Spiritum
1148 5730 1470 5782 immundum
1503 5730 1695 5785 habet:
1731 5746 1855 5785 nam

1965 4824 2119 4891 Quod
2139 4823 2285 4877 enim
2309 4822 2443 4877 dicit
2478 4819 2738 4892 quomodo
2779 4820 2993 4892 potestis
3045 4820 3179 4874 bona
3218 4818 3383 4892 loqui,
3411 4835 3532 4874 cum

1965 4914 2079 4968 sitis
2104 4911 2535 4967 mali?ostendit
2575 4910 2697 4965 illos
2724 4912 2976 4966 arborem
3022 4911 3246 4976 malam,
3289 4917 3345 4964 et
3393 4908 3532 4966 tales

1962 5002 2177 5058 adferre
2202 5001 2408 5058 fructus
2445 4999 2781 5071 blasphemia
2808 5000 3187 5066 redundantes,
3223 4999 3404 5070 qualia
3432 4999 3535 5056 ba-

1961 5092 2162 5149 bebant
2185 5092 2389 5147 semina
2419 5090 2639 5153 diaboli.
2884 5156 2899 5178 '

2031 5184 2118 5239 Ex
2138 5184 2460 5238 abundantia
2490 5185 2627 5237 enim
2653 5184 2825 5239 cordis
2857 5201 2915 5239 os
2946 5184 3196 5256 loquitur.
3223 5183 3528 5239 Humanum

1962 5277 2176 5348 quidem
2204 5275 2468 5345 judicium
2513 5290 2653 5345 saepe
2682 5273 2841 5342 fallit,
2880 5275 3004 5347 quia
3041 5290 3136 5330 cor
3180 5273 3412 5346 proximi
3438 5289 3532 5329 ne-

1960 5369 2082 5435 scit,
2109 5368 2211 5423 nisi
2250 5383 2316 5423 ex
2342 5383 2437 5423 ore
2474 5376 2530 5424 et
2576 5383 2739 5438 opere
2763 5382 2993 5438 pensare
3017 5381 3033 5421 :
3062 5366 3320 5421 Dominus
3346 5371 3525 5420 autem

1958 5459 2131 5529 ipsum
2156 5474 2290 5529 opus
2316 5467 2372 5513 ot
2403 5474 2683 5515 sermones
2725 5467 2960 5524 nostros,
3003 5471 3140 5527 quos
3164 5455 3342 5509 cordis
3363 5468 3425 5510 os
3450 5453 3530 5510 lo-

1958 5550 2143 5619 quitur
2174 5548 2405 5618 judicat,
2457 5550 2550 5619 qui
2588 5564 2655 5604 ex
2706 5560 2812 5619 qua
2864 5545 3164 5602 intentione
3206 5552 3529 5615 promantur

1957 5641 2121 5696 verba
2149 5656 2253 5696 non
2282 5642 2510 5712 ignorat.

2027 5730 2208 5786 Bonus
2232 5732 2384 5786 homo
2407 5731 2472 5786 de
2498 5732 2628 5785 bono
2649 5730 2890 5785 thesauro
2918 5727 3115 5797 profert
3151 5728 3318 5795 bona;
3342 5732 3393 5782 et
3413 5740 3522 5780 utar
