3950 6184
398 297 502 353 423

1042 290 1108 346 n.
1147 286 1401 344 uanam
1439 283 1657 341 MAURl
1696 276 2012 337 ARCIllEP.
2055 272 2362 332 nouum.
2403 226 2907 329 occupamus
2939 265 3003 321 ιι.

3556 266 3655 325 ιιι

397 414 482 469 lus
515 412 671 466 homo
698 410 764 465 de
792 407 931 464 malo
956 407 1206 462 thesauro
1239 402 1438 475 profert
1470 399 1635 454 mala.
1676 398 2061 469 ThesanrusA
2088 388 2455 475 nil‘estarctur,
2495 387 2571 440 ita
2615 394 2672 440 ut
2718 393 2774 440 et
2823 384 2924 455 ipsi
2973 378 3213 475 Apostoli
3264 382 3368 438 hac
3413 381 3663 475 opinions

396 504 600 568 cordis,
630 500 857 557 intentio
895 507 978 553 est
1003 494 1368 567 cogitationis,
1409 506 1476 546 ex
1504 505 1609 561 qua
1658 495 1980 559 proventum

396 593 583 664 operis
610 601 844 646 aeternus
880 588 1084 643 arbiter
1104 585 1314 656 judieat
1336 625 1351 648 ,
1393 584 1536 639 unde
1574 582 1633 636 tit
1668 580 1982 650 plerumque

403 692 467 740 ut
499 684 706 740 minora
755 682 921 748 bona,
976 678 1217 735 nonnulli
1267 678 1473 747 majore
1512 672 1751 731 ctelestis
1794 669 1983 741 gratia}

401 776 651 834 mercede
692 783 1015 844 cperentur;
1068 771 1320 826 videlicet
1360 776 1583 840 propter
1625 765 1982 820 intentionem

401 866 599 931 cordis,
630 864 735 933 qua
784 862 989 932 majora
1017 861 1302 917 voluerant
1351 869 1570 929 patrare
1609 857 1752 912 bona
1784 852 1828 909 si
1853 866 1982 922 pos-

402 964 561 1020 sent;
590 954 682 1008 alii
726 953 928 1023 majora
986 952 1247 1005 virtutum
1295 963 1457 1018 Opera
1504 950 1839 1001 ostentantes
1864 980 1880 1006 ,
1914 939 1985 994 ob

402 1045 670 1102 incuriam
699 1043 878 1099 cordis
927 1041 1121 1110 tepidi,
1174 1039 1384 1093 minora
1432 1051 1462 1089 a
1492 1034 1718 1089 Domino
1763 1028 1982 1102 praemia

401 1135 722 1190 sortiantur.
756 1131 863 1185 Sed
888 1130 941 1183 in
992 1129 1095 1183 hoc
1124 1126 1241 1181 loco
1278 1125 1362 1180 vel
1394 1125 1537 1195 ipsos
1565 1121 1777 1177 Iudaeos
1803 1118 1987 1174 Domi-

404 1239 508 1279 nus
536 1222 976 1293 blaSphemantes
1005 1218 1264 1283 ostendit,
1301 1217 1369 1271 de
1395 1214 1539 1285 quali
1577 1214 1853 1276 thesauro,
1880 1210 1986 1265 hoc

404 1325 513 1382 est,
553 1315 622 1371 de
670 1314 987 1371 abscondito
1028 1313 1209 1369 cordis
1250 1310 1641 1380 blasphemiam
1672 1306 1985 1379 proferant,

408 1406 494 1461 vel
519 1420 641 1460 cum
679 1404 944 1475 superiori
977 1401 1275 1472 quaestione
1314 1401 1485 1455 haeret
1525 1397 1813 1463 sententia,
1843 1393 1986 1464 quod

405 1497 676 1565 quomodo
700 1510 806 1551 non
836 1494 1008 1565 possit
1043 1493 1217 1549 bonus
1244 1493 1408 1548 homo
1428 1489 1673 1560 proferre
1698 1487 1860 1552 mala,
1888 1499 1989 1540 nec

408 1584 583 1641 malus
616 1586 758 1640 bona
794 1598 956 1654 opera
1001 1583 1217 1639 facere:
1259 1582 1340 1637 sic
1382 1597 1490 1637 non
1530 1579 1703 1655 possit
1741 1576 1989 1633 Christus

406 1676 570 1741 mala,
610 1676 855 1732 diabolus
883 1676 1023 1730 bona
1047 1689 1212 1744 opera
1239 1673 1437 1729 facere.

478 1768 610 1823 Dico
652 1779 827 1823 autem
861 1768 1001 1823 vobis
1039 1769 1288 1839 quoniam
1325 1781 1477 1820 omne
1521 1764 1731 1820 verbum
1767 1763 1990 1818 otiosum
2019 1758 2067 1818 Β
2164 1746 2300 1801 Ecce

404 1861 545 1931 quod
570 1860 731 1915 locuti
767 1861 961 1930 fuerint
1002 1860 1260 1924 homines,
1304 1857 1520 1912 reddent
1567 1856 1822 1911 rationem
1845 1854 1910 1909 de
1928 1869 1989 1907 eo

404 1953 463 2007 in
495 1952 580 2006 die
604 1951 822 2022 judicii.
860 1951 970 2006 Hoc
1007 1965 1223 2021 quoque
1264 1951 1433 2005 haeret
1463 1964 1585 2004 cum
1620 1947 1992 2019 superioribus

411 2049 469 2097 et
492 2050 577 2096 est
604 2056 796 2096 sensus
824 2056 839 2094 :
873 2040 930 2095 Si
959 2041 1191 2095 otiosum
1216 2039 1458 2103 verbum,
1480 2039 1621 2109 quod
1652 2051 1992 2109 nequaquam

409 2133 645 2188 aediﬁcat
673 2133 972 2198 audientes,
1008 2146 1114 2187 non
1157 2130 1364 2200 absque
1386 2129 1625 2200 periculo
1646 2128 1762 2198 ejus
1790 2129 1881 2199 qui
1907 2128 1992 2185 lo-

408 2223 597 2294 quitur
616 2222 907 2294 profertur,
926 2230 981 2276 et
1002 2221 1057 2276 in
1078 2220 1165 2276 die
1181 2218 1370 2288 judicii
1393 2219 1809 2275 redditurus’est
1828 2233 1995 2274 unus-

407 2314 642 2385 quisque
679 2314 943 2369 rationem
968 2326 1275 2368 sermonum
1315 2325 1535 2365 suorum
1556 2350 1571 2374 ,
1597 2317 1798 2380 quanto
1823 2308 1997 2378 magis

408 2419 509 2461 vos
528 2405 621 2475 qui
646 2419 810 2474 opera
839 2403 1073 2473 Spiritus
1100 2400 1276 2459 sancti
1309 2400 1711 2458 calumniamini
1735 2410 1790 2456 et
1819 2399 1998 2455 dicitis

410 2510 499 2551 me
545 2496 602 2549 in
644 2493 907 2549 Belsebub
943 2492 1188 2564 principe
1242 2491 1625 2548 daamoniorum
1656 2489 1851 2558 ejicere
1893 2490 1999 2544 dae-

408 2585 612 2652 monia,
669 2582 928 2641 reddituri
969 2584 1102 2638 estis
1130 2583 1397 2639 rationem
1424 2580 1709 2637 calumniae
1760 2578 1998 2635 vestrae!

413 2675 659 2734 Otiosum
700 2675 921 2729 verbum
951 2683 1037 2730 est
1059 2674 1204 2743 quod
1234 2673 1351 2729 sine
1383 2672 1614 2726 utilitate
1643 2676 1707 2725 et'
1731 2668 2001 2738 loquentis

412 2766 611 2821 dicitur
645 2772 703 2820 et
751 2765 1041 2828 audientis,
1095 2765 1199 2819 hoc
1235 2771 1322 2819 est
1369 2762 1416 2817 si
1454 2762 1656 2817 omissa
1692 2760 1903 2815 ratione
1931 2757 1999 2813 de

409 2858 574 2914 rebus
585 2856 793 2912 frivolis
812 2857 1101 2926 loquamur
1127 2864 1182 2911 et
1199 2854 1408 2910 fabulas
1426 2868 1710 2909 narremus
1725 2852 1997 2922 antiquas.

416 2947 686 3004 Caeterum
719 2948 811 3018 qui
860 2946 1247 3002 scurrilitatem
1293 2944 1538 3015 replicat,
1579 2942 1859 2999 cachinnis
1901 2957 2000 2997 ora

2087 470 2272 543 ducti,
2309 485 2432 549 post
2480 474 2932 530 resurrectionem
2978 470 3096 540 ejus
3141 472 3537 542 interrogantes
3581 473 3663 527 di-

2087 578 2291 635 cereut,
2335 567 2577 630 Domine,
2603 566 2649 619 si
2692 566 2747 619 in
2791 574 3017 633 tempore
3052 567 3150 615 hoc
3174 562 3411 616 restitues
3451 579 3665 633 regnum

2086 658 2290 724 Israel;
2313 666 2369 713 et
2398 658 2524 711 alibi
2546 655 2831 726 Cleophas,
2864 652 2975 708 Nos
2996 662 3169 707 autem
3189 653 3527 724 sperabamus
3546 656 3665 724 quin

2085 749 2195 819 ipse
2218 758 2346 802 esset
2378 747 2738 817 redempturus
2762 742 2949 798 Israel.

2136 838 2282 901 _Non
2329 837 2464 892 venit
2502 846 2676 891 autem
2720 850 2936 905 regnum
2974 832 3074 889 Dei
3121 850 3238 887 cum
3274 834 3667 901 observatione;

2088 944 2249 999 neque
2293 928 2501 981 dicent:
2540 924 2677 979 Ecce
2709 924 2813 977 hic.
2847 923 2980 991 Quia
3019 923 3233 992 quando
3279 924 3463 977 veniat
3493 939 3668 993 neque

2088 1018 2157 1072 ab
2187 1015 2411 1089 angelis,
2447 1030 2623 1084 neque
2670 1013 2738 1068 ab
2775 1012 3086 1067 hominibus
3128 1020 3310 1082 potest
3353 1012 3666 1078 observari,

2087 1107 2228 1163 sicut
2263 1114 2475 1175 tempus
2521 1102 2813 1158 Dominica:
2862 1098 3290 1164 incarnationis,
3347 1098 3669 1154 certissimis

2087 1208 2144 1256 et
2171 1199 2555 1268 prophetarum
2585 1193 2857 1249 vaticiniis
2902 1191 3202 1262 praeﬁxum,
3251 1200 3307 1245 et
3350 1189 3668 1258 angelorum

2088 1299 2174 1345 est
2203 1286 2603 1343 manifestatum
2634 1282 2942 1354 praeconiis,
2969 1280 3105 1335 adeo
3127 1287 3185 1334 ut
3232 1287 3545 1349 conceptus,
3571 1293 3672 1335 na-

2084 1388 2177 1436 tus
2200 1386 2255 1437 et
2289 1378 2616 1448 baptizatus,
2645 1374 2968 1445 praedicans,
3004 1371 3167 1425 etiam
3215 1369 3456 1424 moriens
3485 1378 3541 1423 et
3579 1383 3670 1424 re-

2088 1483 2333 1542 surgens,
2361 1475 2521 1537 atque
2558 1466 2627 1520 ad
2669 1462 2835 1519 caelos
2865 1460 3081 1516 rediens
3107 1457 3491 1514 comitantibus
3520 1458 3672 1513 inde-

2090 1563 2328 1618 sinenter
2349 1559 2433 1614 vel
2462 1556 2797 1630 angelorum,
2817 1551 2903 1607 vel
2936 1551 3235 1615 hominum,
3278 1548 3363 1604 vel
3398 1556 3546 1604 certe
3570 1548 3674 1602 mi-

2093 1653 2397 1710 raculorum
2423 1650 2493 1706 sit
2523 1647 2827 1704 declaratus
2862 1642 3096 1699 indiciis.

2321 1745 2457 1800 enim
2483 1757 2696 1812 regnum
2736 1738 2833 1793 Dei
2870 1739 3013 1791 intra
3033 1752 3121 1790 vos
3162 1745 3257 1790 est.
3300 1735 3546 1807 Regnum
3578 1734 3707 1793 Dei.

2090 1855 2150 1895 se
2183 1838 2358 1909 ipsum
2383 1834 2535 1899 dicit,
2570 1833 2713 1887 intra
2742 1829 2864 1886 illos
2891 1829 3077 1898 utique
3101 1828 3361 1898 positum,
3381 1828 3484 1881 hoc
3509 1833 3593 1881 est
3623 1826 3678 1880 in

2089 1928 2344 1987 cordibus
2364 1939 2554 1981 eorum
2585 1923 2676 1978 ubi
2696 1920 2973 1976 credidere
3003 1926 3340 1988 regnantem,
3374 1917 3513 1970 unde
3544 1914 3683 1970 scri-

2088 2028 2240 2092 ptum
2256 2026 2340 2074 est
2366 2034 2379 2071 :
2399 2014 2570 2085 Prope
2584 2023 2657 2067 est
2679 2011 2891 2066 verbum
2908 2010 2962 2064 in
2976 2027 3063 2064 ore
3088 2021 3196 2074 tuo,
3220 2009 3324 2063 hoc
3346 2016 3430 2062 est
3454 2007 3684 2061 verbum

2093 2112 2215 2168 ﬁdei
2237 2110 2381 2181 quod
2406 2107 2785 2180 praedicamus.

2163 2203 2233 2258 Et
2262 2203 2333 2256 ait
2355 2201 2422 2255 ad
2445 2196 2728 2269 discipulos
2751 2211 2874 2251 suos
2897 2207 2914 2247 :
2937 2192 3155 2249 Venient
3179 2192 3290 2246 dies
3316 2191 3526 2262 quando
3549 2191 3685 2245 desi-

2092 2293 2342 2349 derabitis
2368 2291 2543 2345 videre
2572 2304 2733 2343 unum
2763 2287 2901 2341 diem
2931 2284 3031 2355 ﬁlii
3060 2284 3307 2349 hominis,
3342 2293 3389 2338 et
3412 2298 3517 2336 non
3542 2282 3686 2337 vide-

2096 2383 2235 2438 bitis.
2261 2381 2373 2436 Hoc
2398 2388 2481 2435 est
2512 2393 2735 2449 regnum
2763 2376 2859 2431 Dei
2887 2375 3032 2445 quod
3056 2382 3343 2429 venturum
3374 2387 3686 2445 speramus,

2095 2474 2236 2530 diem
2267 2471 2518 2536 videlicet
2560 2468 2765 2525 Christi
2812 2467 3015 2533 videre,
3060 2473 3115 2521 et
3140 2466 3279 2521 bene
3303 2480 3468 2521 unum
3511 2465 3684 2529 diem,

2096 2567 2224 2636 quia
2283 2563 2336 2618 in
2375 2562 2467 2617 illa
2522 2557 2875 2616 beatitudinis
2905 2557 3094 2629 gloria,
3147 2556 3215 2613 de
3257 2571 3363 2626 qua
3408 2556 3688 2626 Propheta

2097 2659 2377 2730 suspirans
2414 2656 2591 2711 aiebat
2628 2654 2752 2726 quia
2794 2653 2979 2708 melior
3005 2662 3081 2708 est
3121 2653 3233 2708 dies
3279 2670 3385 2707 una
3432 2653 3489 2707 in
3531 2654 3688 2707 atriis

2099 2750 2203 2803 tuis
2249 2763 2406 2818 super
2462 2744 2629 2800 millia
2680 2758 2699 2796 :
2742 2744 3089 2799 tenebrarum
3156 2744 3481 2814 interruptio
3537 2745 3691 2799 nulla

2099 2848 2205 2904 est.
2270 2837 2414 2893 nulla
2472 2836 2666 2893 saltem
2735 2834 2997 2891 memoria
3047 2834 3285 2891 miseria:
3334 2834 3418 2889 vel
3480 2833 3694 2890 doloris

2102 2944 2222 3001 qua:
2255 2928 2430 3000 prima
2462 2927 2733 2993 abierunt,
2770 2926 2945 2983 lucem
2988 2937 3263 2997 perpetua:
3312 2926 3464 2996 pacis
3506 2928 3692 2982 obnu-

423 3039 709 3104 dissolvit,
763 3046 819 3092 et
849 3036 1049 3105 aliquid
1101 3034 1310 3105 pnofert
1354 3035 1729 3105 turpitudinis:
1758 3034 1850 3090 hic
1891 3047 2000 3089 non
2036 3096 2071 3105 _
2102 3020 2255 3076 bili“-
2286 3019 2457 3090 Huius
2503 3034 2632 3090 θιέο
2682 3017 2777 3075 Dei
2827 3019 3029 3074 bonum
3067 3027 3152 3073 θεῖ
3203 3019 3516 3075 dammam
3549 3034 3696 3089 Pm'

417 3131 577 3188 otiosi
607 3129 892 3193 sermonis,
924 3128 1018 3182 sed
1046 3127 1320 3182 criminosi
1352 3127 1621 3182 tenebitur
1660 3141 1805 3182 reus.

491 3224 578 3278 Ea:
604 3204 767 3277 verbis
795 3222 901 3276 tuis
934 3220 1335 3291 justiﬁcaberis.
1367 3229 1414 3274 et
1454 3235 1518 3274 ea:
1547 3218 1712 3274 verbis
1740 3219 1843 3272 tuis
1876 3232 2002 3271 con-

414 3311 764 3367 demnaberis.
792 3312 867 3366 Ex
885 3310 1310 3382 praecedentibus
1330 3311 1504 3365 adhuc
1520 3309 1717 3380 pendet
1734 3307 1999 3365 sententia

416 3402 509 3457 ubi
550 3401 627 3456 ait
658 3419 671 3456 :
698 3402 775 3456 Ex
805 3401 1137 3457 abundantia
1157 3400 1302 3456 enim
1342 3399 1524 3456 cordis
1544 3414 1606 3455 os
1628 3399 1884 3468 loquitur.
1917 3398 1997 3454 Ex

416 3491 574 3548 malis
593 3492 772 3547 verbis
794 3492 1014 3548 dubium
1041 3506 1147 3545 non
1187 3500 1271 3545 est
1295 3491 1439 3559 quod
1467 3490 1750 3544 damnetur
1775 3488 1936 3543 homo
1965 3502 1996 3541 a

414 3585 546 3650 Deo,
593 3585 683 3655 qui
712 3600 775 3639 ea
825 3583 1130 3654 protulerit.
1176 3581 1472 3637 Justiﬁcari
1528 3572 1706 3636 autem
1741 3594 1805 3633 ex
1843 3580 1999 3634 bonis

415 3678 596 3740 verbis
627 3676 774 3731 nullo
802 3676 962 3731 modo
988 3674 1209 3746 poterit,
1244 3673 1345 3728 nisi
1382 3674 1448 3729 de
1492 3673 1683 3728 intimo
1725 3672 1904 3727 cordis
1934 3684 2000 3727 ea

416 3775 565 3821 recta
601 3766 898 3820 intentione
928 3765 1187 3833 proferat.
1213 3751 1363 3818 Bon‘a
1399 3771 1578 3817 autem
1621 3760 1833 3815 etiamsi
1865 3759 1995 3826 sint,

415 3862 475 3910 et
510 3869 615 3908 non
658 3864 805 3909 recto
846 3853 1026 3908 studio
1059 3852 1260 3908 fuerint
1292 3853 1524 3923 prolata,
1546 3852 1846 3920 justiticare
1888 3865 1997 3906 non

416 3951 672 4014 poterunt
708 3942 1015 4012 loquentem
1048 3960 1061 3995 :
1091 3943 1232 3997 sicut
1277 3958 1378 3998 nec
1402 3942 1635 4012 Caiphas
1679 3942 1735 3996 in
1770 3941 2001 4012 prophe-

419 4032 585 4089 tando
627 4032 808 4103 justus
851 4033 1101 4089 inventus
1144 4043 1256 4097 est,
1289 4034 1380 4103 qui
1435 4034 1615 4088 dixit:
1665 4033 1890 4104 Expedit
1941 4041 1999 4086 ut

418 4140 557 4179 unus
600 4124 860 4179 moriatur
893 4122 1046 4177 homo
1092 4140 1186 4194 pro
1236 4123 1450 4193 populo,
1490 4133 1538 4177 et
1576 4140 1680 4178 non
1726 4133 1836 4177 tota
1874 4139 1998 4194 gens

418 4225 615 4288 pereat.
662 4213 757 4270 Illa
809 4230 938 4286 ergo
982 4216 1145 4271 verba
1180 4215 1480 4287 justiﬁcant
1528 4215 1833 4286 loquentem
1860 4256 1874 4281 ,
1905 4217 1998 4285 qui

420 4308 621 4364 bonum
643 4308 784 4379 quod
809 4323 903 4364 ore
932 4307 1157 4378 profert,
1189 4307 1497 4363 medullitus
1525 4306 1689 4362 corde
1723 4302 1921 4362 retinet
1940 4316 2002 4377 et

420 4399 721 4459 intentione
754 4415 886 4455 sana
913 4398 1138 4472 profert,
1184 4399 1239 4455 in
1262 4401 1551 4457 verborum
1578 4404 1722 4458 enim
1765 4406 2003 4475 pondere

420 4488 669 4558 probatio
702 4490 948 4545 consistit
975 4490 1100 4545 vita:
1142 4490 1411 4555 humanae,
1441 4492 1586 4561 quia,
1639 4501 1699 4547 ut
1743 4491 1997 4550 Salomon

420 4578 518 4641 ait,
563 4594 704 4633 mors
724 4589 772 4633 et
798 4579 899 4634 vita
927 4580 982 4633 in
1020 4580 1264 4635 manibus
1305 4580 1499 4651 lingua:
1528 4600 1541 4637 :
1567 4592 1615 4637 et
1659 4584 1749 4654 qui
1773 4585 2001 4639 custodit

419 4684 481 4724 os
493 4684 645 4722 suum
658 4670 881 4723 custodit
901 4669 966 4723 ab
991 4673 1247 4741 angustiis
1259 4671 1488 4726 animam
1510 4689 1681 4727 suam.
1700 4673 1804 4740 Qui
1826 4684 2002 4729 autem

421 4756 836 4815 inconsideratus
870 4768 946 4813 est
972 4760 1042 4813 ad
1070 4760 1387 4832 loquendum
1414 4763 1597 4818 sentiet
1614 4762 1783 4819 mala.

936 4911 1217 4971 HOMILIA
1249 4916 1475 4973 CXLIV.

1072 5022 1227 5061 FEBIA
1255 5024 1327 5061 Vl.

583 5093 770 5150 Lectio
788 5096 961 5151 sancti
987 5095 1262 5169 Evangelii
1286 5098 1580 5155 secundum
1608 5082 1831 5177 Lucam:

495 5208 564 5265 In
586 5208 693 5279 “illo
741 5218 986 5280 tempore,
1033 5211 1379 5281 interrogatus
1430 5212 1587 5271 Iesus
1627 5231 1665 5267 α
1712 5212 1999 5269 Pharisazis

422 5300 635 5377 quando
684 5300 819 5356 venit
857 5317 1073 5372 regnum
1113 5301 1234 5367 Dei,
1276 5305 1540 5373 respondit
1577 5316 1626 5358 et
1664 5304 1795 5359 dixit
1824 5318 1842 5356 .'
1874 5303 2001 5358 Non

421 5394 555 5457 venit
585 5411 801 5466 regnum
827 5394 923 5449 Dei
949 5411 1067 5448 cum
1090 5394 1464 5461 observatione,
1489 5404 1591 5452 etc.

490 5485 899 5556 interrogabant
941 5485 1007 5540 de
1051 5494 1292 5556 tempore
1340 5487 1489 5557 regni
1519 5487 1638 5553 Dei,
1669 5488 1817 5558 quia,
1863 5487 2006 5543 sicut

424 5574 563 5630 infra
585 5575 761 5633 Lucas
786 5578 1015 5648 aperuit,
1043 5577 1431 5633 existimabant
1459 5580 1601 5651 quod
1637 5580 1888 5636 veniente
1915 5577 2003 5633 Je-

425 5667 746 5739 rosolymam
792 5670 1019 5728 Domino
1045 5712 1061 5740 ,
1119 5669 1402 5728 confestim
1459 5687 1682 5743 regnum
1744 5672 1839 5729 Dei
1883 5688 2002 5729 ma-

2027 3096 2072 3159 C
2103 3112 2371 3177 sentiam,
2426 3126 2528 3166 nec
2577 3118 2757 3165 tamen
2800 3109 3172 3181 magnitudine
3218 3110 3473 3165 desiderii
3531 3112 3697 3166 nobis

2098 3201 2279 3258 omnia
2325 3200 2550 3270 lingere,
2610 3200 2764 3270 quasi
2800 3201 2966 3255 instet
3014 3199 3131 3255 dies
3176 3200 3411 3256 Domini.
3452 3199 3617 3256 Unde
3641 3211 3698 3256 et

2100 3299 2228 3362 apte
2255 3290 2517 3346 Dominus
2548 3298 2771 3346 ventura
2794 3290 3207 3361 praenuntiando
3233 3289 3538 3359 subjunxit,

2166 3381 2237 3437 Et
2279 3382 2452 3437 dicent
2483 3382 2621 3439 vobis
2666 3397 2685 3436 :
2729 3382 2865 3438 Ecce
2892 3384 3004 3449 hic,
3046 3399 3163 3439 ecce
3203 3383 3344 3449 illic;
3375 3384 3537 3445 nolite
3577 3387 3696 3451 ire,

2100 3491 2263 3545 neque
2302 3476 2586 3531 sectamini.
2632 3475 2889 3544 Quamvis
2921 3478 3038 3532 haec
3063 3478 3330 3542 sententia
3358 3494 3466 3533 non
3504 3478 3692 3534 solum

2098 3565 2166 3619 ad
2209 3572 2420 3636 tempus
2451 3566 2546 3622 sed
2585 3568 2750 3622 etiam
2780 3567 2848 3623 ad
2890 3578 3179 3638 personam
3212 3570 3385 3640 possit
3433 3569 3695 3642 intelligi.

2096 3654 2183 3710 Ad
2208 3664 2418 3728 tempus
2445 3656 2661 3728 quidem
2686 3658 2811 3728 quia
2838 3660 3099 3714 exstitere
3127 3659 3401 3724 nonnulli,
3439 3660 3535 3730 qui
3561 3676 3697 3715 cur-

2099 3746 2269 3803 ricula
2315 3758 2689 3819 computantes
2719 3759 2938 3805 natatum
2959 3790 2975 3817 ,
3006 3758 3215 3805 certum
3246 3765 3305 3807 se
3332 3766 3697 3807 consumma-

2099 3840 2264 3895 tionis
2293 3839 2475 3894 saeculi
2515 3854 2714 3894 annum
2735 3881 2750 3906 ,
2777 3840 2920 3896 diem
2946 3849 3006 3896 et
3045 3842 3236 3896 horam
3266 3842 3511 3897 dicerent
3540 3842 3700 3896 inve-

2098 3931 2247 3987 nisse
2297 3948 2310 3983 :
2361 3939 2549 3985 contra
2593 3924 2970 3987 auctoritatem
3008 3931 3222 3987 Domini
3249 3931 3525 3987 dicentis:
3564 3931 3699 3986 Non

2098 4031 2175 4077 εει
2204 4032 2430 4076 vestrum
2464 4039 2612 4076 "0888
2638 4032 2870 4093 ιεηιρονα
2898 4033 2945 4076 et
2977 4034 3237 4078 momenta
3258 4064 3273 4088 ,
3300 4023 3365 4077 ad
3397 4039 3697 4093 personant

2096 4127 2227 4169 vero
2272 4113 2397 4182 quia
2450 4113 2605 4167 multi
2656 4121 2847 4168 contra
2897 4112 3197 4168 Ecclesiam
3244 4128 3473 4179 venere,
3532 4114 3697 4167 multi

2099 4203 2312 4258 venturi
2345 4213 2469 4258 sunt
2500 4204 2771 4270 haeretici,
2811 4202 2901 4272 qui
2946 4217 3005 4257 se
3046 4202 3293 4259 Christos
3332 4214 3697 4268 assevercnt.

2100 4307 2330 4364 quorum
2372 4294 2578 4365 primus
2619 4293 2805 4349 Simon
2838 4293 3055 4363 Magus,
3085 4304 3361 4352 extremus
3389 4305 3576 4349 autem
3609 4297 3700 4351 ille

2106 4386 2279 4457 major
2315 4387 2525 4443 casteris
2549 4396 2632 4442 est
2660 4382 3029 4442 antichristus.
3059 4386 3117 4441 Si
3144 4386 3236 4457 qui
3267 4401 3396 4458 ergo
3426 4388 3697 4452 dixerint,

2107 4480 2244 4535 Ecce
2271 4480 2374 4546 hic,
2402 4494 2517 4535 ecce
2552 4478 2683 4544 illic,
2715 4478 2769 4534 id
2795 4487 2898 4544 est,
2934 4478 2989 4532 in
3034 4478 3137 4533 hac
3163 4477 3247 4531 vel
3285 4477 3375 4532 illa
3418 4491 3661 4548 persona
3682 4519 3697 4542 ,

2107 4572 2191 4628 vel
2220 4573 2352 4628 hora
2384 4572 2573 4627 venire
2595 4571 2679 4625 vel
2701 4580 2986 4626 venturum
3011 4586 3130 4626 esse
3159 4585 3386 4641 regnum
3420 4570 3555 4637 Dei,
3589 4588 3700 4627 non

2108 4663 2400 4733 sequendi,
2452 4662 2577 4731 quia
2612 4661 2807 4717 altiora
2840 4674 2901 4717 se
2945 4675 3191 4731 quaerere
3231 4669 3290 4716 et
3331 4659 3563 4719 infanda
3620 4664 3703 4719 di-

2109 4775 2233 4816 cere
2262 4773 2367 4813 non
2397 4758 2605 4815 timent.

2183 4850 2325 4905 Nam
2349 4850 2479 4903 sicut
2505 4848 2682 4919 fulgor
2716 4864 2999 4903 coruscam
3023 4846 3088 4901 de
3111 4846 3207 4901 sub
3238 4844 3385 4912 caelo,
3410 4833 3467 4900 si
3488 4863 3553 4901 ea
3580 4863 3705 4919 qua:

2105 4944 2201 4998 sub
2223 4942 2351 4997 (σξιο
2373 4949 2516 5007 sunt,
2542 4940 2725 5011 fulget,
2746 4941 2823 4994 ita
2849 4941 2943 4993 erit
2963 4934 3106 5008 ﬁlius
3126 4938 3350 4994 hominis
3378 4940 3436 4993 in
3460 4939 3552 4995 die
3572 4956 3699 4995 sua.

2106 5036 2355 5105 lioc‘est,
2395 5035 2536 5104 quod
2565 5033 2812 5088 Psalmus
2834 5032 2911 5085 ait
2946 5030 3125 5085 :Deus
3156 5030 3465 5099 manifestus
3502 5032 3703 5097 veniet,

2106 5126 2248 5181 Deus
2280 5135 2453 5180 noster
2478 5136 2525 5179 et
2565 5140 2668 5177 non
2705 5123 2915 5188 silebit,
2961 5121 3087 5191 quia
3124 5120 3377 5175 videlicet
3420 5124 3704 5177 secundus

2107 5215 2406 5272 Salvatoris
2439 5216 2702 5271 adventus
2728 5229 2834 5269 non
2869 5214 2922 5268 in
2953 5211 3257 5268 humilitate
3284 5222 3343 5267 ut
3369 5213 3554 5279 prius;
3600 5216 3704 5270 sed

2107 5310 2163 5364 in
2209 5309 2378 5380 gloria
2422 5309 2513 5373 sit,
2561 5314 2617 5363 et
2660 5305 2943 5376 majestate
2983 5300 3227 5371 futurus,
3270 5313 3326 5359 et
3356 5303 3587 5375 pulchre
3621 5308 3706 5361 ait

2106 5418 2390 5456 coruscans
2438 5401 2502 5455 de
2554 5399 2650 5454 sub
2692 5398 2819 5453 caelo
2866 5411 2885 5449 :
2925 5397 3030 5452 hoc
3073 5404 3159 5452 est
3205 5396 3259 5451 in
3318 5396 3463 5451 aeris
3511 5395 3705 5451 medio

2106 5500 2341 5564 geretur,
2374 5499 2609 5547 testante
2638 5486 2912 5560 Apostolo,
2957 5489 3051 5559 qui
3082 5489 3188 5555 ait,
3218 5485 3377 5542 simul
3425 5487 3707 5557 rapientur

2107 5598 2226 5638 cum
2254 5581 2359 5636 illis
2390 5582 2447 5635 in
2471 5581 2693 5636 nubibus
2723 5580 2925 5634 obviam
2954 5578 3180 5634 Domino
3206 5578 3263 5632 in
3290 5592 3438 5631 aera.

2183 5671 2421 5729 Primum
2442 5680 2616 5728 autem
2641 5679 2838 5742 aportet
2862 5669 3013 5726 illum
3034 5668 3200 5724 multo
3220 5670 3332 5739 poti
3349 5676 3398 5724 et
3422 5664 3707 5736 reprobari
