3950 6184
272 280 371 338 b3?)
1353 269 1658 328 HOMILIA‘Z
1696 267 1764 323 IN
1804 266 1861 322 El

1974 267 2018 320 Γ.
2061 265 2147 321 ET
2186 266 2437 323 EVANG.
3436 271 3541 326 ΗΒ

267 413 303 450 a
335 393 670 463 generatione
714 385 832 451 hac.
880 392 1135 458 Loquens
1162 381 1330 439 multa
1361 383 1619 440 Dominus
1649 383 1716 438 de
1753 383 1851 436 ad-
1881 389 1930 444 Α
1959 379 2262 434 dubitemus
2320 380 2498 435 inesse
2563 387 2792 436 testante
2845 377 3048 434 Joanne
3103 381 3194 450 qui
3251 394 3541 454 utrumque

269 492 458 539 ventus
484 480 567 536 sui
597 478 768 550 gloria
789 520 804 543 ,
837 487 1098 533 terrorem
1127 490 1341 546 quoque
1375 472 1641 545 passionis
1668 471 1855 543 paucis
1956 469 2135 539 ignem
2165 476 2220 521 et
2267 467 2458 523 subitae
2491 467 2698 523 scilicet
2720 469 3076 538 correptionis
3117 479 3171 524 et
3199 472 3543 542 sempiterna:

268 577 511 632 inserere
533 571 766 635 curavit,
793 579 855 624 ut
873 585 994 626 cum
1017 567 1341 624 morientem
1361 572 1672 630 cernerent,
1694 577 1855 634 quem

269 663 680 740 gloriﬁcandum
709 661 1012 725 audierant,
1043 658 1284 715 dolorem
1312 655 1582 726 passionis
1607 669 1704 726 spe
1733 668 1858 724 pro-

266 759 446 814 missae
474 753 886 827 gloriﬁcationis
936 751 1269 822 mitigarent,
1327 747 1595 818 simulque
1645 761 1704 804 se
1755 745 1856 816 ipsi

269 855 566 920 pararent,
614 844 660 899 si
709 842 934 915 gloriam
984 840 1134 910 regni
1163 837 1480 910 diligerent,
1523 835 1714 891 mortis
1747 849 1856 890 non

271 940 491 993 horrere
512 933 837 1006 periculum.
864 930 1282 986 Generationem
1308 936 1487 982 autem
1515 941 1622 980 non
1650 931 1857 980 tantum

269 1027 813 1090 lndmorum,verum
858 1021 1100 1077 omnium
1147 1019 1502 1090 reproborum
1547 1015 1780 1086 appellat
1825 1029 1855 1069 a

269 1117 466 1186 quibus
511 1114 678 1170 etiam
717 1127 863 1167 nunc
905 1109 1048 1165 (ilius
1094 1107 1333 1165 hominis
1361 1107 1415 1161 in
1459 1119 1687 1176 corpore
1733 1117 1855 1167 suo,

273 1205 370 1259 hoc
395 1210 502 1268 est,
527 1203 583 1256 in
609 1199 838 1256 ecclesia
863 1198 1028 1253 multa
1055 1197 1260 1268 patitur
1280 1205 1335 1251 et
1356 1195 1694 1264 reprobatur.

339 1289 410 1344 Et
438 1292 574 1344 sicut
601 1289 802 1359 factum
826 1295 900 1342 est
927 1288 984 1341 in
1010 1286 1193 1341 diebus
1217 1284 1335 1340 Noe
1351 1325 1367 1350 ,
1392 1285 1469 1338 ita
1493 1284 1589 1338 erit
1616 1291 1666 1337 et
1693 1282 1749 1336 in
1773 1282 1858 1336 die

269 1380 366 1450 ﬁlii
404 1379 650 1434 hominis.
698 1376 946 1432 Subitum
986 1377 1252 1432 adventus
1287 1376 1370 1431 sui
1411 1373 1556 1429 diem
1611 1373 1858 1444 plurimis

271 1467 506 1522 aiiirmat
535 1466 797 1536 exemplis
837 1484 851 1520 :
891 1481 1016 1521 nam
1065 1480 1225 1536 quem
1279 1464 1477 1536 fulguri
1518 1464 1628 1519 cito
1673 1463 1856 1518 omnia

272 1556 628 1612 transvolanti
653 1564 1094 1626 comparaverat,
1122 1556 1372 1612 eumdem
1403 1555 1593 1611 diebus
1636 1554 1748 1612 Noe
1771 1559 1855 1613 vel

273 1649 433 1715 Loth,
449 1649 668 1720 quando
692 1649 1006 1719 repentinus
1029 1647 1349 1704 mortalibus
1376 1648 1687 1718 supervenit
1709 1648 1852 1705 inte-

272 1741 433 1806 ritus,
458 1741 783 1812 mquiparat.

337 1830 584 1886 Edebant
611 1840 660 1886 et
705 1831 966 1896 bibebant,
994 1847 1183 1887 uxores
1203 1832 1462 1888 ducebant
1480 1873 1496 1897 ,
1525 1842 1574 1888 et
1597 1831 1863 1887 dabantur

271 1921 339 1976 ad
389 1923 627 1992 nuptias.
686 1921 806 1977 Non
865 1922 957 1978 hic
982 1920 1137 1992 juxta
1176 1937 1436 1979 vesanum
1481 1921 1770 1978 Marcionis
1807 1929 1865 1977 et

274 2010 556 2067 lanichai
581 2050 598 2077 ,
627 2019 684 2066 et
709 2011 922 2067 Tatiani
953 2011 1214 2083 principis
1240 2013 1630 2068 encratitarum
1670 2011 1862 2082 dogma

271 2101 528 2171 coniugia
568 2101 654 2158 vel
711 2101 968 2157 alimenta
995 2103 1343 2167 damnantur,
1374 2117 1496 2158 cum
1537 2101 1593 2157 in
1622 2100 1709 2158 his
1735 2115 1862 2157 suc-

271 2191 560 2255 cessionis,
592 2191 647 2245 in
683 2189 788 2246 illis
813 2199 1023 2247 natura:
1075 2191 1187 2248 sint
1223 2193 1403 2264 posita
1447 2191 1707 2248 subsidia.
1756 2190 1865 2248 Sed

268 2279 423 2348 juxta
448 2280 598 2350 quod
625 2279 913 2351 Apostolus
947 2281 1048 2348 ait,
1075 2282 1252 2336 omnia
1277 2282 1406 2336 mihi
1434 2281 1608 2348 licent,
1641 2280 1734 2337 sed
1758 2297 1865 2336 non

274 2371 450 2425 omniin
481 2371 786 2440 expediunt,
815 2369 1206 2427 immoderatus
1234 2371 1415 2443 potius
1441 2369 1710 2428 licitorum
1732 2385 1864 2428 usus

275 2460 558 2530 arguitur;
589 2474 764 2530 neque
783 2460 926 2515 enim
952 2461 1078 2531 quia
1104 2461 1222 2518 haec
1240 2461 1490 2532 agebant,
1513 2461 1606 2517 sed
1627 2461 1752 2532 quia
1778 2461 1867 2518 his

274 2568 332 2609 se
361 2563 514 2610 totos
537 2553 783 2610 dedendo
808 2553 905 2610 Dei
923 2554 1126 2627 judicia
1151 2555 1592 2624 contemnebant,
1612 2568 1754 2628 aqua
1778 2556 1864 2613 vel

277 2642 400 2714 igne
424 2644 732 2714 perierunt.

345 2731 529 2805 Usque
551 2736 608 2788 in
636 2735 776 2790 diem
799 2753 904 2808 qua
930 2737 1142 2792 intrauit
1171 2733 1288 2792 Noe
1315 2752 1373 2791 in
1398 2752 1576 2791 arcam
1596 2776 1611 2801 ,
1649 2745 1699 2791 et
1729 2738 1864 2792 venit

273 2821 560 2891 diluvium,
594 2833 642 2878 et
667 2826 893 2895 perdidit
918 2843 1115 2882 omnes.
1143 2826 1256 2882 Noe
1278 2842 1461 2882 arcam
1486 2826 1718 2882 aediﬁcat
1738 2842 1863 2884 cum

275 2911 544 2968 Dominus
589 2913 877 2970 ecclesiam
927 2913 995 2970 de
1039 2914 1171 2971 viris
1209 2914 1458 2970 ﬁdelibus
1503 2914 1658 2986 quasi
1703 2914 1864 2986 lignis

274 3000 530 3073 levigatis
570 3003 858 3060 adunando
901 3004 1198 3071 construit,
1249 3019 1412 3075 quam
1457 3003 1698 3076 perfecte
1725 3020 1858 3060 con-

1957 560 2412 616 concremationis
2439 560 2754 617 describens
2800 561 2913 626 ait,
2953 570 3004 614 et
3031 562 3297 616 descendit
3328 565 3463 634 ignis
3509 583 3543 618 a

1960 650 2067 706 Deo
2089 651 2154 705 de
2173 653 2320 716 caelo,
2346 661 2395 705 et
2416 651 2676 706 devoravit
2698 667 2807 719 eos,
2823 661 2870 706 et
2893 652 3132 706 diabolus
3152 654 3244 726 qui
3263 656 3544 715 seducebat

1954 757 2042 796 eos
2070 742 2259 796 missus
2302 751 2378 797 est
2401 742 2456 796 in
2483 752 2728 814 stagnum
2767 743 2902 813 ignis
2930 753 2978 797 et
3016 743 3318 814 sulphuris,
3353 746 3445 801 ubi
3493 759 3552 804 et

1957 831 2130 887 bestia
2172 839 2229 887 et
2253 833 2734 903 pseudoprophetae
2758 834 3144 890 cruciahuntur
3172 836 3262 892 die
3295 851 3362 893 ac
3386 845 3546 893 nocte

1958 921 2012 976 in
2034 922 2227 978 satcula
2257 922 2618 978 saeculorum;

2031 1012 2335 1068 Secundum
2347 1014 2460 1068 hazc
2472 1015 2572 1068 erit
2591 1025 2694 1085 qua
2715 1013 2800 1069 die
2811 1013 2954 1083 ﬁlius
2966 1015 3191 1070 hominis
3213 1016 3544 1072 revelabitur.

1957 1101 2191 1158 Pulchre
2221 1103 2569 1170 revelabitur,
2617 1105 2710 1173 qui
2737 1105 2956 1160 interim
2991 1120 3096 1160 non
3127 1121 3394 1178 apparens
3428 1123 3549 1164 om-

1958 1194 2046 1248 nia
2075 1195 2328 1250 videlicet
2352 1203 2481 1249 tunc
2516 1208 2782 1265 apparens
2803 1193 3086 1264 iudicabit.

2029 1283 2097 1338 In
2113 1283 2204 1338 illa
2226 1285 2378 1350 hora,
2400 1285 2490 1353 qui
2513 1285 2671 1354 fuerit
2687 1286 2743 1339 in
2764 1295 2919 1352 tecto,
2943 1296 2990 1341 et
3013 1305 3139 1342 vasa
3158 1289 3272 1358 ejus
3293 1289 3346 1343 in
3368 1289 3545 1352 domo,

1957 1390 2022 1428 ne
2041 1374 2319 1429 descendat
2338 1373 2518 1430 tollere
2531 1373 2645 1430 illa.
2674 1375 2946 1432 Hactenus
2963 1378 3029 1433 de
3047 1393 3133 1443 eo,
3156 1379 3299 1448 quod
3323 1393 3546 1450 regnum

1956 1464 2078 1527 Dei,
2141 1465 2194 1519 id
2239 1472 2324 1520 est
2379 1465 2653 1532 Christus,
2686 1483 2792 1523 non
2837 1483 2962 1523 cum
3009 1468 3407 1531 observatione,
3451 1469 3548 1524 scd

1956 1554 2260 1625 insperatus
2289 1555 2570 1622 adveniat;
2600 1571 2745 1611 nunc
2772 1571 2803 1610 a
2833 1557 3082 1626 qualibus
3112 1557 3251 1612 idem
3279 1557 3546 1613 adventus

1955 1645 2260 1715 exspectari
2301 1645 2496 1700 debeat
2531 1645 2852 1701 ostenditur.
2887 1645 2944 1701 ln
2974 1653 3118 1702 tecto
3163 1659 3296 1715 ergo
3345 1655 3429 1701 est
3452 1646 3547 1716 qui

1887 1728 1934 1788 B
1961 1737 2227 1793 excedens
2253 1737 2492 1792 carnalia
2519 1745 2775 1808 tanquam
2797 1738 2853 1794 in
2881 1752 3012 1792 aura
3037 1738 3205 1794 libera
3227 1739 3548 1810 spiritaliter

1960 1823 2113 1891 vivit,
2136 1839 2269 1881 vasa
2291 1825 2410 1896 eius
2437 1825 2495 1880 in
2522 1827 2681 1881 domo
2708 1826 3161 1896 concupiscentia:
3194 1836 3324 1883 sunt
3345 1843 3544 1884 carna-

1961 1915 2074 1980 les,
2115 1930 2255 1988 quas
2297 1917 2353 1972 in
2380 1915 2504 1972 imis
2531 1925 2832 1984 amaverat,
2873 1917 2969 1973 sed
3016 1933 3252 1989 superna
3278 1927 3469 1988 petens
3497 1921 3550 1975 in

1961 2008 2066 2064 hoc
2090 2009 2291 2064 mundo
2318 2008 2643 2079 reliquerat,
2685 2023 2821 2080 quas
2861 2010 3175 2068 imminente
3199 2014 3406 2086 judicio
3457 2029 3553 2070 ne-

1961 2111 2114 2154 cesse
2141 2106 2226 2154 est
2253 2098 2558 2155 nullatenus
2606 2107 2839 2171 repetat,
2868 2101 3015 2158 illam
3049 2105 3194 2160 enim
3223 2106 3414 2163 horam
3441 2123 3546 2163 non

1961 2202 2082 2244 eam
2117 2204 2224 2260 qua
2246 2187 2414 2258 iudex
2444 2190 2624 2257 venit,
2655 2193 2750 2248 sed
2783 2205 2889 2263 qua
2917 2201 3177 2250 venturus
3203 2204 3288 2252 est
3317 2197 3469 2253 dicit.

2037 2277 2104 2332 Et
2135 2279 2226 2350 qui
2251 2279 2308 2333 in
2335 2295 2495 2350 agro,
2525 2295 2632 2335 non
2668 2281 2844 2336 redeat
2874 2290 3032 2337 retro.
3061 2282 3164 2351 Qui
3192 2294 3452 2356 operatur
3495 2288 3548 2342 in

1962 2365 2226 2433 Ecclesia,
2263 2375 2319 2422 et
2345 2368 2489 2423 sicut
2528 2369 2725 2424 Paulus
2752 2379 2809 2425 et
2849 2370 3041 2441 Apollo
3061 2371 3268 2443 plantat
3290 2384 3346 2432 et
3388 2377 3551 2448 rigat,

1962 2471 2073 2514 non
2109 2457 2366 2528 respiciat
2392 2457 2462 2514 ad
2491 2458 2747 2514 saeculum
2787 2460 2874 2515 cui
2910 2463 3260 2519 renuntiavit.

2033 2547 2294 2605 Memores
2327 2557 2490 2605 estote
2531 2551 2712 2605 uxoris
2737 2549 2892 2606 Loth.
2927 2553 3074 2609 Uxor
3103 2554 3241 2612 Loth
3283 2558 3554 2629 signiﬁcat

1961 2653 2059 2695 eos
2087 2638 2180 2710 qui
2216 2638 2270 2694 in
2297 2638 2642 2695 tribulatione
2677 2648 2825 2695 retro
2859 2642 3176 2711 respiciunt,
3199 2652 3256 2699 et
3281 2661 3341 2701 sc
3361 2648 3430 2701 ab
3460 2661 3555 2717 spe

1963 2727 2162 2784 divinae
2203 2726 2583 2797 promissionis
2627 2737 2897 2784 avertunt.
2941 2729 3008 2784 Et
3060 2730 3184 2786 ideo
3227 2733 3283 2786 in
3315 2741 3555 2790 statuam

1963 2817 2097 2873 salis
2128 2816 2272 2873 facta
2287 2823 2391 2883 est,
2415 2823 2476 2871 ut
2495 2816 2837 2874 admonendo
2862 2818 3110 2875 homines
3136 2835 3206 2876 ne
3232 2821 3335 2878 hoc
3355 2823 3558 2878 faciant

1965 2918 2220 2979 tanquam
2248 2908 2468 2965 condiat
2487 2923 2584 2964 cor
2606 2923 2820 2975 eorum,
2852 2925 2922 2967 ne
2950 2912 3060 2968 sint
3080 2911 3236 2968 fatui.

2035 2999 2345 3071 Quicunque
2371 3000 2636 3071 qumsierit
2663 3001 2895 3056 animam
2936 3019 3089 3058 suam
3119 3004 3320 3060 salvam
3345 3005 3519 3074 facere
3539 3048 3552 3069 ,

274 3099 610 3146 summatam
651 3091 950 3163 ingreditur
977 3132 994 3159 ,
1048 3109 1174 3148 cum
1219 3093 1360 3149 hanc
1417 3094 1472 3149 in
1533 3095 1623 3150 die
1672 3093 1862 3166 iudicii
1890 3082 1935 3146 C
1965 3090 2143 3161 perdet
2194 3090 2362 3146 illam.
2414 3090 2634 3146 Duobus
2689 3092 2864 3148 modis
2924 3093 3040 3149 haec
3095 3094 3362 3150 sententia
3410 3107 3558 3152 recte

274 3179 569 3250 praetentis
618 3195 732 3236 suae
757 3182 982 3238 visionis
1023 3189 1259 3238 aeternus
1290 3182 1565 3238 habitator
1613 3183 1862 3239 illustrat.

275 3271 386 3328 Sed
412 3288 541 3330 cum
583 3287 710 3330 arca
751 3275 1078 3340 :ediiicatur,
1125 3274 1292 3344 iniqui
1334 3274 1693 3339 luxuriantur,
1739 3290 1864 3330 cum

274 3378 410 3419 vero
431 3364 690 3430 intratur,
720 3363 1010 3432 intereunt,
1035 3366 1160 3436 quia
1189 3365 1281 3436 qui
1307 3365 1514 3421 sanctis
1534 3364 1624 3420 hic
1651 3373 1865 3422 certan-

278 3455 424 3509 tibus
452 3453 739 3523 insultant,
760 3455 842 3512 eis
857 3456 967 3513 illic
986 3457 1280 3522 coronatis,
1300 3464 1504 3513 aeterna
1523 3457 1867 3514 damnatione

275 3545 608 3614 plectentur.

348 3635 610 3693 Similiter
631 3640 766 3693 sicut
790 3638 987 3708 factum
1007 3648 1081 3694 est
1111 3640 1168 3693 in
1190 3638 1372 3694 diebus
1395 3637 1526 3694 Loth
1544 3637 1795 3694 :edebant
1819 3648 1866 3693 et

276 3727 544 3792 bibebant,
584 3729 820 3783 emebant
847 3738 897 3784 et
922 3729 1207 3784 vendebant
1226 3769 1240 3794 ,
1268 3728 1576 3799 plantabant
1615 3737 1662 3783 et
1693 3729 1864 3798 (ediﬁ-

276 3818 490 3874 cabant.
517 3818 890 3876 Prmtermisso
910 3820 1172 3876 Dominus
1191 3819 1284 3876 illo
1302 3822 1541 3875 maximo
1567 3829 1624 3875 et
1648 3820 1868 3875 infando

277 3903 644 3961 Sodomorum
703 3908 941 3975 scelere,
998 3907 1111 3964 sola
1161 3923 1223 3964 ea
1267 3923 1388 3978 qua:
1433 3908 1570 3964 levia
1594 3908 1678 3965 vel
1722 3909 1866 3963 nulla

274 3997 462 4066 putari
513 4007 768 4068 poterant
795 3999 992 4056 delicta
1037 4009 1459 4065 commemorat,
1499 4008 1560 4055 ut
1599 3999 1867 4070 intelligas

276 4085 468 4142 illicita
493 4088 639 4157 quali
659 4102 818 4159 paena
847 4089 1132 4152 feriantur,
1161 4089 1207 4144 si
1237 4089 1383 4144 licita
1410 4100 1466 4144 et
1487 4105 1552 4145 ea
1595 4089 1712 4145 sine
1742 4089 1865 4159 qui-

275 4173 383 4231 bus
419 4176 535 4231 haec
563 4177 672 4233 vita
698 4192 808 4234 non
830 4179 1048 4234 ducitur
1076 4179 1485 4235 immoderatius
1507 4187 1627 4234 acta
1662 4179 1784 4249 igne
1813 4188 1868 4234 et

273 4265 543 4334 sulphure
577 4267 893 4336 puniuntur.

350 4353 472 4421 Qua
506 4355 591 4409 die
618 4365 792 4411 autem
814 4359 940 4413 exiit
966 4357 1099 4412 Loth
1126 4376 1159 4412 a
1198 4357 1465 4423 Sodomis,
1493 4357 1624 4428 pluit
1652 4359 1786 4428 ignis
1815 4369 1864 4413 et

1969 3187 2148 3250 potest
2175 3179 2432 3251 intelligi,
2468 3181 2564 3236 sed
2594 3181 2661 3236 ad
2688 3197 2856 3237 unum
2879 3183 3107 3238 omnino
3135 3183 3298 3239 ﬁnem
3324 3192 3555 3256 uterque

1969 3271 2275 3327 intellectus
2304 3271 2555 3337 refertur,
2585 3279 2646 3326 ut
2677 3271 2928 3328 videlicet
2950 3274 3180 3329 adversa
3206 3289 3306 3344 pro
3334 3272 3555 3330 Christo

1966 3362 2100 3431 pati,
2143 3362 2252 3417 imo
2296 3363 2466 3433 ipsam
2513 3376 2743 3417 mortem
2771 3378 2880 3419 non
2929 3365 3214 3420 timeamus
3241 3365 3428 3432 obire,
3459 3370 3552 3438 qui

1966 3453 2131 3517 enim,
2162 3454 2402 3509 minante
2429 3462 2657 3509 mortem
2688 3463 3057 3524 persecutore,
3076 3456 3120 3511 si
3147 3470 3251 3510 non
3275 3459 3556 3528 negaverit

1967 3543 2265 3609 Christum,
2307 3544 2480 3615 magis
2529 3544 2681 3617 eligit
2721 3546 2790 3600 ad
2817 3554 3027 3616 tempus
3063 3545 3272 3601 saltare
3316 3547 3554 3602 animam

1967 3636 2417 3706 suam;negando,
2446 3644 2663 3693 aeterna
2688 3637 2828 3693 hanc
2860 3637 3048 3707 procul
3073 3637 3237 3694 dubio
3261 3639 3552 3708 perditioni

1967 3732 2271 3796 pmparat,
2326 3723 2455 3779 item
2513 3725 2607 3795 qui
2655 3725 2886 3780 salutem
2939 3725 3135 3784 animm
3184 3741 3298 3782 sua:
3359 3731 3557 3800 quan-it

1967 3825 2226 3871 aeternam
2255 3815 2622 3887 temporaliter
2657 3829 2778 3875 eam
2821 3817 2966 3872 inter
2993 3825 3401 3887 persecutorum
3441 3835 3556 3874 ma-

1967 3921 2070 3960 nus
2094 3903 2339 3976 perdere,
2373 3905 2478 3962 hoc
2507 3913 2612 3972 est,
2649 3907 2706 3962 in
2733 3914 2966 3962 mortem
2995 3907 3127 3963 dare
3170 3923 3276 3964 non
3322 3908 3551 3964 dubitat.

1970 3999 2084 4056 Utri
2109 4006 2290 4055 autem
2323 3999 2506 4055 sensui
2536 4008 2800 4072 congruat
2829 4008 2952 4071 apte
2973 4000 3117 4071 quod
3147 4001 3409 4072 sequitur.

2038 4089 2106 4144 Et
2129 4089 2420 4161 quicunque
2439 4091 2722 4161 perdiderit
2742 4089 2912 4155 illam,
2940 4090 3216 4159 vioiﬁcabit
3236 4108 3372 4146 eam.
3395 4091 3450 4147 Id
3473 4104 3557 4147 est

1965 4182 2057 4251 qui
2107 4181 2196 4237 hic
2251 4181 2574 4251 perdiderit,
2632 4181 2742 4236 illic
2794 4181 3090 4237 viviﬁcabit
3119 4221 3134 4248 ,
3191 4181 3280 4250 qui
3335 4192 3557 4252 propter

1965 4271 2240 4328 Christum
2263 4273 2423 4328 morti
2447 4272 2728 4328 tradiderit
2744 4312 2758 4335 ,
2788 4279 2900 4327 tota
2924 4271 3010 4326 die
3038 4270 3314 4324 testimans
3340 4285 3463 4323 eam
3495 4280 3556 4324 ut

1965 4379 2123 4419 ovem
2142 4365 2430 4421 occisionis
2455 4371 2777 4435 exsurgente
2804 4372 2930 4417 tunc
2947 4369 3002 4415 et
3023 4360 3306 4431 adjuvante
3334 4358 3554 4434 Christo

271 4447 504 4518 sulphur
530 4448 595 4501 de
624 4448 751 4502 celo
780 4459 828 4503 et
856 4466 1032 4504 omnes
1061 4449 1308 4521 perdidit.
1343 4448 1615 4505 Hactenus
1644 4448 1781 4504 Loth
1807 4450 1861 4504 in
1891 4431 1942 4490 D
1969 4454 2196 4510 liberam
2219 4469 2339 4510 eam
2365 4453 2604 4508 inveniet
2625 4431 2852 4522 propter
2881 4464 3076 4504 nomen
3105 4447 3328 4504 Christi.

275 4537 552 4603 Sodomis,
585 4539 639 4593 id
677 4548 781 4605 est,
810 4540 1105 4596 electorum
1161 4539 1390 4612 populus
1437 4540 1580 4594 inter
1606 4540 1864 4609 reprobos

275 4639 338 4685 ut
359 4631 574 4685 advena
601 4642 865 4700 moratur,
892 4642 948 4689 et
970 4633 1084 4704 ipse
1106 4643 1326 4704 aspectu
1354 4644 1410 4689 et
1431 4634 1616 4689 auditu
1661 4633 1862 4702 justus,

270 4729 332 4774 et
349 4719 513 4789 juxta
543 4721 1044 4792 interpretationem
1066 4724 1302 4780 nominis
1325 4723 1484 4790 Loth,
1501 4739 1688 4781 eorum
1709 4722 1860 4796 ﬂagi-

273 4814 354 4868 tia
395 4822 666 4884 quantum
712 4815 852 4871 valet
878 4815 1172 4871 declinans.
1217 4815 1458 4871 Exeunte
1503 4824 1685 4872 autem
1727 4816 1863 4870 Loth

270 4904 518 4962 Sodoma
551 4905 768 4975 peribit,
797 4908 923 4976 quia
950 4907 1007 4961 in
1035 4907 1498 4963 consummatione
1541 4909 1719 4964 sazcuh
1768 4925 1831 4964 ex
1852 4939 1864 4948 -

272 4993 435 5047 ibunt
459 4993 637 5062 angeli
657 5002 711 5048 et
733 4995 1059 5065 separabunt
1086 4995 1260 5051 malos
1285 4997 1350 5051 de
1378 4997 1554 5052 medio
1569 4997 1861 5067 iustorum,

267 5095 331 5139 et
348 5085 572 5140 mittent
596 5101 691 5142 eos
715 5088 766 5142 in
791 5089 1061 5145 caminum
1085 5089 1246 5161 ignis.
1275 5087 1372 5143 Ubi
1396 5089 1690 5143 notandum
1719 5090 1866 5159 quod

270 5176 424 5248 ignis
449 5185 508 5231 et
532 5177 782 5249 sulphur,
829 5195 948 5250 quae
969 5182 1037 5236 de
1063 5182 1199 5237 caelo
1226 5181 1425 5252 pluisse
1450 5191 1861 5248 commemorat,

267 5284 387 5322 non
418 5269 593 5338 ipsam
625 5273 878 5340 perennis
915 5273 1160 5344 supplicii
1187 5272 1491 5340 ﬂammam,
1535 5275 1628 5329 sed
1657 5276 1863 5330 subita.

268 5373 442 5412 neum
473 5358 582 5414 diei
629 5359 771 5416 illius
819 5361 1090 5430 signiﬁcat
1135 5362 1463 5428 adventum;
1514 5378 1690 5433 neque
1716 5365 1861 5418 enim

267 5449 420 5520 ignis
445 5449 538 5504 ille
563 5462 860 5522 perpetuus
889 5453 1278 5527 superveniens
1303 5454 1498 5525 impios
1523 5455 1730 5523 puniet,
1765 5455 1860 5510 sed

266 5541 378 5610 ipsi
408 5541 590 5610 potius
629 5557 658 5594 a
685 5557 971 5614 conspectu
996 5546 1196 5614 judicis
1219 5545 1398 5614 ejecti,
1443 5546 1496 5602 in
1525 5547 1704 5618 ignem
1733 5548 1858 5602 mit-

269 5637 464 5686 tentur
488 5641 772 5687 :rternum.
802 5633 1059 5702 Quamvis
1087 5646 1140 5691 et
1165 5635 1342 5692 eidem
1365 5636 1473 5706 igni
1502 5637 1725 5706 sulphur
1755 5653 1860 5692 non

604 5724 874 5788 Ρηιιοι..
920 5726 1048 5785 CX.

2035 4543 2164 4599 Dico
2183 4543 2325 4598 vobis
2347 4559 2366 4597 :
2395 4541 2502 4596 Illa
2526 4550 2670 4596 nocte
2697 4549 2846 4595 erunt
2872 4539 2977 4594 duo
3001 4539 3058 4594 in
3080 4539 3212 4594 lecto
3230 4556 3359 4594 uno.
3391 4539 3552 4595 Dixe-

1968 4644 2052 4688 rat
2077 4650 2242 4705 supra
2267 4634 2528 4690 Dominus
2551 4647 2672 4686 eum
2706 4631 2799 4701 qui
2838 4631 2892 4687 in
2921 4646 3053 4704 agro
3097 4631 3171 4686 sit
3216 4632 3395 4688 redire
3443 4648 3552 4688 non

1968 4727 2163 4782 debere
2193 4745 2205 4780 :
2237 4726 2380 4796 quod
2430 4740 2496 4778 ne
2525 4725 2590 4779 de
2616 4725 2702 4778 his
2727 4731 2959 4791 tantum,
2991 4723 3085 4794 qui
3113 4733 3301 4796 aperte
3330 4725 3396 4780 de
3425 4740 3558 4797 agro

1967 4815 2216 4878 redituri,
2243 4814 2345 4869 hoc
2373 4823 2476 4880 est,
2507 4813 2682 4883 palam
2707 4812 2991 4870 Dominum
3018 4815 3261 4886 negaturi
3295 4827 3424 4870 sunt
3468 4818 3552 4872 di-

1970 4915 2117 4961 ctum
2161 4913 2380 4975 putares
2404 4945 2420 4972 ,
2469 4906 2645 4977 pergit
2672 4907 2957 4962 ostendere
2987 4907 3274 4963 nonnullos
3295 4909 3386 4979 qui
3427 4925 3554 4965 cum

1969 4995 2164 5051 faciem
2195 4996 2247 5050 in
2277 4997 2551 5051 anteriora
2600 5005 2784 5052 tenere
2817 4995 3122 5062 videantur,
3162 4996 3344 5052 animo
3375 5007 3554 5054 tamen

1970 5101 2035 5142 ac
2064 5095 2244 5141 mente
2279 5095 2425 5141 retro
2471 5085 2784 5156 respiciant.
2816 5086 2870 5140 In
2908 5086 2996 5140 illa
3043 5102 3175 5158 ergo
3208 5095 3367 5142 nocte
3415 5087 3560 5144 dixit

1968 5191 2037 5232 ne
2077 5176 2167 5230 illa
2210 5176 2556 5232 tribulatione
2603 5185 2712 5230 tam
2765 5178 3045 5233 tenebrosa
3091 5187 3152 5232 ut
3201 5178 3253 5232 in
3308 5192 3549 5233 errorem

1971 5268 2312 5334 inducantur,
2343 5269 2389 5323 si
2410 5268 2525 5324 ﬁeri
2552 5277 2749 5339 potest,
2778 5270 2941 5325 etiam
2965 5271 3148 5336 electi,
3172 5273 3279 5325 duo
3307 5277 3470 5324 erunt
3495 5269 3556 5325 in

1970 5361 2129 5426 lecto,
2174 5358 2250 5414 illi
2278 5359 2547 5426 videlicet,
2597 5361 2689 5430 qui
2719 5361 2889 5416 otium
2937 5370 2992 5416 et
3033 5362 3270 5431 quietem
3296 5359 3547 5432 eligunt:

1970 5467 2144 5523 neque
2195 5451 2424 5521 negotiis
2471 5452 2840 5518 stecularibus,
2888 5466 3063 5522 neque
3110 5451 3343 5523 negotiis
3371 5450 3552 5508 eccle-

1969 5537 2202 5600 siasticis
2244 5542 2512 5610 occupati,
2541 5558 2662 5612 quae
2699 5542 2910 5600 illorum
2958 5542 3114 5612 quies
3166 5541 3288 5597 lecti
3330 5542 3553 5598 nomine

1970 5632 2270 5703 signiﬁcata
2314 5640 2414 5687 est.

2996 5725 3068 5784 1's
