3950 6184
448 299 552 359 m

1088 298 1150 355 Β.
1192 298 1443 353 RABANI
1483 295 1700 354 MAURI
1739 295 2057 353 ARCHlEP.
2106 300 2418 358 MOGUNT.
2460 301 2743 358 OPERUM
2782 300 2963 359 PARS
2997 302 3060 360 ll.

3618 304 3713 368 098

517 413 667 472 Unus
696 424 991 471 assumetur
1016 423 1063 469 et
1090 413 1226 468 alter
1250 411 1588 484 relinquetur.
1620 411 1738 466 Non
1777 412 1934 481 quasi
1962 410 2032 469 de
2061 417 2107 477 Α
2133 430 2305 470 meum
2326 433 2358 469 a
2382 415 2694 487 perditione,
2723 432 2755 470 a
2776 413 2961 486 laqueo
2988 414 3183 486 lingua
3211 413 3474 488 iniqua.“
3510 437 3545 473 a
3568 421 3712 480 labiis

445 509 657 566 duobus
685 506 993 563 hominibus
1021 506 1222 561 dictum
1244 513 1349 571 est,
1378 505 1472 560 sed
1498 506 1564 561 de
1585 505 1792 561 duobus
1818 506 2031 577 generi-

442 599 546 656 bus
570 598 937 654 aﬂectionum.
981 596 1084 663 Qui
1114 597 1259 651 enim
1287 604 1512 666 propter
1543 596 1712 651 Deum
1737 598 2027 653 continen-

443 693 534 747 tlie
557 690 842 756 studuerit,
867 698 926 744 ut
945 690 1064 745 sine
1087 688 1448 744 sollicitudine
1468 689 1656 744 vivens
1680 690 1879 758 cogitet
1909 704 2029 759 qua:

434 779 536 833 Dei
553 786 701 844 sunt,
717 784 1026 833 assumetur
1038 793 1069 832 a
1092 778 1202 832 Deo
1218 793 1233 842 ;
1250 776 1342 846 qui
1354 792 1485 832 vero
1500 777 1581 832 vel
1596 777 2029 834 humanmlaudis

440 881 627 923 amore
652 879 708 922 et
736 866 840 921 alia
871 866 1113 937 qualibet
1134 867 1390 923 vitiorum
1421 868 1780 937 correptione,
1826 877 2027 923 statum

436 958 754 1013 monasticae
785 958 931 1022 vitae,
975 972 1085 1027 quo
1116 957 1354 1012 imbutus
1382 966 1490 1022 est,
1541 956 1741 1011 laeserit
1766 984 1780 1021 ε
1822 958 1910 1012 hic
1936 958 2027 1012 ubi

432 1050 825 1121 relinquendus
848 1050 919 1105 sit
944 1049 1231 1105 Hieremiae
1272 1049 1689 1104 lamentationes
1718 1049 2026 1116 insinuant,

436 1141 529 1211 qui
554 1142 743 1197 otiosa:
768 1139 1055 1209 cujuslibet
1074 1149 1127 1196 et
1152 1140 1474 1211 peccatrieis
1494 1140 1687 1194 animm
1708 1140 1809 1194 sub
1829 1139 2028 1194 δυάωω

435 1232 618 1301 specie
643 1231 853 1302 lapsum
889 1231 1203 1287 describens
1230 1232 1327 1296 ait,
1356 1230 1592 1286 viderunt
1620 1246 1733 1285 eam
1762 1232 1933 1285 hostes
1978 1240 2028 1285 et

441 1322 736 1376 deriserunt
762 1321 980 1375 sabbata
1016 1320 1150 1391 ejus.

511 1412 646 1467 Duce
660 1421 812 1467 erant
835 1410 1084 1466 metentes
1106 1412 1158 1465 in
1181 1424 1364 1465 unum.
1382 1408 1641 1465 Molentes
1658 1409 1887 1481 appellat
1902 1425 2024 1478 eos,

2124 506 2455 576 operantium
2478 504 2828 572 mendacium,
2863 513 2969 561 etc.

2204 596 2462 651 Dominus
2487 596 2634 652 enim
2658 604 2717 651 et
2736 604 2832 651 rex
2855 596 3001 652 Deus
3018 606 3076 651 et
3102 597 3342 652 salvator
3364 600 3613 656 ecclesias
3637 615 3708 660 eu

2127 684 2284 741 Iesus
2298 686 2548 743 Christus
2576 686 2669 756 qui
2694 694 2930 756 etcaput
2948 696 3006 743 et
3031 701 3265 755 sponsus
3291 689 3410 758 ejus
3438 700 3546 756 est,
3576 695 3707 753 unde

2126 776 2418 847 Apostolus
2442 776 2713 832 monendo
2733 776 2988 832 mulieres
3021 776 3155 831 viris
3183 777 3300 833 suis
3327 779 3575 836 subditas
3598 796 3706 842 esse

2128 866 2195 921 ad
2221 867 2735 938 Ephesiosscripsit
2754 867 2941 923 dicens
2969 885 2983 922 :
3018 866 3266 921 Mulieres
3294 869 3417 922 viris
3452 872 3566 924 suis
3595 873 3711 926 sub-

2118 957 2391 1027 jectarsint
2413 957 2547 1011 sicut
2569 957 2813 1022 Damino,
2835 958 3081 1026 quoniam
3098 957 3173 1010 vir
3192 967 3348 1027 caput
3367 968 3444 1013 est
3456 961 3708 1027 mulieris,

2126 1047 2263 1101 sicut
2287 1057 2335 1101 et
2362 1046 2601 1102 Christus
2625 1058 2781 1118 caput
2808 1058 2881 1102 est
2911 1046 3180 1113 Ecclesia,
3209 1049 3319 1118 ipse
3358 1049 3603 1106 salvator
3631 1061 3710 1109 est

2127 1139 2390 1208 corporis.
2417 1139 2479 1193 Et
2501 1140 2629 1193 item
2654 1157 2668 1193 :
2704 1137 2835 1203 Viri,
2862 1139 3059 1207 inquit,
3078 1155 3266 1195 uxores
3289 1150 3482 1196 vestras
3510 1142 3709 1212 diligite

2126 1228 2260 1281 sicut
2286 1237 2335 1282 et
2360 1226 2599 1283 Christus
2620 1227 2802 1282 dilexit
2817 1227 3106 1283 Ecclesium
3135 1238 3184 1283 et
3214 1242 3270 1284 se
3294 1228 3464 1300 ipsum
3491 1231 3706 1286 tradidit

2123 1332 2218 1388 pro
2245 1332 2306 1372 ea
2330 1356 2346 1382 ,
2392 1327 2452 1371 ut
2474 1315 2619 1371 illam
2648 1317 2999 1386 sanctiﬁcaret
3028 1317 3292 1373 mundana
3323 1318 3534 1373 lauacro
3560 1334 3705 1391 aqua

2115 1409 2807 1478 inrerbottittcmtezltibsret
2849 1410 2958 1480 ipse
2983 1409 3087 1464 sibi
3109 1408 3395 1480 gloriosam
3416 1407 3703 1466 Ecclesium

432 1504 524 1572 qui
540 1502 592 1555 in
603 1502 850 1572 plebibus
863 1500 1142 1555 constituti
1158 1507 1416 1571 reguntur
1430 1515 1460 1554 a
1477 1500 1790 1556 doctoribus
1803 1508 2025 1571 agentes
2124 1514 2232 1553 non
2244 1499 2527 1554 habentem
2547 1499 2811 1553 maculam
2833 1511 2923 1555 aut
2951 1515 3159 1570 rugam,
3181 1508 3272 1553 aut
3296 1498 3498 1566 aliquid
3522 1498 3704 1568 hujus-

437 1610 501 1648 ea
533 1608 653 1664 qua!
678 1601 807 1647 sunt
839 1591 997 1660 hujus
1012 1591 1216 1647 seculi.
1269 1590 1416 1657 Quos
1459 1601 1516 1646 et
1559 1590 1880 1645 feminarum
1923 1607 2023 1646 no-
2123 1588 2288 1655 modi,
2312 1589 2403 1643 sed
2426 1598 2482 1643 ut
2503 1590 2571 1644 sit
2596 1599 2783 1644 sancta
2810 1598 2857 1644 et
2882 1588 3243 1644 immaculata.
3274 1587 3375 1644 Hic
3400 1603 3532 1660 ergo
3556 1589 3707 1659 adju-

431 1683 578 1737 mine
598 1681 942 1754 signiﬁcavit,
961 1681 1087 1751 quia
1113 1680 1354 1736 consiliis
1374 1688 1434 1736 ut
1457 1680 1566 1735 disi
1591 1682 1886 1749 peritorum
1910 1682 2023 1749 regi
2127 1690 2213 1737 tor
2236 1690 2293 1738 et
2325 1689 2600 1751 protector
2623 1680 2800 1736 lactus
2828 1689 2915 1735 est
2943 1695 3158 1750 sponsa:
3181 1695 3293 1735 sua:
3318 1695 3442 1736 cum
3484 1680 3706 1737 tradidit

434 1779 515 1834 eis
543 1777 789 1848 expedit;
820 1788 874 1831 et
897 1775 1161 1832 molentes
1182 1776 1339 1839 dixit,
1382 1782 1605 1845 propter
1648 1776 2023 1845 temporalium
2055 1764 2098 1824 Β
2127 1774 2474 1844 semetipsum
2519 1788 2618 1842 pro
2666 1772 2757 1827 illa
2787 1781 2845 1826 ut
2871 1772 3129 1827 liberaret
3157 1772 3303 1827 illam
3327 1790 3359 1827 a
3384 1772 3702 1843 perditione,

431 1868 772 1940 negotiorum
822 1867 1007 1921 urbem
1039 1872 1202 1937 atque
1243 1866 1527 1920 circuitum
1547 1907 1562 1929 ,
1589 1880 1726 1935 quas
1757 1873 1933 1921 tamen
1965 1868 2018 1922 in
2118 1864 2366 1932 inquam
2414 1876 2515 1931 per
2542 1862 3043 1932 pravaricationem
3094 1862 3256 1932 primi
3289 1864 3529 1919 hominis
3553 1864 3702 1935 lapsa

432 1974 600 2013 unum
656 1959 920 2014 molentes
948 1959 1106 2021 dixit,
1136 1959 1191 2012 in
1222 1966 1481 2027 quantum
1508 1957 1575 2013 de
1604 1958 1736 2028 ipsis
1763 1958 1925 2012 rebus
1966 1964 2021 2011 et

432 2049 665 2121 negotiis
712 2051 825 2105 suis
860 2050 1105 2119 prmbent
1137 2049 1324 2104 usibus
1360 2048 1607 2103 ecclesia:
1636 2065 1649 2101 :
1686 2061 2021 2118 unaquteque

431 2141 578 2195 enim
610 2138 773 2207 hujus
803 2139 988 2193 mundi
1019 2140 1163 2195 actio
1193 2139 1333 2194 mola
1360 2147 1442 2194 est
1461 2180 1474 2205 ,
1505 2154 1626 2209 qua:
1652 2140 1778 2194 dum
1822 2137 2020 2216 multas

429 2242 589 2285 curas
617 2229 881 2300 congerit,
929 2228 1195 2283 humanas
1239 2236 1450 2283 mentes
1491 2230 1646 2299 quasi
1686 2242 1786 2298 per
1828 2242 2016 2300 gyrum

429 2322 608 2383 vertit,
630 2328 796 2389 atque
817 2335 883 2375 ex
908 2334 966 2375 se
988 2319 1135 2375 velut
1158 2319 1363 2373 farinas
1377 2318 1612 2389 projicit,
1637 2322 1762 2389 quia
1778 2319 2019 2389 inquieto

415 2414 589 2469 «corde
620 2428 838 2486 semper
868 2414 1258 2469 minutissimas
1284 2414 1639 2483 cogitationes
1668 2413 1853 2484 gignit.

497 2503 617 2559 Una
639 2514 955 2570 assumetur,
976 2514 1024 2559 et
1051 2503 1216 2559 altera
1240 2503 1579 2573 relinquetur.
1604 2503 1929 2559 Assumetur
1952 2518 2015 2560 ea

418 2611 551 2665 pars
580 2610 698 2666 qua:
724 2598 992 2653 connubia
1029 2605 1250 2668 propter
1274 2613 1516 2653 amorem
1557 2606 1767 2652 tantum
1798 2599 2017 2671 generis

423 2688 753 2752 exercuerit,
784 2697 1169 2759 terrenamque
1195 2686 1551 2745 substantiam
1580 2692 1649 2746 ob
1685 2692 2016 2762 acquirenda

422 2776 666 2832 cmlestia
692 2778 1112 2847 dispensaverit;
1157 2780 1493 2851 relinquetur
1521 2786 1699 2836 autem
1736 2796 1855 2852 quae
1883 2798 2014 2838 con-

419 2863 590 2936 iugiis
633 2866 703 2921 ob
738 2865 1019 2922 illecebras
1067 2870 1249 2924 carnis
1287 2870 1570 2936 servierit,
1618 2879 1833 2926 terrena
1884 2887 2016 2929 vero

434 2956 479 3009 si
515 2970 619 3025 qua
648 2953 892 3012 ecclesim
919 2957 1002 3011 vel
1023 2958 1348 3028 pauperibus
1368 2960 1645 3026 obtulerit,
1681 2960 1801 3016 ideo
1829 2961 2017 3018 iecerit

434 3053 493 3099 ut
521 3044 675 3114 quasi
703 3045 1004 3115 redemptio
1034 3046 1243 3101 Domini
1268 3047 1357 3103 his
1385 3049 1613 3118 amplius
1638 3048 1890 3105 abundet.

2116 1959 2221 2017 cst,
2247 1961 2295 2005 et
2320 1967 2354 2004 a
2384 1951 2571 2021 laqueo
2584 1950 2778 2021 lingua:
2800 1951 3015 2022 iuiqua’,
3044 1952 3427 2022 ablasphemia
3448 1954 3705 2010 nimirum

2118 2043 2457 2108 idololatriae,
2489 2056 2558 2097 ne
2587 2042 2895 2098 immolaret
2936 2058 3117 2113 neque
3161 2044 3387 2100 serviret
3441 2054 3706 2102 creaturae

2116 2134 2296 2205 potius
2314 2147 2478 2202 quam
2508 2133 2770 2197 creatori,
2793 2142 2841 2187 et
2867 2149 2902 2187 α
2941 2132 3099 2188 labiis
3122 2134 3455 2203 operantium
3481 2137 3705 2193 mendo-

2121 2226 2283 2288 cium,
2311 2224 2415 2278 hoc
2440 2231 2528 2278 est
2553 2222 2816 2279 doctrinis
2858 2222 3009 2279 falsis
3054 2223 3505 2292 philosophorum
3539 2237 3707 2297 atque

2122 2313 2520 2369 bareticorum.

2188 2413 2257 2468 Et
2295 2415 2352 2467 in
2377 2421 2650 2483 conspectu
2675 2416 2959 2469 astautium
2986 2412 3161 2484 factus
3205 2430 3260 2469 es
3285 2416 3416 2470 mihi
3461 2417 3703 2486 adiutor.

2115 2503 2184 2558 Et
2208 2503 2439 2558 liberaui
2469 2520 2549 2559 me
2588 2505 2872 2560 secundum
2896 2505 3285 2561 multitudinem
3326 2507 3706 2564 misericordiae

2115 2594 2341 2649 nominis
2367 2595 2447 2649 tui
2473 2611 2507 2649 a
2553 2595 2878 2666 rugientibus
2915 2596 3227 2666 praeparatis
3251 2595 3324 2649 ad
3348 2611 3540 2651 escam.
3588 2597 3706 2653 Hoc

2117 2686 2424 2742 testimonio
2434 2686 2690 2756 exprimit
2706 2695 3081 2755 persecutores
3093 2686 3348 2743 Ecclesia:
3364 2689 3457 2758 qui
3478 2700 3707 2760 propter

2114 2778 2298 2833 odium
2326 2778 2560 2833 nominis
2590 2776 2793 2833 Christi
2835 2785 3238 2848 pet-sequuntur
3260 2777 3449 2834 ﬁdeles
3484 2787 3543 2834 ct
3591 2786 3707 2834 tra-

2115 2869 2250 2924 dunt
2293 2883 2388 2924 eos
2412 2868 2691 2940 suppliciis
2715 2868 2944 2923 diversis
2971 2868 3487 2934 mortesllhieudns,
3510 2878 3707 2940 quate-

2117 2972 2219 3013 nus
2240 2972 2336 3013 eos
2364 2967 2615 3013 avertant
2638 2972 2669 3012 a
2702 2956 3043 3013 confessione
3084 2955 3367 3014 catholica
3394 2957 3520 3015 ﬁdei
3566 2968 3633 3015 et
3668 2975 3708 3015 a

2116 3040 2326 3101 cultura
2351 3048 2465 3103 veri
2488 3057 2546 3103 et
2567 3049 2730 3103 unius
2754 3048 2869 3103 Dei.
2898 3047 3046 3116 Quos
3070 3049 3211 3104 bene
3232 3058 3513 3119 comparat
3538 3049 3709 3107 saevis

502 3134 619 3189 Duo
643 3135 698 3190 in
730 3151 880 3206 agro,
906 3152 1042 3190 unus
1070 3147 1385 3202 assumatur,
1427 3147 1475 3192 et
1516 3138 1651 3192 alter
1670 3138 2008 3210 relinquetur.
2037 3133 2082 3195 C
2114 3137 2302 3193 bestiis
2321 3151 2442 3209 qua:
2468 3139 2647 3209 rugitu
2676 3138 2806 3194 forti
2830 3146 2889 3194 et
2929 3138 3099 3195 feroci
3135 3138 3286 3194 hiatu
3312 3151 3494 3195 escam
3529 3150 3708 3210 appo-

424 3224 584 3280 ‘Sicut
605 3238 765 3297 supra
796 3226 850 3281 in
878 3226 1036 3293 lecto,
1066 3235 1121 3283 et
1140 3226 1402 3282 molentes
1432 3227 1484 3282 in
1512 3243 1675 3282 unum
1705 3229 1906 3300 posuit,
1930 3229 2007 3285 sic

423 3323 484 3370 ct
539 3315 628 3371 hic
655 3315 710 3370 in
750 3330 880 3387 agro
922 3334 1031 3373 uno
1084 3332 1208 3373 reor
1254 3317 1692 3391 intelligendum,
1745 3318 2011 3392 signiﬁcat

427 3416 610 3462 autem
650 3420 744 3462 eos
802 3407 892 3478 qui
947 3417 1242 3477 operantur
1290 3408 1343 3463 in
1396 3408 1640 3464 ecclesiae
1679 3409 2009 3478 ministerio,

429 3504 690 3567 tanquam
740 3496 796 3551 in
846 3511 977 3570 agro
1006 3498 1133 3564 Dei,
1176 3496 1261 3553 cui
1292 3513 1423 3554 suus
1466 3499 1702 3571 agricola
1738 3500 1951 3556 dicebat
1993 3519 2008 3556 :

425 3588 521 3643 Dei
543 3588 867 3660 agricultura
892 3591 1052 3655 estis;
1082 3599 1392 3647 assumetur
1417 3598 1596 3646 autem
1625 3591 1734 3657 ille,
1766 3592 1857 3661 qui
1903 3607 2012 3648 non

425 3680 737 3738 adulterans
759 3682 983 3739 verbum
1015 3683 1133 3748 Dei,
1160 3681 1255 3738 sed
1283 3681 1425 3738 sicut
1453 3696 1522 3738 ex
1546 3681 1657 3737 Deo
1687 3697 1872 3739 coram
1901 3682 2013 3740 Deo

427 3772 642 3828 locutus
670 3771 832 3828 fuerit
861 3773 915 3828 in
943 3771 1159 3829 Christo
1188 3791 1202 3828 :
1228 3773 1319 3843 qui
1349 3784 1479 3828 vero
1507 3771 1777 3829 Christum
1805 3787 2015 3829 annun-

429 3864 646 3920 tiaverit
689 3880 796 3919 non
824 3873 992 3930 caste,
1016 3865 1109 3920 sed
1136 3865 1442 3931 occasione,
1469 3864 1803 3935 relinquetur
1824 3863 1895 3920 ab
1924 3880 2009 3921 eo.

496 3953 879 4023 Respondentes
902 3954 1083 4008 dicunt
1109 3954 1189 4007 illi
1215 3967 1232 4006 :
1262 3951 1385 4019 Ubi,
1431 3953 1653 4008 Domine
1675 3954 1702 4007 .’
1727 3952 1832 4019 Qui
1877 3955 2011 4008 dixit

431 4046 505 4100 eis
534 4059 554 4097 :
580 4042 888 4116 Ubicunque
935 4043 1089 4114 fuerit
1128 4060 1316 4114 corpus
1339 4084 1354 4109 ,
1396 4043 1524 4098 illuc
1566 4045 2015 4115 congregabantur

429 4133 639 4206 aquila.
672 4130 788 4188 Duo
815 4131 1066 4188 Salvator
1107 4133 1498 4203 interrogatus,
1540 4133 1631 4188 ubi
1654 4133 1861 4189 scilicet
1886 4134 2012 4189 boni

434 4224 764 4291 assumendi,
787 4233 843 4279 et
866 4224 957 4280 ubi
979 4223 1088 4279 sint
1111 4223 1236 4278 mali
1263 4224 1632 4293 relinquendi,
1656 4238 1822 4279 unum
1848 4226 2010 4293 dixit,

436 4316 580 4372 aliud
615 4315 1128 4388 subintelligendum
1172 4314 1388 4386 reliquit
1423 4331 1437 4368 τ
1491 4324 1707 4371 sanctos
1751 4330 1894 4372 enim
1929 4332 2013 4373 se-

432 4421 555 4463 cum
601 4403 812 4462 iiituros
861 4404 1224 4463 asseverando
1270 4407 1527 4477 mprobos
1552 4407 1807 4463 nimirum
1846 4424 1877 4463 a
1914 4423 2008 4464 sua

2113 3236 2252 3283 tunt.
2278 3228 2385 3285 Sed
2410 3229 2479 3285 de
2508 3231 2595 3285 his
2620 3230 2883 3286 Dominus
2910 3228 3112 3287 electos
3143 3242 3271 3285 suos
3308 3228 3539 3294 liberat,
3574 3242 3709 3284 eam

2112 3321 2321 3379 animus
2348 3336 2536 3378 eorum
2568 3337 2598 3376 a
2629 3323 3063 3393 persecutionum
3089 3322 3314 3378 testibus
3342 3319 3537 3375 illatas
3580 3332 3707 3374 cer-

2113 3426 2224 3482 vat,
2252 3424 2474 3487 propter
2508 3429 2737 3486 quarum
2783 3414 3120 3472 eversionem
3149 3412 3278 3472 saevi
3317 3419 3710 3484 persectantes

2112 3523 2339 3578 corpora
2368 3507 2603 3563 maxime
2631 3507 2856 3563 laniant.
2886 3506 3042 3562 Unde
3069 3506 3317 3576 sequitur
3352 3516 3370 3558 :

2185 3599 2261 3653 De
2310 3598 2550 3653 manibus
2600 3598 2949 3668 querentium
2997 3597 3231 3651 animam
3282 3610 3451 3649 meum
3478 3632 3496 3660 ,
3536 3602 3596 3648 et
3639 3594 3711 3648 de

2111 3690 2276 3759 portis
2320 3688 2713 3743 tribulationum
2744 3705 2860 3758 qua:
2899 3687 3331 3741 circumciderunt
3356 3700 3459 3740 me.
3500 3684 3710 3740 Portus

2112 3791 2240 3848 ergo
2272 3777 2674 3833 tribulationum
2697 3820 2712 3845 ,
2756 3792 2891 3848 quas
2930 3777 3124 3833 melius
3169 3777 3373 3831 sentire
3404 3789 3710 3846 possumus

2113 3884 2273 3938 quam
2296 3882 2391 3924 ora
2408 3868 2711 3938 principum
2737 3876 2795 3923 et
2824 3874 3195 3940 tyrannorum,
3221 3866 3362 3921 unde
3382 3866 3545 3920 minus
3573 3880 3711 3935 pro-

2113 3961 2299 4027 deunt,
2340 3969 2394 4016 ct
2429 3961 2780 4017 fraudulenta:
2807 3962 3084 4017 suasiones
3106 3962 3536 4030 indictionesquc
3562 3975 3707 4031 sup-

2114 4054 2414 4125 pliciorum,
2430 4063 2490 4109 ut
2508 4055 2622 4110 sive
2645 4069 2743 4125 per
2756 4054 2876 4110 licta
2899 4054 3286 4118 blandimenta,
3309 4068 3402 4109 seu
3427 4069 3527 4124 per
3548 4064 3710 4109 atro-

2113 4146 2194 4198 cia
2252 4153 2517 4200 tormenta
2566 4159 2753 4201 servos
2806 4146 2896 4201 Dei
2960 4145 3118 4201 illum
3165 4144 3366 4201 Christi
3418 4147 3711 4215 abnegare

2114 4233 2356 4289 iaciant?
2381 4233 2486 4290 Sed
2522 4235 3033 4306 immittetangelum
3066 4236 3323 4291 Dominus
3351 4236 3405 4291 in
3456 4236 3708 4291 circuitu

2115 4326 2415 4380 timentium
2440 4341 2585 4393 eum,
2616 4337 2670 4382 et
2695 4328 2888 4397 eripiet
2914 4343 3027 4384 eos.

2189 4411 2254 4468 Et
2280 4432 2311 4469 a
2341 4430 2584 4485 pressura
2613 4416 2842 4487 ﬂamina!
2874 4432 2991 4489 qua:
3019 4412 3357 4471 circumdedit
3385 4434 3469 4473 me
3496 4431 3519 4470 :
3550 4429 3611 4475 et
3651 4421 3710 4475 in

431 4500 639 4554 visione
691 4498 1054 4555 secernendos
1077 4539 1092 4565 ,
1143 4509 1199 4552 ct
1226 4498 1348 4554 ideo
1376 4515 1482 4554 non
1514 4499 1643 4554 alibi
1684 4515 1843 4570 quam
1886 4517 2009 4557 cum
2036 4483 2088 4544 Ῑ)
2112 4504 2283 4557 medio
2307 4483 2442 4574 ignis
2468 4520 2571 4559 non
2595 4483 2711 4560 sum
2735 4483 2986 4561 astuant:
3038 4504 3149 4561 Hoc
3176 4507 3493 4577 plerumque
3518 4510 3713 4565 histo-

434 4588 647 4645 diabolo
679 4588 1012 4646 damnandos
1040 4589 1294 4646 insinuat.
1328 4590 1660 4661 Ubicumque
1694 4605 1823 4663 ergo
1849 4591 2013 4648 fuerit

2111 4594 2314 4650 rialiter
2337 4596 2389 4649 in
2418 4596 2755 4666 passionibus
2786 4606 3081 4668 martyrum
3110 4598 3401 4668 contigisse
3428 4598 3707 4669 legimus,

432 4672 691 4734 Dominus
718 4690 944 4749 corpore
969 4720 984 4747 ,
1036 4679 1160 4735 illuc
1201 4681 1674 4754 congregabantur
1695 4682 1884 4750 electi,
1918 4685 2010 4754 qui
2109 4694 2168 4740 ut
2195 4686 2333 4740 sicut
2358 4693 2467 4740 tres
2489 4687 2641 4754 pueri
2675 4687 2727 4739 in
2749 4687 2963 4741 camino
2988 4686 3129 4756 ignis
3154 4688 3223 4741 ab
3238 4687 3437 4741 ardore
3461 4688 3708 4744 ﬂamma

432 4766 548 4837 ejus
566 4768 872 4839 passionem
894 4768 1356 4841 humilitatemque
1378 4772 1640 4828 imitando
1665 4781 1919 4844 tanquam
1946 4776 2012 4831 de

435 4854 553 4926 cju’s
592 4871 757 4912 carne
788 4866 1119 4923 saturantur,
1161 4875 1389 4930 quorum
1428 4877 1527 4932 per
1560 4864 2011 4919 resurrectionem

436 4950 774 5007 renovabitur
809 4961 866 5006 ut
895 4950 1084 5023 aquila:
1103 4953 1360 5023 juventus
1389 4963 1449 5010 ut
1473 4956 1658 5010 vivant
1697 4964 1752 5010 et
1791 4966 2017 5028 regnent

438 5061 562 5102 cum
590 5042 859 5102 salvatore
887 5060 982 5102 suo
1018 5044 1071 5100 in
1099 5046 1292 5102 saecula
1319 5048 1657 5104 saeculorum.
1688 5048 1881 5103 Amen.

820 5220 829 5237 .
900 5220 905 5225 .
967 5174 1249 5235 HOMlLlA
1278 5175 1482 5237 CXLV.

796 5288 847 5329 lli
883 5286 1082 5329 V1611.“
1119 5287 1307 5331 “NCT!
1343 5289 1646 5330 ιΑυιιΝτιι.

764 5404 769 5415 ν
836 5380 1026 5438 Lectio
1061 5381 1187 5438 libri
1225 5381 1611 5439 Ecclesiastiei,

458 5506 463 5509 ’
509 5496 807 5560 Conlitebor
827 5495 941 5563 tibi,
971 5495 1194 5551 Domine
1224 5510 1333 5561 rex,
1363 5504 1411 5549 et
1442 5494 1751 5551 collaudabo
1773 5506 1823 5569 te
1850 5495 2016 5552 Deum

440 5581 747 5642 salbatorem
785 5602 975 5641 meum.
1020 5582 1317 5653 Conﬁtebdr
1365 5585 1562 5639 nomini
1608 5595 1720 5653 tuo,
1771 5589 2017 5659 quoniam

443 5676 656 5742 atljutor
680 5687 727 5731 et
762 5686 1020 5744 protector
1043 5676 1212 5744 {actus
1233 5690 1286 5729 es
1314 5675 1472 5739 mihi,
1498 5686 1546 5730 et
1568 5674 1800 5731 liberain
1828 5696 2015 5749 corpus

2111 4776 2260 4831 illzesi
2292 4777 2493 4831 servati
2519 4786 2664 4841 sunt,
2712 4777 2785 4831 ita
2813 4784 2869 4832 et
2914 4776 3001 4831 isti
3034 4776 3102 4831 ab
3145 4776 3395 4831 incendio
3425 4777 3579 4846 ignis
3624 4779 3699 4831 in-

2113 4869 2461 4923 contaminati
2511 4878 2873 4925 servarentur.
2934 4868 3043 4923 Sed
3101 4868 3229 4939 quia
3285 4868 3391 4924 hoc
3436 4872 3708 4927 omnibus

2116 4959 2442 5028 martyribus
2463 4959 2559 5015 Dei
2586 4973 2693 5014 non
2714 4967 2799 5014 est
2820 4974 3158 5024 concessum,
3191 4972 3314 5013 cum
3344 4958 3574 5028 plurimi
3609 4974 3713 5015 co.

2118 5060 2236 5099 rum
2262 5046 2316 5100 in
2359 5047 2482 5118 igne
2506 5047 2856 5119 corporaliter
2887 5048 3216 5102 conereumti
3235 5056 3446 5115 essent;
3483 5064 3720 5105 verum-

2119 5144 2296 5190 tamen
2345 5138 2537 5191 animae
2574 5153 2761 5193 eorum
2789 5137 2959 5193 libere
2985 5137 3109 5192 cali
3153 5146 3360 5193 secreta
3384 5140 3721 5209 petierunt,

2118 5225 2311 5281 melius
2336 5226 2423 5280 hic
2448 5226 2625 5296 ignem
2651 5235 2707 5283 et
2745 5226 3017 5285 llaurmam
3037 5225 3276 5283 validum
3296 5226 3726 5296 persecutionis

2118 5323 2307 5372 aestum
2338 5316 2704 5387 intelligimus,
2734 5318 2827 5386 qui
2856 5316 2983 5374 licet
3008 5324 3229 5371 sanctos
3260 5312 3359 5370 Dei
3385 5316 3729 5386 tenor-uli—

2113 5414 2196 5461 ter
2220 5403 2456 5476 aﬂigere
2488 5413 2691 5475 posset,
2715 5420 2889 5474 usque
2922 5404 2991 5460 ad
3019 5405 3215 5459 anime
3241 5412 3427 5459 tanien
3454 5401 3731 5460 interno-

2113 5498 2322 5553 cionem
2349 5497 2657 5567 pertingere
2685 5509 2793 5551 non
2814 5497 3003 5565 potuit.
3032 5496 3159 5551 ideo
3177 5494 3456 5565 subjougit
3480 5510 3495 5549 :

2182 5587 2262 5641 De
2279 5586 2558 5642 altitudine
2581 5586 2775 5640 uentris
2796 5585 2975 5657 inferi,
2998 5595 3049 5640 et
3072 5586 3307 5654 aliugua
3328 5586 3730 5654 coinquinata,

2112 5691 2161 5735 et
2184 5699 2216 5735 a
2244 5680 2391 5735 verbo
2411 5676 2693 5742 mendacii,
2713 5694 2745 5730 a
2775 5693 2891 5748 rege
2910 5677 3112 5746 iniquo,
3135 5686 3183 5730 et
3203 5692 3235 5730 a
3257 5675 3440 5745 lingua
3466 5674 3732 5744 iniusta.
