3950 6184
454 300 560 357 ’πε

1101 298 1162 354 Β.
1205 295 1456 351 RABANI
1495 295 1714 354 MAIJRI
1751 266 2066 350 AllCﬂlEP.
2101 291 2411 350 MOGUNT.
2446 293 2730 350 OPERUM
2767 294 2946 352 PARS
2981 295 3046 352 Il.

3617 298 3722 355 432

460 413 740 468 venientem
759 413 821 465 in
844 426 1000 481 regno
1019 426 1133 463 suo.
1157 409 1406 480 Regnum
1439 407 1532 462 Dei
1563 407 1617 461 in
1647 422 1755 476 quo
1777 406 1916 461 ﬁlius
1944 403 2038 458 Dei
2068 411 2116 466 Α
2143 413 2199 457 et
2224 403 2405 456 omnia
2435 417 2770 472 quascunque
2815 404 2955 460 bona
2984 404 3104 476 ejus
3143 405 3316 477 gratia
3344 397 3609 478 largiente
3627 423 3722 467 va-

461 501 606 557 idem
651 499 744 572 qui
774 507 830 555 et
849 499 990 554 ﬁlius
1021 499 1254 552 hominis
1283 507 1494 568 regnat,
1526 498 1629 552 hoc
1659 497 1775 551 loco
1803 511 2040 566 prtcsens

459 589 702 648 Ecclesia
721 597 977 654 vocatur;
1003 597 1058 642 et
1070 589 1196 657 quia
1218 587 1462 642 nonnulli
1483 603 1550 641 ex
1572 586 1849 656 discipulis
1873 599 2042 654 usque

461 683 596 739 adeo
616 682 810 737 victuri
840 681 893 734 in
916 694 1143 749 corpore
1165 687 1342 743 erant,
1371 689 1428 733 ut
1460 679 1758 734 Ecclesiam
1795 677 1886 732 Dei
1913 693 2043 733 con-

459 782 720 830 structam
748 772 1137 844 conspicerent,
1165 780 1220 826 et
1263 781 1453 827 contra
1496 771 1678 826 mundi
1728 772 1886 842 hujus
1932 771 2045 840 glo-

460 867 597 920 riam
627 881 724 936 per
745 863 984 920 auctoris
1029 864 1112 918 sui
1144 864 1440 933 potentiam
1467 871 1703 918 erectam
1735 862 2042 917 consolato-

459 957 538 1010 ria
580 955 939 1024 promissione
987 971 1130 1010 nunc
1160 955 1392 1010 dicitur:
1427 954 1563 1010 Sunt
1601 955 1816 1025 quidam
1865 955 1928 1009 de
1963 955 2042 1008 his

455 1047 716 1101 stantibus
745 1047 833 1118 qui
863 1064 968 1100 non
1004 1046 1286 1116 gustabunt
1340 1056 1580 1111 mortem,
1632 1046 1795 1100 donec
1838 1046 2043 1100 videant

455 1137 624 1209 ﬁlium
653 1140 880 1194 hominis
896 1139 1179 1194 uenientem
1205 1139 1260 1192 in
1296 1155 1453 1208 regno
1475 1155 1592 1202 suo,
1616 1138 1717 1193 hoc
1739 1146 1841 1203 est,
1864 1146 2041 1192 osten-

457 1229 673 1286 dentetn
715 1237 1039 1300 potestatem
1089 1245 1264 1285 suam.
1298 1229 1406 1286 Sed
1453 1245 1576 1285 cum
1607 1238 1754 1284 tanta
1783 1231 2046 1286 Dominus

451 1323 753 1378 subeunda:
783 1322 974 1377 mortis
997 1329 1264 1392 praecepta
1293 1321 1480 1377 ederet
1506 1321 1632 1390 quid
1675 1322 2044 1376 necessarium

461 1413 584 1480 fuit,
619 1422 678 1469 ut
708 1415 777 1469 ad
808 1415 948 1470 hanc
969 1415 1147 1470 subito
1168 1414 1583 1484 promissionem
1612 1415 1864 1470 veniret?
1892 1414 2044 1482 Quod

458 1509 503 1564 si
531 1508 801 1564 subtiliter
821 1508 1170 1574 attendimus,
1188 1517 1392 1577 quanta
1407 1508 1809 1578 dispensatione
1829 1508 2047 1579 pietatis

459 1608 668 1672 agatur,
702 1600 1084 1672 agnoscimus;
1116 1600 1391 1671 discipulis
1421 1601 1566 1656 enim
1608 1601 1854 1666 rudibus,
1880 1603 2046 1657 etiam

460 1690 527 1744 de
565 1690 817 1760 praesenti
853 1689 958 1743 vita
1007 1689 1210 1759 aliquid
1258 1690 1678 1760 promittendum
1709 1689 1810 1744 fuit
1837 1698 1897 1745 ut
1925 1706 2048 1762 pos-

2143 493 2368 557 Ieamus,
2393 493 2509 562 ejus
2539 493 2920 548 misericordiae
2945 508 3054 549 non
3103 495 3305 550 nostris
3332 511 3570 566 unquam
3612 514 3724 554 me-

2144 587 2262 641 ritis
2290 587 2626 655 deputemus.
2650 587 2769 658 Ipse
2800 587 2853 641 in
2877 587 3033 643 nobis
3058 601 3278 642 omnem
3317 603 3474 644 suam
3499 593 3726 661 gratiam

2143 675 2456 746 dignabitur
2479 676 2703 745 implere
2737 695 2750 730 :

2217 763 2284 818 Ut
2307 765 2360 818 in
2385 766 2623 819 omnibus
2645 783 2846 836 semper
2859 784 3064 822 omnem
3085 770 3446 841 suﬁcientiam
3463 771 3726 837 habentes,

2140 855 2467 910 abundemus
2496 855 2549 909 in
2578 873 2728 911 omne
2758 874 2886 927 opus
2918 859 3132 912 bonum.
3167 858 3310 914 Sicut
3337 861 3586 931 scriptum
3612 873 3686 917 est
3711 879 3730 916 :

2143 947 2421 1014 Dispersit,
2442 947 2581 1001 dedit
2604 948 2940 1019 pauperibus,
2957 950 3170 1019 justitia
3187 951 3300 1021 ejus
3324 962 3496 1006 manet
3516 954 3570 1006 in
3591 964 3733 1007 reter-

2145 1053 2290 1090 num.
2345 1035 2479 1104 Quia
2525 1037 2618 1107 qui
2669 1037 2757 1092 hic
2790 1037 3018 1094 ﬁdeliter
3063 1041 3276 1095 Domini
3316 1041 3398 1096 sui
3443 1043 3733 1098 commissa

2145 1131 2418 1201 dispensat
2445 1131 2854 1187 desiderabilem
2878 1133 3022 1187 illam
3048 1134 3342 1205 evangelici
3383 1136 3524 1190 servi
3556 1150 3731 1191 mere-

2145 1229 2234 1275 tur
2257 1221 2445 1276 audire
2482 1221 2808 1275 sententiam
2836 1239 2849 1275 :
2879 1220 3046 1291 Euge,
3072 1222 3201 1276 bone
3243 1239 3404 1288 serre,
3426 1222 3480 1276 in
3528 1224 3734 1278 modico

2143 1311 2339 1380 ﬁdelis,
2365 1313 2504 1366 intra
2531 1313 2585 1365 in
2627 1313 2879 1383 gaudium
2908 1312 3121 1366 Domini
3157 1314 3257 1366 tui.
3291 1312 3429 1380 Quid
3473 1323 3557 1368 est
3586 1313 3730 1367 enim

2144 1401 2431 1472 gloriosius
2452 1403 2655 1457 homini
2691 1419 2852 1472 quam
2881 1403 3010 1458 dare
3041 1411 3255 1458 terrena
3303 1412 3358 1458 et
3401 1404 3730 1469 transitoria,

2143 1501 2198 1547 et
2225 1505 2407 1546 emere
2429 1492 2668 1547 caelestia
2701 1509 2863 1563 regna
2894 1535 2910 1559 ,
2928 1491 3123 1548 oﬁ‘erre
3151 1493 3378 1548 Domino
3407 1494 3730 1564 acceptissi-

2145 1595 2292 1634 mum
2323 1595 2520 1636 munus
2548 1582 2818 1636 sinceram
2845 1582 3196 1644 voluntatem,
3231 1591 3287 1638 et
3309 1584 3516 1639 devotae
3537 1585 3733 1639 mentis

2147 1670 2470 1727 industriam
2490 1680 2546 1726 et
2566 1670 2891 1726 indefessum
2919 1688 3104 1726 vocem
3135 1672 3475 1738 laudationis,
3502 1682 3560 1727 et
3577 1673 3736 1728 Chri-

458 1750 582 1834 seut
612 1779 887 1835 robustius
927 1779 981 1834 in
1037 1750 1215 1834 fuiura
1259 1750 1485 1834 solidari
1511 1797 1524 1832 :
1548 1780 1692 1850 quod
1731 1781 1895 1835 etiam
1925 1750 2046 1836 ubi—

2162 1771 2293 1817 stum
2321 1763 2605 1831 comitari,
2629 1777 2752 1817 cum
2779 1762 2963 1816 venire
2984 1763 3206 1831 eruperit
3227 1763 3736 1832 judicare,coba:res

458 1886 670 1930 cunque
691 1871 871 1936 fuerit,
904 1871 1074 1942 gratia
1102 1871 1197 1925 Dei
1228 1869 1427 1926 factum
1457 1871 1560 1925 erit
1589 1871 1678 1941 qui
1711 1871 1842 1925 vult‘
1859 1885 2048 1927 omnes

462 1963 707 2019 homines
729 1963 909 2019 salvos
934 1978 1052 2018 esse
1094 1971 1149 2018 et
1173 1963 1240 2017 ad
1277 1963 1604 2034 agnitionem
1647 1963 1895 2018 veritatis
1921 1978 2047 2032 per-

462 2057 668 2122 venire,
693 2056 792 2127 ipsi
817 2056 988 2128 gloria
1012 2063 1068 2110 et
1095 2055 1383 2125 imperium
1411 2055 1464 2108 in
1489 2054 1683 2111 saecula
1705 2054 2044 2110 seculorum.

460 2149 655 2204 Amen.

965 2216 1248 2274 HOMILIA
1297 2215 1549 2273 CXLVII.

814 2325 868 2366 IN
914 2324 1111 2365 NA'I‘AU
1151 2324 1338 2365 SANC'I'I
1387 2325 1697 2365 LAUBENTII.
1885 2361 1892 2368 .

499 2401 686 2457 Lectio
708 2400 961 2472 Epistola:
986 2399 1128 2455 beati
1151 2399 1303 2454 Pauli
1334 2399 1562 2469 apostoli
1593 2400 1659 2454 ad
1687 2397 2015 2456 Corinthios.

534 2509 778 2579 Fratres,
798 2513 888 2582 qui
933 2527 1089 2582 parce
1123 2511 1369 2577 seminat,
1397 2526 1554 2581 parce
1595 2519 1644 2564 et
1683 2518 1870 2576 metet;
1891 2518 1940 2564 et
1961 2510 2052 2580 qui

459 2604 683 2659 seminat
708 2603 764 2658 in
795 2602 1258 2667 benedictionibus,
1306 2602 1370 2657 de
1398 2601 1841 2657 benedictionibus
1867 2611 1917 2656 et
1941 2617 2052 2655 me-

464 2703 534 2749 tet
563 2695 724 2748 ritam
747 2702 1021 2758 aeternam,
1062 2701 1167 2747 etc.

533 2783 684 2840 Beati
737 2783 1037 2848 Laurentii,
1087 2781 1285 2838 fratres
1331 2782 1657 2843 charissrmi,
1713 2781 1875 2836 hodie
1914 2779 2053 2836 festa

465 2875 826 2939 celebramus,
883 2873 976 2943 qui
1033 2873 1206 2929 ﬁdelis
1257 2885 1343 2928 est
1399 2874 1647 2928 inventus
1705 2873 1915 2927 Domini
1969 2872 2053 2928 sui

469 2965 811 3036 dispensator
841 2963 894 3018 in
937 2965 1210 3029 omnibus,
1265 2978 1390 3018 nam
1422 2963 1664 3019 ecclesia
1693 2977 1823 3032 opes
1860 2978 1891 3016 a
1942 2978 2056 3016 ma-

467 3057 639 3126 gistro
659 3054 1064 3111 commendatas
1084 3054 1224 3110 sicut
1265 3053 1494 3110 ﬁdeliter
1515 3054 1872 3124 dispensavit,
1907 3055 1978 3108 ita
2021 3070 2051 3108 a

469 3145 698 3201 Domino
724 3144 834 3199 Deo
853 3158 952 3199 suo
969 3142 1204 3199 feliciter
1230 3145 1426 3199 meruit
1450 3143 1727 3210 coronari;
1753 3145 1895 3199 unde
1913 3153 1971 3198 et
1987 3144 2055 3200 de

469 3235 613 3291 ﬁdeli
639 3236 1011 3307 dispensatore
1038 3251 1276 3307 praesens
1319 3235 1503 3291 Lectio
1538 3235 1722 3292 retulit
1761 3251 1920 3306 quam
1959 3251 2054 3290 au-

469 3328 664 3384 distis:
696 3327 800 3396 Qui
823 3346 1004 3400 parce,
1018 3329 1214 3400 inquit,
1230 3331 1471 3395 seminat,
1493 3346 1648 3399 parce
1667 3339 1714 3384 et
1729 3338 1902 3394 metet,
1927 3329 2054 3399 quia

472 3429 676 3492 quanta
707 3422 796 3476 hic
816 3421 1047 3492 quisque
1090 3436 1189 3491 pro
1218 3421 1444 3476 Domino
1484 3422 1549 3476 de
1580 3421 1812 3476 terrenis
1857 3421 1974 3476 istis
2001 3427 2052 3475 et

467 3513 802 3569 transitoriis
822 3512 1053 3578 dederit,
1077 3520 1223 3567 tanta
1269 3513 1325 3566 in
1351 3512 1530 3566 futuro
1560 3513 1786 3582 recipiet
1811 3512 2051 3581 praemia,

459 3604 520 3660 si
549 3619 613 3660 ea
654 3604 796 3659 bono
823 3619 888 3659 ac
935 3603 1163 3674 simplici
1208 3603 1417 3659 dederit
1464 3603 1682 3668 animo;
1715 3602 1866 3657 multi
1911 3605 2055 3658 enim

462 3694 639 3750 amulta
666 3696 931 3751 donantes
977 3695 1210 3766 perdunt
1253 3694 1579 3759 mercedem,
1611 3694 1738 3764 quia
1793 3695 2057 3764 recipiunt

473 3790 543 3844 ab
568 3789 875 3844 hominibus
921 3805 1081 3860 quam
1111 3789 1403 3860 exquirunt
1432 3789 1666 3844 Iaudem.
1700 3789 1847 3846 Unde
1879 3791 2058 3860 sequi-

464 3887 583 3942 itur,
605 3888 653 3932 et
679 3880 768 3948 qui
789 3880 1012 3933 seminat
1056 3880 1109 3932 in
1135 3880 1575 3934 benedictionibus
1602 3879 1667 3934 de
1691 3879 2058 3935 benedictioni-

471 3972 572 4025 ‘bus
602 3979 650 4023 et
672 3979 844 4035 metet,
869 3986 931 4024 ac
950 3970 996 4024 si
1013 3971 1246 4025 diceret:
1272 3971 1371 4036 Qui
1394 3973 1595 4026 bonum
1619 3972 1761 4042 quod
1789 3980 1966 4043 potest
1993 3987 2057 4028 ea

467 4067 687 4114 tantum
705 4059 1003 4114 intentione
1029 4060 1161 4130 agit,
1180 4068 1239 4113 ut
1265 4059 1442 4114 futura
1473 4069 1525 4115 et
1548 4070 1750 4116 aeterna
1771 4078 1802 4116 a
1832 4063 2060 4119 Domino

478 4148 704 4220 recipiat
720 4149 957 4219 przemia,
977 4148 1282 4204 econtrario
1303 4147 1506 4203 fructus
1526 4148 1650 4204 boni
1672 4149 1893 4205 seminis
1912 4165 2057 4207 mes-

473 4254 638 4298 surus
661 4248 746 4296 est
769 4241 825 4295 in
850 4239 1063 4295 caelesti
1083 4239 1280 4308 patria.

549 4331 915 4404 Unusquisque
951 4340 1104 4401 prout
1142 4331 1418 4386 destinavit
1446 4331 1501 4385 in
1538 4331 1694 4386 corde
1722 4348 1842 4398 suo,
1869 4349 1971 4388 non
1996 4350 2062 4388 ea:

2149 1855 2351 1910 Christi
2390 1855 2552 1910 ﬁeri?
2590 1854 2794 1925 angelis
2840 1855 3152 1924 adzequari?
3189 1854 3526 1910 Honoremus
3550 1855 3732 1927 igitur,

2149 1945 2346 2002 fratres
2368 1946 2692 2012 charissimi,
2718 1946 2935 2002 beatum
2955 1945 3324 2012 Laurentium,
3352 1945 3445 2017 qui
3473 1944 3602 2000 dum
3633 1945 3736 2002 ﬁde

2149 2054 2246 2094 sua
2286 2039 2650 2108 persecutoris
2701 2038 2948 2094 ﬂammas
3002 2039 3150 2103 vicit,
3181 2037 3419 2093 ostendit
3454 2036 3613 2092 nobis
3641 2052 3738 2108 per

2149 2130 2328 2202 ignem
2355 2129 2477 2186 ﬁdei
2506 2131 2763 2200 gehennae
2793 2129 3042 2214 incendia
3083 2129 3349 2200 superari.
3390 2127 3740 2184 Gaudeamus

2148 2238 2363 2295 quoque
2408 2225 2606 2296 gaudio
2659 2222 2910 2292 spiritali,
2954 2231 3009 2277 et
3060 2221 3126 2277 de
3154 2221 3450 2276 felicissimi
3482 2220 3586 2274 viri
3632 2219 3740 2273 ﬁne

2149 2312 2445 2383 gloriemur
2473 2312 2528 2366 in
2581 2312 2829 2378 Domino,
2861 2309 3014 2379 cujus
3047 2312 3288 2366 oratione
3332 2321 3388 2365 et
3432 2310 3738 2380 patrocinio

2149 2401 2392 2470 adjuvari
2425 2417 2524 2457 nos
2548 2402 2664 2457 sine
2689 2402 2989 2457 cessatione
3028 2402 3370 2466 conﬁdimus,
3400 2402 3445 2457 si
3492 2399 3613 2468 ejus
3649 2415 3739 2455 so-

2150 2495 2346 2550 lemnia
2376 2495 2554 2565 dignis
2580 2495 2821 2550 moribus
2861 2503 2916 2549 et
2962 2494 3165 2548 sanctis
3208 2493 3462 2563 cperibus
3497 2492 3741 2548 celebre-

2150 2603 2302 2653 mus;
2329 2589 2742 2642 corroboremus
2767 2602 2866 2642 nos
2893 2587 3122 2641 invicem
3147 2586 3340 2656 spiritu
3365 2586 3656 2640 cbaritatis
3675 2585 3744 2640 ad

2150 2681 2484 2750 superandus
2519 2696 2710 2735 omnes
2756 2680 3084 2736 tentationes
3125 2689 3182 2736 et
3238 2678 3486 2743 insidias,
3539 2680 3741 2732 mirum

2151 2785 2461 2832 constantes
2486 2775 2678 2841 simus,
2707 2782 2761 2830 et
2786 2775 2840 2830 in
2880 2774 3025 2829 omni
3073 2774 3216 2829 bono
3241 2773 3524 2828 unanimes
3550 2781 3746 2826 contra

2152 2869 2392 2922 omnium
2419 2867 2674 2922 vitiorum
2724 2865 2974 2921 stimulos
3017 2864 3142 2920 ﬁdei
3191 2865 3378 2936 clypeo
3407 2863 3746 2927 muniantur,

2152 2971 2250 3027 per
2275 2971 2402 3012 eum
2427 2956 2520 3026 qui
2561 2955 2692 3011 vicit
2719 2954 2988 3010 diabolum
3013 2963 3069 3010 et
3120 2955 3275 3010 nobis
3329 2954 3475 3009 illum
3522 2954 3751 3010 vincere

2153 3047 2518 3103 valetudinem
2550 3047 2717 3113 dedit,
2745 3045 2904 3103 Jesus
2955 3046 3204 3102 Christus
3252 3046 3513 3102 Dominus
3558 3054 3752 3102 noster

2155 3139 2243 3195 cui
2270 3137 2390 3194 laus
2413 3146 2469 3194 et
2496 3138 2665 3209 gloria
2683 3152 2782 3208 per
2800 3153 2990 3193 omnes
3017 3137 3374 3194 acternitates.
3402 3135 3602 3194 Amen.

2651 3268 2926 3326 HOMILIA
2967 3268 3238 3326 CXLVIII.

2706 3396 2757 3434 IN
2793 3395 2965 3434 εουειι
3005 3395 3191 3436 "ESTO.

2297 3494 2484 3550 Lectio
2512 3493 2684 3549 sancti
2708 3493 2978 3562 Evangelii
2999 3493 3291 3548 secundum
3312 3491 3599 3547 Joannem.

2229 3609 2295 3663 In
2318 3608 2409 3663 illo
2440 3618 2684 3679 tempore,
2715 3607 2847 3662 dixit
2875 3606 3032 3661 Iesus
3061 3606 3332 3676 discipulis
3352 3605 3462 3659 suis
3493 3621 3513 3658 :
3557 3605 3754 3665 Amen,

2157 3715 2310 3754 amen
2334 3699 2450 3752 dico
2479 3697 2638 3763 vobis,
2674 3698 2776 3751 nisi
2804 3714 3026 3767 granum
3061 3697 3310 3765 frumenti
3351 3696 3542 3749 cadens
3571 3697 3631 3748 in
3657 3705 3760 3748 ter-

2159 3808 2272 3846 ram
2302 3800 2565 3845 mortuum
2616 3787 2795 3858 fuerit,
2841 3788 3011 3857 ipsum
3052 3786 3224 3840 solum
3260 3795 3470 3849 manet;
3500 3785 3545 3838 si
3573 3794 3760 3838 autem

2157 3891 2424 3936 mortuum
2451 3880 2631 3950 fuerit,
2657 3878 2880 3933 multum
2911 3878 3142 3947 fructum
3171 3877 3342 3945 affert.

2232 3973 2303 4031 Se
2325 3972 2540 4030 dicebat
2566 3973 2740 4042 ipsum
2767 3985 2888 4027 esse
2924 3968 3358 4024 mortiﬁcandnm
3403 3973 3458 4019 et
3485 3964 3756 4036 multipli-

2160 4065 2391 4120 candum
2420 4082 2433 4118 :
2466 4061 2898 4118 mortiﬁcandum
2949 4061 3001 4114 in
3057 4057 3374 4113 inﬁdelitate
3415 4053 3761 4119 Iudaeorum,

2160 4153 2622 4226 multiplicandum
2657 4151 2764 4207 ﬁde
2803 4151 3042 4208 omnium
3085 4148 3434 4218 populorum;
3477 4147 3597 4216 jam
3625 4161 3764 4202 vero

2160 4250 2455 4303 exhortans
2481 4247 2548 4300 ad
2575 4245 2844 4314 passionis
2894 4257 3005 4298 sua:
3052 4238 3303 4296 sectanda
3333 4238 3587 4309 vestigia,
3631 4238 3766 4292 sub-

2158 4337 2336 4409 jungit
2372 4354 2385 4391 :

472 4425 715 4491 tristitia,
741 4434 833 4478 aut
877 4440 942 4479 ea:
970 4421 1289 4478 necessitate.
1339 4422 1395 4478 Id
1435 4430 1536 4488 est,
1569 4423 1922 4492 voluntarius,
1951 4441 2057 4482 non
2085 4445 2138 4504 D
2235 4427 2339 4494 Qui
2366 4434 2510 4481 amat
2535 4425 2767 4480 animam
2789 4440 2962 4489 suam,
2992 4423 3166 4494 perdet
3191 4437 3306 4476 eam
3329 4437 3346 4484 ;
3369 4419 3514 4489 quod
3542 4419 3768 4474 duobus

475 4524 721 4570 coactus.
758 4513 1045 4584 Sequitur:

554 4603 795 4657 Hilarem
816 4603 952 4656 enim
973 4602 1206 4657 datorem
1235 4603 1405 4674 diligit
1431 4602 1590 4669 Deus,
1626 4605 1852 4676 ideoque
1880 4621 2066 4662 secun-

2165 4515 2338 4572 modis
2357 4514 2580 4586 intelligi
2603 4521 2808 4585 potest:
2833 4513 2923 4583 qui
2943 4520 3088 4566 amat
3108 4510 3313 4580 perdet,
3332 4510 3384 4564 id
3403 4509 3550 4563 estsi
3581 4524 3765 4571 amas,

2166 4607 2354 4677 perde,
2391 4606 2436 4661 si
2469 4606 2620 4676 cupis
2646 4606 2813 4660 vitam
2859 4612 3041 4658 tenere
3071 4604 3126 4656 in
3153 4602 3390 4666 Christo,
3425 4599 3536 4654 noli
3563 4600 3770 4654 timere

437 4719 442 4724 -
481 4694 610 4748 dum
639 4693 785 4748 illam
814 4692 1075 4748 faciamus
1111 4692 1418 4750 Salomonis
1453 4697 1797 4763 sententiam,
1841 4698 1897 4752 in
1926 4699 2067 4753 omni
2170 4699 2308 4754 mori
2339 4714 2439 4769 pro
2466 4697 2702 4754 Christo.
2728 4697 2859 4752 Item
2882 4697 2988 4750 alio
3010 4696 3201 4750 modo:
3220 4693 3321 4761 Qui
3348 4699 3497 4746 amat
3516 4692 3772 4746 animam

479 4784 606 4838 dato
631 4781 850 4837 hilarem
880 4783 1076 4838 vultum
1098 4785 1330 4851 ostende,
1353 4788 1478 4856 quia
1500 4785 1640 4842 Deus
1663 4796 1928 4841 scrutatur
1948 4805 2068 4842 cor-

484 4875 567 4930 dis
587 4889 808 4938 arcana,
833 4872 1063 4927 hilarem
1087 4873 1202 4928 vult
1229 4874 1320 4930 hic
1345 4891 1467 4930 esse
1487 4876 1539 4930 in
1564 4877 1746 4932 labore
1771 4893 1870 4932 suo
1885 4877 2069 4933 docto-

485 4980 624 5030 rem,
651 4965 794 5020 unde
838 4963 1040 5020 Paulus
1079 4965 1205 5021 alibi
1233 4967 1348 5021 ait:
1381 4965 1441 5022 Si
1473 4969 1608 5021 enim
1654 4969 1826 5024 volens
1849 4970 1947 5023 hoc
1969 4986 2068 5040 ago

484 5054 771 5111 mercedem
796 5055 982 5122 habeo,
1022 5058 1069 5112 si
1096 5067 1272 5112 autem
1315 5060 1526 5123 invitus,
1579 5060 1898 5129 dispensatio
1943 5061 2072 5113 mihi

486 5149 685 5205 credita
734 5159 832 5217 est,
865 5167 1025 5222 quam
1071 5150 1117 5204 si
1157 5150 1310 5216 digne
1352 5167 1455 5204 non
1490 5150 1658 5216 facio,
1704 5151 1954 5206 ultionem
1987 5168 2060 5206 re-

488 5241 644 5312 cipio.

558 5331 753 5390 Potens
787 5343 862 5390 est
893 5335 1031 5390 enim
1051 5333 1194 5388 Deus
1215 5349 1418 5388 omnem
1440 5335 1664 5405 gratiam
1694 5334 1964 5389 abundare
1991 5335 2075 5404 {a-

487 5442 602 5481 cere
637 5427 693 5480 in
736 5427 903 5482 nobis.
946 5424 1101 5482 Facit
1139 5441 1291 5482 suam
1324 5427 1467 5482 Deus
1496 5441 1710 5496 semper
1734 5427 1787 5480 in
1823 5427 2074 5483 omnibus

488 5516 876 5573 misericordia:
926 5517 1258 5587 largitatem,
1310 5517 1618 5587 quicunque
1667 5517 1880 5573 sincero
1909 5519 2074 5574 corde

488 5606 606 5674 ejus
635 5609 952 5679 quaesierint
974 5609 1294 5664 bonitatem.
1322 5608 1556 5665 Proinde
1579 5617 1829 5665 nostrum
1855 5619 1942 5666 est
1961 5619 2073 5666 tan-

491 5703 603 5750 tum
632 5698 962 5755 voluntatem
991 5707 1227 5754 nostram
1258 5699 1464 5770 puriter
1510 5699 1622 5756 Deo
1665 5701 2069 5767 commendare,

2173 4807 2350 4857 suam,
2372 4791 2563 4862 perdet
2580 4805 2732 4846 eam:
2758 4789 2864 4844 noli
2893 4803 3078 4843 amare
3103 4788 3156 4841 in
3183 4787 3285 4841 hac
3312 4785 3444 4848 vita,
3463 4799 3533 4838 ne
3559 4783 3772 4852 perdas

2179 4884 2231 4938 in
2250 4893 2451 4938 aeterna
2471 4882 2579 4936 vita
2606 4898 2620 4947 ;
2653 4881 2757 4936 hoc
2806 4889 2988 4934 autem
3012 4879 3155 4948 quod
3201 4875 3471 4946 posterius
3496 4874 3614 4928 dixi
3648 4887 3772 4928 ma-

2176 4976 2258 5046 gis
2311 4975 2516 5030 habere
2570 4974 2781 5029 videtur
2842 4971 3183 5043 evangelicus
3239 4983 3447 5025 sensus.
3501 4966 3778 5038 Sequitur

2177 5083 2321 5122 enim
2347 5085 2360 5120 ε

2249 5157 2318 5212 Et
2341 5157 2429 5228 qui
2459 5156 2567 5211 odit
2594 5157 2825 5210 animam
2868 5171 3020 5210 suam
3055 5155 3110 5209 in
3156 5156 3250 5210 hoc
3275 5153 3490 5217 mundo,
3521 5151 3578 5206 in
3608 5155 3783 5206 vitam

2181 5256 2428 5303 ωεστ-παθη
2456 5246 2679 5302 custodit
2704 5263 2840 5301 eam.
2893 5246 3034 5317 Ergo
3073 5246 3217 5316 quod
3242 5260 3405 5315 supra
3429 5244 3642 5300 dictum
3667 5251 3785 5309 est,

2179 5338 2273 5406 qui
2317 5343 2485 5402 amat,
2510 5335 2943 5406 subintelligitur,
2976 5336 3030 5390 in
3057 5336 3160 5391 hoc
3185 5335 3408 5399 mundo,
3431 5333 3547 5403 ipse
3575 5332 3790 5403 utique

2178 5427 2406 5500 perdet;
2439 5429 2530 5499 qui
2563 5436 2743 5482 autem
2769 5427 2904 5492 odit,
2933 5427 3121 5497 utique
3144 5428 3197 5480 in
3222 5426 3326 5480 hoc
3347 5423 3569 5491 mundo,
3603 5423 3668 5477 in
3703 5423 3791 5478 vi-

2179 5527 2289 5572 tam
2309 5526 2568 5574 aeternam
2597 5518 2712 5588 ipse
2740 5517 2975 5572 custodit
2997 5531 3142 5572 eam.
3167 5514 3360 5587 Magna
3378 5523 3434 5570 et
3462 5514 3608 5569 mira
3645 5528 3791 5571 scn-

2177 5610 2342 5666 tentia
2370 5610 2820 5681 quemadmodum
2849 5609 3085 5665 hominis
3130 5609 3202 5664 sit
3236 5607 3289 5662 in
3320 5607 3556 5662 animam
3614 5619 3793 5670 suam

2176 5715 2332 5756 amor
2358 5709 2418 5756 ut
2441 5702 2834 5770 perea:,odium
2863 5714 2930 5756 ne
2959 5709 3191 5769 pereat:
3217 5698 3265 5756 si
3301 5696 3444 5754 male
3466 5694 3792 5761 araveris,
