3950 6184
264 295 372 350 ιδε

1342 290 1647 347 ιιοΜιιιιΕ
1686 290 1754 347 IN
1794 288 1851 346 El

1962 291 2014 348 ι’.
2056 292 2144 348 ΕΤ
2183 291 2439 349 EVANG.
3432 300 3544 354 45-5

259 421 393 467 tunc
419 410 584 467 odisti
610 426 625 475 ;
650 409 696 465 si
736 408 875 469 bene
895 406 1097 472 oderis,
1128 413 1253 461 tunc
1277 406 1492 461 amasti.
1526 405 1734 461 Felices
1753 404 1846 474 qui
1875 408 1927 468 Α
1951 405 2090 460 libus
2117 404 2313 460 mundo
2340 411 2497 461 corde
2517 416 2566 460 et
2594 415 2739 461 casto
2778 423 2993 477 corpore
3032 407 3248 479 dignum
3270 412 3543 479 sapientia

257 502 495 557 oderunt
514 498 890 563 custodiendo,
921 511 990 552 ne
1013 496 1243 567 perdant
1264 495 1514 550 amando.
1539 494 1639 550 llic
1658 494 1854 549 animm

257 592 484 648 nomine
507 588 618 644 vita
641 602 879 660 praesens
906 586 1224 656 designatur
1245 584 1329 639 vel
1349 586 1514 640 etiam
1549 583 1708 652 hujus
1730 583 1855 638 vitae

258 682 575 745 delectatio,
597 695 720 751 quae
746 678 956 750 perdita
1006 685 1109 742 est,
1139 686 1201 730 ut
1239 674 1467 731 feliciter
1490 675 1736 730 invenias
1763 689 1855 729 vo-

258 772 535 830 luntatem
568 783 715 829 tuam
749 772 803 826 in
825 786 994 842 regno
1043 770 1136 824 Dei
1167 785 1328 839 quam
1358 768 1571 824 fortiter
1594 768 1772 824 vicisti
1798 768 1855 823 in

257 864 367 920 hoc
424 863 625 920 saeculo
648 880 663 927 ;
689 878 815 916 nam
847 859 1021 916 sancti
1067 867 1334 932 martyres
1387 859 1513 913 odio
1552 859 1857 913 habuerunt

256 956 404 1012 hanc
423 962 745 1026 prmsentem
775 951 963 1013 vitam,
995 965 1096 1020 pro
1115 949 1318 1005 Christi
1345 949 1564 1005 nomine
1588 950 1714 1004 dum
1742 962 1858 1003 ma-

254 1044 346 1117 gis
372 1028 661 1100 voluei‘unt
713 1042 855 1097 hanc
900 1048 1222 1112 praesentem
1245 1040 1413 1095 vitam
1445 1039 1674 1110 perdere
1691 1052 1856 1108 quam

254 1136 541 1193 Christum
571 1150 790 1205 negare,
814 1132 1100 1203 implentes
1122 1131 1267 1202 quod
1297 1131 1544 1202 sequitur
1571 1145 1587 1184 :
1673 1185 1680 1193 ,

338 1229 399 1285 Si
424 1229 540 1301 quis
560 1227 689 1281 mihi
717 1226 1004 1291 ministrat,
1042 1241 1123 1278 me
1173 1232 1443 1294 sequatur.
1473 1220 1615 1289 Quid
1654 1229 1740 1277 est
1778 1237 1860 1276 me

251 1328 545 1391 sequatur,
572 1316 678 1372 nisi
728 1331 814 1371 me
843 1314 1122 1370 imitetur?
1148 1312 1386 1369 Christus
1415 1314 1555 1368 enim
1577 1328 1766 1383 passus
1784 1320 1859 1366 est

252 1428 359 1482 pro
386 1410 554 1476 nobis,
582 1418 644 1463 ut
666 1408 743 1463 ait
788 1405 1082 1477 Apostolus
1120 1405 1334 1471 Petrus,
1384 1402 1683 1472 relinquens
1712 1403 1860 1458 nobis

252 1500 557 1572 exemplum
580 1510 636 1555 ut
662 1516 947 1570 sequamur
965 1499 1179 1569 uestigia
1198 1497 1334 1568 ejus.
1352 1496 1492 1553 Ecce
1511 1497 1641 1568 quid
1656 1497 1858 1553 dictum

249 1600 364 1656 est,
397 1592 445 1646 si
468 1592 584 1662 quis
610 1590 741 1644 mihi
770 1591 1032 1644 ministrat
1066 1604 1150 1643 me
1178 1587 1467 1659 sequatur?
1510 1600 1618 1658 quo
1646 1585 1862 1642 fructu?

249 1699 367 1755 qna
399 1682 646 1738 mercede
662 1682 688 1734 ἲ
709 1695 818 1751 quo
848 1679 1104 1750 praemio?

1952 496 2055 551 Dei
2096 496 2457 552 habitaculum
2504 498 2560 551 in
2600 514 2655 552 se
2698 507 2957 569 praeparet
3000 501 3375 572 unusquisque.
3406 501 3563 560 Nam.

1954 585 2202 642 subditur
2231 604 2244 640 :
2275 585 2340 640 Et
2380 588 2433 640 in
2478 587 2781 641 htcrcditate
2806 588 2920 658 ejus
2947 590 3212 645 morabor.
3245 591 3565 652 Hmreditas.

1954 675 2051 730 Dei
2075 684 2203 731 sunt
2228 690 2420 731 omnes
2461 676 2747 748 diligentes
2788 678 2987 744 Deum,
3017 688 3073 734 et
3108 679 3226 751 ejus
3247 680 3543 741 voluntatis

1956 766 2143 823 fideles
2168 776 2547 837 cooperatores
2569 768 2621 821 in
2650 783 2805 823 suam
2829 769 3069 839 ipsorum
3110 770 3359 826 salutem.
3397 771 3543 828 Tunc

1953 862 2198 932 praecepit
2222 870 2269 915 et
2295 861 2433 914 dixit
2457 862 2584 915 mihi
2609 872 2814 916 creator
2850 866 3103 928 omnium,
3149 875 3197 919 et
3229 866 3319 936 qui
3351 867 3545 920 creavit

1956 966 2061 1016 me,
2103 952 2345 1020 requievit
2378 951 2432 1005 in
2484 951 2822 1007 tabernaculo
2867 970 3000 1008 meo.
3033 956 3128 1010 Dei
3174 956 3461 1025 sapientia,
3487 957 3543 1012 id

1954 1049 2063 1108 est,
2085 1043 2182 1097 Dei
2210 1042 2353 1098 illius
2375 1059 2600 1100 manens
2626 1045 2677 1099 in
2700 1047 3004 1101 aeternitate
3029 1063 3151 1102 cum
3167 1047 3327 1103 Patre
3348 1049 3541 1119 aequali

1955 1149 2054 1207 per
2095 1135 2278 1190 omnia
2321 1135 2470 1191 Patri
2531 1136 2583 1193 in
2634 1136 2936 1206 majestate,
2990 1140 3262 1195 hominem
3291 1155 3450 1210 quem
3476 1140 3543 1195 ad

1956 1240 2113 1282 suam
2134 1227 2424 1298 imaginem
2469 1227 2602 1284 fecit
2627 1237 2844 1285 aeterna:
2874 1230 3301 1286 immortalitatis
3326 1247 3541 1301 posses-

1957 1333 2137 1376 sorem
2161 1333 2282 1376 esse
2307 1320 2628 1385 constituit;
2663 1320 2759 1377 sed
2802 1321 3025 1377 seducto
3047 1339 3078 1377 a
3105 1322 3337 1388 diabolo,
3366 1328 3421 1378 et
3447 1338 3545 1393 per

1956 1417 2242 1482 peccatum
2269 1409 2485 1465 mortali
2534 1409 2697 1477 facto,
2733 1426 2831 1466 sua
2873 1411 3243 1487 misericordia
3265 1414 3547 1484 proposuit

1959 1502 2195 1558 humana
2220 1516 2279 1556 se
2310 1502 2460 1555 indui
2488 1503 2840 1570 mortalitate,
2862 1505 3328 1561 uthumanitatem
3349 1505 3559 1561 iterum,

1959 1591 2026 1647 ad
2051 1601 2307 1648 mternam
2332 1592 2613 1648 reduceret
2632 1593 3114 1651 immortalitatem.

2030 1682 2100 1738 Et
2128 1684 2263 1737 dixit
2316 1684 2465 1738 mihi.
2517 1683 2698 1740 Multis
2736 1684 2910 1740 modis
2960 1694 3121 1742 antea
3174 1699 3274 1758 per
3306 1688 3544 1757 patriar-

333 1772 404 1828 Et
430 1774 519 1828 ubi
546 1770 899 1840 sum,inquit,
915 1786 1033 1841 ego,
1057 1769 1170 1827 illic
1197 1778 1253 1825 et
1279 1771 1515 1825 ministri
1538 1767 1643 1823 mei
1668 1774 1850 1823 erunt.

1962 1773 2090 1830 chas
2109 1781 2165 1829 et
2190 1774 2484 1845 prophetas
2505 1790 2662 1831 suum
2689 1775 2816 1832 huic
2844 1776 3045 1833 mundo
3068 1777 3337 1833 nuntiavit
3353 1778 3551 1834 adven-

250 1865 469 1921 Merces
487 1874 574 1920 est
594 1864 797 1919 amoris
821 1871 878 1918 et
902 1862 1085 1933 operis
1115 1861 1352 1933 pretium
1374 1875 1486 1931 quo
1513 1859 1860 1916 ministratur

250 1956 482 2012 Christo
506 1970 629 2012 esse
652 1971 778 2011 cum
806 1954 898 2009 illo
925 1953 1014 2009 cui
1055 1952 1412 2017 ministratur,
1436 1950 1528 2006 ubi
1552 1950 1696 2006 enim
1721 1949 1850 2005 bent

248 2047 369 2101 erit
395 2047 512 2100 sine
544 2046 658 2111 illo,
682 2055 776 2101 aut
797 2045 1069 2116 quomodo
1100 2043 1239 2099 male
1266 2058 1387 2100 esse
1413 2058 1536 2098 cum
1582 2041 1673 2097 illo
1701 2048 1855 2112 pote-

250 2138 367 2193 rit?
401 2136 543 2192 Audi
573 2137 883 2193 evidentius
912 2151 929 2190 :

334 2226 404 2281 Et
447 2228 494 2281 si
549 2228 665 2299 quis
702 2227 833 2282 mihi
884 2226 1284 2292 ministraverit,
1321 2224 1686 2293 honorificabit
1737 2240 1856 2278 eum

252 2317 423 2374 Pater
456 2336 626 2385 meus,
655 2320 746 2390 qui
772 2328 845 2374 est
867 2319 922 2374 in
947 2318 1109 2374 cretis.
1128 2318 1246 2386 Quo
1289 2318 1497 2373 honore
1545 2316 1648 2372 nisi
1679 2324 1741 2371 ut
1786 2316 1859 2372 sit

250 2431 384 2471 cum
415 2415 525 2470 filio
550 2415 701 2484 ejus?
726 2415 878 2483 Quod
900 2415 1046 2469 enim
1069 2415 1320 2484 superius
1353 2413 1451 2479 ait,
1484 2412 1574 2466 ubi
1597 2427 1691 2483 ego
1736 2427 1856 2467 sum

252 2505 376 2560 illic
402 2516 453 2562 et
474 2507 713 2562 minister
741 2523 884 2562 meus
907 2508 1025 2573 erit,
1054 2508 1155 2561 hoc
1194 2505 1512 2575 intelligitur
1539 2503 1858 2574 exposuisse

250 2611 384 2650 cum
428 2595 562 2652 dicit
594 2596 963 2665 honoriﬁcabit
1008 2613 1127 2650 eum
1158 2592 1317 2649 Pater
1344 2611 1509 2649 meus.
1537 2592 1669 2649 Nam
1695 2609 1856 2664 quem

249 2682 523 2753 majorem
549 2686 809 2742 honorem
860 2686 1105 2756 accipere
1130 2685 1331 2756 poterit
1358 2685 1667 2755 adeptatus,
1691 2698 1855 2754 quam

249 2785 322 2831 ut
352 2778 423 2832 sit
444 2778 517 2833 ibi
538 2778 627 2832 ubi
645 2786 730 2833 est
751 2777 945 2832 unicus
971 2792 1078 2831 non
1107 2777 1332 2848 aequalis
1357 2777 1533 2832 factus
1560 2774 1851 2857 divinitati,

248 2870 359 2926 sed
386 2869 638 2926 conscius
661 2870 974 2925 aeternitati.
1008 2868 1146 2937 Quid
1195 2869 1269 2922 sit
1310 2876 1491 2923 autem
1543 2866 1856 2922 ministrare

247 2962 502 3028 Christo,
532 2962 619 3017 cui
649 2961 800 3032 Operi
825 2977 1033 3017 merces
1058 2968 1209 3016 tanta
1251 2960 1587 3032 promittitur
1610 2959 1857 3015 conside-

250 3052 494 3108 randum
514 3060 618 3117 est,
645 3053 691 3107 si
709 3053 825 3123 quis
856 3052 988 3106 mihi
1016 3052 1283 3106 ministrat
1326 3067 1408 3104 me
1430 3061 1695 3122 sequatur,
1748 3051 1853 3107 hoc

1959 1873 2094 1920 tum.

2030 1956 2099 2013 In
2146 1958 2312 2014 Iacob
2349 1958 2607 2014 inhabita.
2660 1959 2720 2015 in
2763 1960 2845 2018 eis
2889 1961 3034 2016 enim
3061 1975 3123 2017 se
3147 1962 3397 2019 habitare
3420 1977 3549 2033 pro-

1957 2048 2129 2116 misit,
2159 2050 2251 2120 qui
2279 2049 2413 2105 vitia
2440 2058 2497 2106 et
2548 2059 2770 2122 peccata
2820 2051 3184 2123 supplantant,
3235 2062 3293 2110 et
3323 2054 3547 2110 concul-

1959 2146 2086 2194 cant
2110 2153 2174 2194 ea
2217 2138 2377 2193 bonae
2417 2139 2755 2211 operationis
2799 2140 2978 2197 studio
3021 2140 3202 2197 divina
3231 2143 3407 2214 gratia
3435 2142 3549 2199 lar-

1958 2228 2141 2300 giente
2161 2247 2174 2283 :
2207 2229 2472 2301 sequitur.

2028 2317 2099 2373 Et
2119 2319 2174 2373 in
2202 2316 2376 2373 Israel
2402 2319 2730 2375 htcrcditare.
2762 2320 2821 2377 ld
2847 2329 2952 2386 est,
3000 2320 3053 2376 in
3081 2322 3166 2377 his
3192 2325 3283 2394 qui
3309 2323 3364 2378 in
3386 2327 3552 2380 casti-

1957 2414 2070 2463 tate
2084 2416 2140 2464 et
2168 2408 2433 2464 bonorum
2449 2424 2675 2480 operum
2696 2411 2985 2467 sanctitate
3007 2411 3104 2467 Dei
3126 2413 3333 2470 visione
3357 2415 3550 2486 dignos

1956 2514 2016 2556 se
2043 2501 2319 2567 exhibent,
2345 2510 2407 2556 ut
2425 2511 2509 2557 est
2532 2501 2661 2558 illud
2689 2521 2703 2558 :
2730 2501 2881 2558 Beati
2901 2504 3084 2559 mundi
3103 2505 3278 2573 corde,
3299 2508 3549 2577 quoniam

1956 2591 2057 2660 ipsi
2075 2591 2245 2647 Deum
2272 2592 2533 2649 videbunt.

2029 2678 2100 2734 Et
2148 2682 2205 2735 in
2258 2681 2434 2737 electis
2469 2683 2598 2737 meis
2649 2684 2795 2738 mitte
2853 2684 3076 2741 radices.
3111 2685 3180 2743 lli
3224 2695 3351 2744 sunt
3403 2688 3570 2744 enim:~

1955 2768 2113 2827 electi
2139 2769 2261 2838 Dei,
2289 2772 2381 2841 qui
2403 2774 2584 2828 omnia
2612 2775 3008 2831 oblectamenta
3036 2777 3199 2849 hujus
3217 2779 3402 2835 ωειηῶ
3439 2788 3565 2835 tota.

1959 2862 2221 2918 deserunt
2242 2863 2542 2932 voluntate,
2578 2867 2673 2937 qui
2702 2866 2828 2922 huic
2878 2867 3082 2924 mundo
3124 2868 3394 2926 inhazrent
3438 2871 3555 2928 sola

1958 2958 2171 3008 tantum
2223 2955 2577 3025 necessitate,
2616 2955 2683 3011 de
2712 2955 2909 3027 quibus
2931 2957 3062 3014 dicit
3084 2958 3375 3029 Apostolus
3403 2975 3418 3016 :
3447 2960 3554 3027 Qui

1955 3051 2181 3097 utuntur
2226 3043 2326 3099 hoc
2357 3044 2576 3111 mundo,
2625 3055 2876 3118 tanquam
2926 3064 3032 3103 non
3087 3058 3325 3117 utantur,
3356 3050 3411 3106 id
3445 3058 3548 3114 est,

249 3143 488 3214 intelligi
511 3143 700 3209 voluit,
729 3159 793 3199 ac
824 3143 871 3198 si
915 3142 1139 3208 diceret,
1182 3141 1228 3195 si
1277 3140 1402 3210 quis
1426 3155 1514 3196 me
1539 3156 1646 3196 non
1670 3140 1850 3211 sequi-
1876 3131 1921 3195 C
1952 3134 2278 3191 necessitate
2306 3143 2537 3202 tantum,
2569 3143 2625 3193 et
2652 3151 2760 3192 non
2796 3137 3170 3195 delectationis
3224 3153 3527 3197 cousensu..

252 3244 372 3300 tur,
396 3250 502 3290 non
524 3234 655 3290 mihi
677 3234 972 3289 ministrat.
1000 3232 1308 3288 Ministrant
1333 3246 1464 3303 ergo
1491 3229 1621 3287 Iesu
1635 3231 1853 3288 Christo

249 3328 352 3400 qui
381 3343 487 3384 non
514 3342 611 3383 sua
638 3333 888 3397 quzerunt
911 3325 1006 3381 sed
1030 3340 1153 3396 quae
1175 3322 1301 3379 lesu
1318 3322 1553 3390 Christi;
1577 3322 1685 3379 hoc
1705 3322 1852 3378 enim

251 3429 360 3483 est,
384 3436 469 3487 me
509 3427 778 3490 sequatur,
805 3417 921 3472 vias
947 3416 1186 3471 ambulet
1207 3428 1376 3480 meas,
1405 3428 1512 3469 non
1538 3427 1689 3480 suas,
1710 3412 1854 3469 sicut

252 3509 386 3566 alibi
408 3509 671 3580 scriptum
700 3516 785 3564 est
804 3526 817 3562 :
835 3506 940 3574 Qui
964 3524 1020 3562 se
1045 3506 1169 3560 dicit
1197 3507 1253 3560 in
1274 3504 1484 3560 Christo
1508 3518 1740 3570 manere,
1761 3503 1855 3557 de-

255 3602 341 3657 bet
369 3602 503 3656 sicut
533 3600 622 3656 ille
642 3599 950 3666 ambulavit,
976 3608 1024 3654 et
1060 3599 1170 3671 ipse
1195 3596 1486 3652 ambulare.
1536 3596 1707 3669 Igitur
1757 3594 1852 3667 qui

258 3691 358 3747 tali
410 3691 571 3746 modo
622 3691 870 3760 sequitur
896 3689 1184 3746 Dominum
1215 3687 1514 3753 Christum,
1556 3687 1764 3742 scilicet
1794 3695 1855 3742 ut

253 3785 515 3840 mandata
541 3782 658 3852 ejus
676 3783 988 3838 custodiens
1016 3782 1069 3836 in
1092 3780 1207 3835 ﬁde
1235 3789 1381 3837 recta
1410 3795 1583 3850 usque
1612 3781 1666 3836 in
1689 3781 1851 3836 finem

248 3879 591 3943 perseveret,
616 3871 732 3941 ipse
764 3887 888 3927 cum
913 3886 979 3925 eo
1008 3870 1061 3924 in
1083 3869 1291 3926 caelesti
1314 3885 1481 3942 regno
1508 3870 1764 3942 gaudebit
1795 3871 1851 3926 in

250 3969 606 4034 perpetuum.

779 4046 1064 4104 HOMILIA
1099 4047 1329 4105 CXLIX.

574 4156 627 4195 IN
666 4154 1031 4195 ASSUIIPTIONE
1070 4154 1287 4195 ελδερ-τε
1326 4150 1529 4197 “KNS.

676 4229 861 4285 Lectio
888 4229 1011 4285 libri
1046 4229 1432 4287 Ecclesiastici.

335 4321 404 4376 In
443 4322 682 4377 omnibus
730 4322 811 4376 his
853 4322 1083 4393 requiem
1111 4322 1347 4392 qua'sivi,
1384 4332 1432 4377 ct
1455 4323 1512 4377 in
1541 4323 1847 4381 htrreditate

254 4411 476 4467 Domini
500 4412 764 4466 morabor.
794 4411 937 4466 Tunc
960 4414 1203 4483 prrrcepit
1231 4423 1279 4467 et
1307 4413 1442 4468 dixit
1482 4414 1611 4468 mihi
1640 4425 1847 4471 creator

2027 3224 2098 3280 Et
2121 3227 2198 3281 sic
2224 3227 2279 3281 in
2301 3225 2432 3281 Sion
2450 3227 2663 3296 firmata
2689 3246 2829 3295 sum,
2845 3240 2893 3284 et
2914 3231 2971 3285 in
2993 3231 3200 3287 civitate
3219 3233 3551 3302 sanctificata

1952 3315 2197 3371 similiter
2222 3318 2466 3387 requievi,
2479 3326 2527 3373 et
2551 3318 2608 3373 in
2627 3317 2964 3374 Hierusalem
2983 3330 3214 3392 potestas
3235 3338 3372 3377 mea.
3389 3322 3454 3379 In
3472 3333 3552 3379 ta-

1953 3405 2095 3463 libus
2130 3407 2281 3463 enim
2316 3406 2414 3464 Dei
2434 3407 2700 3479 sapientia
2724 3408 2868 3465 illius
2903 3410 3001 3467 Dei
3021 3426 3248 3469 manere
3271 3413 3555 3485 dignatur,

1952 3499 2046 3568 qui
2098 3498 2365 3555 honorum
2411 3514 2638 3570 operum
2666 3501 2929 3573 exemplis
2970 3503 3247 3574 speculum
3273 3505 3401 3561 vitae
3425 3506 3549 3564 aliis

1951 3591 2196 3662 praabent
2234 3591 2289 3646 in
2321 3592 2648 3663 semetipsis,
2672 3601 2729 3649 et
2756 3592 2812 3647 in
2840 3602 3030 3649 sancta
3056 3593 3299 3651 Ecclesia
3342 3596 3550 3652 sanctis

1954 3680 2196 3737 moribus
2223 3681 2573 3753 sibimetipsis
2599 3691 2656 3739 et
2675 3681 2794 3738 aliis
2817 3690 3115 3755 operantur
3131 3683 3384 3751 salutem,
3401 3694 3456 3742 et
3479 3687 3548 3742 ad

1952 3780 2170 3827 aeternae
2188 3772 2339 3843 pacis
2360 3772 2629 3829 visionem
2655 3773 2936 3832 festinant.

2024 3871 2280 3928 Radicavi
2307 3874 2363 3927 in
2407 3873 2602 3945 populo
2627 3874 2998 3946 honoriﬁcam,
3043 3885 3093 3932 et
3121 3877 3177 3932 in
3219 3887 3395 3949 partes
3449 3877 3548 3932 Dei

1953 3962 2054 4018 mei
2079 3963 2358 4019 hwreditas
2393 3965 2559 4021 illius.
2599 3965 2775 4039 Elegit
2811 3967 2957 4024 enim
2985 3966 3130 4025 Deus
3151 3984 3265 4040 prae
3293 3969 3548 4027 omnibus

1951 4056 2202 4129 gentibus
2220 4056 2578 4115 lsraeliticum
2599 4060 2851 4132 populum
2871 4061 3222 4133 peculiarem,
3243 4063 3369 4134 quia
3378 4063 3547 4120 Israel

1950 4147 2036 4204 vir
2068 4148 2259 4207 videns
2288 4149 2458 4207 Deum
2507 4150 2728 4219 dicitur,
2750 4166 2845 4209 eos
2863 4152 2979 4210 vult
3006 4153 3360 4225 spiritualiter
3380 4155 3543 4211 intel-

1952 4235 2066 4308 ligi,
2096 4237 2188 4308 qui
2217 4239 2467 4295 castitate
2512 4240 2642 4296 vitae
2677 4241 2733 4296 in
2782 4250 2975 4298 sancta
3029 4244 3442 4300 conversatione
3474 4247 3544 4302 ad

1949 4335 2152 4383 aeterna
2178 4343 2394 4402 semper
2424 4330 2622 4403 gaudia
2652 4332 3063 4402 contemplanda
3085 4331 3360 4389 festinant.
3388 4334 3545 4400 Quod

1948 4432 2137 4475 eorum
2166 4427 2374 4475 tantum
2403 4422 2603 4477 donum
2630 4429 2737 4486 est,
2759 4422 2849 4493 qui
2876 4421 3058 4476 divina
3080 4423 3256 4494 gratia
3278 4424 3543 4508 largiente

254 4505 499 4559 omnium
533 4518 551 4555 :
584 4513 634 4559 et
659 4505 751 4575 qui
773 4480 969 4559 crearit
993 4519 1097 4571 me,
1122 4480 1367 4576 requievit
1409 4504 1466 4559 in
1507 4506 1847 4563 tabernaculo
1872 4480 1927 4541 D
1951 4525 2052 4581 pro
2072 4511 2189 4568 solo
2203 4514 2442 4585 appetitu
2464 4523 2681 4570 aeterna:
2693 4480 2878 4586 gloria:
2900 4480 3249 4573 continentia:
3270 4480 3540 4579 vel‘etiam

253 4611 397 4661 nco,
434 4604 541 4649 etc.

332 4683 426 4739 Dei
452 4684 592 4739 (ilius
617 4685 844 4741 verbum
868 4694 927 4742 et
967 4687 1230 4758 sapientia
1278 4687 1374 4745 Dei
1420 4691 1592 4760 patris
1634 4690 1845 4749 locutus

249 4789 352 4846 per
378 4773 724 4831 Salomonetn
755 4776 809 4831 in
842 4792 1069 4849 persona
1097 4780 1376 4849 sapientiae
1413 4780 1559 4850 quod
1593 4792 1677 4837 est
1707 4784 1842 4852 ipse,

249 4867 590 4923 annuntians
623 4867 858 4923 humano
884 4871 1068 4940 generi
1119 4870 1264 4941 quod
1308 4872 1363 4927 in
1391 4873 1473 4929 eis
1501 4875 1843 4945 requiescere

247 4967 304 5010 et
347 4956 400 5011 in
432 4956 538 5013 illis
568 4972 789 5013 manere
834 4960 1186 5028 desideraret,
1216 4963 1343 5035 quia
1386 4963 1549 5020 homo
1591 4967 1661 5021 ad
1703 4966 1843 5021 ima-

248 5054 433 5126 ginem
457 5054 554 5110 Dei
582 5054 777 5122 factus,
808 5057 930 5113 siin
961 5038 1072 5115 Deo
1102 5076 1325 5118 manere
1366 5063 1620 5131 voluerit,
1643 5067 1845 5123 mundo

248 5147 422 5203 corde
465 5156 521 5203 et
572 5148 786 5203 sincera
838 5150 1112 5209 voluntate
1157 5155 1301 5210 Deus
1350 5155 1406 5211 in
1459 5172 1525 5213 eo
1557 5167 1763 5225 manet,
1789 5167 1847 5216 et

248 5238 366 5308 ipse
418 5240 473 5293 in
514 5238 646 5296 Deo.
687 5239 836 5296 Unde
867 5242 923 5297 in
969 5247 1223 5314 praesenti
1268 5245 1520 5315 lectione,
1550 5266 1713 5320 quam
1743 5267 1842 5307 au-

246 5330 408 5385 distis
447 5330 692 5400 loquitur
716 5333 978 5403 sapientia
1018 5335 1114 5391 Dei
1172 5339 1239 5394 ad
1268 5339 1515 5397 homines
1544 5342 1686 5399 filius
1706 5343 1831 5400 Dei:

246 5419 319 5474 In
345 5421 589 5477 omnibus
622 5424 704 5479 his
754 5427 979 5498 requiem
1005 5431 1241 5501 qutrsivi,
1287 5440 1347 5487 ut
1377 5441 1464 5489 est
1507 5434 1638 5490 illud
1690 5437 1837 5507 quod

242 5512 539 5584 Apostolus
558 5516 662 5572 ait:
682 5517 821 5575 Deus
838 5522 977 5575 enim
1000 5521 1107 5577 uult
1131 5524 1609 5582 omnemlwminem
1634 5529 1838 5585 salvum

245 5604 363 5675 ﬁeri
388 5617 439 5663 et
474 5609 534 5664 in
561 5612 882 5683 agnitionem
908 5615 1136 5671 ueritatis
1155 5619 1349 5684 venire,
1374 5629 1430 5674 ut
1459 5620 1638 5676 relicto
1660 5641 1838 5683 errore

248 5705 472 5757 torrem
496 5703 931 5779 concupiscentia:
949 5717 997 5763 et
1021 5709 1293 5767 desideriis
1317 5715 1622 5785 expugnatis
1650 5734 1838 5776 carna-

1953 4604 2284 4677 virginitatis
2301 4606 2639 4678 propositum
2662 4614 2905 4663 servant.

2025 4713 2192 4782 Quasi
2216 4716 2400 4772 cedrus
2419 4716 2654 4773 mltata
2680 4733 2800 4773 sum
2837 4716 2892 4773 in
2933 4718 3157 4788 Libano,
3197 4730 3249 4777 et
3273 4725 3428 4795 quasi
3448 4742 3540 4796 ey-

1949 4826 2157 4880 pressus
2202 4811 2260 4864 in
2286 4820 2460 4865 monte
2490 4809 2642 4866 Sion.
2675 4810 2885 4867 Codrus
2936 4822 3101 4883 atque
3129 4830 3420 4886 cypressus
3443 4821 3542 4893 qui

1949 4900 2148 4957 summi
2199 4900 2383 4956 odoris
2425 4911 2552 4957 sunt
2590 4904 2833 4968 arbores,
2855 4911 2914 4959 et
2950 4904 3173 4961 altiores
3224 4910 3440 4968 caeteris
3481 4912 3539 4969 in

1947 4990 2152 5047 Libano
2174 4991 2481 5059 arboribus,
2504 4992 2595 5062 qui
2626 4993 2915 5049 ecclesiam
2939 4995 3243 5067 signiﬁcant
3276 5003 3540 5061 excelsio-

1946 5084 2023 5140 ris
2051 5082 2106 5138 in
2126 5082 2356 5140 ecclesia
2382 5082 2599 5139 virtutis
2626 5084 2775 5140 viros
2798 5100 3089 5155 possumus
3130 5088 3454 5166 intelligere,
3480 5090 3539 5151 id

1944 5182 2048 5239 est,
2077 5176 2318 5244 virgines
2364 5174 2457 5246 qui
2485 5176 2842 5232 centesimum
2885 5188 3168 5237 merentur
3188 5194 3391 5241 metere
3415 5184 3533 5241 fm-

1945 5271 2116 5319 ctum.
2148 5263 2303 5332 Quod
2344 5263 2630 5322 manifeste
2674 5266 2947 5338 signatum
2990 5279 3081 5328 est
3121 5272 3177 5328 in
3219 5273 3533 5331 beatissima

1944 5353 2038 5410 Dei
2066 5355 2327 5426 genitrice
2352 5355 2540 5422 Maria,
2567 5358 2721 5430 cujus
2762 5360 2922 5416 hodie
2949 5377 3192 5419 annuum
3231 5366 3372 5421 diem
3401 5365 3535 5422 bea-

1942 5442 2167 5500 tissima:
2180 5446 2563 5514 assumptionis
2575 5447 2919 5509 celebramus
2938 5454 2992 5508 in
3011 5454 3231 5521 ctelum,
3245 5455 3370 5525 quia
3385 5457 3533 5527 quod

1943 5533 2088 5590 Deus
2113 5534 2209 5590 Dei
2238 5535 2380 5591 lilius
2395 5551 2455 5592 se
2472 5537 2531 5592 in
2558 5538 2704 5595 hunc
2723 5541 2987 5598 mundum
3009 5544 3078 5599 ad
3107 5543 3532 5617 redemptionem

1944 5627 2163 5682 humani
2198 5630 2415 5700 generis
2443 5632 2656 5692 venisse
2692 5634 2965 5706 promisit,
3014 5651 3121 5693 non
3154 5651 3251 5709 per
3305 5648 3532 5711 nuptam

1946 5721 2192 5789 quamvis
2208 5732 2448 5781 sanctam
2459 5766 2477 5793 ,
2496 5736 2553 5783 ut
2572 5726 2801 5803 legimus
2826 5728 3012 5805 multis
3029 5728 3084 5786 in
3099 5729 3400 5802 scripturis,
3418 5748 3528 5791 lien
