3950 6184
444 315 548 373 ιδδ

1083 318 1145 373 Β.
1185 319 1435 373 BABANI
1475 316 1693 374 MAURI
1731 316 2049 374 ARClllEP.
2090 315 2400 374 MOGUNT.
2432 314 2718 373 OPE-RUM
2752 317 2934 376 PARS
2973 319 3037 376 ll.

3604 327 3717 385 456

439 445 540 504 per
576 431 794 487 viduam
820 443 1047 499 castam,
1093 433 1186 490 sed
1214 449 1309 504 per
1346 433 1520 488 solum
1572 435 1674 489 hoc
1726 436 2026 506 virgineum
2054 433 2107 494 Α
2130 432 2242 488 ctlo
2267 440 2383 499 est,
2417 441 2636 488 erutam
2667 442 2905 491 mentem
2941 451 2971 490 a
3008 436 3219 492 cunctis
3252 436 3456 494 habere
3484 446 3719 500 terrenis

439 539 641 595 corpus
669 524 930 595 implevit.
971 524 1106 591 Quia
1154 526 1312 595 quasi
1357 526 1438 582 sol
1476 528 1658 583 oriens
1702 527 1906 583 nitidus
1960 527 2027 583 ab

437 615 587 670 omni
642 614 949 686 pollutionis
1004 619 1164 673 sorde
1211 619 1477 688 processit
1518 635 1581 678 ex
1612 628 1767 676 utero
1800 620 2027 690 virginis

436 703 781 784 matris;felix
810 714 958 762 certe
977 713 1032 763 et
1064 709 1210 764 omni
1260 708 1420 766 laude
1445 710 1787 782 dignissima,
1816 728 1935 783 quae
1958 712 2026 768 de

437 795 575 852 emlo
619 798 857 869 suscepit
891 799 1101 870 prolem
1132 810 1189 857 et
1216 804 1415 859 mundo
1446 806 1631 876 genuit
1658 806 2018 863 salvatorem:

438 902 561 943 cum
590 888 754 958 igitur
779 898 927 946 tanta
954 891 1063 947 sint
1090 894 1281 949 merita
1309 895 1657 966 virginitatis,
1712 912 1818 952 non
1841 906 2022 953 tamen

434 979 799 1047 repudiandus
821 991 905 1037 est
931 984 1120 1041 thorus
1144 985 1410 1040 castitatis
1442 1004 1455 1039 :
1485 987 1611 1056 quia
1639 987 1836 1042 bonum
1859 988 2024 1059 virgi-

432 1067 623 1124 nitatis
673 1087 777 1125 non
810 1072 913 1126 nisi
956 1089 986 1127 a
1015 1072 1279 1144 coniugali
1319 1075 1476 1131 thoro
1505 1077 1768 1147 procedit,
1799 1079 2023 1133 castitas

435 1158 601 1229 igitur
624 1160 677 1214 in
704 1162 911 1231 virgine
942 1163 1049 1217 alta
1076 1172 1160 1219 est
1187 1172 1244 1218 et
1288 1180 1497 1220 summa
1521 1167 1565 1222 si
1596 1166 1648 1220 in
1674 1170 1835 1223 corde
1861 1168 2021 1222 simul

431 1252 675 1320 persistit
700 1262 756 1309 et
789 1270 1033 1323 corpore,
1070 1257 1163 1312 sed
1191 1257 1411 1313 castitas
1457 1258 1757 1330 coniugalis
1781 1261 2024 1316 sanctior

428 1350 513 1397 est
542 1345 740 1411 quaein
783 1346 948 1402 corde
991 1347 1151 1403 simul
1188 1349 1428 1419 persistit
1456 1358 1509 1405 et
1536 1364 1763 1420 corpore
1784 1358 2017 1417 constat,

426 1451 590 1506 quam
625 1436 712 1492 illa
740 1452 859 1508 quae
900 1439 953 1493 in
1004 1441 1165 1496 corde
1196 1450 1402 1497 tantum
1432 1450 1517 1497 est
1551 1453 1702 1498 casta
1749 1451 1806 1499 et
1856 1442 2021 1499 corde

428 1529 657 1585 diversis
679 1539 763 1587 est
789 1531 964 1587 modis
988 1533 1310 1600 adulterata,
1338 1535 1452 1590 sive
1484 1535 1537 1589 in
1557 1530 1819 1603 iactantia
1849 1544 1943 1591 aut
1963 1537 2019 1592 in

426 1618 677 1688 superbia
705 1628 800 1675 aut
830 1621 994 1677 etiam
1035 1622 1088 1678 in
1119 1625 1358 1694 appetitu
1389 1623 1647 1681 libidinis.
1684 1625 1855 1694 Unde,
1887 1627 2021 1683 dileo

429 1706 679 1775 ctissimi,
700 1710 857 1766 nobis
884 1712 1030 1767 omni
1053 1714 1231 1770 studio
1254 1729 1555 1782 servemus,
1573 1733 1677 1772 nou
1700 1718 1874 1774 solum
1897 1732 2018 1774 cor-

2128 537 2360 593 eamque
2401 533 2666 594 quantum
2714 526 2949 581 humana
3001 526 3342 585 imbecillitas
3383 531 3515 587 sinit
3563 535 3720 591 unire

2129 626 2251 667 cum
2277 612 2516 679 Christo,
2542 614 2731 671 activa:
2756 631 2886 671 vero
2909 633 3070 687 quam
3100 616 3357 689 frequens
3384 621 3455 677 sit
3476 624 3721 682 ministe-

2128 703 2291 767 rium,
2321 704 2560 771 gentium
2587 704 2845 776 magister
2869 706 3081 772 edocet,
3115 707 3208 777 qui
3234 708 3581 767 creberrimis
3604 713 3720 782 epi-

2122 793 2387 849 stolarum
2413 794 2575 850 dictis
2603 810 2733 851 suos
2758 811 2858 867 pro
2881 795 3101 853 Christo
3126 805 3266 853 terra
3295 801 3542 871 marique
3567 802 3720 858 labo-

2126 899 2217 939 res
2258 900 2323 940 ac
2360 900 2455 941 sua
2494 888 2735 957 pericula
2772 900 3184 944 commemorat.
3226 891 3282 946 lu
3319 894 3517 962 quibus
3551 897 3716 953 etiam

2125 976 2363 1032 visiones
2402 984 2456 1032 et
2489 977 2850 1035 revelationes
2886 980 3099 1035 Domini
3144 985 3562 1052 commendans,
3605 1004 3715 1042 non

2125 1067 2303 1122 minus
2339 1083 2398 1122 se
2442 1068 2495 1122 in
2532 1068 2861 1138 spcculativa
2898 1069 3096 1125 virtute
3126 1074 3270 1141 quod
3315 1083 3398 1128 est
3414 1068 3713 1144 imitabile.

2124 1169 2556 1216 consummatum
2581 1160 2748 1216 fuisse
2768 1161 3052 1233 signiﬁcat.
3076 1162 3232 1221 Unde
3252 1165 3404 1232 dicit,
3427 1168 3544 1225 sive
3566 1171 3715 1226 enim

2121 1259 2304 1306 mente
2330 1253 2631 1307 excidimus
2656 1252 2789 1319 Deo,
2819 1255 2935 1310 sive
2964 1256 3130 1311 sobrii
3158 1272 3345 1313 sumus
3371 1261 3547 1316 vobis.

2196 1340 2329 1407 Quae
2350 1343 2490 1396 stetit
2520 1351 2569 1397 et
2595 1343 2671 1397 ait
2700 1356 2720 1397 .‘
2750 1343 3004 1410 Domine,
3034 1362 3139 1399 non
3164 1356 3240 1401 est
3280 1349 3375 1402 tibi
3402 1366 3543 1403 curre
3568 1352 3712 1421 quod

2121 1452 2272 1491 soror
2292 1453 2407 1491 mea
2438 1437 2644 1509 reliquit
2669 1453 2754 1491 me
2772 1437 2941 1492 solam
2971 1439 3316 1495 ministrare?
3352 1440 3452 1496 Dic
3478 1459 3601 1513 ergo
3628 1444 3712 1497 illi

2120 1536 2178 1580 ut
2203 1542 2284 1581 me
2312 1527 2545 1598 adjuvet.
2580 1527 2658 1584 De
2694 1528 2908 1584 illorum
2944 1545 3178 1600 persona
3209 1534 3463 1603 loquitur,
3494 1537 3587 1606 qui
3613 1537 3710 1593 ad.

2120 1618 2226 1673 huc
2253 1618 2943 1690 dlvinaacontemplationis
2982 1621 3155 1691 ignari
3200 1622 3370 1678 solum
3397 1628 3540 1694 quod
3565 1627 3677 1682 didi

2121 1723 2245 1765 cere
2274 1707 2529 1765 fraternae
2554 1710 2858 1766 dilectionis
2883 1725 3020 1781 opus
3052 1712 3162 1767 Deo
3191 1712 3449 1783 placitum
3475 1716 3685 1772 ducunt

431 1812 552 1866 pus,
570 1799 664 1854 sed
684 1800 848 1856 etiam
872 1817 967 1857 ροι-
995 1813 1237 1860 nostrum
1266 1804 1335 1860 ab
1354 1808 1500 1862 omni
1522 1809 1665 1878 quod
1692 1810 1805 1865 mm
1828 1809 2012 1865 Domi-
2047 1794 2091 1853 ll
2120 1799 2346 1869 ideoque
2381 1808 2606 1856 cunctos
2643 1800 2734 1870 qui
2776 1799 2996 1857 Christo
3030 1801 3208 1858 devoti
3240 1817 3364 1860 esse
3388 1804 3557 1860 velint
3582 1806 3710 1862 ltuit.

422 1903 547 1951 pus,
570 1898 625 1944 et
646 1890 698 1945 in
715 1893 859 1947 omni
885 1895 1025 1963 quod
1049 1896 1098 1950 ei
1120 1896 1295 1966 placet
1315 1899 1639 1955 confirmare
1652 1917 1746 1956 cor
1773 1912 2013 1957 nostrum

425 1978 541 2047 cius
569 1982 997 2039 misericordiam
1030 1988 1398 2056 postulemus;
1427 1998 1480 2045 et
1507 1991 1650 2046 inter
1681 1992 1794 2048 haec
1832 1994 2011 2049 omnia

424 2078 538 2125 toto
566 2073 746 2129 cordis
776 2073 969 2130 all‘ectu
1000 2092 1098 2132 nos
1141 2078 1400 2135 auxilium
1445 2080 1615 2136 beatis
1638 2082 1876 2153 Virginis
1913 2084 2014 2138 im-

424 2165 752 2236 plorcmus;
799 2167 926 2238 quia
979 2168 1106 2223 dum
1155 2184 1256 2226 nos
1309 2185 1429 2227 eam
1482 2173 1707 2245 supplici
1754 2173 2013 2246 obsequio

419 2256 827 2328 frequentamus
848 2259 902 2313 in
931 2260 1113 2326 terris,
1132 2260 1249 2331 ipsa
1279 2278 1378 2319 nos
1396 2263 1579 2319 sedula
1600 2281 1763 2336 prece
1789 2265 2011 2323 Christo

418 2344 649 2404 Domino
697 2356 886 2405 nostro
940 2351 1322 2409 commendare
1385 2354 1641 2426 dignatur
1702 2357 1755 2412 in
1821 2358 2007 2423 caelis;

417 2436 560 2504 quod
587 2437 703 2509 ipse
729 2447 987 2510 praestare
1008 2441 1259 2513 dignetur
1284 2444 1376 2515 qui
1409 2445 1463 2500 in
1512 2446 1751 2503 trinitate
1770 2448 2008 2519 perfecta

420 2538 613 2599 regnat
656 2538 713 2587 et
754 2531 1061 2588 dominatur
1082 2548 1181 2603 per
1199 2536 1379 2590 omnia
1428 2537 1621 2593 saecula
1662 2540 2003 2596 saeculorum.

412 2623 608 2678 Amen.

995 2694 1276 2751 HOMILlA
1314 2695 1419 2752 CL.

887 2802 951 2841 IN
1004 2803 1235 2843 BODEI
1295 2805 1518 2847 resro.

574 2878 762 2934 Lectio
789 2878 962 2935 sancti
992 2878 1267 2948 Evangelii
1298 2882 1595 2937 secundum
1622 2882 1845 2939 Lucam.

486 2990 555 3045 In
579 2988 671 3044 illo
698 3001 948 3061 tempore,
978 2989 1193 3044 intravit
1232 2989 1389 3048 Iesus
1424 2992 1479 3047 in
1513 2996 1777 3066 quoddam
1818 2998 2003 3053 castel-

414 3081 560 3148 lum;
598 3090 645 3136 et
684 3080 872 3135 mulier
898 3081 1174 3152 qua’dam,
1204 3079 1417 3138 Martha
1442 3087 1675 3154 nomine,
1711 3091 1908 3161 excepit
1934 3090 1999 3145 il-

410 3173 521 3227 lum
548 3174 604 3227 in
629 3172 839 3227 domum
871 3188 1023 3226 suam
1055 3186 1073 3224 :
1099 3181 1146 3227 et
1176 3172 1296 3227 huic
1317 3185 1430 3229 erat
1456 3193 1609 3231 soror
1636 3180 1843 3235 nomine
1876 3180 1997 3236 Ma-

412 3266 516 3333 ria,
553 3273 658 3321 etc.

484 3358 611 3417 Haec
657 3359 816 3417 lectio
844 3362 1108 3433 superiori
1143 3363 1506 3435 pulcherrima
1544 3363 1751 3419 ratione
1792 3380 1994 3422 conne-

396 3452 603 3519 ‘ctitur,
634 3451 760 3523 quia
792 3453 1040 3509 videlicet
1066 3455 1157 3510 illa
1185 3456 1527 3512 dilectionem
1556 3455 1650 3511 Dei
1680 3466 1735 3514 ct
1760 3459 1993 3527 proximi

404 3544 590 3607 verbis
609 3552 663 3599 et
686 3545 975 3617 parabolis,
1002 3547 1118 3603 haec
1138 3555 1318 3603 autem
1345 3549 1474 3618 ipsis
1499 3550 1660 3605 rebus
1686 3558 1742 3605 et
1767 3552 1996 3607 veritate

406 3630 673 3706 designat.
714 3636 843 3693 Duae
876 3637 1074 3710 quippe
1110 3639 1228 3694 istm
1261 3639 1490 3695 Domino
1533 3640 1741 3696 dilecta:
1778 3657 1995 3698 sorores

405 3723 540 3781 duas
566 3727 706 3782 vitas
735 3727 1005 3799 spiritales
1035 3730 1232 3800 quibus
1259 3731 1311 3786 in
1340 3732 1592 3802 praesenti
1622 3743 1806 3787 sancta
1832 3749 1991 3789 exer—

405 3824 559 3871 cetur
586 3815 850 3883 Ecclesia,
882 3803 1274 3875 demonstrant.
1310 3820 1518 3877 Martha
1552 3823 1768 3893 quidem
1810 3834 1994 3879 actua-

406 3905 654 3976 lem,qua
684 3908 932 3977 proximo
960 3908 1013 3963 in
1042 3911 1309 3966 charitatc
1336 3915 1638 3982 sociamur;
1669 3915 1833 3970 Maria
1865 3932 1993 3972 vero

386 3996 1023 4068 ‘contemplativam,qua
1058 3999 1114 4053 in
1149 3999 1244 4055 Dei
1284 4018 1469 4058 amore
1508 4006 1858 4076 suspiramus.
1889 4007 1993 4063 Ac-

390 4087 515 4141 tiva
542 4087 689 4143 enim
726 4088 835 4144 vita
870 4097 953 4145 est
984 4105 1180 4162 panem
1218 4092 1481 4149 esurienti
1519 4095 1787 4160 tribuere,
1828 4100 1994 4154 verbo

404 4180 684 4251 sapientia
714 4180 1045 4238 nescientem
1075 4183 1291 4251 docere,
1322 4196 1592 4241 errantem
1623 4189 1894 4259 corrigere
1924 4192 1991 4247 ad

402 4271 756 4330 humanitatis
778 4273 941 4341 viam,
965 4276 1363 4347 superbientem
1385 4278 1688 4349 proximum
1712 4296 1990 4350 revocare,

403 4365 734 4424 inﬁrmitatis
779 4383 963 4425 curam
1000 4385 1216 4441 gerere,
1261 4386 1382 4442 quae
1420 4371 1646 4444 singulis
1691 4374 1991 4445 quibusque

401 4459 692 4530 expediant
733 4461 1077 4533 dispensare,
1120 4469 1175 4516 et
1210 4463 1514 4518 commissis
1559 4463 1715 4519 nobis
1759 4464 1994 4535 qualiter

403 4552 697 4614 subsistere
722 4552 937 4609 valeant
954 4553 1258 4624 providere.
1282 4552 1711 4625 Contemplativa
1735 4571 1861 4611 vero
1881 4556 1990 4610 vita

402 4649 484 4696 est
509 4641 829 4699 eharitatem
858 4646 1075 4716 quidem
1106 4645 1200 4701 Dei
1232 4655 1287 4701 et
1309 4647 1540 4717 proximi
1569 4650 1680 4702 tota
1704 4658 1885 4703 mente
1908 4664 1993 4704 re-

403 4735 607 4802 tinere,
637 4736 745 4811 sed,
762 4738 832 4794 ab
854 4741 1111 4796 exteriori
1147 4742 1358 4796 actione
1385 4742 1698 4812 quiescere,
1727 4742 1827 4799 soli
1855 4743 1995 4798 desi-

399 4824 557 4880 derio
588 4827 888 4885 conditoris
914 4831 1180 4888 inhaerere
1209 4841 1267 4887 ut
1302 4833 1436 4888 nihil
1471 4848 1632 4904 agere
1668 4833 1862 4900 libeat,
1895 4834 1989 4889 sed

400 4916 621 4974 calcatis
648 4920 796 4975 curis
819 4923 1069 4978 omnibus
1094 4925 1164 4979 ad
1193 4924 1475 4980 videndam
1506 4924 1698 4979 faciem
1726 4925 1988 4980 creatoris

400 5010 484 5065 sui
511 5011 725 5067 animus
758 5013 1085 5081 inardescat,
1118 5016 1190 5071 ita
1218 5026 1274 5070 ut
1295 5015 1410 5085 iam
1435 5016 1643 5072 noverit
1668 5016 1850 5071 carnis
1868 5031 1990 5071 cor—

700 5102 912 5172 pondus
936 5119 1059 5160 cum
1094 5119 1328 5161 mter-ore
1355 5116 1606 5177 portare,
1632 5107 1869 5179 totisque
1895 5107 1987 5163 de-

384 5190 616 5248 sideriis
656 5202 911 5266 appetere
950 5195 1059 5251 illis
1092 5196 1419 5268 hymnidieis
1453 5197 1768 5271 angelorum
1805 5197 1988 5254 choris

384 5285 695 5353 interesse,
731 5287 1018 5344 admisceri
1048 5287 1357 5346 caelestibus
1378 5290 1679 5362 civibus,de
1698 5299 1900 5347 aeterna
1931 5289 1985 5343 in

397 5387 687 5448 conspectu
717 5378 810 5433 Dei
838 5378 1241 5450 incorruptione
1263 5382 1518 5452 gaudere.

473 5467 606 5537 Qua
638 5471 799 5526 etiam
843 5472 1025 5528 sedens
1064 5488 1214 5528 secus
1250 5481 1404 5545 pedes
1446 5474 1692 5540 Domini,
1737 5475 1984 5529 audiebat

384 5562 610 5621 uerbum
638 5563 819 5630 illius;
848 5563 1065 5620 Martha
1091 5575 1265 5621 autem
1291 5567 1561 5637 satagebat
1580 5567 1722 5621 circa
1745 5567 1986 5639 frequens

402 5652 769 5713 ministerium.
803 5656 932 5715 llaec
967 5658 1184 5729 utrique
1216 5660 1341 5717 vitae
1371 5675 1671 5731 congruere
1702 5674 1863 5716 nemo
1893 5661 1986 5731 qui

405 5740 645 5815 dubitet,
686 5755 741 5802 et
781 5749 1211 5824 contemplativa:
1251 5751 1782 5825 quidem'unilormis
1808 5751 1990 5824 perfe-

2119 1892 2508 1961 mancipandos
2533 1900 2834 1948 autumant.

2188 1978 2257 2032 Et
2287 1980 2601 2049 respondens
2644 1981 2780 2035 dixit
2813 1980 2895 2036 illi
2923 1982 3180 2039 Dominus
3219 2000 3239 2039 :
3278 1983 3525 2051 Martha,
3555 1984 3712 2041 Har-

2114 2070 2225 2135 tha,
2255 2068 2482 2124 sollicita
2506 2087 2560 2125 es
2582 2081 2630 2125 et
2658 2071 2888 2127 turbaris
2915 2089 3039 2145 erga
3058 2074 3325 2145 plurima;
3353 2093 3512 2146 porro
3540 2094 3708 2135 unum

2114 2171 2190 2216 est
2222 2162 2591 2217 necessarium.
2625 2163 2692 2219 Et
2721 2163 2915 2221 beatus
2937 2165 3106 2221 David
3130 2166 3304 2222 solum
3327 2167 3430 2223 hoc
3453 2184 3706 2224 necessa-

2117 2252 2255 2306 rium
2301 2252 2503 2309 homini
2543 2268 2665 2310 esse
2706 2254 3005 2322 definiens,
3049 2256 3160 2312 Deo
3193 2256 3395 2329 iugiter
3436 2259 3707 2316 iuhaarere

2113 2341 2389 2397 desiderat
2416 2343 2604 2399 dicens
2637 2362 2652 2397 :
2684 2343 2821 2399 Mihi
2859 2354 3035 2400 autem
3071 2346 3338 2402 adharere
3369 2347 3480 2403 Deo
3507 2348 3703 2405 bonum

2109 2440 2208 2493 at,
2230 2448 2422 2502 ponere
2443 2432 2498 2486 in
2510 2432 2736 2489 Domino
2755 2433 2861 2489 Deo
2883 2451 3027 2505 spent
3045 2452 3214 2490 meam
3231 2453 3251 2500 ;
3271 2445 3326 2492 et
3350 2437 3475 2492 alibi
3494 2437 3703 2494 :Unmn

2109 2524 2234 2593 petii
2262 2541 2295 2578 a
2324 2523 2568 2589 Domino,
2601 2526 2738 2582 Itane
2766 2528 3053 2598 requiram,
3084 2538 3140 2581 ut
3167 2528 3448 2584 inhabitant
3463 2530 3519 2585 in
3543 2531 3702 2586 domo

2110 2615 2323 2671 Domini
2351 2617 2588 2673 omnibus
2613 2618 2793 2674 diebus
2821 2619 2938 2675 vita:
2963 2636 3115 2686 mere,
3138 2630 3193 2674 ut
3224 2621 3424 2677 rideant
3455 2622 3700 2690 volupta-

2109 2717 2211 2761 tem
2252 2706 2464 2762 Domini
2496 2717 2544 2762 et
2585 2709 2785 2763 visitem
2831 2709 3078 2779 tanplum
3122 2720 3361 2765 sanctum
3403 2711 3538 2781 ejus.
3581 2710 3698 2765 Una

2107 2811 2238 2866 ergo
2263 2805 2319 2852 et
2342 2797 2455 2852 sola
2484 2805 2568 2853 cst
2596 2797 2821 2864 theoria,
2854 2799 2906 2853 id
2934 2806 3042 2859 est.
3072 2798 3455 2870 contemplatio
3481 2800 3579 2856 Dei
3609 2801 3698 2855 cui

2110 2886 2302 2942 merito
2322 2888 2501 2944 omnia
2523 2886 2973 2957 iustiﬁcationum
3000 2890 3222 2957 merita,
3250 2891 3503 2946 universa
3525 2890 3696 2945 ι’ῖτιιιο

2106 2988 2220 3034 tum
2252 2980 2431 3036 studia
2455 2990 2869 3052 postponuntur.

2176 3069 2236 3124 Η
2240 3070 2352 3125 aria
2376 3072 2625 3141 optimam
2647 3085 2847 3142 portent
2869 3071 3039 3141 elegit,
3062 3088 3181 3142 qua:
3205 3089 3309 3127 non
3334 3072 3608 3142 auferetur
3628 3073 3696 3128 ab

2024 3145 2069 3210 C
2098 3173 2182 3212 ea.
2210 3158 2350 3214 Ecce
2369 3174 2496 3229 pars
2522 3159 2748 3216 Marthae
2774 3175 2877 3215 non
2907 3162 3345 3231 reprehenditur,
3386 3162 3482 3218 sed
3511 3162 3697 3221 Maris

2098 3249 2368 3317 laudatur,
2399 3267 2574 3321 neque
2595 3253 2742 3307 enim
2768 3254 2960 3307 bonam
2985 3263 3194 3322 partem
3216 3252 3445 3322 elegisse
3470 3252 3701 3308 Mariam

2094 3343 2249 3409 dicit,
2273 3343 2368 3399 sed
2394 3344 2752 3414 optimam,ut
2770 3344 2931 3399 etiam
2956 3359 3084 3413 pars
3108 3344 3334 3399 Martha:
3355 3343 3704 3413 iudicaretur

2094 3434 2259 3491 bona.
2295 3434 2475 3501 Quare
2499 3445 2680 3493 autem
2709 3449 2839 3504 pars
2869 3434 3053 3489 Mariae
3089 3436 3161 3489 sit
3184 3435 3390 3505 optima
3420 3434 3701 3489 subinfer-

2096 3535 2188 3580 tur
2210 3541 2334 3580 cum
2365 3526 2566 3581 dicitur
2590 3542 2708 3596 quae
2732 3542 2837 3581 non
2865 3525 3137 3595 auferetur
3170 3525 3236 3579 ab
3270 3542 3352 3580 ea.
3382 3513 3576 3580 Activa
3606 3534 3697 3580 et-

2094 3617 2240 3671 enim
2273 3617 2387 3673 vita
2417 3632 2541 3672 cum
2574 3632 2805 3687 corpore
2834 3617 3045 3673 deficit:
3070 3617 3193 3687 quis
3218 3617 3364 3674 enim
3405 3617 3459 3671 in
3485 3625 3696 3672 aeterna

2095 3712 2272 3782 patria
2304 3727 2498 3781 panem
2537 3711 2796 3767 esurienti
2838 3710 3082 3781 porrigat
3135 3709 3224 3765 ubi
3270 3724 3431 3765 nemo
3475 3709 3697 3765 esurit?

2094 3805 2219 3876 quis
2260 3815 2449 3875 potum
2500 3806 2705 3860 tribuat
2757 3805 2964 3861 sitienti
3003 3805 3095 3861 ubi
3134 3820 3294 3861 nemo
3350 3805 3505 3860 sitit?
3557 3804 3694 3872 Quis

2094 3906 2366 3952 mortuum
2398 3898 2623 3968 scpcliat
2652 3898 2741 3953 ubi
2784 3912 2944 3953 nemo
2975 3898 3241 3953 moritur?
3271 3896 3405 3953 Cum
3436 3899 3694 3965 prmseuti

2094 4003 2223 4059 ergo
2251 3988 2448 4043 smculo
2478 3988 2586 4042 vita
2610 3988 2854 4043 aufertur
2890 3991 3065 4043 activa
3094 4007 3106 4039 :
3134 3987 3555 4057 contemplativa
3588 4005 3691 4042 au-

2097 4068 2203 4134 tem
2246 4080 2335 4134 hic
2371 4080 2658 4150 incipitur,
2692 4089 2754 4134 ut
2793 4080 2844 4134 in
2889 4079 3093 4134 cmlcsti
3135 4079 3311 4149 patria
3345 4078 3689 4149 perficiatur,

2094 4172 2219 4241 quia
2245 4187 2400 4227 amor
2421 4171 2577 4242 ignis,
2606 4172 2697 4241 qui
2729 4173 2818 4228 hic
2846 4173 3041 4227 ardere
3070 4173 3308 4236 inchoat,
3337 4186 3462 4225 cum
3484 4171 3686 4241 ipsum,

2093 4278 2254 4333 quem
2284 4262 2683 4328 amat,viderit,
2716 4264 2769 4317 in
2798 4277 2984 4317 amore
3010 4261 3242 4332 amplius
3264 4260 3512 4332 ignescit.
3544 4259 3691 4315 Con-

2095 4355 2404 4425 templatira
2431 4370 2561 4426 ergo
2584 4355 2694 4409 vita
2727 4355 2948 4410 minime
2971 4354 3235 4418 aufertur,
3259 4354 3385 4423 quia
3407 4352 3685 4407 subtracta

2094 4445 2376 4513 pnesentis
2406 4444 2587 4500 steeuli
2615 4445 2733 4500 lucc
2756 4445 3034 4516 perﬁcitur
3060 4444 3117 4499 in
3153 4452 3354 4499 interna
3380 4443 3554 4515 gloria
3587 4458 3686 4513 per

2092 4537 2275 4592 Jesum
2321 4537 2593 4593 Christum
2643 4538 2928 4593 Dominum
2980 4545 3228 4592 nostrum
3273 4536 3364 4606 qui
3401 4552 3531 4595 cum
3572 4536 3685 4592 Deo

2092 4626 2256 4682 Patre
2283 4627 2335 4682 in
2363 4629 2572 4682 unitate
2598 4627 2834 4697 Spiritus
2871 4628 3045 4683 sancti
3076 4628 3210 4684 vivit
3236 4639 3291 4685 et
3318 4638 3511 4701 regnat
3538 4629 3683 4685 Deus

2092 4734 2191 4787 per
2216 4718 2399 4773 omnia
2423 4717 2619 4775 saecula
2648 4718 2989 4775 szeculorum.
3019 4717 3208 4776 Amen.

2662 4831 2938 4888 llOMlLlA
2979 4832 3107 4889 CLI.

2352 4938 2668 4979 ηεβυοκΑοΑ
2709 4940 2807 4979 XI"
2848 4940 2977 4979 POST
3015 4939 3412 4981 PENTECOSTEN.

2426 5012 2613 5069 Lectio
2638 5013 2891 5083 Epistulae
2917 5013 2982 5067 ad
3008 5012 3335 5071 Corinthios.

2166 5107 2412 5173 Fratres,
2441 5105 2692 5175 ﬁduciam
2722 5104 2877 5159 talem
2908 5104 3157 5159 habemus
3190 5122 3281 5174 per
3314 5102 3579 5160 Christum
3608 5106 3679 5160 ad

2088 5196 2256 5251 Deum
2287 5215 2305 5251 :
2336 5213 2439 5251 non
2479 5196 2620 5266 quod
2647 5195 2953 5266 sufﬁcientes
2981 5192 3192 5266 [simus]
3219 5195 3449 5265 cogitate
3477 5195 3679 5266 aliquid

2089 5309 2121 5345 a
2150 5292 2315 5355 nobis,
2348 5290 2498 5362 quasi
2525 5306 2591 5345 ea:
2620 5289 2801 5355 nobis;
2829 5288 2918 5344 sed
2946 5290 3252 5360 δηῃίεἰεηιὶα
3276 5299 3455 5344 nostra
3479 5306 3545 5344 ea:
3568 5289 3680 5344 Deo

2094 5391 2181 5443 εει.
2220 5391 2325 5438 etc.

2163 5473 2526 5529 Dubitandum
2551 5488 2657 5530 non
2678 5481 2782 5539 est,
2800 5472 3155 5538 dilectissimi,
3179 5485 3397 5528 omnem
3417 5470 3680 5527 observa-

2093 5566 2294 5621 tionem
2322 5566 2686 5621 Christianam
2725 5565 3049 5621 conditionis
3081 5578 3201 5621 essc
3229 5564 3423 5619 divina:
3445 5570 3504 5618 et
3524 5560 3682 5632 quid-

2094 5657 2222 5728 quid
2254 5658 2309 5712 in
2334 5656 2579 5713 ecclesia:
2616 5657 3006 5713 consuetudine
3039 5666 3125 5712 est
3164 5664 3442 5726 receptum
3473 5654 3539 5710 de
3566 5662 3681 5708 tra-

2096 5751 2297 5805 ditione
2336 5751 2625 5822 apostolica
2663 5760 2719 5804 et
2759 5748 2826 5805 dc
2862 5750 3034 5805 sancti
3075 5748 3309 5820 Spiritus
3340 5746 3561 5818 prodire
3586 5745 3681 5803 do-
