3950 6184
318 263 430 321 437

1410 254 1716 315 ΗΟΗΙΙΛΛΕ
1756 254 1823 310 IN
1855 253 2075 311 EPIST.
2114 251 2202 308 ET
2237 250 2492 333 EVANG.

3490 248 3606 311 £38

322 374 526 433 ιιι-ιω.
577 370 732 431 Unde
768 370 902 433 dicit
952 369 1008 426 in
1050 368 1302 441 praesenti
1346 366 1583 425 lectione
1612 367 1906 439 apostolo,
1937 370 1988 431 Α
2013 365 2102 431 illa
2132 365 2244 419 vita
2268 364 2414 421 beati
2439 363 2605 420 futuri
2634 372 2789 430 sunt,
2806 364 2933 436 quia
2955 365 3029 423 ibi
3046 365 3290 423 oman
3314 364 3607 425 beatorum-

320 464 582 536 μυθίδια
608 461 771 518 talem
792 460 1044 517 habemus
1070 478 1163 531 per
1186 457 1453 516 Christum
1476 460 1547 515 ad
1570 459 1761 526 Deum,
1785 458 1911 530 quia

322 554 580 613 mimus
604 568 703 610 vos
729 567 837 611 non
874 566 1032 622 posse
1068 566 1166 622 per
1206 551 1559 621 vosmetipsos
1595 548 1912 616 credidisse,

320 645 426 701 sed
458 644 638 700 divina
668 651 878 699 tantum
912 649 1102 713 agente
1128 641 1300 713 gratia
1327 658 1341 694 :
1369 656 1474 695 non
1497 639 1637 711 quod
1661 639 1918 712 suﬁcien-

322 745 407 791 tes
429 751 614 791 sumus
642 734 875 804 cogitare
904 731 1103 802 aliquid
1125 749 1158 785 a
1189 732 1355 794 nobis,
1381 731 1534 802 quasi
1552 745 1618 786 ea:
1649 730 1817 795 nobis,
1836 728 1916 786 Ac

317 822 376 883 si
404 824 639 879 diceret:
656 821 804 876 Nihil
832 830 1015 877 nostra
1044 820 1523 891 possumusiacere
1548 818 1831 890 prudentia
1859 825 1917 873 et

323 913 552 980 virtute,
573 922 633 967 ul.
649 912 766 983 ipse
790 911 1048 967 Dominus
1066 911 1175 965 ait:
1202 909 1328 966 Sine
1350 927 1430 967 me
1452 909 1526 964 nil
1549 912 1794 981 potestis;
1817 924 1914 967 ne-

322 1020 434 1075 que
459 1019 557 1076 per
580 1019 682 1059 nos
712 1003 1016 1059 rusticanos
1038 1001 1285 1058 homines
1309 1018 1547 1073 unquam
1574 1001 1693 1057 ﬁeri
1719 1003 1913 1072 potuit,

324 1104 390 1150 ut
424 1102 574 1150 tanta
619 1102 765 1150 esset
817 1093 1052 1148 ﬁdelium
1095 1094 1382 1150 multitudo
1428 1092 1801 1149 festinantium
1846 1093 1914 1151 ad

323 1187 583 1250 salutem,
609 1186 727 1241 sine
752 1186 924 1256 gratia
954 1184 1069 1240 Dei.
1097 1183 1249 1240 Unde
1276 1184 1522 1240 subditur
1559 1201 1571 1237 :

402 1274 510 1330 Sed
539 1274 848 1346 suficientis
875 1283 1055 1329 nostra
1081 1290 1146 1328 ex
1182 1272 1288 1327 Deo
1316 1283 1412 1328 est.
1439 1273 1542 1340 Qui
1564 1273 1746 1329 omnia
1771 1289 1915 1345 qua:-

324 1378 547 1433 cunque
573 1362 806 1418 voluerit
835 1370 1090 1432 operatur
1116 1361 1370 1440 in_servis
1399 1362 1530 1418 suis.
1714 1434 1721 1435 γ

402 1453 510 1520 Qui
530 1464 577 1509 et
607 1454 822 1509 idoneos
851 1469 944 1507 nos
976 1451 1097 1521 fecit
1125 1452 1388 1509 ministros
1414 1451 1551 1506 Novi
1579 1451 1915 1510 Testamenti.

325 1546 402 1602 Ut
430 1545 818 1617 adimpleretur
842 1544 1121 1617 prophetia
1149 1559 1270 1614 qum
1293 1545 1453 1599 dicit:
1472 1544 1629 1617 Aperi
1657 1562 1714 1600 os
1744 1556 1913 1614 tuum,

323 1646 377 1688 et
401 1652 492 1705 ego
517 1634 808 1707 adimplebo
830 1634 993 1700 illud;
1017 1643 1073 1689 et
1092 1635 1204 1704 ipse
1229 1634 1515 1690 Dominus:
1536 1633 1658 1691 Non
1677 1637 1814 1690 enim
1829 1653 1917 1693 vos
2015 1697 2023 1700 ,

321 1727 474 1792 estis,
502 1725 698 1795 inquit,
716 1726 809 1797 qui
838 1725 1147 1797 loquimini;
1176 1725 1267 1780 sed
1298 1723 1526 1797 Spiritus
1558 1724 1740 1781 Patris
1764 1727 1917 1783 vestri
1944 1725 1991 1786 Β

318 1818 415 1886 qui
436 1818 669 1888 loquitur
685 1820 741 1874 in
760 1818 923 1883 vobis;
940 1828 994 1873 et
1018 1819 1234 1884 iterum,
1253 1818 1363 1889 Ego
1382 1818 1518 1872 enim
1542 1818 1676 1874 dabo
1699 1819 1836 1874 vobis
1856 1835 1913 1876 os

322 1923 376 1966 et
405 1912 743 1982 sapientiam.
771 1910 927 1967 Unde
951 1911 1096 1967 cnim
1127 1911 1228 1966 nisi
1263 1926 1294 1965 a
1324 1910 1527 1981 Spiritu
1557 1922 1748 1967 sancto
1773 1912 1917 1983 Apo-

320 2004 449 2059 stoli
485 2013 596 2057 tam
626 2002 802 2057 idonei
828 2001 1045 2057 fuerunt
1073 2009 1135 2057 ut
1158 2010 1306 2057 tanta
1343 2017 1441 2073 per
1470 2017 1566 2057 eos
1591 2002 1772 2058 divina
1802 2016 1919 2074 my-

319 2104 423 2153 δίει
441 2097 490 2150 ia
522 2095 869 2151 credentibus
898 2095 1302 2151 revelarentur?
1330 2094 1589 2166 Sequitur
1616 2115 1630 2152 :

399 2184 526 2239 Non
559 2184 756 2238 littera.
796 2184 910 2239 Non
935 2186 1080 2239 enim
1113 2186 1293 2241 omnia
1326 2186 1440 2242 hmo
1469 2186 1522 2241 in
1548 2185 1746 2243 litteris
1776 2194 1921 2243 vete-

324 2278 405 2333 ris
430 2276 569 2346 legis
600 2284 940 2348 repererunt,
963 2277 1059 2333 sed
1081 2275 1315 2346 Spiritus
1340 2277 1516 2333 sancti
1546 2277 1773 2334 docente
1795 2293 1919 2349 gra-

326 2368 401 2423 tia
432 2368 762 2423 didicerunt.

396 2457 600 2513 Littera
624 2459 763 2513 enim
798 2458 1003 2513 occidit.
1037 2456 1176 2526 Quia
1206 2458 1260 2514 in
1288 2458 1404 2530 lege
1434 2458 1630 2516 littera}
1652 2458 1799 2515 nulla
1827 2476 1916 2516 re-

325 2546 552 2613 missio,
580 2547 676 2602 sed
708 2562 922 2618 semper
954 2548 1086 2604 ultio
1113 2558 1431 2614 exercetur,
1471 2558 1532 2605 ut
1567 2551 1672 2606 hoc
1698 2557 1784 2607 est
1812 2565 1827 2605 :
1860 2548 1919 2607 Si

325 2638 450 2706 quis
477 2637 584 2693 hoc
611 2638 695 2694 vel
719 2637 849 2692 illud
880 2638 1088 2705 iecerit,
1118 2647 1293 2695 morte
1321 2639 1606 2697 moriatur.

401 2727 635 2800 Spiritus
661 2738 836 2783 autem
860 2730 1100 2799 viri/ient.
1132 2729 1190 2785 Η
1211 2738 1316 2795 est,
1342 2731 1428 2787 lex
1453 2732 1642 2803 gratim
1662 2733 1923 2805 spiritalis

324 2836 547 2877 omnem
578 2820 854 2875 hominem
877 2820 997 2899 .vult
1028 2820 1236 2876 salvum
1271 2820 1388 2877 ﬁeri
1419 2830 1474 2878 et
1510 2822 1564 2877 in
1590 2824 1920 2895 agnitionem

325 2911 581 2966 veritatis
620 2911 837 2976 venire,
875 2921 1240 2983 teternamque
1271 2913 1436 2968 vitam
1468 2913 1720 2970 omnibus
1749 2913 1920 2971 ﬁdeli-

328 3012 417 3058 ter
454 3002 823 3072 quaerentibus
852 3011 1091 3073 prastat.

405 3091 563 3159 Quod
603 3093 651 3147 si
686 3094 1003 3149 ministratio
1040 3097 1253 3160 mortis,
1307 3095 1494 3151 litteris
1532 3097 1831 3168 deformata
1866 3100 1921 3154 in
1949 3067 1993 3129 C

326 3168 617 3250 lapidibus,
650 3184 749 3253 fuit
777 3184 828 3237 in
854 3183 1044 3255 gloria.
1074 3185 1203 3253 Qua:
1226 3187 1514 3244 mortiﬁcat
1537 3198 1849 3259 peccatores
1869 3197 1925 3245 et

330 3273 578 3341 daiuuat,
594 3284 652 3331 et
672 3284 877 3330 tantum
902 3277 1316 3335 observantibus
1334 3295 1453 3334 eam
1477 3282 1762 3350 prtcsentia
1784 3283 1924 3338 bona

324 3364 641 3437 promittit,
673 3373 727 3421 et
752 3367 818 3420 de
854 3365 1049 3422 futuris
1079 3383 1179 3423 nec
1219 3369 1547 3426 mcutio:rem
1578 3354 1736 3436 facit,
1764 3379 1821 3425 ct
1847 3378 1925 3426 ta-

326 3472 464 3525 men
493 3457 546 3511 in
575 3472 767 3529 magna
792 3456 963 3528 gloria
985 3465 1105 3513 erat
1133 3459 1490 3526 observanda,
1523 3461 1646 3528 quia
1678 3461 1924 3515 umbram

339 3548 569 3606 futuror.
599 3566 649 3605 ιιι
681 3551 945 3606 bonorum
989 3553 1333 3625 monstravit.
1375 3551 1463 3608 Ita
1502 3565 1556 3607 ut
1584 3571 1689 3609 non
1722 3565 1927 3626 possent

337 3639 609 3693 intendere
633 3639 734 3708 ﬁlii
761 3639 933 3694 Israel
958 3642 1012 3695 in
1038 3640 1227 3711 facient
1258 3640 1451 3712 Moysi,
1474 3653 1684 3713 propter
1703 3642 1926 3713 gloriam

340 3728 514 3783 vultus
540 3729 678 3799 ejus,
704 3746 822 3801 qua:
851 3742 1134 3785 evacuatur
1165 3747 1264 3801 pcr
1288 3731 1485 3787 Christi
1512 3734 1817 3804 passionem
1841 3743 1925 3788 at-

342 3835 450 3889 que
483 3821 931 3876 resurrectionem
951 3861 967 3889 ,
993 3836 1112 3892 qua:
1137 3822 1375 3878 omnium
1406 3822 1783 3892 supcrexcellit
1806 3838 1928 3895 gra-

344 3909 499 3963 tiam.

418 4001 693 4067 Quomodo
741 4020 846 4058 non
888 4004 1053 4075 magis
1101 4006 1419 4061 m.'uistratio
1458 4005 1688 4076 Spiritus
1730 4008 1830 4060 erit
1876 4007 1930 4060 in

342 4094 555 4166 gloria?
592 4095 649 4152 Si
683 4098 827 4151 enim
864 4097 1009 4167 quod
1046 4099 1296 4154 evacuari
1326 4108 1507 4169 potest
1540 4099 1593 4154 in
1630 4099 1800 4170 gloria
1824 4109 1928 4165 est,

345 4190 553 4255 quanto
581 4188 754 4259 magis
779 4190 922 4259 quod
955 4188 1024 4244 ad
1050 4200 1307 4245 aeternam
1337 4189 1562 4261 gloriam
1591 4190 1738 4246 ducit
1770 4189 1932 4261 glori-

346 4279 619 4336 ﬁcaudum
658 4290 742 4337 est
776 4283 1032 4352 operibus
1074 4282 1280 4338 sanctis
1325 4289 1379 4338 et
1415 4281 1614 4354 justis,
1641 4290 1702 4336 ut
1729 4290 1932 4338 aeterna

345 4371 515 4427 etiam
540 4371 707 4444 gloria
735 4388 834 4444 per
857 4375 971 4429 haec
995 4375 1300 4429 mereatur!
1334 4372 1471 4429 Nam
1508 4373 1649 4429 sicut
1675 4384 1795 4428 orto
1821 4371 1934 4429 sole

347 4461 533 4519 lumen
557 4464 872 4520 obtunditur
898 4465 1059 4532 lunte,
1081 4481 1207 4521 cum
1234 4474 1415 4521 tamen
1432 4480 1531 4521 suo
1554 4473 1793 4535 tempore
1814 4480 1932 4519 ma-

348 4571 515 4627 gnum
543 4556 747 4622 habeat,
766 4556 944 4610 lumen
966 4598 980 4621 ,
1019 4556 1091 4611 ita
1124 4555 1528 4625 comparatione
1556 4555 1740 4626 gloria:
1773 4568 1935 4609 evan-

350 4647 540 4718 gelica:
559 4647 914 4705 obumbratur
931 4649 1105 4707 omnis
1134 4648 1304 4718 gloria
1329 4648 1526 4704 veteris
1548 4647 1699 4718 legis.
1731 4646 1866 4702 Nam
1889 4648 1935 4702 si

348 4738 715 4793 ministerium
758 4739 1116 4795 damnationis
1155 4738 1325 4810 gloria
1368 4747 1480 4804 cst,
1530 4746 1732 4808 quanto
1766 4737 1938 4809 magis

350 4830 717 4885 ministerium
737 4827 995 4898 justitiae,
1023 4829 1343 4885 dimittenda
1378 4835 1601 4900 peccata
1630 4826 1937 4883 hominibus

351 4928 409 4976 et
449 4919 517 4976 de
554 4919 681 4974 ﬁliis
713 4919 910 4975 diaboli
953 4919 1091 4976 lilios
1123 4920 1219 4974 Dei
1270 4916 1545 4975 faciendol
1575 4913 1729 4983 Quod
1746 4924 1934 4972 contra

352 5019 482 5065 sunt
514 5012 607 5082 qui
638 5011 893 5067 dicuntur
928 5010 983 5065 in
1019 5011 1122 5066 hac
1158 5010 1267 5066 vita
1300 5009 1466 5074 beati,
1507 5009 1706 5080 quibus
1755 5008 1935 5063 omnia

352 5092 516 5174 hujus
555 5104 738 5158 mundi
771 5117 1027 5175 prospera
1056 5103 1288 5167 cedunt,
1319 5117 1438 5181 quae
1475 5100 1752 5169 beatitudo
1775 5098 1936 5154 simul

353 5210 479 5249 eum
520 5195 637 5262 ipsa
684 5194 868 5250 mundi
903 5195 1179 5250 evanescit
1222 5193 1609 5264 prosperitate;
1660 5190 1713 5246 hi
1757 5198 1936 5246 autem

352 5302 483 5343 vere
517 5286 657 5343 beati
684 5287 937 5342 dicuntur
959 5287 1049 5356 qui
1078 5302 1173 5359 spe
1203 5284 1394 5341 futura:
1424 5283 1772 5342 beatitudinis
1797 5283 1941 5338 beati

354 5386 503 5442 sunt,
533 5377 625 5446 qui
651 5377 741 5432 hic
766 5376 933 5432 multa
956 5385 1175 5448 pr0pter
1196 5376 1361 5431 Deum
1392 5376 1662 5432 sustinent
1690 5373 1939 5439 adversa,

353 5476 411 5523 ct
432 5468 883 5539 quantomajores
907 5477 961 5523 et
982 5466 1388 5536 multipliciores
1413 5462 1775 5543 hujusxsmculi
1806 5463 1940 5518 tolc-

355 5569 481 5613 rant
492 5558 738 5630 injurias,
754 5567 902 5614 tanto
915 5574 1127 5630 semper
1140 5567 1263 5613 sunt
1276 5557 1332 5612 in
1355 5556 1535 5612 aninio
1549 5556 1799 5622 laetiores,
1814 5555 1939 5626 quia

357 5660 509 5710 tanto
540 5650 710 5723 major
738 5652 820 5707 cis
846 5651 1012 5724 gloria
1039 5649 1368 5713 cumulatur,
1384 5650 1475 5720 qui
1501 5664 1605 5705 non
1632 5649 1738 5715 hic,
1767 5646 1859 5703 sed
1887 5646 1942 5701 in‘

1959 4421 2011 4481 Β

2013 457 2291 517 beatitudo
2310 457 2545 530 perfecta
2559 457 2681 513 erit.
2700 456 3037 528 Quapropter
3058 458 3105 514 si
3120 457 3188 513 ad
3211 457 3360 513 illam
3384 458 3595 514 beatam

2015 550 2181 607 vitam
2216 549 2503 621 pervenire
2539 548 2808 614 volumus,
2835 548 3067 605 sollicite
3115 548 3299 605 vivere
3343 547 3601 609 debemus

2014 654 2335 711 semperque
2359 640 2647 694 tcrminum
2663 638 2788 693 vita:
2808 636 2967 706 hujus
2989 637 3217 693 sollicite
3233 638 3599 695 considerare.

2016 731 2397 803 Unusquisque
2456 738 2700 786 nostrum
2728 731 2782 785 in
2805 729 3256 801 contemplatione
3287 729 3431 785 illius
3453 728 3598 791 vitae,

2014 820 2174 891 hujus
2197 820 2379 877 sreculi
2406 834 2661 891 prospera
2687 828 2893 876 caveat.
2921 820 3193 891 Scriptum
3210 828 3297 876 cst
3314 819 3460 877 enim
3495 836 3510 881 ;
3535 818 3611 877 In

2016 912 2256 970 omnibus
2293 910 2533 983 operibus
2571 911 2673 965 tuis
2708 926 2998 965 memorare
3034 912 3317 967 nouissima
3349 921 3442 969 tua
3469 921 3519 967 et
3546 911 3608 971 ξι

2016 1010 2268 1055 internum
2296 1017 2399 1055 non
2423 999 2678 1071 peccabis.
2709 998 2833 1053 Ideo
2855 1000 2991 1054 mori
3013 1008 3224 1069 oportet
3248 1001 3521 1059 hominem

2017 1107 2182 1148 carne
2223 1092 2460 1157 mundo,
2502 1106 2570 1147 nc
2607 1091 2873 1147 moriatur
2914 1092 2970 1148 in
2995 1093 3174 1149 anima
3199 1092 3435 1151 Christo.
3466 1095 3602 1150 Nam

2018 1191 2149 1238 tunc
2169 1180 2399 1251 quisque
2420 1180 2603 1236 vivere
2624 1180 2883 1247 creditur,
2898 1181 2944 1236 si
2971 1181 3153 1238 saeculi
3181 1182 3465 1239 desideriis
3489 1200 3601 1239 mo-

2017 1272 2166 1327 riens
2196 1271 2250 1326 in
2273 1272 2387 1327 solo
2416 1271 2527 1327 Deo
2548 1272 2730 1327 vivere
2755 1271 3068 1344 delectetur,
3120 1271 3384 1343 largiente
3411 1274 3528 1344 ipso
3547 1284 3607 1331 et

2019 1362 2316 1418 auxiliante
2350 1361 2577 1418 Domino
2620 1370 2809 1417 nostro
2846 1360 2974 1419 Jesu
3010 1361 3227 1420 Christo
3252 1364 3346 1434 qui
3386 1365 3517 1419 vivit
3547 1375 3604 1420 ct
3688 1414 3691 1417 .

2019 1456 2210 1521 regnat
2238 1465 2361 1505 cum
2388 1449 2548 1515 Patre
2574 1459 2631 1506 et
2667 1450 2872 1521 Spiritu
2909 1459 3100 1508 sancto
3134 1438 3278 1508 Deus
3300 1467 3398 1522 per
3420 1455 3601 1510 omnia

2018 1541 2213 1599 secula
2250 1542 2588 1599 saeculorum.
2616 1544 2807 1599 Amen.

2578 1655 2858 1713 HOMILIA
2891 1654 3046 1713 CLII.

2509 1760 2671 1800 I‘I'EII
2728 1761 2813 1801 υτ
2871 1759 3101 1801 SUPRA.

2152 1837 2339 1894 Lectio
2367 1836 2541 1893 sancti
2571 1836 2845 1907 Evangelii
2874 1836 3169 1893 secundum
3198 1836 3458 1893 Marcum.

2086 1937 2154 1992 In
2180 1936 2275 1993 illo
2307 1946 2566 2009 tempore,
2590 1937 2768 1992 exiens
2792 1936 2949 1993 ὅθεν
2975 1936 3040 1992 de
3064 1935 3258 2007 ﬁnibus
3283 1936 3440 2007 Tyri,
3466 1940 3621 1993 venit

2015 2044 2108 2099 per
2134 2026 2383 2084 Sidonem
2408 2027 2479 2082 ad
2508 2043 2655 2082 mare
2677 2026 2934 2092 Galilwte,
2961 2027 3099 2083 inter
3125 2026 3323 2082 medios
3347 2027 3480 2096 fines
3509 2028 3609 2083 De-

2019 2116 2282 2187 eapoleos,
2311 2124 2421 2171 etc.

2088 2206 2373 2278 Det-apalis
2398 2216 2505 2271 est,
2532 2216 2593 2260 ut
2616 2207 2736 2277 ipso
2758 2206 2979 2262 nomine
2998 2207 3213 2277 probat,
3242 2206 3392 2279 regio
3418 2206 3619 2263 decem

2017 2298 2230 2353 urbium
2260 2305 2414 2352 trans
2438 2295 2730 2353 Iordanem
2762 2296 2832 2353 ad
2862 2296 3128 2353 orientem
3159 2297 3303 2353 circa
3337 2297 3523 2368 lppum
3545 2308 3609 2354 et

2016 2385 2217 2441 Pellam
2242 2393 2297 2442 et
2324 2385 2593 2442 Gadaram
2630 2394 2822 2442 contra
2849 2384 3147 2442 Galikeam.
3177 2385 3331 2454 Quod
3364 2400 3499 2458 ergo
3521 2388 3604 2444 di-

2017 2479 2180 2547 citur,
2194 2480 2319 2550 quia
2334 2479 2592 2535 Dominus
2611 2479 2756 2535 venit
2767 2480 2837 2534 ad
2850 2492 3000 2534 mare
3008 2477 3260 2535 Galilmei
3270 2490 3386 2535 nter
3397 2480 3605 2533 medios

2019 2571 2155 2629 lines
2174 2572 2519 2643 Decapoleos,
2551 2573 2700 2643 ipsos
2718 2571 2853 2627 lines
2878 2571 3207 2643 Dccapoleos
3225 2571 3607 2627 eumintrasse

2018 2661 2306 2733 signiﬁcat,
2336 2677 2515 2732 neque
2547 2660 2692 2716 enim
2733 2673 2883 2716 mare
2918 2662 3352 2732 transnavigasse
3385 2659 3604 2724 dicitur,

2018 2753 2113 2810 sed
2150 2752 2328 2825 potius
2372 2751 2438 2807 ad
2477 2767 2625 2808 mare
2665 2766 2840 2822 usque
2872 2751 3085 2807 venisse
3120 2757 3282 2821 atque
3318 2751 3386 2806 ad
3429 2749 3623 2821 ipsum.

2019 2843 2330 2915 pervenisse
2366 2842 2542 2898 locum
2571 2842 2663 2911 qui
2692 2841 2900 2896 medios
2932 2841 3071 2898 biles
3098 2839 3429 2912 ihscapoleos
3456 2839 3611 2910 longe

2024 2940 2178 2988 trans
2207 2945 2365 2986 mare
2388 2930 2595 3000 positos
2628 2929 2972 3000 respiciebat.

2095 3019 2164 3074 Et
2193 3019 2469 3075 adducunt
2506 3019 2556 3075 ei
2583 3018 2801 3074 surdum
2828 3028 2879 3073 et
2913 3027 3150 3084 mutum,
3180 3028 3229 3073 es
3263 3018 3615 3089 deprecaban-

2025 3121 2111 3165 tur
2139 3120 2194 3165 ut
2226 3111 2460 3181 imponat
2485 3109 2566 3165 illi
2589 3126 2826 3166 manans.
2869 3108 3080 3167 Surdus
3110 3119 3168 3166 et
3202 3116 3387 3165 mutus
3407 3117 3492 3164 est
3517 3109 3614 3179 qui

2025 3218 2127 3258 ucc
2150 3217 2311 3258 aures
2339 3202 2594 3258 audiendi
2623 3202 2717 3257 Dei
2741 3201 2986 3265 verbum,
3020 3217 3120 3258 nec
3143 3216 3209 3257 os
3231 3201 3408 3271 aperit
3428 3200 3613 3271 proin-

2026 3293 2243 3363 qncndi.
2270 3292 2470 3361 Quales
2492 3306 2714 3348 necesse
2733 3300 2819 3348 est
2849 3298 2910 3347 ut
2933 3291 2991 3347 hi
3021 3292 3113 3363 qui
3135 3291 3280 3362 loqui
3304 3291 3417 3361 jam
3438 3300 3495 3347 et
3519 3305 3617 3345 am

2026 3384 2141 3439 dire
2170 3383 2346 3440 divina
2376 3383 2589 3453 eloquia
2612 3382 2774 3454 longe
2803 3398 2905 3439 usu
2931 3382 3254 3447 didicerunt,
3276 3383 3507 3438 Domitio
3526 3397 3618 3438 sa-

2026 3474 2235 3530 nandos
2253 3472 2501 3539 oll‘erant,
2522 3481 2794 3543 quatenus
2818 3487 2913 3529 cos
2932 3487 3073 3543 quos
3090 3473 3329 3527 humana
3352 3471 3617 3543 fragilitas

2027 3565 2234 3636 nequit,
2260 3565 2378 3636 ipse
2404 3564 2591 3634 gratia:
2617 3565 2980 3620 muasdextera
3007 3564 3201 3619 salvat.

2099 3655 2167 3711 Et
2192 3655 2580 3728 apprehendens
2600 3670 2720 3709 eum
2744 3655 2810 3708 de
2829 3653 2982 3709 turba
3012 3668 3269 3707 seorsum.
3296 3652 3620 3722 Apprehonn-

2025 3750 2161 3806 dens
2182 3762 2414 3816 namque
2433 3747 2706 3809 inﬁrmum
2731 3746 2797 3801 de
2823 3744 2977 3801 turba
3001 3756 3245 3801 seorsum
3266 3745 3469 3807 educit,
3493 3760 3617 3801 cum

2026 3846 2267 3896 mentem
2298 3836 2537 3908 peccatis
2567 3835 2878 3906 languidam
2911 3834 3219 3891 visitatioue
3262 3847 3377 3890 sum
3402 3834 3623 3903 pietatis

2031 3929 2307 3986 illustrans
2324 3968 2340 3993 ,
2362 3943 2394 3982 a
2419 3925 2696 3983 cnnsnetis
2721 3926 2974 3982 humanm
2998 3926 3432 3982 conversationis
3454 3927 3621 3981 mori-

2030 4022 2132 4078 bus
2159 4027 2371 4084 evocat,
2395 4026 2557 4088 atque
2584 4017 2655 4075 ad
2676 4017 2951 4087 sequenda
2980 4024 3379 4089 praeceptorum
3397 4032 3619 4075 suorum

2033 4110 2228 4165 itinera
2252 4114 2532 4179 provocat.
3159 4146 3162 4150 .

2103 4201 2250 4257 Hisit
2282 4199 2470 4273 digitos
2492 4216 2615 4257 suos
2640 4200 2697 4259 in
2725 4198 3001 4255 auriculas
3024 4199 3165 4271 eius.
3187 4197 3406 4254 littere
3426 4197 3623 4268 digitos

2033 4293 2091 4357 in
2119 4292 2393 4349 auriculas
2415 4299 2500 4347 est
2544 4305 2644 4362 per
2672 4290 2813 4346 dona
2843 4288 3079 4360 Spiritus
3107 4288 3285 4343 sancti
3312 4301 3475 4347 aures
3496 4303 3622 4344 cor-

2037 4380 2120 4435 dis
2146 4380 2214 4436 ad
2245 4379 2587 4452 intelligenda
2617 4393 2683 4435 ac
2707 4376 3050 4447 suscipienda
3077 4376 3243 4431 verba
3272 4375 3467 4432 salutis
3494 4392 3618 4446 ape—

2038 4470 2081 4525 ri
2090 4483 2166 4525 re.
2192 4469 2327 4524 Nam
2348 4470 2573 4540 digitum
2592 4468 2688 4524 Dei
2709 4467 2965 4538 appellari
2990 4465 3255 4535 Spiritum
3274 4476 3522 4527 sanctum
3544 4477 3623 4525 te-

2035 4568 2211 4615 statur
2239 4560 2353 4631 ipse
2378 4560 2635 4615 Dominus
2662 4574 2785 4615 cum
2820 4558 2948 4613 dicit
2969 4557 3203 4614 Juda-is:
3234 4558 3295 4617 Si
3329 4577 3423 4631 ego
3452 4563 3506 4616 in
3535 4563 3621 4616 di-

2037 4652 2145 4722 gito
2172 4651 2268 4705 Dei
2294 4651 2446 4721 ejicio
2470 4649 2763 4713 daemonia,
2790 4648 2891 4719 ﬁlii
2927 4652 3083 4705 vestri
3123 4652 3179 4706 in
3224 4668 3327 4724 quo
3369 4653 3625 4724 ejiciunt?

2039 4743 2180 4813 quod
2210 4756 2484 4812 exponens
2531 4740 2670 4795 alius
2717 4739 3059 4812 E‘vangelista
3104 4742 3237 4797 dicit
3285 4761 3298 4797 :
3340 4742 3399 4797 Si
3438 4759 3532 4813 ego
3569 4744 3628 4798 in

2038 4833 2228 4903 spiritu
2260 4831 2363 4886 Dei
2386 4832 2540 4902 ejicio
2567 4831 2857 4886 damonis.
2900 4830 2974 4887 Et
2995 4833 3140 4904 magi
3171 4833 3227 4888 in
3268 4831 3507 4904 Egypto
3531 4826 3627 4889 su;

2037 4923 2209 4994 perati
2240 4923 2491 4981 dixerunt
2515 4942 2531 4978 :
2558 4922 2765 4995 Digitus
2794 4922 2890 4981 Dei
2911 4924 2998 4979 hic
3019 4934 3127 4991 est;
3154 4933 3212 4979 et
3233 4923 3320 4980 lex
3342 4925 3405 4981 in
3426 4923 3627 4983 tabulis

2039 5015 2205 5086 digito
2242 5015 2336 5070 Dei
2390 5014 2591 5085 scripta
2640 5024 2723 5070 est
2771 5013 3016 5086 lapideis.
3062 5014 3220 5085 Digiti
3256 5028 3394 5084 ergo
3439 5011 3635 5071 Delia

2041 5103 2314 5161 auriculas
2343 5103 2461 5174 ejus
2500 5103 2653 5160 missi
2686 5102 2781 5173 qui
2819 5103 3095 5159 sanandus
3129 5111 3279 5168 erat,
3317 5103 3457 5161 dona
3500 5110 3630 5161 sunt

2041 5192 2214 5248 sancti
2242 5190 2509 5263 Spiritus,
2540 5184 2738 5260 quibus
2780 5190 2941 5248 corda
2962 5231 2982 5258 ,
3017 5206 3139 5261 qua:
3177 5207 3210 5246 a
3249 5190 3332 5247 via
3358 5234 3359 5239 η
3382 5190 3642 5247 veritatis

2043 5286 2437 5341 aberraverunt
2470 5283 2538 5338 ad
2556 5274 2843 5341 'sciendam
2880 5282 3072 5339 salutis
3094 5283 3237 5343 viam
3257 5322 3277 5350 ,
3313 5282 3382 5337 ad
3407 5281 3630 5337 audien-

1984 5448 2003 5461 .
2042 5370 2170 5426 dam
2198 5370 2618 5443 discendamque
2646 5371 2869 5426 revelat.
2898 5370 2964 5426 Et
2984 5371 3110 5441 quia
3139 5370 3352 5444 cognita
3376 5368 3630 5439 veritatis

2043 5461 2183 5527 luce,
2218 5460 2369 5534 sequi
2398 5459 2668 5518 confessio
2691 5460 2874 5527 debet,
2906 5470 3031 5533 apte
3057 5460 3402 5532 subiungitur
3433 5476 3450 5515 :

2118 5552 2187 5608 Et
2214 5569 2469 5625 cxspuens
2494 5551 2728 5626 linguam
2752 5551 2867 5623 ejus
2901 5552 3082 5625 tetigit.
3123 5551 3402 5623 Exspuens
3434 5548 3631 5620 quippe

2048 5647 2340 5714 Dominus,
2384 5646 2624 5720 linguam
2661 5645 2835 5716 tetigit
2864 5645 3048 5718 aegroti
3078 5660 3201 5701 cum
3236 5643 3303 5699 ad
3336 5641 3633 5701 confessio-
