3950 6184
433 295 537 353 439

1071 307 1129 361 Β.
1175 307 1423 362 RABANI
1478 311 1692 366 MAURI
1734 312 2048 367 ARCHIEP.
2092 312 2400 368 MOGUN'I.
2442 310 2726 367 OPERUM
2764 307 2940 364 PARS
2979 306 3041 362 11.

3590 302 3693 357 ΗΘ

432 424 557 464 netn
584 410 707 467 ﬁdei
737 426 835 467 ora
864 413 1320 471 catechizatorum
1361 418 1619 483 instituit.
1647 435 1769 475 cum
1803 437 1897 476 ora
1920 420 2009 476 diu
2040 424 2085 485 Α
2116 422 2331 493 propria
2372 421 2600 476 utilitate
2639 419 2936 489 praedicare
2970 427 3029 472 ut
3064 417 3281 489 gloriosi
3319 431 3693 488 appareamus.

432 500 590 555 bruta
616 502 683 556 ad
717 503 880 558 verba
907 505 1185 575 sapientiae
1224 506 1540 577 proferenda
1584 520 1723 565 tactu
1756 527 1867 567 sum
1893 514 2009 583 pie—

434 592 564 647 tatis
587 593 872 660 informat,
900 606 1055 666 sputu
1086 614 1317 669 namque
1346 601 1553 655 Domini
1586 618 1829 672 saporem
1866 606 2009 659 desi-

432 693 559 755 gnat
586 686 881 754 sapientiae.

500 774 570 829 Et
597 776 881 846 suspiciens
917 779 969 832 in
1004 780 1205 835 caelum.
1252 782 1505 853 Snspexit
1547 802 1776 855 namque
1818 789 1875 843 in
1908 804 2013 844 ca:-

430 863 541 919 ium
565 905 579 930 ,
611 874 670 921 ut
694 866 820 923 inde
848 870 1012 924 mntis
1047 871 1310 941 loquelam
1330 916 1342 939 ,
1377 876 1501 931 inde
1543 878 1782 933 auditum
1811 880 2008 945 surdis,

428 955 555 1012 inde
602 960 810 1015 cunctis
864 961 1263 1021 infirmantibus
1314 969 1573 1023 medelam
1626 970 1842 1027 doceret
1891 987 2012 1028 esse

428 1048 794 1117 quaerendam.

498 1135 777 1208 Ingemuit.
814 1140 1078 1211 Ingemuit
1108 1153 1288 1199 autem
1326 1162 1429 1201 non
1466 1150 1589 1216 quia
1628 1150 1725 1220 ipsi
1770 1165 1905 1221 opus
1930 1167 2015 1207 es-

428 1235 511 1280 set
540 1242 663 1281 cum
694 1230 894 1299 gemitu
937 1231 1140 1302 aliquid
1185 1243 1365 1303 petere
1399 1252 1428 1289 a
1465 1236 1654 1304 Patre,
1686 1240 1775 1311 qui
1815 1250 2010 1296 cuncta

429 1318 738 1387 petentibus
766 1322 931 1376 donat
974 1338 1097 1377 cum
1132 1324 1314 1391 Patre,
1345 1327 1439 1383 sed
1478 1338 1535 1383 ut
1574 1330 1729 1385 nobis
1765 1333 2011 1403 gemendi

428 1406 587 1461 daret
606 1408 912 1479 exemplum
937 1426 951 1475 ;
975 1426 1097 1465 cum
1124 1414 1205 1468 vel
1229 1430 1327 1484 pro
1354 1418 1551 1473 nostris
1572 1419 1655 1474 vel
1681 1436 1778 1489 pro
1804 1431 2012 1476 nostro-

428 1511 548 1550 rum
572 1499 843 1555 erratibus
868 1502 1258 1572 proximorum,
1286 1520 1530 1575 superna:
1555 1509 1805 1578 praesidia
1837 1511 2011 1581 pieta-

428 1587 502 1642 tis
532 1588 867 1645 invocamus.

503 1678 572 1733 Et
600 1681 673 1734 ait
703 1681 817 1735 illi:
842 1681 1289 1758 Ephpheta,quod
1313 1698 1387 1743 est
1418 1691 1709 1762 adaperire.
1748 1692 1901 1761 Quod
1924 1710 2015 1749 au-

2189 510 2303 567 Nos
2333 523 2507 565 autem
2535 525 2706 564 servos
2734 520 2929 564 uestros
2955 524 3047 577 per
3074 507 3278 561 Iesum.
3316 508 3371 561 In
3399 518 3611 563 tantum
3640 524 3699 566 se

2115 616 2331 656 servum
2353 601 2551 657 Christi
2576 615 2695 655 esse
2716 599 2909 669 probat
2928 607 2987 652 ut
3004 596 3229 668 jnbente
3252 597 3369 667 ipso
3392 599 3696 654 ministrum

2115 710 2175 750 se
2208 695 2401 749 horum
2438 695 2489 748 in
2532 692 2911 763 przedicatione
2951 698 3198 756 testetnr,
3238 699 3293 744 et
3332 706 3429 761 pm
3462 691 3700 747 utilitate

2115 783 2305 838 borum
2355 783 2653 853 subjectum
2705 780 2758 835 in
2808 780 3111 835 ministerio
3150 779 3443 850 Evangelii.
3499 781 3699 837 Servos

2115 892 2243 946 ergo
2277 875 2463 930 dicens
2507 874 2783 927 ministros
2821 871 3121 942 signiﬁcat,
3160 872 3252 926 sed
3297 873 3577 928 humiliter
3624 874 3700 928 Io-

2114 983 2286 1037 qnens
2311 968 2389 1022 sic
2412 967 2567 1029 dixit,
2605 973 2665 1019 nt
2690 978 2817 1018 vere
2848 962 3160 1018 ostenderet
3180 978 3285 1017 non
3312 964 3377 1016 ad
3404 979 3560 1017 suam
3588 964 3700 1034 glo-

2117 1058 2251 1111 riam
2289 1056 2567 1127 praedicari
2595 1070 2623 1109 a
2668 1070 2726 1109 se
2763 1052 3141 1123 Evangelium,
3172 1053 3265 1107 sed
3296 1052 3362 1105 ad
3393 1054 3698 1110 claritatem

2116 1149 2325 1204 Domini
2355 1148 2577 1211 Christi,
2608 1146 2694 1201 cui
2723 1145 2925 1210 obedit,
2949 1145 3035 1200 cui
3068 1145 3254 1210 servit,
3281 1146 3423 1201 sicut
3451 1146 3565 1215 ipse
3590 1146 3699 1200 Do-

2117 1241 2293 1293 minus
2324 1240 2393 1291 ait
2425 1254 2439 1292 :
2472 1238 2581 1309 Ego
2628 1254 2743 1291 sum
2785 1238 2839 1290 in
2880 1237 3049 1291 medio
3094 1246 3348 1301 vestrum,
3389 1248 3446 1290 ut
3473 1254 3575 1292 non
3602 1240 3701 1292 mi-

2117 1331 2324 1394 nistrer,
2339 1329 2428 1382 sed
2469 1341 2522 1381 ut
2569 1328 2876 1381 ntinistrem.
2909 1324 3023 1380 Non
3063 1327 3258 1381 merito
3284 1327 3476 1381 horum
3503 1328 3698 1398 quibus

2115 1421 2412 1485 ministrat,
2445 1417 2537 1473 sed
2559 1426 2780 1488 propter
2808 1417 3093 1487 imperium
3125 1417 3355 1472 Domini.

2188 1510 2451 1577 Quoniam
2483 1509 2655 1575 Deus,
2693 1508 2782 1579 qui
2809 1508 2943 1562 dixit
2972 1508 3037 1562 de
3071 1508 3293 1562 tenebris
3331 1507 3499 1562 lucem
3528 1509 3702 1579 splen-

2114 1605 2338 1667 descere,
2372 1602 2547 1657 illuxit
2584 1604 2638 1656 in
2675 1602 2918 1655 cordibus
2949 1602 3140 1655 nostris
3168 1602 3237 1656 ad
3266 1601 3701 1659 illuminationem

2114 1694 2346 1749 scientia:
2373 1692 2628 1747 claritatis
2662 1690 2788 1755 Dei,
2821 1691 2876 1744 in
2907 1690 3042 1760 facie
3066 1690 3260 1745 Christi
3293 1691 3441 1747 Jesu.
3480 1692 3595 1748 Hoc
3622 1694 3704 1748 di-

427 1781 535 1825 tem
567 1773 644 1827 ait
668 1773 961 1844 ephpheta,
989 1776 1039 1830 id
1066 1786 1169 1843 est,
1196 1779 1495 1850 adaperire,
1519 1782 1586 1837 ad
1607 1798 1768 1839 aures
1794 1786 2010 1855 proprie
2037 1778 2083 1838 B
2112 1783 2186 1839 cit
2217 1783 2344 1854 quia
2372 1781 2747 1837 misericordia
2778 1780 2871 1835 Dei
2897 1780 3099 1835 factum
3128 1790 3240 1847 cst;
3269 1789 3329 1834 ut
3356 1796 3472 1847 nos,
3502 1783 3701 1853 inquit,

424 1864 678 1932 pertinet.
724 1864 900 1921 Aures
943 1868 1141 1923 etenim
1187 1870 1255 1924 ad
1298 1872 1623 1927 audiendum
1660 1875 2005 1944 aperiendaa:

426 1955 605 2026 lingua
650 1971 782 2012 vero
820 1968 881 2012 ut
924 1958 1068 2030 loqui
1108 1972 1293 2030 posset
1320 1980 1348 2017 a
1386 1965 1698 2022 retinaculis
1734 1978 1849 2022 erat
1898 1984 2011 2024 sua:

424 2046 699 2101 tarditatis
720 2048 997 2103 solvenda.

497 2136 566 2190 Et
607 2138 784 2191 statim
830 2150 1023 2209 aperta:
1058 2151 1179 2196 sunt
1216 2160 1368 2197 aures
1415 2146 1556 2215 ejus,
1596 2157 1645 2201 et
1680 2150 1911 2203 solutum
1935 2160 2010 2205 est

424 2224 686 2278 vinculum
714 2224 909 2296 lingua:
931 2227 1063 2298 ejus,
1093 2240 1142 2284 et
1170 2231 1476 2302 loquebatur
1505 2248 1657 2291 recte.
1689 2238 1781 2293 Ille
1808 2242 2007 2295 etenim

424 2314 570 2370 solus
599 2325 745 2372 recte
771 2318 1027 2388 loquitur,
1057 2321 1171 2377 sive
1197 2322 1365 2378 Deum
1397 2325 1722 2394 conﬁtendo,
1750 2330 1865 2385 sive
1891 2331 2010 2387 aliis

423 2408 786 2476 praedicando,
812 2408 969 2479 cujus
990 2413 1254 2479 auditum,
1273 2425 1332 2470 ut
1355 2416 1667 2475 coelestibus
1692 2423 1862 2491 possit
1888 2439 2009 2478 aus-

421 2500 651 2566 cultare,
686 2511 742 2558 et
764 2503 1137 2562 obsecundare
1162 2511 1433 2567 mandatis
1458 2512 1637 2568 divina
1663 2518 1835 2585 gratia
1860 2532 2008 2573 rese-

422 2600 529 2657 rat,
560 2591 714 2662 cujus
741 2594 978 2667 linguam
998 2598 1257 2657 Dominus
1277 2611 1421 2658 tactu
1449 2605 1728 2676 sapientiae
1752 2626 1872 2679 qua:
1896 2612 2010 2681 ipse

420 2690 506 2737 est
530 2684 599 2738 ad
630 2683 957 2755 loquendum
994 2687 1247 2745 instituit.
1285 2692 1434 2749 Talis
1462 2705 1645 2752 autem
1686 2701 1881 2755 merito
1912 2716 2009 2770 po-

421 2781 530 2828 test
563 2774 743 2832 dicere
782 2789 905 2833 cum
946 2777 1252 2847 Psalmista,
1289 2783 1534 2853 Domine,
1570 2787 1712 2844 labia
1743 2807 1860 2846 mea
1887 2810 2009 2863 ape-

421 2864 554 2929 ries,
594 2875 642 2919 et
682 2882 741 2921 os
782 2885 954 2923 meum
1000 2874 1334 2928 annuntiabit
1361 2876 1569 2931 laudem
1596 2889 1779 2947 tuam;
1808 2892 1861 2937 et
1884 2899 2007 2940 cum

419 2954 583 3021 Isaia,
606 2955 863 3015 Dominus
888 2961 1031 3015 dedit
1058 2963 1188 3017 mihi
1209 2964 1442 3036 linguam
1462 2970 1741 3035 eruditam,
1769 2983 1823 3026 ut
1844 2976 2008 3029 sciam

418 3048 676 3103 suscitare
704 3066 821 3105 eum
848 3052 939 3123 qui
968 3052 1146 3122 lapsus
1176 3065 1251 3110 est
1280 3056 1430 3112 verba
1446 3076 1463 3124 ;
1488 3061 1635 3130 erigit
1655 3079 1829 3129 mane,
1856 3083 2009 3123 mane

418 3146 570 3215 erigit
599 3146 729 3200 mihi
758 3163 940 3202 aurem
966 3158 1025 3203 ut
1048 3150 1263 3205 audiam
1285 3156 1439 3223 quasi
1465 3157 1791 3227 magistram.

491 3234 561 3289 Et
604 3238 848 3309 prwcepit
892 3238 999 3295 illis
1043 3257 1107 3296 ne
1148 3244 1235 3297 cui
1273 3243 1521 3300 dicerem.
1574 3247 1783 3313 Quanto
1834 3262 2006 3308 autent

415 3327 770 3398 pracipiebat,
802 3339 949 3385 tanto
970 3333 1138 3403 magis
1165 3332 1283 3404 plus
1306 3338 1663 3405 prwdicabant
1680 3381 1693 3405 ,
1727 3352 1777 3396 et
1803 3358 1863 3396 eo
1889 3361 2005 3398 am-

412 3414 552 3483 plius
580 3416 984 3475 admirabantur
1002 3421 1231 3478 dicentes
1255 3440 1275 3479 :
1296 3423 1438 3481 Bene
1459 3430 1634 3483 omnia
1660 3430 1812 3500 fecit:
1826 3443 1875 3487 et
1896 3450 2008 3487 sur-

413 3508 510 3561 dos
540 3507 665 3578 fecit
691 3510 900 3578 audire,
927 3521 976 3566 et
1002 3523 1174 3570 mutos
1200 3515 1361 3588 loqui.
1388 3517 1443 3574 Si
1478 3520 1685 3577 sciebat
1705 3537 1799 3579 eos
1820 3563 1835 3589 ,
1864 3525 2008 3581 sicut

413 3597 525 3664 ille,
549 3599 641 3669 qui
673 3612 834 3657 nctas
864 3603 1097 3659 habebat
1116 3614 1172 3660 et
1195 3617 1495 3677 praesentes
1519 3618 1575 3665 et
1599 3610 1809 3668 futuras
1834 3614 2007 3669 homi-

414 3707 547 3747 num
581 3692 918 3759 voluntates,
954 3705 1107 3753 tanto
1147 3700 1321 3771 magis
1358 3702 1777 3771 praedicaturos,
1805 3717 2005 3775 quanto

412 3785 587 3855 magis
624 3800 693 3840 ne
727 3787 1089 3856 praedicarent
1127 3790 1207 3846 eis
1246 3794 1624 3865 praecipiebat,
1655 3804 1716 3851 ut
1741 3796 1867 3868 quid
1903 3798 2006 3853 hoc

410 3875 759 3945 praecipiebat
785 3878 885 3932 nisi
914 3880 1039 3949 quia
1064 3881 1233 3953 pigris
1251 3884 1465 3941 volebat
1493 3887 1779 3943 ostendere
1801 3899 2005 3961 quanto

413 3969 712 4024 studiosius
745 3980 1059 4041 quantoque
1092 3974 1391 4033 ferventius
1429 3994 1552 4034 eum
1591 3981 1886 4051 praedicare
1914 3983 2005 4038 de-

408 4062 595 4125 beant,
625 4060 822 4130 quibus
846 4060 998 4131 jubet
1024 4072 1082 4118 ut
1109 4066 1405 4135 praedicent
1427 4070 1647 4139 quando
1668 4070 1740 4126 illi
1765 4073 1856 4142 qui
1878 4087 2003 4141 pro-

412 4150 759 4218 hibebantur,
787 4160 968 4209 tacere
996 4168 1103 4209 non
1129 4165 1381 4225 poterant
1406 4174 1421 4225 ;
1455 4159 1777 4216 studendum
1804 4163 2003 4234 quippe

407 4250 495 4299 est
517 4243 665 4300 omni
707 4243 914 4300 homini
949 4246 1040 4316 qui
1078 4246 1192 4302 vult
1229 4247 1296 4303 ad
1332 4248 1498 4303 vitam
1539 4249 1747 4322 ingredi
1777 4260 1837 4306 ut
1864 4251 2003 4310 bene

408 4336 610 4393 docens
646 4346 703 4395 et
734 4340 874 4396 bene
918 4355 1152 4412 operans
1193 4352 1512 4413 praesentem
1544 4346 1711 4401 vitam
1751 4361 2002 4404 consum-

407 4444 561 4487 mare
585 4433 908 4500 contendat,
937 4434 1063 4505 quia
1102 4435 1183 4491 sic
1218 4436 1423 4507 absque
1455 4438 1563 4494 ullo
1587 4438 1751 4497 dubio
1774 4441 1841 4498 ad
1869 4458 2001 4514 gan-

408 4522 495 4577 dia
524 4530 726 4579 aeterna
758 4526 867 4582 Deo
892 4527 1185 4583 miserante
1210 4529 1506 4599 perveniet.

960 4659 1239 4719 HOMILIA
1276 4662 1451 4722 CLIII.

1061 4769 1216 4812 FERIA
1257 4772 1332 4813 ιν.

403 4855 591 4914 Lectio
632 4857 885 4930 Epistolte
924 4861 1069 4918 beati
1110 4861 1263 4920 Pauli
1293 4866 1519 4937 apostoli
1555 4868 1623 4925 ad
1657 4868 1988 4929 Corinthios.

474 4970 727 5038 Fratres,
756 4989 861 5027 non
892 4975 1241 5045 praedicamus
1288 4978 1658 5051 nosmetipsos,
1694 4983 1785 5036 sed
1813 4981 1992 5037 Domi-

402 5080 529 5118 num
562 5074 799 5119 nostrum
820 5065 1002 5121 Jesum
1026 5065 1314 5136 Christum,
1346 5079 1451 5126 etc.

474 5157 590 5213 Hoc
610 5166 713 5224 est,
736 5174 843 5214 non
865 5168 1106 5216 nostram
1132 5162 1358 5234 gloriam
1387 5166 1773 5227 annuntiamus
1789 5183 1856 5223 ne
1870 5169 1991 5238 quis

400 5266 505 5307 nos
538 5252 683 5308 dicat
722 5261 946 5324 propter
982 5270 1080 5311 nos
1124 5256 1269 5326 ipsos
1315 5259 1690 5329 evangelizare
1732 5268 1794 5315 ut
1834 5262 1991 5317 nobis

400 5343 653 5412 proﬁciat
689 5341 827 5399 forte
857 5344 923 5399 ad
952 5353 1162 5416 tempus
1189 5363 1202 5400 :
1232 5343 1336 5399 Sed
1370 5347 1550 5402 Jesum
1577 5346 1840 5403 Christum
1873 5349 1983 5402 Do—

399 5433 598 5488 minum
622 5445 857 5490 nostrum
878 5439 1287 5504 annnntiamus,
1310 5438 1656 5511 subjicientes
1678 5456 1776 5496 nos
1800 5441 1989 5496 virtuti

400 5532 778 5604 majestatiqne
801 5533 935 5604 ejus.
968 5533 1194 5603 Quando
1217 5549 1347 5607 ergo
1378 5534 1584 5591 nullum
1618 5536 1984 5602 concutimns,

400 5623 605 5678 nullum
649 5641 973 5696 gravamus,
1014 5637 1069 5680 et
1104 5625 1378 5683 Christum
1413 5627 1698 5682 Dominum
1738 5636 1983 5681 nostrum

406 5712 653 5777 fatentur,
671 5718 795 5781 quid
820 5726 900 5773 est
924 5727 981 5771 ut
1004 5718 1126 5772 elati
1145 5716 1481 5788 judicemur?
1505 5717 1658 5787 quasi
1684 5733 1779 5788 pro
1803 5729 1986 5774 nostra

2024 4482 2079 4544 D

2111 1876 2204 1946 qui
2230 1875 2429 1929 fuimus
2456 1872 2801 1929 incredibiles
2830 1872 2883 1926 in
2914 1872 3239 1941 ignorantia,
3272 1874 3377 1928 hoc
3405 1883 3507 1936 est,
3535 1875 3590 1929 in
3622 1883 3704 1930 te-

2110 1966 2296 2021 nebris
2332 1981 2430 2036 per
2458 1979 2558 2019 nos
2592 1964 2744 2018 daret
2776 1962 2919 2017 Deus
2960 1963 3140 2017 lumen
3180 1964 3394 2018 caeteris
3429 1966 3701 2034 gentibus.

2112 2055 2382 2123 Quantum
2412 2071 2471 2111 se
2505 2056 2685 2111 adhuc
2709 2054 2992 2121 humiliat,
3022 2064 3083 2109 ut
3110 2054 3202 2111 Dei
3230 2055 3398 2111 solius
3425 2066 3480 2111 et
3498 2056 3702 2115 Christi

2110 2148 2340 2219 gloriam
2370 2145 2646 2217 proferat;
2683 2144 3058 2200 iiinminantur
3084 2145 3227 2200 enim
3256 2156 3317 2201 ut
3338 2148 3703 2216 cognitionem

2111 2238 2344 2292 habeant
2383 2235 2566 2308 gloria:
2600 2235 2695 2289 Dei
2738 2249 2837 2304 per
2869 2234 3178 2300 Christum,
3225 2235 3346 2291 ideo
3387 2236 3574 2307 gloriae
3603 2237 3701 2293 Dei

2110 2330 2187 2384 ait
2211 2329 2597 2400 cognitionem,
2636 2326 2689 2381 id
2715 2333 2817 2391 est,
2851 2340 2957 2380 non
2988 2324 3081 2380 Dei
3123 2325 3313 2390 solius,
3348 2327 3441 2381 sed
3465 2335 3522 2381 et
3546 2325 3705 2381 Chri-

2110 2423 2201 2489 sti,
2231 2423 2321 2492 qui
2350 2432 2433 2478 est
2465 2421 2633 2493 gloria
2670 2420 2788 2490 ejus
2816 2429 2877 2476 ut
2904 2419 3235 2493 signiﬁcaret
3275 2436 3379 2475 non
3410 2421 3579 2476 Deum
3616 2438 3705 2477 so-

2110 2515 2218 2568 lum
2248 2512 2525 2583 cognosci,
2555 2512 2651 2568 sed
2681 2520 2736 2568 et
2760 2526 2925 2581 opera
2964 2512 3081 2582 ejus
3108 2520 3162 2566 et
3189 2512 3619 2567 misericordiam
3647 2522 3707 2568 et

2109 2605 2527 2676 providentiam,
2550 2620 2658 2675 qua
2688 2613 2742 2660 et
2763 2605 3035 2670 condidit,
3072 2611 3128 2660 et
3154 2604 3380 2659 salvavit
3410 2621 3580 2675 genus
3601 2606 3705 2660 hn-

2111 2715 2330 2755 tnanum
2358 2699 2507 2755 visus
2534 2699 2588 2754 in
2616 2698 2833 2755 Christo
2864 2714 2965 2771 per
2990 2698 3217 2770 gloriam
3249 2700 3464 2752 virtutis
3492 2714 3625 2753 sua).

2181 2789 2447 2844 Habemus
2472 2799 2648 2845 autem
2672 2792 2975 2845 thesaurum
3000 2791 3157 2844 istum
3180 2789 3233 2842 in
3260 2790 3394 2843 rasis
3418 2788 3696 2857 ﬁctilibus,

2109 2886 2185 2939 uti
2210 2884 2505 2939 sublimitas
2540 2883 2605 2937 sit
2644 2882 2849 2937 uirtutis
2879 2880 3009 2943 Dei,
3050 2889 3097 2936 et
3134 2896 3238 2934 non
3271 2896 3334 2933 ex
3364 2879 3531 2933 nobis.
3559 2878 3705 2934 The-

2108 2992 2331 3032 sanrum
2368 2984 2767 3033 sacramentum
2806 2970 3131 3043 signiﬁcavit
3174 2972 3317 3027 Deus
3364 2971 3419 3026 in
3458 2970 3701 3037 Christo,

2110 3067 2255 3138 quod
2292 3066 2638 3121 credentibus
2668 3063 3065 3128 manifestatur,
3098 3061 3388 3117 incredulis
3414 3077 3543 3116 vero
3568 3077 3705 3135 quo-

2111 3157 2235 3212 dam
2260 3155 2528 3211 velamine
2568 3162 2769 3209 tectum
2802 3162 2919 3219 est,
2954 3153 3079 3223 quia
3123 3151 3265 3207 sicut
3316 3152 3607 3208 thesaurus
3643 3151 3699 3206 in

2109 3250 2321 3307 occulto
2354 3248 2605 3320 ponitur,
2638 3248 2711 3303 ita
2747 3255 2803 3303 et
2838 3253 3237 3303 sacramentum
3275 3245 3371 3299 Dei
3412 3244 3555 3298 intra
3597 3244 3703 3301 ho-

2110 3340 2309 3394 minem
2328 3380 2343 3406 ,
2373 3338 2426 3394 id
2452 3346 2535 3393 est
2554 3378 2569 3403 ,
2600 3339 2654 3392 in
2686 3337 2853 3393 corde
2878 3337 3115 3391 humano
3141 3334 3509 3390 absconditur.
3544 3333 3705 3389 Hunc

2108 3445 2235 3500 ergo
2266 3429 2581 3485 thesaurum
2614 3427 2670 3483 in
2694 3428 2876 3483 animo
2896 3435 2949 3482 et
2973 3441 3203 3497 corpore
3226 3425 3357 3480 dicit
3382 3439 3503 3481 esse
3530 3440 3561 3479 a
3588 3426 3705 3481 Deo

2107 3521 2290 3576 datum
2312 3562 2327 3587 ,
2355 3530 2414 3576 ut
2447 3520 2739 3577 eminentia
2771 3518 2989 3575 virtutis
3026 3518 3146 3587 ejus
3189 3524 3447 3587 appareat
3478 3531 3577 3587 per
3605 3516 3706 3571 ho-

2108 3613 2302 3677 mines,
2334 3612 2720 3683 przedicatores
2742 3611 3024 3666 dumtaxat
3044 3617 3103 3663 ut
3124 3607 3503 3663 reconcilietur
3522 3607 3707 3663 omnis

2106 3703 2289 3775 lingua
2322 3705 2552 3759 creatori
2582 3718 2699 3759 suo.

2178 3795 2244 3849 In
2275 3795 2515 3849 omnibus
2554 3794 2946 3849 tribulationem
2972 3793 3236 3865 patimur,
3265 3791 3354 3846 sed
3397 3807 3501 3845 non
3530 3807 3704 3861 angu-

2103 3888 2361 3952 stiamur;
2404 3901 2548 3941 nunc
2592 3886 2830 3942 ostendit
2865 3894 3088 3956 propter
3121 3883 3265 3954 quod
3309 3882 3490 3937 idonei
3539 3890 3704 3936 erant

2104 3976 2488 4047 praedicatores
2512 3976 2637 4046 quia
2673 3990 2886 4045 semper
2920 3974 3025 4030 illis
3059 3974 3113 4029 in
3157 3973 3481 4028 necessitate
3524 3969 3705 4026 adfuit

2104 4068 2267 4135 Dens,
2292 4068 2412 4124 ideo
2438 4082 2748 4140 pressuram
2773 4068 2849 4122 ait
2877 4066 3045 4137 passi,
3068 4067 3161 4121 sed
3190 4082 3298 4122 non
3329 4066 3700 4137 coangustati,

2104 4161 2205 4214 hoc
2236 4167 2350 4223 est,
2380 4174 2487 4213 non
2516 4157 2763 4229 permisit
2787 4157 2928 4211 Deus
2967 4164 3175 4211 tantum
3207 4171 3305 4211 nos
3333 4155 3600 4225 opprimi,
3638 4165 3703 4209 ut

2102 4252 2419 4306 cederemns
2464 4250 2698 4320 inopiam
2727 4250 3005 4321 passi,sed
3038 4265 3144 4304 non
3183 4248 3465 4315 destituti,
3499 4249 3553 4304 id
3589 4257 3699 4313 est.

2103 4341 2157 4397 in
2191 4341 2370 4411 inopia
2403 4342 2564 4412 positi
2586 4340 2761 4397 adfuit
2782 4351 2968 4411 pastor
2996 4342 3154 4398 Deus.

2177 4431 2598 4487 Persecutionem
2622 4434 2873 4503 patimur,
2897 4433 2987 4488 sed
3010 4449 3112 4488 non
3140 4432 3575 4505 derelinquimur.
3592 4435 3701 4490 Ve-

2104 4540 2223 4579 rum
2252 4532 2356 4589 est,
2383 4524 2509 4595 quia
2537 4524 2852 4579 consulebat
2872 4524 2951 4583 eis
2976 4523 3138 4589 Deus,
3165 4537 3234 4578 ne
3261 4522 3397 4579 satis
3421 4524 3524 4579 sibi
3547 4522 3700 4580 face-

2103 4625 2225 4673 rent
2249 4617 2315 4671 de
2341 4616 2427 4671 his
2448 4615 2674 4671 inimici.

2173 4714 2405 4785 Dejecti,
2442 4714 2533 4768 sed
2571 4729 2673 4767 non
2707 4713 2957 4783 perimus.
2987 4711 3043 4767 Id
3076 4719 3191 4777 est,
3215 4711 3537 4767 verberibus
3567 4725 3697 4780 pro-

2101 4806 2255 4863 strati
2286 4806 2539 4862 obstante
2566 4805 2677 4860 Deo
2712 4820 2819 4859 non
2845 4803 3183 4869 mortiﬁcati,
3211 4803 3325 4859 sive
3347 4804 3495 4857 enim
3518 4802 3692 4860 clausi

2100 4898 2213 4953 sive
2240 4895 2525 4961 vinculati,
2567 4893 2835 4964 adjutorio
2861 4894 2955 4949 Dei
2989 4909 3182 4949 manus
3220 4893 3457 4949 hostium
3496 4896 3698 4951 evade-

2094 4987 2245 5042 bant.
2274 4986 2517 5055 Denique
2542 4983 2741 5039 Paulus
2764 4992 2821 5039 et
2845 4982 2989 5039 Silas
3020 4998 3142 5038 cum
3170 4992 3354 5038 essent
3380 4983 3554 5039 clausi
3574 4985 3694 5055 jam

2094 5080 2244 5145 caesi,
2273 5086 2329 5134 et
2356 5078 2520 5150 pedes
2547 5092 2734 5133 eorum
2762 5085 2948 5133 essent
2987 5078 3040 5133 in
3071 5091 3239 5133 nervo
3266 5077 3538 5143 conclusi,
3580 5079 3697 5133 ala-

2093 5186 2217 5226 cres
2249 5169 2512 5241 hymnum
2549 5166 2819 5224 canebant
2862 5169 2973 5224 Deo
3010 5167 3263 5225 fortiores
3304 5169 3391 5224 his
3426 5167 3555 5225 facti
3595 5170 3693 5240 qui

2094 5277 2201 5318 non
2228 5270 2384 5317 erant
2412 5260 2556 5316 caesi.

2170 5352 2386 5424 Semper
2412 5351 2869 5421 mortiﬁcationem
2889 5350 3019 5405 Iesu
3053 5352 3107 5405 in
3136 5367 3351 5421 corpore
3375 5361 3557 5406 nostra
3583 5354 3698 5408 cir-

2096 5445 2460 5515 cumferentes,
2491 5455 2547 5498 ut
2578 5454 2625 5498 et
2652 5445 2755 5499 vita
2784 5442 2915 5499 Iesu
2943 5444 2999 5499 in
3014 5443 3326 5514 corporibus
3350 5444 3544 5497 nostris
3569 5458 3699 5497 nta-

2096 5536 2388 5606 nifestetur.
2421 5535 2651 5591 Dubium
2683 5549 2789 5589 non
2820 5544 2904 5590 est
2934 5535 3059 5605 quia
3082 5534 3136 5588 in
3166 5533 3501 5605 martyribus
3528 5531 3699 5588 Chri-

2096 5635 2212 5682 stus
2233 5625 2517 5688 occiditur,
2542 5632 2593 5679 et
2621 5625 2673 5680 in
2697 5625 2783 5680 his
2802 5626 2891 5695 qui
2914 5639 3013 5694 pro
3032 5623 3135 5679 ﬁde
3152 5622 3435 5694 patiuntur
3454 5631 3549 5677 ant
3568 5621 3700 5677 exi—

2098 5727 2204 5783 tus,
2238 5725 2327 5771 aut
2359 5714 2592 5783 vincula,
2624 5725 2715 5772 aut
2743 5715 2969 5771 verbera
2994 5713 3192 5771 Christi
3216 5713 3502 5784 passiones
3532 5720 3696 5779 sunt,
