3950 6184
345 293 439 348 ιη

1442 294 1745 360 incanum
1784 292 1848 349 IN
1887 294 2103 351 EPIST.
2147 295 2236 352 ET
2269 295 2521 355 EVANG.

3509 304 3614 359 MS

341 417 400 462 ut
420 415 476 460 et
496 405 604 458 vita
626 402 746 472 ejus
769 405 822 458 in
847 419 1074 475 corpore
1088 419 1278 460 eorum
1306 405 1482 476 palam
1510 406 1620 461 flat.
1645 407 1933 464 Passiones
1959 415 2010 471 Α
2037 410 2240 467 dicere.
2295 412 2393 468 Hic
2433 428 2565 485 ergo
2609 415 2770 471 homo
2806 416 3131 472 dtemonium
3175 417 3439 485 habebat,
3482 423 3609 490 quia

340 500 482 551 enim
507 503 654 558 sunt,
678 509 799 563 qum
817 495 1110 550 ostendunt
1133 495 1387 550 meritum
1415 497 1482 551 ad
1505 496 1740 551 futuram
1763 497 1930 551 vitam

340 603 502 655 quam
545 585 799 656 promisit
832 584 1108 649 Christus,
1135 585 1280 640 unde
1307 585 1417 642 alio
1445 586 1565 642 loco
1595 587 1729 642 dicit
1756 605 1770 641 :
1795 585 1931 642 Cum

337 676 582 744 inﬁrmor
607 687 734 728 tunc
758 684 939 745 potens
969 690 1118 738 sum;
1141 683 1196 729 et
1223 676 1452 732 iterum:
1475 675 1586 731 Per
1604 677 1799 732 multas
1829 677 1930 730 tri-

338 765 630 819 bnlationes
671 773 870 835 Oportet
906 780 999 818 nos
1037 765 1236 820 intrare
1275 767 1330 820 in
1365 783 1580 837 regnum
1617 767 1734 821 Dei.
1777 767 1930 834 Quod

336 857 494 911 nobis
530 865 796 926 praestare
825 855 1102 927 dignetur,
1133 857 1248 926 ipse
1276 857 1536 912 Dominus
1565 867 1751 912 noster
1773 855 1931 912 Iesus

335 947 611 1010 Christus,
637 947 876 1017 quicum
907 947 1070 1003 Patre
1090 956 1145 1002 et
1170 946 1374 1018 Spiritu
1399 958 1592 1004 sancto
1615 949 1751 1004 vivit
1769 957 1824 1005 et
1845 963 1931 1005 re-

334 1048 466 1110 gnat
489 1038 636 1096 Deus
662 1053 761 1109 per
788 1038 971 1093 omnia
998 1037 1194 1092 saecula
1218 1038 1561 1094 mulorum.
1592 1038 1788 1096 Amen.

877 1146 1161 1204 HOMILIA
1212 1147 1388 1204 CLIV.

913 1256 1045 1296 ιτεκ
1085 1256 1242 1297 PERIA
1283 1258 1355 1298 Π.

437 1331 630 1388 Lectio
658 1330 835 1387 sancti
863 1331 1142 1403 Evangelii
1176 1333 1470 1388 secundum
1498 1333 1830 1396 Matthmum.
1898 1383 1916 1404 ,

423 1422 491 1476 In
527 1423 623 1478 illo
665 1432 893 1492 tempore
929 1432 1232 1478 transeunte
1269 1423 1390 1478 inde
1409 1424 1570 1492 Iesu,
1606 1430 1770 1483 secuti
1805 1442 1927 1486 sunt

336 1534 455 1572 eum
476 1519 582 1570 duo
605 1518 753 1582 caeci,
776 1515 1060 1572 clamantes
1097 1527 1145 1571 et
1167 1517 1397 1572 dicentes
1417 1535 1436 1573 :
1466 1518 1714 1576 Miserere
1736 1524 1922 1590 nostri,

335 1606 414 1673 ﬁli
459 1605 648 1659 David.
675 1605 806 1659 Cum
850 1615 1024 1660 autem
1066 1606 1282 1661 venisset
1313 1607 1551 1676 domum,
1597 1623 1926 1667 accesserunt

335 1697 406 1750 ad
435 1712 552 1750 eum
580 1697 725 1760 cwci,
750 1706 856 1751 etc.

407 1786 750 1842 Transeunte
791 1801 890 1856 per
929 1787 1145 1842 domum
1173 1787 1434 1859 principis
1468 1789 1695 1846 Domino
1718 1790 1844 1846 Jesu
1873 1800 1928 1848 et

338 1886 604 1948 pergente
659 1876 725 1930 ad
775 1876 992 1931 domum
1041 1892 1196 1932 suam
1243 1878 1383 1933 sicut
1438 1895 1600 1949 supra
1652 1879 1923 1952 legimus:

334 1965 634 2020 Ascendens
656 1965 953 2020 naviculam
973 1968 1333 2038 transfretavit
1357 1979 1404 2023 et
1431 1971 1564 2024 venit
1587 1972 1641 2026 in
1667 1973 1926 2027 civitatem

332 2072 488 2111 suam
511 2075 531 2115 :
555 2055 864 2111 clamabant
887 2056 994 2112 duo
1019 2059 1146 2112 casei
1175 2059 1416 2114 dicentes
1436 2074 1450 2112 :
1468 2059 1717 2115 Miserere
1739 2063 1924 2129 nostri,

331 2147 412 2216 ﬁli
456 2147 651 2202 David.
697 2147 764 2202 Et
811 2156 990 2203 tamen
1041 2163 1147 2204 non
1203 2151 1379 2206 sanati
1428 2161 1555 2207 sunt
1593 2153 1648 2206 in
1707 2152 1923 2220 itinere,

331 2254 440 2294 non
476 2239 816 2305 transitorie,
846 2247 906 2293 ut
928 2241 1212 2310 putabant,
1246 2241 1341 2297 sed
1379 2251 1666 2313 postquam
1691 2244 1842 2299 venit
1870 2245 1926 2301 in

331 2331 554 2386 domum
582 2344 759 2396 suam,
791 2330 1056 2384 accedunt
1083 2329 1149 2384 ad
1185 2346 1308 2386 eum
1335 2340 1391 2388 et
1415 2333 1715 2389 introeunt.
1772 2334 1926 2401 Quod

331 2431 515 2477 autem
569 2421 758 2476 dicunt
805 2420 959 2486 caeci,
1006 2419 1089 2489 ﬁli
1131 2420 1326 2488 David,
1377 2423 1564 2478 audiat
1595 2422 1834 2480 Marcion
1870 2433 1929 2481 et

332 2513 668 2570 Manichaaus
712 2520 771 2568 et
813 2512 994 2568 ueteri
1041 2512 1306 2580 haeretici,
1336 2514 1430 2584 qui
1458 2523 1616 2569 vetus
1649 2515 1927 2572 laniabant

331 2605 778 2666 instrumentum,
803 2610 858 2657 et
877 2601 1090 2657 discant
1113 2601 1440 2657 salvatorem
1468 2602 1728 2673 appellari
1754 2603 1923 2660 ﬁlium

329 2698 533 2764 David;
551 2697 599 2754 si
624 2696 769 2752 enim
796 2709 902 2750 non
925 2702 1011 2751 est
1031 2703 1188 2751 natus
1212 2694 1268 2752 in
1289 2709 1473 2762 carne,
1489 2695 1758 2767 quomodo
1779 2696 1925 2752 illius

329 2788 503 2845 David
530 2787 804 2843 vocatur?

403 2883 472 2936 Et
493 2882 622 2936 dicit
659 2882 734 2935 eis
754 2879 912 2934 Iesus
933 2895 952 2935 :
973 2878 1198 2934 Creditis
1223 2881 1349 2952 quia
1386 2897 1600 2950 possum
1629 2883 1727 2938 hoc
1748 2883 1924 2954 facere

327 2974 514 3032 vobis?
563 2971 750 3027 Fidem
782 2986 968 3027 eorum
1000 2971 1114 3042 ipse
1142 2986 1371 3027 noscens
1415 2971 1734 3046 interrogat,
1766 2981 1825 3029 ut
1860 2974 1922 3030 li-

327 3068 452 3124 dem
483 3065 756 3123 confessio
782 3073 1018 3136 promat,
1049 3071 1107 3119 et
1148 3062 1543 3121 confessionem
1587 3068 1763 3123 virtus
1789 3083 1921 3123 con-
1945 3105 1992 3169 Ο

325 3164 593 3226 sequatur
621 3157 876 3227 salusque
897 3156 1154 3210 virtutem
1194 3156 1505 3218 comitetur.
1534 3157 1662 3227 quia
1702 3165 1762 3212 ut
1781 3157 1918 3229 Apo-

321 3245 501 3302 stolus
525 3248 602 3301 ait
621 3265 634 3300 :
653 3243 822 3302 Corde
841 3246 1072 3300 creditur
1088 3244 1158 3300 ad
1175 3244 1462 3315 justitiam,
1486 3262 1577 3301 ore
1602 3256 1778 3301 autem
1799 3263 1918 3302 con-

324 3339 486 3408 fessio
504 3339 566 3409 ﬁt
604 3339 675 3392 ad
698 3338 942 3394 salutem.

398 3428 597 3483 Dicunt
623 3426 939 3502 ei:Utique,
971 3428 1210 3484 Domine.
1253 3429 1399 3484 Tunc
1428 3430 1594 3501 tetigit
1620 3429 1800 3485 oculos
1830 3446 1917 3485 eo-

325 3535 446 3573 rum
477 3519 657 3574 dicens
681 3536 701 3576 :
727 3517 1024 3574 Secundum
1067 3519 1227 3588 ﬁdem
1254 3528 1477 3575 vestram
1504 3519 1601 3589 ﬁat
1623 3519 1785 3574 vobis.
1813 3519 1919 3574 Per

323 3609 508 3680 utique
558 3607 694 3664 foris
759 3605 1032 3663 aﬁlrmant
1074 3606 1220 3677 quod
1277 3607 1423 3664 intus
1473 3609 1637 3664 corde
1695 3607 1918 3664 credulo

323 3709 562 3772 gestant,
589 3708 645 3756 et
666 3700 776 3756 Deo
800 3698 955 3754 ﬁrma
981 3697 1248 3771 professio
1272 3696 1473 3756 factum
1501 3699 1700 3754 meruit
1721 3699 1918 3754 divinae

324 3793 564 3862 pietatis.
601 3789 901 3847 Secundum
921 3790 1100 3860 ﬁdem,
1133 3790 1328 3860 inquit,
1356 3800 1584 3845 vestram
1604 3791 1700 3860 ﬁat
1735 3790 1916 3845 vobis:

325 3884 442 3942 Hoc
469 3895 556 3941 est
583 3885 710 3956 quia
741 3882 872 3939 fides
891 3881 1007 3952 jam
1038 3891 1274 3939 mentem
1311 3882 1602 3950 illuminat,
1636 3883 1916 3939 oculorum

322 3975 504 4033 lucem
542 3976 658 4046 ipsa
685 3973 838 4030 vobis
865 3973 1138 4030 restituat.

399 4067 468 4122 Et
496 4065 665 4136 aperti
701 4074 823 4120 sunt
857 4064 998 4119 oculi
1035 4081 1237 4120 eorum.
1270 4064 1410 4133 Quia
1451 4065 1746 4121 secundum
1779 4064 1916 4120 Pro-

324 4157 507 4229 pheta
529 4157 876 4220 sententiam,
903 4157 1080 4212 omnis
1110 4157 1202 4227 qui
1233 4157 1524 4213 crediderit
1548 4157 1601 4212 in
1629 4157 1778 4212 illum
1807 4174 1913 4214 non

323 4246 708 4303 confundetur.
736 4243 872 4312 Quia
903 4245 1020 4315 ipsa
1051 4245 1159 4318 ipse
1189 4255 1266 4299 est
1287 4244 1382 4299 luo:
1407 4261 1549 4311 uera,
1574 4262 1692 4316 qua:
1723 4246 1918 4302 illumi-

323 4348 416 4394 nat
444 4354 652 4393 omnem
684 4337 947 4391 hominem
971 4337 1254 4392 venientem
1271 4337 1328 4391 in
1351 4337 1490 4392 hunc
1510 4339 1783 4393 mundum.

2031 501 2348 560 idololatria:
2389 519 2486 575 per
2518 506 2698 560 omnia
2749 507 2961 562 deditus
2983 517 3120 562 erat.
3169 509 3304 566 Cum
3343 525 3473 583 ergo
3515 527 3616 582 per

2029 592 2410 662 praedicatores
2436 596 2608 650 sancti
2638 596 2912 666 Evangelii
2950 598 3017 651 ad
3044 597 3372 655 salvatorem
3419 602 3613 670 perdu-

2030 682 2274 749 cebatur,
2303 683 2484 739 ablato
2507 699 2692 740 errore
2719 687 3054 758 gentilitatis,
3086 688 3482 746 confessionem
3513 706 3611 746 no.

2030 775 2193 830 minis
2220 775 2312 830 Dei
2341 776 2546 832 clarius
2572 794 2828 834 resonare
2860 781 3170 852 incipiebat.

2098 863 2169 916 Et
2196 865 2402 919 miratte
2435 876 2558 920 sunt
2595 869 2762 922 turba,-
2787 870 3017 925 dicentes
3044 891 3062 929 :
3091 873 3377 944 Nunquam
3406 877 3480 929 sic
3517 893 3614 946 ap-

2027 954 2204 1023 paruit
2229 953 2284 1006 in
2305 953 2493 1010 Israel.
2520 954 2780 1012 Pharisau'
2799 969 2971 1014 autem
2996 962 3270 1016 dicebant:
3294 963 3360 1018 In
3383 965 3616 1035 principe

2027 1043 2408 1100 dtemoniorum
2430 1047 2570 1117 ejicit
2593 1048 2878 1105 damones.
2923 1051 3103 1107 Turba
3129 1069 3294 1124 opera
3322 1055 3417 1111 Dei
3447 1056 3615 1112 conﬁ-

2027 1141 2175 1190 tetur
2200 1143 2257 1192 et
2282 1136 2414 1192 dicit
2441 1151 2716 1208 nunquam
2761 1142 2841 1195 sic
2874 1144 3188 1213 apparuisse
3228 1145 3280 1199 in
3312 1143 3476 1201 Israel
3509 1164 3520 1198 :
3558 1146 3612 1200 in

2027 1225 2186 1280 turba
2211 1228 2490 1282 nationum
2519 1229 2789 1286 confessio
2819 1241 2922 1287 est.
2980 1233 3238 1289 Pharisaei
3274 1244 3452 1291 autem
3483 1236 3610 1306 quia

2025 1331 2226 1389 negare
2244 1319 2496 1376 virtutem
2513 1321 2609 1378 Dei
2630 1338 2734 1377 non
2747 1332 3018 1394 poterant,
3035 1341 3198 1396 opera
3212 1326 3612 1383 calumniantur

2027 1419 2081 1465 et
2102 1411 2317 1465 dicunt:
2335 1411 2401 1466 In
2419 1414 2653 1484 principe
2667 1415 3047 1471 daemoniorum
3068 1417 3152 1471 hic
3170 1418 3311 1488 ejicit
3329 1419 3610 1490 dtemonia,

2025 1518 2122 1574 per
2150 1521 2302 1560 suam
2331 1506 2654 1562 calumniam
2683 1522 2856 1578 usque
2888 1509 3047 1565 hodie
3076 1509 3382 1566 Iudaeorum
3418 1511 3612 1567 inlide-

2027 1594 2231 1650 litatem
2261 1595 2719 1652 demonstrantes.

2101 1687 2170 1741 Et
2193 1686 2445 1741 circuibat
2461 1687 2618 1742 Iesus
2641 1705 2817 1744 omnes
2837 1690 3072 1744 civitates
3092 1700 3141 1744 et
3161 1691 3398 1757 castella,
3422 1691 3613 1746 docens

2027 1779 2084 1833 in
2110 1779 2390 1849 synagogis
2430 1795 2629 1844 eorum,
2667 1790 2716 1834 et
2739 1780 3033 1851 praedicans
3061 1780 3405 1851 Evangelium
3444 1782 3612 1852 regni,

2025 1877 2073 1923 et
2111 1883 2304 1921 curans
2346 1883 2548 1921 omnem
2588 1867 2892 1938 languorem
2920 1879 2967 1922 et
2992 1885 3193 1923 omnem
3231 1870 3610 1938 inﬁrmitatem.

2026 1956 2216 2012 Cernis
2240 1957 2382 2028 quod
2405 1958 2682 2026 aequaliter
2705 1967 2760 2012 et
2782 1959 2923 2014 villis
2948 1967 3005 2014 et
3025 1959 3249 2014 urbibus
3277 1967 3331 2014 et
3353 1959 3611 2023 castellis,

2026 2049 2080 2104 id
2108 2057 2192 2104 est
2218 2057 2273 2103 ct
2299 2049 2511 2118 magnis
2537 2057 2594 2104 et
2620 2049 2802 2119 parvis
2839 2049 3187 2120 Evangeliqu
3236 2051 3614 2121 praedicaverit

2025 2147 2086 2194 ut
2114 2154 2220 2194 non
2246 2141 2617 2196 consideraret
2642 2140 2902 2195 nobilium
2931 2142 3253 2212 potentiam,
3269 2143 3362 2198 sed
3384 2143 3611 2198 salutem

2026 2231 2360 2288 credentium
2387 2249 2402 2285 :
2427 2231 2696 2286 Circuibat
2737 2232 2989 2299 civitates,
3038 2233 3140 2289 hoc
3170 2234 3376 2289 habens
3407 2234 3611 2304 operis,

2025 2321 2167 2390 quod
2191 2322 2547 2376 mandaverat
2569 2331 2748 2392 pater,
2765 2333 2821 2378 et
2848 2324 2990 2379 hanc
3015 2324 3250 2380 esuriem
3279 2333 3340 2379 ut
3363 2325 3610 2380 doctrina

2024 2427 2122 2468 sua
2149 2411 2329 2468 salvos
2354 2411 2565 2468 faceret
2594 2412 2856 2468 inﬁdeles.
2910 2412 3134 2468 Docebat
3170 2416 3226 2468 in
3257 2416 3536 2485 sgnagogis
3563 2424 3611 2468 et

2023 2504 2078 2556 in
2102 2502 2238 2557 uillis
2263 2501 2606 2573 Evangelia»:
2639 2505 2874 2574 regni,et
2903 2510 3024 2572 post
3051 2503 3488 2572 praedicationem
3522 2513 3608 2558 at-

2023 2609 2130 2665 que
2164 2594 2466 2649 doctrinam
2498 2594 2724 2650 curabat
2751 2610 2958 2648 omnem
2992 2593 3296 2664 languorem
3326 2604 3374 2648 et
3405 2610 3608 2648 omnem

2023 2686 2413 2756 inﬁrmitatem;
2435 2684 2509 2738 nil
2536 2684 2734 2754 quippe
2759 2684 2806 2736 ei
2836 2682 3280 2751 impossibileest,
3296 2684 3386 2752 qui
3413 2691 3606 2737 cuncta

2023 2775 2234 2830 creavit
2270 2781 2325 2828 et
2347 2773 2588 2828 omnium
2615 2772 2928 2827 dominatur
2963 2770 3122 2827 Iesus
3147 2773 3398 2828 Christus
3426 2757 3612 2829 Domi-

2023 2879 2126 2920 nus
2165 2874 2350 2919 noster
2372 2863 2466 2933 qui
2497 2878 2620 2918 cum
2647 2861 2808 2917 Patre
2831 2870 2888 2916 et
2913 2861 3118 2933 Spiritu
3163 2875 3353 2918 sancto
3380 2862 3516 2918 vivit
3556 2873 3612 2918 et

2022 2963 2212 3027 regnat
2239 2953 2383 3009 Deus
2407 2967 2503 3024 per
2537 2953 2718 3008 omnia
2758 2951 2954 3008 saecula
2989 2953 3331 3008 mulorum.
3365 2953 3557 3008 Amen.

2579 3061 2860 3118 HOMILIA
2902 3061 3057 3120 CLV.

2672 3170 2831 3210 FERIA
2867 3170 2944 3209 Vl.

2124 3247 2310 3303 Lectio
2337 3246 2510 3302 sancti
2537 3245 2813 3317 Evangelii
2841 3245 3138 3301 secundum
3166 3246 3496 3300 Mattharnm.

2089 3338 2158 3393 In
2182 3338 2274 3392 illo
2296 3347 2525 3409 tempore
2544 3345 2691 3407 erepit
2712 3336 2868 3390 Iesus
2897 3337 3213 3407 exprobrare
3239 3338 3534 3391 civitatibus
3553 3337 3609 3391 in

2016 3428 2204 3500 quibus
2225 3428 2381 3498 facte
2403 3435 2525 3482 sunt
2546 3425 2788 3497 plurima
2807 3426 3019 3482 virtutes
3038 3427 3174 3495 ejus,
3197 3428 3322 3497 quia
3345 3444 3448 3482 non
3469 3429 3607 3499 egis-

2016 3526 2132 3573 sent
2151 3517 2529 3588 paenitentiam,
2557 3525 2666 3572 etc.

2089 3608 2449 3680 Exprobratio
2493 3608 2767 3663 civitatum
2797 3607 3081 3663 Corozaim
3129 3616 3186 3663 et
3229 3608 3517 3664 Bethsalda
3552 3617 3608 3662 et

2016 3701 2392 3772 Capharnaum
2423 3700 2643 3771 capituli
2671 3699 2829 3768 hujus
2853 3699 3008 3754 titulo
3035 3700 3291 3770 panditur
3315 3699 3457 3770 quod
3482 3700 3606 3755 ideo

2017 3791 2428 3862 exprobraverit
2467 3791 2549 3846 eis
2582 3805 2703 3860 quae
2735 3797 2857 3860 post
2896 3789 3069 3845 factas
3095 3798 3324 3846 Virtutes
3369 3799 3423 3844 et
3453 3791 3604 3861 signa

2017 3897 2179 3955 quam
2203 3881 2436 3952 plurima
2467 3896 2574 3936 non
2601 3881 2814 3952 egerint
2841 3881 3238 3952 paenitentiam.

2082 3970 2176 4026 γω
2191 3969 2303 4036 tibi,
2319 3968 2621 4035 Corosaim,
2635 3985 2713 4024 ea:
2724 3969 2841 4036 tibi,
2860 3968 3165 4024 Bethsaida.
3183 3970 3496 4036 Quaeramus
3514 3972 3605 4027 ubi

2015 4063 2276 4134 scriptum
2305 4062 2378 4116 sit
2400 4063 2543 4132 quod
2567 4061 2620 4115 in
2648 4060 2929 4117 Comzaim
2959 4071 3015 4118 et
3044 4063 3328 4119 Bethsaida
3348 4067 3606 4122 Dominus

2015 4153 2168 4225 signa
2209 4151 2418 4207 fecerit.
2462 4151 2637 4220 Supra
2666 4150 2932 4222 legimus:
2972 4151 3042 4206 Et
3071 4153 3322 4208 circuibat
3347 4154 3503 4210 Iesus
3525 4156 3604 4210 ci-

2015 4250 2198 4304 uitates
2224 4257 2273 4302 et
2299 4263 2475 4303 omnes
2497 4248 2632 4302 vicos
2654 4264 2845 4303 curans
2868 4263 3071 4302 omnem
3097 4249 3474 4317 inﬁrmitatem,
3493 4261 3599 4305 etc.

2014 4340 2164 4397 inter
2208 4349 2436 4398 caeteras
2475 4355 2607 4412 ergo
2635 4340 2799 4396 urbes
2824 4349 2879 4395 et
2906 4340 3054 4396 vicos
3096 4341 3471 4395 aestimandum
3519 4350 3604 4397 est

418 4427 488 4483 Et
518 4428 870 4482 comminatus
890 4436 965 4482 est
990 4427 1066 4481 eis
1087 4425 1244 4482 Iesus
1268 4426 1478 4482 dicens:
1507 4425 1684 4482 Videte
1712 4444 1773 4482 ne
1794 4428 1912 4498 quis
1942 4449 1990 4508 ι)
2015 4447 2230 4502 quoque
2258 4433 2314 4487 in
2336 4431 2618 4488 Corozaim
2640 4438 2694 4485 et
2712 4429 2998 4485 Bethsaida
3023 4429 3307 4484 Dominum
3337 4429 3493 4502 signa
3519 4430 3602 4488 fe-

317 4518 474 4574 sciat.
512 4516 608 4573 Illi
633 4524 811 4571 autem
844 4524 1088 4571 exeuntes
1125 4517 1532 4587 diﬂ'amaverunt
1562 4535 1681 4574 eum
1709 4521 1764 4573 in
1799 4529 1910 4574 tota

319 4617 466 4663 terra
503 4606 622 4660 illa.
668 4605 738 4661 Et
764 4606 1026 4661 Dominus
1051 4613 1273 4677 propter
1293 4608 1654 4664 humilitatem
1699 4608 1912 4678 fugiens

312 4697 598 4770 iactantiae
623 4697 852 4768 gloriam
884 4697 986 4754 hoc
1011 4699 1268 4769 praecepit
1298 4715 1311 4752 :
1353 4709 1410 4756 ct
1443 4699 1522 4756 illi
1550 4711 1772 4771 propter
1800 4715 1916 4758 me-

317 4791 552 4844 moriam
583 4788 773 4858 gratiae
799 4802 905 4842 non
931 4796 1160 4859 possunt
1191 4797 1373 4846 tacere
1401 4790 1744 4847 beneﬁcium.
1775 4790 1913 4846 Nota

319 4893 454 4950 ergo
491 4878 711 4948 aliquod
740 4878 882 4934 inter
912 4895 971 4935 se
995 4879 1206 4949 justum
1235 4895 1357 4937 esse
1381 4883 1732 4938 contrarium.

394 4971 640 5043 Egressis
682 4979 858 5026 autem
902 4969 1032 5037 illis,
1079 4988 1196 5027 ecce
1239 4971 1536 5028 obtulerunt
1573 4974 1621 5028 ei
1656 4974 1918 5028 hominem

318 5073 549 5128 mutum,
572 5063 891 5117 dcemonium
915 5063 1209 5118 habentem.
1252 5063 1322 5118 Et
1350 5063 1512 5134 ejecta
1539 5063 1797 5128 daemone,
1835 5063 1916 5118 lo-

319 5167 478 5213 cutus
502 5165 578 5212 est
611 5165 809 5210 mutus.
843 5153 1018 5211 Homo
1043 5156 1147 5212 iste
1175 5155 1430 5228 gentilem
1455 5155 1710 5228 populum
1751 5155 1918 5228 signi-

318 5249 456 5308 licet
475 5249 568 5321 qui
596 5257 778 5304 mutus
802 5257 942 5314 erat,
966 5250 1093 5321 quia
1123 5247 1515 5305 confessionem
1541 5265 1682 5305 verae
1712 5249 1836 5306 fidei
1863 5251 1917 5306 in

318 5356 421 5399 ore
456 5359 564 5399 non
591 5342 848 5407 habebat,
881 5357 981 5398 nec
1011 5358 1120 5398 non
1155 5350 1210 5397 et
1237 5343 1454 5408 surdus,
1484 5343 1610 5414 quia
1640 5343 1826 5398 audire
1844 5342 1918 5399 le-

317 5449 450 5508 gem
477 5434 574 5490 Dei
605 5449 714 5490 non
739 5435 1132 5490 consentiebat.
1153 5434 1306 5502 Quod
1335 5436 1478 5490 enim
1503 5435 1691 5492 Graece
1718 5435 1917 5492 dicitur

317 5523 491 5598 κωφός
507 5527 684 5597 magis
703 5525 888 5580 tritum
913 5533 996 5581 est
1024 5541 1278 5581 sermone
1303 5527 1600 5592 communi,
1631 5536 1693 5581 ut
1720 5527 1916 5582 surdus

316 5617 506 5690 potius
551 5633 717 5690 quam
751 5627 933 5672 mutus
961 5616 1316 5688 intelligatur,
1347 5617 1441 5672 sed
1475 5618 1643 5674 moris
1670 5626 1754 5675 est
1785 5619 1918 5675 scri-

325 5720 636 5781 pturarum,
653 5708 815 5784 κωφόν
843 5708 1214 5768 indiﬂ‘erenter
1237 5711 1321 5766 vel
1348 5718 1558 5768 mutum
1582 5711 1666 5768 vel
1691 5711 1916 5770 surdum

2014 4535 2176 4578 CISSC.

2089 4611 2229 4677 Quia
2253 4611 2300 4664 si
2326 4610 2380 4663 in
2403 4607 2539 4678 Tyro
2577 4617 2622 4661 et
2646 4604 2842 4661 Sidone
2871 4605 3026 4675 facile
3054 4615 3222 4660 essent
3247 4607 3464 4664 virtutes
3485 4624 3602 4681 qua

2018 4701 2174 4771 facta:
2203 4710 2322 4754 sunt
2359 4701 2412 4754 in
2445 4699 2607 4762 vobis,
2637 4697 2760 4751 olim
2801 4697 2854 4750 in
2879 4697 3051 4751 cilicio
3082 4705 3131 4751 et
3153 4699 3324 4753 cinere
3347 4702 3600 4770 paeniten-

2019 4795 2150 4848 tiam
2178 4793 2419 4861 egissent.
2452 4789 2756 4844 Notandum
2785 4787 2928 4858 quod
2960 4787 3140 4859 Tyrus
3169 4791 3491 4861 metropolis
3519 4801 3604 4847 est

2023 4884 2292 4942 thnicis
2338 4883 2392 4938 in
2441 4883 2584 4938 tribu
2612 4881 2938 4953 Nephtalim.
2975 4882 3098 4938 ihcc
3127 4885 3398 4953 quondam
3429 4885 3601 4940 insula

2015 4977 2120 5033 fuit
2142 4977 2318 5047 posita
2346 4976 2456 5033 alto
2480 4976 2638 5042 mari,
2657 4976 2751 5032 sed
2781 4992 2923 5030 nunc
2956 4977 3205 5049 contigua
3233 4985 3409 5034 terrae.
3436 4977 3603 5034 Sidon

2016 5082 2232 5140 quoque
2277 5068 2409 5124 urbs
2455 5076 2539 5124 est
2575 5068 2849 5124 thnicis
2897 5069 3121 5139 insignis
3162 5070 3290 5127 olim
3343 5071 3605 5126 terminus

2017 5159 2450 5216 Chananaaorum
2497 5159 2565 5215 ad
2614 5158 2921 5228 aquilonem
2966 5160 3260 5229 respiciens
3313 5167 3368 5214 et
3416 5167 3602 5229 postea

2018 5250 2254 5322 regionis
2273 5248 2490 5305 Iudam.
2513 5249 2720 5305 Cecidit
2748 5257 2928 5306 autem
2959 5250 3012 5304 in
3035 5259 3232 5306 sortem
3261 5249 3418 5304 tribui
3442 5249 3600 5314 Aser,

2019 5344 2114 5400 sed
2139 5359 2246 5398 non
2270 5357 2388 5398 eam
2419 5342 2681 5414 possedit,
2709 5343 2834 5414 quia
2862 5343 3048 5398 hostes
3074 5349 3413 5411 nequaquam
3437 5339 3608 5397 valuit

2017 5433 2306 5504 expellere.
2363 5439 2756 5505 Interpretatur
2805 5443 2983 5489 autem
3029 5433 3204 5506 ﬁrus
3248 5431 3496 5502 angustia
3547 5441 3604 5488 et

2019 5524 2186 5580 Sidon
2236 5527 2474 5590 venatio,
2523 5533 2580 5580 et
2619 5524 2890 5597 significat
2979 5532 3164 5595 gentes
3205 5536 3343 5592 quas
3373 5529 3604 5578 venator

2019 5616 2263 5674 diabolus
2292 5617 2348 5671 in
2383 5618 2632 5686 angustia
2670 5615 2876 5689 peccati
2911 5614 3342 5685 comprehendit,
3370 5615 3467 5672 sed
3489 5616 3603 5673 eal-

2018 5717 2176 5766 vator
2199 5709 2355 5766 Jesus
2386 5726 2482 5784 per
2517 5709 2864 5782 Evangelium
2898 5705 3146 5764 absolvit.
