3950 6184
337 303 444 356 U3

975 297 1033 352 Β.
1076 294 1325 350 HADANI
1367 290 1582 358 Μωω
1622 283 1938 342 ARClIlEP.
1983 280 2294 336 MOGUNT.
2334 279 2616 337 OPERUM
2655 281 2832 335 PARS
2873 281 2934 335 ll.

3513 283 3616 336 5:35

411 417 483 474 Et
511 426 589 482 tu,
615 413 1008 486 Capitarnaum,
1039 409 1273 481 nunquid
1301 425 1463 478 usque
1489 408 1541 462 in
1566 404 1750 460 emittm
1771 399 1920 456 exal-
1953 400 1999 457 Α
2027 404 2167 486 ctum
2193 395 2246 450 in
2290 394 2541 460 Domino,
2585 397 2638 449 in
2677 412 2778 465 quo
2804 406 2852 450 et
2882 412 2969 450 eos
2997 395 3396 464 coa’diﬁcammi
3427 396 3480 448 in
3521 399 3618 448 Ita-

339 507 574 569 talnris?
597 524 758 580 usque
785 509 839 562 in
861 505 1122 574 infernum
1142 500 1440 557 descendes.
1469 499 1527 551 lu
1549 497 1721 552 altero
1739 507 1926 549 exem-

338 602 477 672 plari
521 600 821 670 reperimus
847 615 859 650 :
885 596 951 649 Et
982 603 1034 648 tu
1071 593 1466 662 Capharnaum,
1497 605 1620 658 quae
1655 600 1824 656 usque
1857 585 1926 640 ad

341 690 537 745 caelum
569 688 804 743 exaltata
841 701 900 739 es
944 698 1115 752 usque
1161 683 1226 737 ad
1258 681 1467 734 inferna
1515 677 1842 742 descendes;
1871 684 1928 730 et

340 787 425 834 est
453 779 642 848 duplex
676 775 1025 844 intelligentia
1057 792 1069 826 :
1101 772 1187 828 vel
1215 772 1360 836 ideo,
1390 770 1459 823 ad
1482 768 1688 836 inferna
1715 768 1930 821 descen-

342 869 454 933 des,
483 867 610 937 quia
640 876 829 921 contra
859 864 1296 934 praedicationem
1329 875 1506 914 meum
1545 857 1930 927 superbissime

344 959 606 1018 restitisti,
638 968 689 1013 et
723 959 842 1012 ideo
868 957 991 1026 quia
1018 956 1256 1010 exaltata
1288 968 1458 1022 usque
1491 952 1558 1006 ad
1585 951 1780 1006 calum
1809 964 1932 1004 meo

341 1053 597 1122 hospitio,
627 1061 683 1105 et
710 1051 843 1105 meis
879 1039 1047 1120 signis
1075 1056 1236 1115 atque
1265 1044 1554 1098 virtutibus
1585 1052 1792 1096 tantum
1836 1044 1932 1096 ha-

341 1144 476 1200 hens
499 1142 836 1212 privilegium
873 1139 1170 1206 majoribus
1201 1137 1453 1206 plecteris
1479 1135 1774 1204 suppliciis,
1801 1135 1932 1203 quia

341 1235 428 1290 his
453 1248 668 1304 quoque
695 1233 917 1286 credere
967 1230 1205 1284 noluisti.
1238 1229 1294 1282 lu
1317 1227 1696 1296 Capharnaum
1727 1236 1933 1289 autem,

341 1342 464 1395 quas
514 1327 905 1394 interpretatur
956 1322 1080 1376 villa
1128 1321 1514 1390 pulcherrima,
1545 1319 1937 1373 condemnatur

340 1417 618 1474 incredula
665 1416 987 1479 Jerusalem,
1034 1416 1118 1470 cui
1168 1415 1365 1469 dicitur
1412 1429 1508 1482 per
1556 1412 1932 1466 Ezechielem:

339 1511 642 1579 Justi/icata
687 1509 916 1562 Sodoma
965 1524 1112 1562 soror
1139 1517 1231 1560 tua
1275 1522 1340 1560 es:
1376 1516 1446 1558 te.
1486 1505 1637 1560 Unde
1668 1511 1723 1560 et
1743 1519 1938 1559 consa-

340 1611 570 1671 quentcr
596 1602 875 1656 subditur:

415 1692 554 1756 Quia
582 1693 626 1744 si
654 1693 708 1744 in
737 1690 980 1745 Sodomis
1007 1691 1162 1760 facta:
1192 1689 1410 1758 fuissent
1439 1689 1654 1742 uirtutes
1697 1704 1816 1757 quae
1845 1687 1933 1757 fa-

2027 484 2314 541 bitaculum
2339 486 2434 541 Dei
2460 487 2513 540 in
2539 486 2742 556 Spiritu
2767 496 2976 550 sancto,
3002 487 3052 540 in
3081 502 3189 555 quo
3210 495 3264 539 et
3285 502 3378 541 vos
3404 486 3622 554 Ephesii

2026 580 2370 634 mdilicamini
2402 581 2453 634 in
2487 579 2741 649 templum
2768 595 2834 634 ex
2876 579 3013 632 vivis
3041 577 3306 640 lapidibus
3332 577 3442 632 Deo
3475 594 3626 632 sum-

2029 686 2137 725 mo.
2164 671 2315 738 Quod
2347 671 2392 726 si
2425 670 2677 724 universa
2705 669 3014 732 :cdilicatio,
3045 669 3159 722 sive
3189 683 3254 721 ex
3283 666 3484 721 Ιιιώηἰδ
3508 667 3627 721 sive

2027 778 2093 818 ex
2117 762 2363 833 gentibus
2392 770 2702 816 constructa
2736 770 2792 816 et
2843 760 3222 830 compaginata
3255 776 3351 828 per
3396 759 3624 828 angula-

2031 869 2142 908 rem
2172 853 2400 922 lapidem
2431 853 2522 922 qui
2559 855 2691 906 duos
2713 852 2950 921 parietes
2996 850 3296 920 conjungit,
3346 850 3545 903 crescit
3568 849 3624 901 in

2031 961 2197 998 unum
2230 944 2486 1012 templum
2518 945 2678 998 unius
2714 945 2825 1006 Dei,
2860 960 3036 997 nonne
3083 942 3237 996 nobis
3265 943 3408 995 omni
3441 941 3628 995 labore

2031 1035 2353 1090 studendum
2378 1043 2478 1097 est,
2507 1043 2565 1087 ut
2591 1035 2783 1089 fiamus
2809 1033 2880 1087 illi
2912 1033 3135 1102 lapides,
3181 1033 3246 1086 de
3275 1033 3472 1102 quibus
3494 1034 3628 1086 scri-

2033 1134 2184 1193 ptum
2211 1134 2315 1188 est,
2341 1124 2539 1194 lapides
2562 1126 2728 1178 sancti
2765 1123 3041 1178 volvuntur
3069 1139 3226 1191 super
3248 1133 3465 1185 terram,
3499 1140 3624 1176 cum

2036 1219 2296 1274 fuerimus
2331 1219 2436 1273 vivi
2485 1219 2688 1289 lapides
2733 1235 2798 1273 ex
2829 1220 2973 1279 omni
3025 1229 3178 1286 parte
3226 1218 3409 1280 delati,
3460 1219 3625 1279 leves,

2034 1309 2209 1378 politi,
2257 1309 2458 1378 pullam
2517 1309 2879 1364 scabrioinem
2915 1309 3178 1364 habentes
3221 1308 3628 1362 acditicernurin

2036 1372 2316 1470 templuln,
2371 1400 2630 1454 faciamus
2684 1401 2734 1453 in
2796 1400 3198 1470 nobismetipsis
3261 1399 3627 1453 habitaculum

2039 1491 2170 1555 Deo,
2193 1501 2253 1546 ut
2283 1491 2532 1562 dignetur
2561 1492 2612 1545 in
2645 1492 2846 1561 Spiritu
2872 1499 3061 1546 sancto
3086 1491 3330 1546 habitare
3361 1491 3414 1544 iu
3439 1490 3626 1555 nobis;

2039 1583 2173 1638 duos
2197 1583 2339 1636 enim
2369 1584 2590 1654 pupulos
2637 1584 2690 1638 in
2723 1600 2780 1639 sc
2827 1584 3064 1652 suscepit
3101 1582 3367 1643 Salvator,
3418 1593 3472 1636 et
3505 1581 3631 1636 fecit

2041 1693 2206 1730 unum
2238 1678 2290 1730 in
2335 1679 2581 1741 Domino,
2631 1679 2769 1732 sicut
2796 1687 2848 1732 et
2898 1678 3034 1747 lapis
3062 1678 3336 1748 angularis
3373 1677 3509 1730 duos
3537 1693 3631 1746 pa-

339 1752 584 1837 ειαξδηηι
625 1784 681 1836 ξπ
721 1793 788 1845 τε,
819 1783 952 1852 [om
982 1752 1295 1836 ,λιαηδίδέρηε
1338 1797 1499 1850 τωρωι
1517 1780 1572 1832 in
1609 1752 1747 1832 tum};
1770 1752 1930 1832 άξέηι,
1963 1752 2009 1810 Β
2038 1767 2202 1820 rietes
2231 1768 2472 1822 continet
2528 1768 2578 1821 in
2636 1768 2841 1823 unitate
2895 1769 3087 1822 domus
3129 1769 3409 1834 firmatos;
3447 1768 3633 1821 tideles

341 1875 565 1930 Minoris
593 1890 722 1946 ergo
755 1876 1033 1946 iejustitize
1069 1876 1324 1938 Sodoma,
1355 1885 1410 1928 et
1444 1875 1596 1943 quasi
1635 1874 1780 1944 justa
1814 1889 1937 1928 esse

341 1966 541 2019 dicitur
564 1966 616 2020 in
649 1969 1050 2035 comparatione
1067 1967 1289 2035 majoris
1312 1965 1604 2034 injustitiaa.
1634 1963 1935 2018 Jerusalem

341 2072 463 2109 eum
518 2057 606 2111 illa
641 2057 900 2126 exemplis
932 2058 1070 2112 Loth
1118 2074 1225 2111 non
1283 2056 1443 2110 fuerit
1481 2064 1723 2109 correcta
1753 2063 1809 2108 et
1833 2055 1936 2108 ista

342 2145 437 2200 ﬁlii
468 2146 561 2202 Dei
589 2147 770 2202 verbis
795 2157 851 2202 et
879 2148 1152 2202 miraculis
1169 2163 1386 2217 semper
1408 2147 1677 2202 exstiterit
1700 2147 1934 2217 ingrata,

344 2237 453 2292 imo
480 2238 771 2308 prophetas
807 2253 906 2293 nec
935 2254 1040 2294 non
1068 2247 1123 2293 et
1151 2239 1324 2308 ipsum
1353 2237 1688 2292 Salvator-em
1713 2236 1933 2302 occidit,

344 2335 400 2381 et
435 2328 706 2397 apostolos
734 2329 852 2399 ejus
875 2336 1156 2399 persecuta
1189 2338 1292 2384 est.

423 2417 794 2474 Verumtamen
835 2421 954 2474 dico
992 2422 1155 2486 vobis,
1207 2422 1331 2490 quia
1378 2431 1532 2473 terra?
1582 2419 1936 2473 Sodomorum

345 2508 613 2562 remissius
643 2509 738 2561 erit
762 2510 815 2561 in
840 2509 924 2562 die
941 2510 1132 2579 judicii
1153 2527 1309 2580 quam
1331 2511 1442 2564 tibi.
1470 2510 1771 2564 Remissior
1791 2510 1936 2564 enim

343 2613 527 2651 eorum
561 2599 666 2651 erit
695 2613 876 2668 pinna,
908 2615 1134 2668 quorum
1165 2602 1339 2654 minor
1370 2609 1458 2655 est
1481 2600 1660 2669 culpa,
1686 2611 1740 2654 et
1763 2600 1815 2653 in
1840 2616 1937 2654 eos

341 2686 535 2741 fortior
583 2690 836 2758 procedet
883 2691 1115 2745 vindicta
1160 2707 1388 2760 quorum
1420 2691 1594 2761 major
1617 2701 1700 2746 est
1752 2693 1933 2745 noxia.

342 2776 529 2829 Justus
555 2777 691 2829 enim
717 2787 790 2830 est
813 2777 1072 2832 Dominus
1096 2780 1153 2833 in
1175 2781 1413 2833 omnibus
1441 2781 1538 2833 viis
1576 2782 1706 2843 suis,
1740 2790 1788 2833 et
1809 2798 1932 2834 san-

344 2874 458 2917 ctus
493 2867 544 2918 in
590 2866 827 2918 omnibus
857 2867 1098 2935 operibus
1141 2869 1269 2931 suis,
1299 2868 1391 2937 qui
1421 2869 1598 2922 reddet
1656 2870 1937 2941 unicuique

344 2954 628 3008 secundum
656 2971 812 3024 opera
837 2955 971 3024 ejus.

900 3046 1178 3102 HOMILIA
1209 3046 1384 3103 CLVI.

527 3150 578 3188 IN
609 3151 803 3189 NATAL!
841 3151 1030 3192 SANCTI
1060 3154 1448 3193 BARTIIOLOIJ‘II
1479 3155 1756 3195 APOSTOLI.

702 3227 888 3282 Lectio
924 3228 1174 3298 Epistula:
1203 3231 1270 3284 ad
1301 3231 1578 3299 Ephesios.

424 3315 655 3380 Fratres,
679 3319 794 3390 jam
828 3337 931 3374 non
953 3323 1074 3374 estis
1098 3322 1324 3390 hospites
1349 3333 1397 3376 et
1426 3325 1660 3390 adventu,
1695 3326 1787 3380 sed
1813 3328 1934 3382 estis

349 3411 482 3463 cives
511 3423 810 3464 sanctorum
831 3424 877 3465 et
904 3414 1170 3468 domestici
1197 3415 1311 3476 Dei,
1337 3426 1442 3471 etc.

422 3500 502 3553 Ad
535 3501 585 3554 id
634 3503 776 3570 quod
825 3519 984 3573 supra
1031 3506 1242 3559 dixerat
1295 3509 1595 3578 peregrinis
1641 3517 1936 3566 testamen-

350 3598 527 3645 torum
562 3595 1018 3663 repromissionis,
1036 3613 1179 3651 nunc
1205 3601 1489 3667 respondet
1515 3619 1527 3652 :
1553 3606 1807 3672 ergojant
1833 3621 1937 3657 non

347 3683 468 3735 estis
493 3683 736 3752 hospites,
771 3685 822 3738 id
848 3693 930 3740 est
970 3687 1258 3755 peregrini.
1310 3688 1377 3742 Et
1401 3690 1466 3744 ad
1493 3689 1620 3743 illud
1649 3691 1790 3758 quod
1815 3708 1940 3760 pro-

350 3774 572 3829 miserat
599 3776 845 3848 aliepatis
890 3793 920 3831 a
969 3779 1377 3834 conversatione
1434 3780 1617 3843 lsrael,
1648 3782 1806 3836 modo
1854 3799 1939 3837 re-

349 3865 598 3932 Spundet,
628 3867 750 3920 estis
788 3868 920 3920 cives
947 3880 1246 3923 sanctorum
1283 3882 1330 3924 ct
1355 3871 1623 3926 domestici
1662 3873 1780 3938 Dei,
1811 3876 1936 3944 quia

333 3950 442 4022 'qui
471 3953 761 4021 aliquando
789 3956 942 4025 longe
973 3957 1175 4021 fuistis,
1206 3952 1311 4013 non
1359 3962 1619 4016 habentes
1649 3967 1938 4032 repromis-

350 4043 532 4099 siones
582 4045 649 4098 de
692 4044 926 4110 Christo,
975 4048 1057 4101 vel
1106 4049 1278 4104 salute
1335 4060 1532 4116 vestra,
1579 4070 1722 4108 nunc
1773 4071 1938 4126 prope

349 4135 502 4200 estis,
557 4145 612 4190 et
659 4152 763 4191 nou
821 4137 994 4191 solum
1029 4155 1218 4208 prope,
1270 4141 1363 4196 sed
1419 4143 1581 4198 etiam
1619 4145 1764 4201 cives
1809 4163 1938 4201 sau-

347 4241 502 4290 ςιοῐυ
510 4249 582 4288 ιη.

423 4324 844 4395 Supera'di/icati
891 4337 1046 4397 super
1087 4327 1482 4396 fundamentum
1517 4330 1868 4399 apostolorum
1889 4341 1939 4386 et

350 4417 741 4488 prophetarum.
791 4417 905 4471 Hoc
931 4427 1032 4484 est,
1073 4434 1232 4489 supra
1281 4436 1477 4474 novum
1507 4431 1744 4478 etvetus
1773 4436 1938 4481 testa-

352 4519 593 4563 mentum
625 4510 918 4577 collocati;
956 4513 1097 4581 quod
1145 4514 1288 4566 enim
1332 4515 1558 4581 apostoli
1604 4517 1934 4583 praedicave-

354 4607 500 4659 runt,
532 4597 804 4664 prepheta:
836 4599 1076 4654 futurum
1104 4601 1371 4655 dixerunt.
1409 4603 1666 4668 Quamvis
1692 4605 1836 4660 dicat
1866 4609 1933 4662 ad

352 4686 702 4745 Corinthios:
741 4689 882 4744 Deus
907 4693 1132 4758 primum
1169 4695 1339 4762 posuit
1382 4697 1437 4748 in
1471 4696 1686 4752 ecclesia
1727 4713 1942 4766 aposto-

353 4776 450 4841 los,
480 4779 705 4832 secundo
737 4781 1032 4850 prOphetas,
1079 4785 1172 4837 sed
1213 4785 1301 4838 alii
1344 4787 1618 4856 prophetrc
1654 4799 1814 4844 sunt:
1845 4792 1936 4845 illo

352 4869 496 4922 enim
529 4868 646 4923 loco
667 4871 731 4923 de
751 4871 1091 4928 ordinatione
1119 4875 1360 4932 ecclesize
1387 4879 1622 4947 disputat
1649 4897 1661 4944 ;
1696 4881 1782 4936 hic
1811 4898 1937 4940 vero

356 4961 420 5016 de
445 4960 796 5016 fundamento
839 4964 1120 5030 ecclesiae;
1163 4969 1437 5036 propheta:
1483 4972 1625 5026 enim
1664 4973 1946 5041 disposue-

356 5059 500 5114 runt,
535 5065 660 5102 nam
698 5052 923 5120 apostoli
958 5052 1300 5109 fundamenta
1323 5059 1589 5128 jeeerunt.
1638 5059 1787 5116 Unde
1812 5064 1945 5118 dicit

354 5139 615 5194 Dominus
642 5141 708 5194 ad
741 5141 977 5206 Petrum,
1023 5160 1178 5212 super
1223 5158 1424 5214 petram
1468 5150 1738 5219 (edi/icalio
1761 5153 1944 5208 Eccle-

353 5234 488 5287 sium
517 5249 703 5298 meant,
737 5233 840 5289 hoc
885 5243 990 5297 est,
1023 5236 1074 5290 in
1106 5239 1382 5293 catholicae
1430 5240 1550 5294 fidei
1604 5241 1942 5300 confessione

355 5331 532 5378 statuo
563 5322 748 5378 fideles
774 5325 840 5378 ad
874 5324 1058 5378 vitam.
1104 5326 1238 5381 Nam
1268 5337 1323 5382 et
1362 5329 1530 5384 David
1561 5331 1823 5400 disposuit
1849 5335 1942 5389 do-

355 5429 501 5468 mum
531 5414 645 5479 Dei,
673 5425 724 5470 et
752 5415 1071 5484 significavit
1101 5418 1278 5473 locum
1324 5421 1412 5474 ubi
1445 5420 1640 5486 fuerat,
1687 5421 1942 5479 Salomon

355 5519 487 5562 vero
518 5507 760 5563 fundavit
789 5525 928 5564 eam.

431 5605 558 5667 Ipso
585 5618 788 5655 summa
828 5603 1073 5674 angulari
1120 5603 1290 5674 lapide
1337 5603 1543 5661 Christo
1567 5605 1718 5671 Jesu,
1757 5609 1811 5662 in
1839 5627 1942 5679 quo

357 5691 526 5745 omnis
551 5693 830 5760 wdiﬁcatio
871 5707 1169 5752 constructa
1209 5699 1392 5752 crescit
1436 5699 1491 5752 in
1530 5698 1772 5770 templum
1819 5719 1943 5756 san-

2037 1858 2178 1914 Cnim
2208 1860 2522 1928 superficies
2563 1867 2688 1913 sunt
2721 1859 2900 1927 templi
2936 1859 3026 1913 Dei
3069 1859 3120 1913 in
3171 1859 3363 1927 spiritu
3399 1873 3630 1911 conver-

2037 1956 2224 2006 santes
2254 1958 2311 2002 ut
2337 1950 2547 2018 possint
2575 1950 2818 2004 luerech
2846 1949 2962 2002 fieri
2991 1948 3227 2004 cmlestis
3256 1948 3628 2002 habitationis.

2037 2039 2140 2092 Per
2169 2039 2450 2092 Dominmn
2505 2056 2584 2092 nu.
2606 2048 2748 2092 trum
2803 2038 2986 2093 Jesum
3043 2037 3337 2096 Christum,
3387 2037 3633 2106 quicum

2037 2127 2199 2184 Patre
2229 2140 2284 2184 et
2338 2129 2546 2198 Spiritu
2585 2139 2775 2196 sancto
2820 2129 2953 2182 vivit
3003 2137 3058 2184 et
3090 2139 3277 2199 regnat
3324 2127 3489 2193 Deus,
3536 2143 3634 2196 per

2038 2219 2221 2275 omnia
2249 2219 2448 2276 Saecula
2479 2218 2818 2274 seculorum.
2850 2217 3044 2271 Amen.

2197 2337 2386 2392 Lectio
2413 2337 2588 2392 sancti
2619 2333 2892 2405 Evangelii
2920 2333 3218 2389 secundum
3240 2331 3462 2386 Lucam.

2109 2428 2176 2483 In
2205 2428 2297 2484 illo
2320 2437 2548 2498 tempore
2575 2426 2716 2495 facta
2756 2434 2830 2479 est
2865 2433 2912 2477 et
2939 2423 3196 2477 contentio
3229 2423 3366 2476 inter
3399 2421 3637 2489 discipu-

2039 2519 2117 2574 los
2141 2521 2258 2589 quie
2287 2534 2470 2572 eorum
2502 2517 2765 2571 videretur
2786 2531 2896 2570 esse
2921 2514 3112 2582 major,
3141 2522 3250 2568 etc.

2111 2611 2349 2680 Require
2410 2609 2465 2666 in
2525 2607 2786 2662 Passieno
2843 2606 3095 2670 Domini,
3155 2621 3278 2674 qua:
3331 2604 3532 2675 legitur
3578 2604 3635 2659 in

2040 2711 2233 2771 quarta
2261 2701 2420 2757 feria.

2575 2769 2856 2825 llOMILlA
2893 2768 3090 2823 CLVII.

2281 2859 2333 2896 IN
2359 2857 2603 2896 PASSIONE
2636 2857 2822 2896 SANCTI
2851 2855 3068 2894 JOA‘NNIS
3096 2855 3392 2893 DAPTISTIE.

2501 2933 2684 2988 Lectio
2712 2932 2833 2986 libri
2866 2931 3176 3000 Sapientim.

2115 3023 2419 3094 Expectatio
2437 3023 2728 3095 justorum,
2759 3023 2966 3089 latitia,
3005 3041 3118 3096 spes
3156 3033 3327 3077 autem
3352 3026 3633 3096 impiorum

1961 3102 2008 3164 Ο
2037 3119 2239 3188 peribit,
2268 3126 2372 3173 ctc.

2111 3209 2346 3280 Require
2375 3210 2426 3263 in
2457 3209 2646 3296 Natale
2674 3210 3028 3281 plurimorum
3066 3223 3390 3282 martyrum.

2182 3321 2365 3375 Lectio
2391 3322 2563 3380 sancti
2588 3322 2862 3390 Evangelii
2894 3325 3189 3378 secundum
3219 3324 3482 3379 Marcum.

2109 3409 2175 3464 In
2211 3410 2299 3464 illo
2328 3423 2571 3481 tempore,
2602 3412 2740 3465 misit
2775 3411 3008 3468 Herodes
3049 3424 3094 3466 et
3137 3416 3300 3468 tenuit
3343 3416 3627 3480 Joannem,

2037 3515 2084 3557 et
2110 3505 2272 3557 cinxit
2299 3521 2415 3556 eum
2453 3504 2506 3556 in
2539 3521 2748 3557 carcere
2775 3514 2985 3574 propter
3006 3503 3383 3570 llerodiadem,
3416 3524 3630 3563 uxorem

2042 3595 2270 3667 Philippi
2300 3597 2482 3664 fratris
2516 3599 2620 3660 sui,
2645 3599 2768 3668 quia
2807 3599 3030 3654 duxerat
3055 3618 3192 3655 eam.
3235 3603 3450 3657 Dicebat
3492 3607 3630 3658 enim

2034 3687 2270 3741 Joannes
2299 3688 2539 3742 Herodi:
2571 3687 2693 3742 Non
2716 3689 2832 3743 licet
2857 3689 2950 3743 tibi
2972 3692 3161 3745 habere
3192 3709 3406 3747 uxorem
3447 3695 3630 3764 fratris

2035 3779 2130 3842 tui,
2162 3786 2268 3832 etc.

2111 3869 2278 3926 Vetus
2313 3881 2498 3926 narrat
2541 3873 2765 3926 historia
2819 3872 3122 3943 Philippum
3160 3875 3384 3930 lieroe‘is
3411 3877 3632 3945 majoris

2040 3963 2206 4015 filiutn
2244 3963 2344 4016 sub
2373 3977 2480 4031 quo
2507 3962 2766 4016 Dominus
2791 3962 2924 4026 fugit
2961 3964 3013 4016 in
3057 3963 3370 4032 :Egyptum,
3408 3967 3630 4022 fratrem

2040 4054 2197 4123 lmjus
2233 4053 2483 4116 Herodis,
2521 4054 2621 4107 sub
2648 4068 2755 4122 quo
2785 4069 2977 4122 passus
3003 4062 3085 4107 est
3120 4053 3388 4120 Christus,
3413 4057 3631 4112 duxisse

2039 4163 2262 4201 uxorem
2293 4146 2653 4200 llerudiadem
2681 4145 2844 4199 filiam
2870 4145 3031 4216 Regis
3055 4147 3252 4209 Arene,
3285 4157 3470 4224 postea
3503 4166 3632 4204 vero

2038 4253 2284 4292 socerum
2339 4235 2478 4304 ejus,
2519 4236 2724 4289 exortis
2778 4235 3098 4304 quibusdam
3148 4245 3332 4290 contra
3372 4255 3632 4308 generum

2039 4328 2420 4391 simultatibus,
2454 4327 2634 4382 tulisse
2666 4328 2830 4380 tiliam
2874 4343 3026 4380 suam
3071 4337 3126 4380 et
3163 4327 3216 4380 in
3249 4328 3488 4383 dolerent
3518 4347 3633 4384 ma-

1962 4455 2014 4513 Ι)
2043 4419 2129 4472 riti
2155 4419 2351 4488 prioris
2406 4418 2608 4472 inimici
2659 4416 2776 4484 ejus
2824 4418 3027 4487 nuptiis
3069 4419 3369 4488 copulasse.
3399 4419 3531 4487 Quis
3564 4423 3638 4475 sit

2043 4518 2222 4563 autem
2244 4509 2331 4563 hic
2351 4509 2634 4578 Philippus
2661 4509 2988 4578 evangelista
3017 4508 3192 4563 Lucas
3235 4511 3446 4579 plenius
3477 4513 3635 4568 docot

2042 4603 2248 4663 direns,
2283 4601 2433 4654 Anno
2461 4602 2660 4654 decimo
2691 4602 2868 4670 quinto
2919 4602 3121 4671 imperii
3158 4602 3347 4655 Tiberii
3370 4601 3634 4668 Cwsaris,

2041 4701 2353 4761 procurante
2385 4689 2576 4744 Pontio
2629 4688 2802 4744 Pilato
2831 4691 3097 4747 Judtcam.
3146 4694 3410 4745 tetrarc/ta
3457 4705 3636 4750 autem

2044 4781 2277 4837 Galila’w
2303 4782 2533 4845 Herode,
2559 4780 2801 4852 Philippo
2829 4793 3005 4837 autem
3026 4795 3190 4852 fratre
3230 4785 3344 4854 ejus
3368 4787 3636 4842 tetrarchis

2044 4873 2236 4927 Iturea'
2251 4885 2296 4928 et
2317 4873 2701 4927 Trachonitidis
2719 4876 2961 4944 regionis.
2979 4876 3116 4944 Ergo
3135 4875 3371 4931 Joannes
3393 4878 3636 4947 Baptista

2046 4967 2136 5034 qui
2172 4968 2315 5022 venit
2343 4967 2395 5020 in
2422 4967 2611 5036 spiritu
2643 4977 2699 5022 et
2722 4968 2922 5022 virtute
2965 4968 3129 5022 Heliae
3153 4970 3344 5024 eadem
3389 4972 3633 5025 auctori-

2045 5066 2172 5122 tate,
2206 5075 2312 5128 qua
2355 5058 2442 5112 ille
2467 5059 2654 5112 Achab
2699 5059 3041 5128 corripuerat
3065 5068 3120 5112 et
3150 5059 3426 5125 Hiezabel,
3453 5062 3636 5129 arguit

2043 5147 2308 5204 Herodem
2335 5158 2390 5204 et
2438 5149 2816 5210 llerodiadem,
2862 5151 3005 5219 quod
3052 5149 3265 5204 illicitas
3307 5153 3527 5220 nuptias
3555 5151 3636 5205 fe—

2042 5240 2238 5304 cerint,
2267 5250 2451 5295 etnon
2489 5240 2649 5294 liceat
2692 5240 2859 5294 fratre
2883 5240 3118 5304 vivente,
3148 5255 3466 5310 germanum
3493 5241 3636 5295 illius

2042 5347 2264 5386 uxorem
2288 5332 2506 5394 ducere,
2531 5331 2736 5385 malens
2757 5331 3052 5401 periclitari
3083 5333 3221 5400 apud
3246 5347 3449 5402 regem,
3473 5347 3633 5402 quam

2043 5431 2264 5491 propter
2309 5423 2674 5478 adulationem
2725 5437 2845 5476 esse
2901 5422 3186 5476 immemor
3233 5433 3630 5492 praeceptorum

2047 5514 2160 5568 Dei.

2115 5605 2183 5660 Et
2229 5623 2349 5662 cum
2377 5609 2486 5664 dies
2531 5620 2852 5680 Opportunus
2891 5609 3211 5670 accessisset,
3246 5605 3486 5660 Herodes
3535 5623 3629 5658 ua-

2045 5701 2165 5755 tatis
2180 5717 2290 5756 sua:
2312 5703 2641 5768 ctenamfecit
2667 5702 3012 5772 principibus,
3029 5711 3076 5756 et
3107 5698 3351 5764 tribunis,
3375 5708 3422 5752 et
3446 5698 3631 5770 primis
