3950 6184
383 293 482 350 Ηδ

1491 295 1790 354 ΗΟΜΠΛΑΞ
1829 297 1894 354 IN
1934 298 2151 356 EPIST.
2195 299 2284 353 ET
2323 297 2579 358 EVANG.

3539 310 3643 364 tu;
3711 277 3724 292 ’

377 409 634 464 Catilina.
662 407 775 463 Soli
797 407 1103 463 mortalium
1132 407 1368 465 Herodes
1390 418 1447 464 et
1482 409 1696 466 Pharao
1718 411 1966 482 leguntur
1993 417 2037 476 Α
2071 414 2240 469 turbis
2290 412 2562 482 Propheta
2609 429 2730 469 esse
2767 415 3057 485 putabatur
3107 416 3363 470 Dominus
3411 417 3649 490 Pr0phe-

376 502 516 556 diem
539 499 736 554 natalis
762 500 843 554 sui
873 498 1082 570 gaudiis
1112 499 1317 554 l’estivis
1347 501 1670 567 celebrasse,
1705 503 1797 557 sed
1821 511 1966 556 uter-

383 607 480 662 que
508 605 603 645 rex
631 587 867 648 infausto
884 591 1124 660 auspicio
1154 591 1500 645 festivitatem
1529 608 1682 646 suam
1705 594 1967 664 sanguine

376 683 646 750 fwdsvit;
702 697 888 737 verum
944 682 1184 737 Herodes
1235 692 1386 737 tanto
1438 684 1642 752 majore
1692 685 1966 754 impietate

373 784 578 846 quanto
615 784 862 830 sanetum
892 783 948 828 et
991 775 1334 829 innocentem
1385 777 1670 831 Ductorem
1722 778 1968 831 veritatis

373 873 428 920 et
479 873 787 934 prmconem
825 863 949 916 vita:
985 879 1050 917 ac
1081 864 1229 934 regni
1271 865 1506 919 cmlestis
1531 866 1750 930 occidit,
1789 867 1966 920 ethoc

374 969 472 1026 pro
512 951 638 1008 voto
667 970 728 1006 ac
779 953 1038 1023 petitione
1069 954 1384 1019 saltatricis,
1436 971 1609 1026 neque
1635 956 1780 1009 enim
1804 963 1967 1026 caput

371 1048 536 1103 occisi
571 1055 698 1102 ante
723 1047 978 1102 convivas
999 1045 1198 1101 inferre
1238 1047 1460 1116 puduit;
1487 1063 1608 1100 nam
1637 1047 1848 1101 Pharao
1892 1047 1966 1100 nil

376 1141 500 1196 talis
551 1140 786 1194 vesaniae
829 1139 1166 1195 commisisse
1204 1139 1424 1210 legitur,
1457 1140 1550 1193 sed
1583 1147 1789 1193 tantum
1839 1153 1968 1207 pec-

373 1240 588 1286 cantem
619 1231 720 1285 sibi
753 1231 1060 1285 eunuchum
1109 1232 1216 1284 vita
1245 1231 1444 1300 privari
1460 1229 1680 1298 jubens,
1710 1245 1817 1293 quo
1851 1229 1968 1282 lon-

374 1325 495 1392 gius
526 1338 556 1376 a
581 1336 725 1381 verte
756 1321 900 1374 cultu
924 1319 1200 1390 religionis
1230 1321 1440 1383 aberat,
1471 1335 1536 1374 eo
1567 1319 1738 1374 levius
1775 1319 1827 1372 in
1855 1319 1969 1373 vio-

372 1415 576 1469 latione
604 1428 716 1468 sua:
745 1410 1055 1466 festivitatis
1085 1411 1328 1482 deliquit.
1360 1411 1614 1464 Attamen
1659 1425 1724 1464 ex
1770 1410 1970 1464 utrius-

375 1521 478 1575 que
500 1504 749 1576 exemplo
767 1505 1049 1574 probatur,
1077 1503 1264 1558 utilius
1284 1518 1406 1558 esse
1436 1504 1594 1557 nobis
1616 1503 1756 1557 diem
1782 1503 1970 1556 mortis

375 1601 568 1656 [etiam
594 1599 833 1654 timendo
862 1606 911 1654 et
941 1605 1088 1652 caste
1116 1597 1324 1666 agendo
1341 1596 1540 1666 saepius
1569 1597 1621 1651 in
1653 1595 1969 1650 memoriam

379 1706 659 1753 revocare,
696 1705 860 1759 quam
912 1689 1054 1743 diem
1108 1689 1408 1744 nativitatis
1454 1689 1774 1742 luxuriamlo
1825 1686 1968 1741 cele-

2070 509 2243 554 tarum
2273 509 2327 555 et
2355 501 2603 556 Christus
2644 503 2736 555 Dei
2770 503 2911 557 lilius
2955 520 2984 556 a
3026 506 3234 559 eunetis
3280 505 3527 563 ﬁdelibus
3567 521 3652 566 est

2067 591 2300 660 agnitus.
2331 591 2564 646 Minatus
2604 607 2734 662 ergo
2762 595 2938 663 capite
2974 594 3225 658 Joannes,
3275 597 3544 654 exaltatus
3569 611 3652 656 est

2066 683 2120 737 in
2148 697 2306 737 cruce
2332 683 2613 748 Dominus,
2632 685 2757 754 quia
2781 687 2921 739 sicut
2949 687 3086 739 idem
3117 685 3355 744 Joannes
3379 691 3478 752 ait,
3499 690 3648 745 illum

2067 776 2332 845 oportebat
2357 792 2604 838 crescere,
2632 773 2892 829 Joannem
2940 787 3112 829 autem
3146 779 3312 832 minui
3335 797 3352 842 ;
3382 780 3531 834 illum
3557 798 3652 835 au-

2069 875 2173 921 tem
2198 866 2287 934 qui
2314 866 2577 934 Propheta
2601 867 3280 930 :estimabatur,Christum
3305 873 3579 940 cognosci,
3599 881 3653 927 et

2067 971 2189 1010 eum
2216 957 2306 1024 qui
2332 957 2582 1010 Christus
2628 973 2727 1026 pro
2757 959 3012 1012 virtutum
3053 963 3132 1014 sul
3156 961 3382 1018 limitate
3427 966 3655 1034 putaba-

2070 1055 2178 1110 tur,
2213 1047 2412 1100 Christi
2449 1061 2570 1101 esse
2619 1048 2960 1117 prophetam,
2995 1059 3050 1104 et
3081 1067 3469 1120 perculsorem
3498 1057 3657 1111 dece-

2069 1138 2160 1191 bat
2182 1137 2425 1207 intelligi,
2461 1139 2602 1205 quod
2655 1138 2829 1208 ipsum
2869 1156 3084 1210 quoque
3123 1143 3472 1200 distinctione
3519 1155 3655 1201 tem-

2066 1227 2214 1296 poris
2253 1242 2360 1296 quo
2399 1236 2627 1297 uterque
2678 1229 2892 1284 illorum
2945 1242 3104 1288 natus
3147 1245 3252 1299 est,
3290 1237 3423 1292 satis
3470 1249 3656 1307 aperte

2067 1317 2338 1386 signatum
2373 1325 2496 1370 est:
2524 1318 2614 1386 qui
2641 1317 2876 1374 Joannes
2903 1322 3119 1391 quidem
3165 1339 3320 1392 quem
3371 1329 3659 1395 oportebat

2070 1406 2259 1470 minui,
2286 1422 2410 1461 cum
2433 1407 2684 1462 diurnum
2713 1409 2892 1464 lumen
2925 1412 3242 1468 decrescere
3283 1417 3471 1486 incipit
3499 1428 3657 1474 natus

2068 1504 2170 1560 est,
2207 1495 2462 1551 Dominus
2485 1506 2665 1552 autem
2690 1500 2782 1569 qui
2809 1516 2935 1554 vera
2969 1502 3056 1556 lux
3090 1505 3274 1558 mundi
3301 1515 3402 1569 est,
3438 1521 3503 1562 eo
3531 1511 3658 1562 anni

2069 1597 2336 1655 tempore,
2353 1603 2461 1657 quo
2487 1588 2603 1643 dies
2622 1605 2868 1645 crescere
2893 1593 3104 1662 incipit,
3127 1594 3339 1650 lucillua
3368 1599 3523 1653 nobis
3547 1615 3658 1654 sua:

2071 1675 2209 1729 dona
2244 1677 2546 1732 nativitatis
2574 1680 2857 1745 exhibuit;
2907 1683 2996 1751 qui
3041 1685 3173 1738 vivit
3216 1695 3272 1740 et
3317 1698 3506 1758 regnat
3534 1703 3658 1744 cum

376 1777 558 1834 brare.
586 1779 756 1833 Homo
779 1777 922 1831 enim
972 1777 1040 1830 ad
1092 1776 1330 1830 laborem
1377 1776 1620 1830 nascitur
1649 1777 1700 1829 lu
1746 1791 1874 1829 mun
1900 1776 1966 1838 ⁵ο,
2005 1775 2045 1831 Β
2076 1769 2184 1824 Deo
2209 1770 2368 1823 Patre
2402 1772 2453 1824 in
2485 1775 2691 1826 unitate
2734 1776 2956 1842 spiritus
2981 1779 3152 1832 sancti
3183 1778 3322 1832 Deus
3350 1796 3447 1850 per
3475 1783 3657 1836 omnia

375 1879 430 1923 ot
458 1870 613 1924 electi
640 1870 705 1922 ad
734 1868 978 1938 requiem
1007 1882 1104 1936 per
1133 1877 1359 1921 mortem
1389 1877 1667 1922 transeunt
1692 1883 1722 1923 e
1745 1870 1963 1922 munio.

447 1959 682 2028 Cumque
713 1957 974 2011 introisset
1004 1957 1116 2025 [ilia
1145 1958 1307 2026 ipsius
1337 1957 1675 2022 llerodiadis,
1715 1969 1762 2012 et
1783 1959 1967 2013 saltas-
2011 1945 2022 1952 ’

376 2061 470 2112 set,
496 2059 546 2103 ct
571 2049 850 2118 placuisset
883 2047 1104 2111 Herodi,
1127 2047 1383 2117 simulque
1419 2048 1848 2110 recnmbentibus,
1879 2064 1966 2101 res

375 2143 446 2195 ait
473 2139 662 2208 puella:
689 2155 706 2192 :
739 2135 864 2191 Pete
893 2155 925 2190 τι
962 2154 1042 2190 me
1066 2137 1203 2206 quod
1245 2139 1340 2201 eis,
1369 2147 1416 2190 et
1443 2137 1579 2190 dabo
1617 2137 1731 2200 tibi,
1756 2147 1802 2190 et
1817 2136 1970 2206 jura-

377 2232 446 2284 vit
470 2230 571 2293 illi,
605 2237 714 2284 etc.
745 2227 860 2282 Non
892 2237 1184 2282 excusatur
1228 2226 1466 2281 Herodes
1501 2229 1643 2296 quod
1695 2227 1894 2282 invitus
1917 2236 1971 2282 et

381 2319 569 2374 uolens
594 2327 814 2390 propter
834 2316 1206 2386 juramcntum
1234 2319 1584 2373 homicidium
1616 2317 1970 2386 fecerit,quia

376 2413 444 2464 ad
475 2412 578 2465 hoc
606 2409 985 2476 fortejuravit,
1038 2419 1098 2462 ut
1139 2410 1336 2463 futura}
1383 2409 1643 2464 occisioni
1693 2409 1972 2464 machinas

375 2511 666 2574 przeparet.
692 2501 941 2571 Alioquin
965 2500 1010 2554 si
1030 2499 1100 2554 ob
1113 2499 1494 2570 jusjurandum
1519 2500 1712 2554 fecisse
1735 2515 1794 2553 se
1815 2499 1966 2565 dicit,

376 2597 422 2651 si
445 2595 635 2665 patris,
678 2594 724 2647 si
775 2593 965 2647 matris
1018 2592 1347 2662 postulasset
1396 2593 1673 2648 interitum
1729 2591 1972 2648 facuirus

374 2686 554 2742 fuerat
581 2700 651 2741 an
678 2685 828 2739 non?
881 2682 1024 2753 quod
1069 2685 1122 2738 in
1167 2698 1226 2738 se
1256 2684 1635 2752 repudiaturus
1691 2684 1812 2749 fuit,
1845 2698 1973 2738 con-

376 2789 621 2835 temnere
642 2778 828 2833 debuit
855 2786 908 2832 et
931 2777 985 2831 in
1014 2777 1304 2846 Propheta.

447 2873 581 2936 Qua!
603 2887 721 2924 cum
770 2869 979 2934 exisset,
1010 2869 1145 2922 dixit
1195 2869 1353 2922 matri
1381 2854 1531 2922 suat:
1578 2866 1720 2932 Quid
1747 2876 1917 2937 petam
1948 2867 1974 2922 ἲ

374 2963 439 3014 At
465 2960 560 3014 illa
587 2960 756 3014 dixit:
806 2958 978 3029 Caput
1013 2958 1239 3012 Joannis
1286 2957 1556 3027 Baptistw.
1608 2955 1872 3010 llerodias
1901 2955 1958 3008 ti-

377 3067 532 3105 mens
551 3063 620 3104 ne
644 3049 882 3105 Herodes
907 3048 1197 3117 aliquando
1219 3047 1584 3116 resipisceret,
1615 3045 1696 3100 vel
1725 3045 1970 3115 Philippo

2070 1861 2263 1916 Stecula
2287 1863 2626 1918 seculorum.
2649 1864 2840 1919 Amen.

2607 1953 2886 2009 llOMlLlA
2923 1956 3144 2012 CLVIII.

2352 2059 2672 2098 HEBDOHADA
2702 2062 2791 2099 XIV
2819 2062 2948 2101 POST
2978 2066 3374 2107 PENTECOSTEN.

2447 2135 2633 2192 Lectio
2662 2138 2917 2208 Epistolas
2946 2142 3013 2194 ad
3052 2142 3290 2198 Galatas.

2159 2223 2411 2292 Fratres,
2447 2227 2672 2282 Abraha:
2714 2229 2870 2283 dicta:
2916 2218 3037 2285 sunt
3075 2235 3447 2301 promissioncs
3489 2247 3538 2292 et
3581 2256 3662 2293 se-

2070 2317 2199 2369 mini
2227 2317 2362 2386 ejus.
2412 2317 2536 2371 Non
2565 2319 2690 2373 dicit
2723 2337 2742 2373 :
2773 2321 2842 2374 Et
2872 2324 3186 2389 seminibus,
3234 2328 3386 2394 quasi
3427 2329 3479 2383 in
3531 2330 3664 2384 mul—

2071 2406 2158 2469 tis,
2191 2405 2281 2459 sed
2323 2406 2478 2476 quasi
2505 2406 2558 2461 in
2599 2425 2702 2462 uno
2733 2423 2750 2460 .'
2784 2408 2851 2462 Et
2899 2411 3082 2464 semini
3123 2421 3234 2476 tuo,
3265 2415 3354 2482 qui
3382 2424 3455 2468 cst
3503 2413 3663 2470 Chri-

2070 2505 2182 2549 stus
2199 2535 2213 2560 ,
2245 2506 2352 2551 etc.

2143 2587 2219 2642 De
2248 2587 2364 2658 lege
2401 2603 2498 2657 per
2521 2587 2735 2659 Moysen
2764 2590 2890 2644 data
2925 2591 3122 2660 populo
3152 2592 3335 2657 Israel,
3367 2605 3420 2648 ct
3441 2596 3508 2650 de
3533 2613 3662 2666 pro-

2071 2677 2422 2734 missionibus
2473 2679 2704 2734 Abrahae
2747 2681 3078 2736 sanctissimi
3133 2683 3498 2752 patriarclne,
3552 2695 3658 2739 tra-

2069 2778 2225 2824 ctans
2270 2769 2576 2838 Apostolus,
2608 2779 2666 2823 ut
2709 2771 2762 2824 in
2795 2773 3047 2840 praesenti
3092 2773 3322 2828 lectione
3352 2776 3558 2830 audivit
3584 2778 3665 2831 di-

2071 2862 2232 2918 lectio
2256 2873 2463 2926 vestra,
2513 2863 2738 2917 Abrahae
2766 2864 2921 2918 dicta:
2948 2875 3090 2931 sunt,
3127 2866 3322 2936 inquit,
3355 2870 3659 2937 promissio-

2072 2971 2160 3010 nes
2197 2955 2581 3026 redemptionis
2617 2964 2671 3009 et
2711 2956 3028 3012 salvationis
3072 2959 3294 3014 humani
3347 2963 3562 3030 generis
3614 2972 3663 3016 et

2070 3047 2254 3100 semini
2281 3047 2416 3117 ejus,
2449 3057 2508 3101 ut
2536 3048 2735 3102 dicitur
2763 3049 2812 3102 ei
2849 3067 2860 3101 :
2897 3049 2964 3103 In
2996 3051 3192 3105 semine
3236 3061 3324 3104 tuo
3364 3052 3667 3107 benedicen-

377 3141 529 3196 l'ratri
570 3140 781 3195 amicus
812 3139 986 3206 ﬁeret,
1031 3148 1194 3209 atque
1244 3137 1442 3193 illicitae
1498 3137 1699 3206 nuptiae
1746 3137 1968 3205 repudio
1996 3135 2040 3197 C
2073 3148 2160 3191 tur
2186 3155 2361 3192 omnes
2401 3139 2572 3192 tribus
2603 3149 2776 3203 terra',
2822 3149 2880 3194 ut
2921 3141 3316 3198 maledictionis
3339 3160 3468 3212 pars
3494 3147 3662 3214 prima

377 3234 738 3297 solverentur,
765 3243 944 3288 monet
976 3233 1161 3296 ﬁliam,
1187 3239 1247 3285 ut
1271 3233 1324 3284 in
1357 3231 1473 3301 ipso
1515 3231 1697 3284 statim
1721 3229 1969 3285 convivio

378 3333 542 3395 caput
587 3322 816 3379 Joannis
866 3323 1125 3392 postulet,
1169 3323 1389 3393 dignum
1438 3336 1574 3392 opus
1625 3321 1966 3384 saltationis,

381 3415 604 3487 dignum
627 3414 907 3483 sanguinis
931 3412 1233 3483 praemium.

451 3503 516 3557 Et
539 3506 880 3559 contristatus
904 3514 978 3558 est
1008 3519 1098 3558 rex
1119 3517 1138 3555 ε
1160 3512 1371 3574 propter
1386 3502 1762 3572 Jusjurandum
1780 3511 1827 3555 et
1849 3517 1971 3572 pro-

379 3579 492 3666 pter
531 3595 690 3651 simul
740 3596 1092 3649 recumbentes
1133 3594 1298 3648 noluit
1345 3611 1459 3648 eam
1507 3592 1839 3656 contristare:
1877 3593 1967 3646 sed

381 3689 535 3742 misso
564 3687 881 3757 spiculatore
916 3689 1159 3758 pra'cepit
1181 3688 1364 3756 aﬂ'erri
1398 3698 1550 3756 caput
1575 3687 1688 3755 ejus
1720 3687 1775 3740 in
1801 3687 1968 3752 disco,

380 3790 483 3835 etc.
526 3779 944 3834 Consuetudinis
973 3779 1374 3849 Scripturarum
1415 3787 1518 3843 est,
1566 3787 1623 3832 ut
1662 3779 1968 3846 opinionem

380 3869 672 3925 multorum
701 3871 780 3925 sic
801 3880 986 3925 narret
1013 3871 1324 3933 historicus,
1347 3870 1619 3940 quomodo
1641 3884 1705 3924 eo
1727 3877 1969 3938 tempore

380 3959 447 4014 ab
469 3960 725 4014 omnibus
746 3960 1088 4014 credebatur.
1115 3959 1266 4014 Sicut
1287 3959 1486 4029 Joseph
1520 3959 1588 4012 ab
1616 3958 1730 4027 ipsa
1755 3971 1970 4026 quoque

382 4049 547 4104 Maria
574 4050 874 4120 appellatur
911 4060 1066 4123 pater
1085 4050 1234 4116 Jesu,
1261 4053 1332 4105 ita
1363 4061 1416 4106 et
1455 4066 1599 4106 nunc
1625 4049 1863 4106 Herodes
1883 4050 1968 4104 di-

380 4141 518 4194 citur
541 4142 918 4206 contristatus,
944 4143 1066 4210 quia
1097 4143 1202 4198 hoc
1232 4143 1632 4198 discumbentes
1666 4142 1966 4210 putabant;
2003 4202 2007 4206 4

380 4230 747 4285 dissimulator
781 4231 923 4284 enim
955 4233 1150 4286 mentis
1187 4247 1316 4294 suae,
1350 4241 1404 4285 et
1433 4230 1629 4286 artifex
1675 4231 1968 4296 homicida,

382 4319 659 4374 tristitiam
689 4319 1012 4388 praeferebat
1056 4320 1110 4374 in
1155 4319 1309 4384 facie,
1333 4335 1455 4375 cum
1483 4319 1722 4374 laetitiam
1748 4321 1973 4376 haberet

383 4410 435 4464 in
462 4418 666 4474 mente,
694 4411 980 4481 scelusque
1009 4419 1229 4465 excusat
1266 4409 1597 4478 juramento,
1649 4420 1710 4466 ut
1748 4412 1847 4466 sub
1872 4427 1968 4467 oc-

2072 3227 2366 3290 deleretur,
2406 3236 2460 3281 et
2510 3227 2817 3283 benedictio
2869 3231 3090 3286 daretur
3139 3248 3233 3301 pro
3290 3233 3668 3294 maledictionc

2072 3317 2324 3371 omnibus
2357 3317 2445 3387 qui
2498 3318 2588 3372 Dei
2623 3319 2845 3373 credere
2875 3329 2930 3374 et
2957 3321 3177 3376 obedire
3225 3323 3494 3379 voluerint
3524 3343 3664 3395 pra:-

2071 3406 2261 3474 ceptis.
2296 3405 2417 3459 Non
2451 3406 2576 3459 dicit
2607 3421 2625 3458 :
2656 3407 2722 3461 Et
2749 3410 3054 3473 seminibus,
3078 3413 3230 3478 quasi
3255 3414 3310 3465 in
3350 3414 3551 3479 multis,
3575 3417 3665 3470 sed

2069 3496 2223 3568 quasi
2262 3497 2317 3549 in
2351 3513 2456 3550 uno
2499 3513 2517 3550 .°
2545 3497 2613 3550 Et
2637 3499 2823 3551 semini
2847 3508 2969 3564 tuo,
3013 3501 3102 3569 qui
3134 3511 3207 3553 est
3248 3499 3508 3567 Christus,
3537 3505 3662 3572 quia

2071 3605 2166 3658 per
2213 3587 2410 3643 nullius
2477 3589 2710 3642 hominis
2761 3589 2951 3642 merita
3021 3605 3120 3644 nec
3187 3594 3508 3658 promissio,
3564 3608 3664 3649 nec

2071 3679 2186 3749 ipsa
2223 3680 2346 3734 data
2387 3690 2471 3732 est
2499 3678 2828 3741 benedictio,
2869 3689 2925 3731 et
2956 3677 3097 3732 facta
3132 3679 3428 3750 redemptio
3455 3682 3511 3736 in
3548 3685 3660 3738 sola

2069 3769 2301 3840 gratuita
2337 3768 2539 3823 Christi
2584 3768 2704 3821 Filii
2745 3767 2839 3822 Dei
2873 3769 3268 3824 misericordia.

2141 3859 2256 3912 Hoc
2281 3869 2454 3911 autem
2477 3858 2615 3922 dico,
2648 3867 3016 3912 testamentum
3053 3859 3421 3928 conﬁrmatum
3465 3879 3496 3915 a
3527 3863 3660 3929 Deo,

2069 3966 2181 4016 quia
2219 3957 2334 4018 post
2387 3946 2796 4018 quadringentos
2845 3956 2894 4001 et
2938 3949 3155 4018 triginta
3196 3966 3360 4004 annos
3397 3950 3538 4020 facta
3587 3961 3662 4006 est

2070 4041 2200 4104 Lex,
2229 4055 2332 4092 non
2359 4039 2570 4092 irritum
2601 4039 2730 4108 facit
2760 4037 2829 4090 ad
2863 4039 3221 4093 evacuandam
3243 4042 3659 4110 promissionem.

2071 4130 2168 4183 ilic
2207 4131 2363 4184 docet
2392 4127 2682 4198 Apostolus
2709 4144 2815 4184 non
2844 4145 3004 4198 posse
3028 4145 3125 4199 per
3153 4130 3383 4196 Legem,
3415 4149 3534 4202 qua:
3563 4151 3660 4203 ρο-

2069 4230 2183 4276 stea
2211 4221 2335 4275 data
2367 4230 2474 4286 est,
2520 4222 2966 4290 repromissiones
3018 4238 3138 4292 quae
3165 4233 3290 4276 ante
3339 4223 3494 4278 factm
3537 4235 3664 4288 sunt

2067 4313 2135 4367 ad
2160 4312 2436 4366 Abraham
2492 4312 2719 4377 destrui,
2747 4323 2802 4366 et
2825 4312 3128 4382 posteriora
3167 4313 3439 4381 prioribus
3468 4315 3662 4384 pneju-

2069 4405 2270 4467 dicare,
2303 4419 2426 4458 cum
2459 4402 2907 4471 repromissiones
2941 4401 3210 4470 pnedicta:
3229 4401 3501 4457 Abraham
3533 4415 3661 4461 ante

381 4502 597 4556 casione
626 4500 842 4572 pietatis
872 4501 1067 4571 impius
1111 4501 1282 4555 ﬁeret.
1311 4502 1462 4568 Quod
1487 4512 1668 4556 autem
1711 4501 1962 4572 subjicit:
1993 4491 2045 4551 D
2070 4495 2492 4566 quadringentos
2533 4501 2589 4546 et
2626 4492 2843 4562 triginta
2871 4505 3044 4544 annos
3083 4490 3242 4562 Legis
3267 4492 3405 4547 datte
3435 4493 3656 4560 iuerint,

385 4589 449 4643 Et
479 4602 692 4662 propter
715 4591 872 4644 simul
923 4591 1292 4656 recumbentes,
1348 4592 1461 4646 vult
1506 4608 1696 4648 omnes
1746 4594 1967 4650 sceleris

379 4679 496 4751 ejus
533 4696 655 4736 esse
680 4690 978 4744 consortes,
1014 4689 1071 4734 ut
1101 4682 1151 4734 in
1184 4681 1462 4736 luxurioso
1501 4682 1820 4752 impuroque
1839 4701 1968 4740 con-

377 4773 519 4827 vivio
547 4780 786 4830 cruentae
812 4772 982 4842 epulae
1002 4772 1357 4826 deferrentur.

449 4863 517 4919 Et
545 4865 724 4918 attulit
753 4875 909 4936 caput
940 4864 1053 4933 eius
1081 4866 1135 4918 in
1159 4865 1328 4930 disco,
1355 4877 1403 4919 et
1432 4865 1574 4918 dedit
1605 4865 1736 4919 illud
1756 4867 1963 4936 puella’,

377 4965 426 5009 et
449 4954 629 5025 puella
670 4955 812 5008 dedit
843 4957 1000 5008 matri
1039 4972 1149 5009 sua:
1206 4955 1322 5022 Quo
1361 4955 1545 5009 audito
1579 4956 1824 5024 discipuli
1854 4956 1966 5026 ejus

379 5055 627 5099 venerunt
666 5055 714 5099 et
745 5046 973 5100 tulerunt
1015 5063 1201 5116 corpus
1253 5047 1393 5116 ejus,
1433 5057 1480 5101 et
1508 5057 1795 5118 posuerunt
1833 5041 1967 5101 illud

379 5136 434 5190 in
471 5147 829 5190 monumento.
881 5136 992 5192 Hoc
1033 5137 1186 5206 juxta
1232 5138 1471 5193 litteram
1507 5139 1707 5194 factum
1752 5140 1843 5203 sit,
1872 5155 1970 5193 nos

381 5237 559 5282 autem
592 5242 763 5296 usque
795 5229 956 5283 hodie
980 5231 1252 5284 cernimus
1279 5230 1332 5284 in
1364 5231 1540 5300 capite
1583 5227 1807 5284 Joannis
1844 5243 1971 5300 pro-

385 5316 574 5389 phetae,
605 5313 822 5372 Judteos
850 5317 1124 5373 Christum
1151 5320 1241 5390 qui
1269 5330 1432 5388 caput
1468 5321 1863 5389 Prophetarum
1885 5327 1971 5375 est

382 5408 726 5478 perdidisse;
774 5409 969 5465 aliter:
1019 5410 1313 5466 Decollatio
1370 5409 1591 5466 Joannis
1653 5411 1959 5465 miseratio

381 5513 502 5554 nem
547 5500 709 5556 fama:
735 5501 878 5557 illius
924 5518 1029 5572 qua
1058 5502 1308 5559 Christus
1350 5519 1379 5558 a
1421 5503 1616 5575 populo
1646 5505 1968 5560 credebatur

379 5584 643 5655 insinuat,
691 5592 829 5648 sicut
875 5593 1134 5650 exultatio
1162 5594 1214 5648 in
1243 5609 1404 5650 cruce
1442 5593 1654 5649 Domini
1682 5593 1969 5648 salvatoris

382 5678 687 5752 profectum
734 5682 1048 5755 designabat
1101 5683 1248 5751 ﬁdei,
1299 5700 1404 5760 qua
1455 5684 1566 5756 ipse
1614 5683 1704 5756 qui
1749 5684 1900 5756 prius
1935 5699 1966 5738 a

2074 4586 2220 4656 quod
2245 4585 2697 4640 benedicercutnr
2723 4583 2775 4635 in
2798 4582 3004 4636 semine
3028 4582 3165 4653 ejus,
3196 4581 3296 4636 hoc
3321 4592 3406 4638 est
3429 4585 3480 4639 in
3503 4587 3659 4641 Chri-

2072 4687 2177 4741 sto,
2202 4678 2465 4732 universa:
2489 4675 2824 4739 nationes,et
2853 4673 2920 4730 ab
2943 4675 3091 4729 omni
3115 4673 3508 4731 maledictionis
3545 4680 3662 4734 vin-

2079 4769 2193 4826 culo
2222 4770 2604 4826 liberarentur.

2146 4860 2287 4914 Nam
2315 4863 2362 4914 si
2389 4878 2454 4915 ex
2497 4862 2605 4932 lege
2632 4861 2933 4916 Ita'reditas.
2966 4862 3046 4916 Ac
3083 4864 3128 4918 si
3179 4864 3391 4919 dicatur
3419 4883 3432 4919 :
3470 4865 3524 4919 Si
3564 4882 3661 4936 per

2071 4949 2204 5020 legis
2229 4951 2666 5007 observationem
2695 4952 2852 5006 nobis
2883 4953 3201 5008 redderetur
3222 4963 3440 5009 aitet-na:
3469 4958 3660 5024 patriae

2065 5041 2375 5106 bmreditas,
2411 5057 2533 5112 qua:
2583 5058 2680 5112 per
2729 5042 2902 5098 Adam
2948 5042 3160 5112 perdita
3190 5054 3290 5107 est,
3311 5046 3429 5116 jam
3461 5062 3563 5098 non
3593 5061 3659 5098 ea:

2064 5133 2428 5200 promissione.
2455 5131 2569 5187 Non
2593 5133 2737 5189 enim
2759 5135 2827 5190 ad
2846 5134 3216 5188 evacuandam
3244 5135 3656 5204 promissionem

2070 5226 2157 5282 vel
2193 5225 2578 5281 destruendam
2607 5225 2733 5281 data
2761 5236 2846 5282 est
2871 5227 3004 5293 Lex,
3032 5235 3092 5281 ut
3122 5227 3176 5281 in
3200 5226 3656 5296 consequentibus

2073 5319 2272 5374 dicitur
2303 5336 2318 5373 :

2146 5409 2286 5476 Quid
2324 5425 2447 5480 ergo
2494 5408 2644 5465 Lex?
2689 5409 2912 5482 Propter
2943 5413 3378 5483 transgressiones
3431 5412 3656 5467 omnino

2070 5504 2239 5572 posita
2288 5513 2383 5557 est.
2426 5502 2657 5573 PrOpter
2703 5503 3027 5558 oiiensiones
3067 5503 3210 5558 enim
3257 5502 3471 5565 multas,
3517 5517 3658 5572 quas

2071 5594 2200 5648 fecit
2256 5594 2349 5648 Dei
2401 5594 2647 5664 populus,
2683 5595 2768 5649 lex
2816 5593 3277 5664 transgressiones
3331 5591 3653 5663 prohibendi

2071 5684 2194 5738 data
2219 5690 2326 5750 est,
2355 5683 2519 5740 donec
2548 5684 2740 5740 veniret
2786 5697 2991 5749 semen,
3025 5681 3078 5736 id
3125 5689 3210 5736 est
3256 5681 3525 5748 Christus,
3568 5678 3652 5736 cui
