3950 6184
302 333 407 389 467

303 460 670 527 repromtserat
699 449 880 506 mundi
910 449 1303 505 liberationem.
1339 446 1450 500 Lex
1505 442 1751 498 ordinata
1798 456 1892 512 per
1916 444 1973 503 Α

303 546 514 616 angelos
543 543 743 598 mansit
770 551 990 613 peccata
1011 539 1324 609 prohibens,
1351 535 1521 605 utqui
1553 548 1649 604 per
1674 530 1886 588 arbitrii

304 637 611 692 libertatem
643 634 932 688 noluerunt
961 632 1275 685 innocentes
1298 635 1618 697 exspectare
1654 624 1887 695 promis-

304 741 446 789 sum,
476 724 734 794 legalibus
760 722 988 777 vinculis
1033 719 1314 790 praepediti
1365 728 1421 774 et
1466 720 1521 773 in
1572 719 1889 774 servitutem

305 816 681 869 mandatorum
707 812 930 875 redacti,
962 810 1366 866 custodirentur
1393 824 1564 879 usque
1594 809 1647 863 in
1689 809 1891 863 adven-

309 912 421 957 tum
470 903 660 956 lnturae
704 902 760 955 in
795 901 1013 956 Christo
1044 900 1191 963 lidei,
1221 915 1340 968 qua!
1371 898 1737 969 impletionem
1767 915 1890 968 ριό-

307 993 1292 1061 missionisall'erret.Quodautemait,
1316 991 1561 1045 ordinata
1598 1008 1691 1061 per
1727 1009 1890 1062 ange-

306 1086 404 1151 los,
435 1085 538 1140 hoc
572 1084 685 1139 vult
735 1083 961 1155 intelligi
1009 1083 1154 1153 quod
1205 1084 1259 1137 in
1306 1083 1453 1138 omni
1485 1081 1666 1137 Veteri
1702 1082 1891 1138 Testa-

306 1189 513 1244 mento,
554 1178 646 1233 ubi
696 1177 918 1247 angelus
972 1177 1149 1248 primo
1192 1177 1341 1232 visus
1394 1174 1651 1241 refertur,
1705 1183 1890 1246 postea

306 1272 461 1343 quasi
511 1272 656 1328 Deus
701 1272 928 1341 loquens
960 1270 1250 1335 inducitur,
1280 1268 1546 1324 Mediator
1584 1269 1637 1323 in
1684 1267 1792 1332 illo,
1838 1268 1894 1325 id

305 1369 412 1427 est,
443 1362 585 1417 Deus
613 1363 726 1432 ipse
742 1361 907 1431 jndex
936 1369 990 1414 et
1021 1369 1201 1415 rector
1228 1360 1565 1430 loquebatur.
1583 1359 1684 1427 Qui
1709 1359 1843 1415 dixit
1876 1376 1889 1414 :

310 1455 422 1525 Ego
454 1472 573 1510 sum
603 1454 742 1509 Deus
789 1454 1078 1520 Abraham,
1108 1463 1155 1507 et
1186 1453 1323 1507 Deus
1346 1452 1524 1519 Isaac,
1553 1462 1601 1507 et
1630 1452 1769 1507 Deus
1798 1452 1895 1506 Ja-

308 1546 427 1608 cob,
484 1546 743 1600 mediator
802 1545 896 1599 Dei
932 1554 981 1599 et
1035 1545 1325 1599 hominum.
1379 1543 1525 1600 Inter
1571 1544 1789 1599 dantem
1840 1552 1896 1599 et

309 1638 664 1706 accipientem
716 1637 910 1708 Legem
966 1637 1175 1693 medius
1224 1637 1443 1693 dicitur.
1499 1637 1590 1693 Sic
1638 1639 1748 1695 Lex
1780 1639 1896 1710 ipsa

308 1743 429 1797 qum
472 1736 595 1797 post
623 1728 1035 1798 promissionem
1077 1730 1201 1783 data
1252 1728 1394 1784 inter
1422 1730 1893 1799 repromissionem

939 334 1000 388 Β.
1044 329 1293 387 RABANI
1333 328 1549 384 MAURI
1588 323 1912 381 ARCHIEP.
1955 318 2264 378 MOGUNT.
2296 319 2583 378 OPERUM
2616 321 2798 377 PARS
2836 321 2899 376 ll.

3472 317 3575 374 ιιι

2473 436 2819 493 HOMILIA
2868 433 3076 492 CLIX.

2563 543 2693 583 ιτΕΙ
2722 544 2791 582 υτ
2814 543 3004 582 ευιηιλ.

2117 616 2305 673 Lectio
2345 618 2519 672 sancti
2562 616 2840 689 Evangelii
2887 615 3188 671 secundum
3219 615 3444 672 Lucam.

2061 714 2131 771 In
2165 716 2258 771 illo
2283 725 2512 787 tempore
2564 717 2700 771 dixit
2726 715 2885 770 Iesus
2927 716 3201 787 discipulis
3230 718 3341 772 suis
3383 733 3401 771 :
3429 716 3581 773 Beati

1991 805 2132 862 oculi
2155 806 2247 875 qui
2271 806 2443 860 vident
2475 822 2594 877 qua:
2615 822 2701 860 vos
2728 805 2932 867 videtis,
2962 814 3067 861 etc.

2062 897 2180 953 Non
2212 898 2355 954 oculi
2399 898 2699 954 scribarum
2739 906 2795 953 et
2836 896 3266 964 Pharisaeorum,
3312 901 3405 970 qui
3454 916 3580 956 cor-

1991 1004 2093 1059 pus
2149 988 2359 1043 Domini
2413 996 2624 1043 tantum
2675 989 2898 1055 videre,
2955 991 3052 1045 sed
3101 988 3177 1044 illi
3243 990 3385 1047 beati
3457 1004 3585 1049 sunt

1992 1079 2133 1135 oculi
2179 1080 2269 1149 qui
2309 1080 2426 1150 ejus
2468 1087 2697 1150 possunt
2732 1094 3064 1151 cognoscere
3104 1093 3466 1138 sacramenta.
3509 1085 3586 1141 De

1994 1173 2190 1244 quibus
2210 1172 2406 1227 dicitur
2442 1171 2551 1227 :Et
2598 1171 2839 1228 revelain
2879 1189 2940 1228 ea
2986 1173 3238 1244 parvulis.
3271 1175 3422 1231 Beati
3446 1178 3586 1232 oculi

1995 1264 2365 1337 parvulorum,
2397 1264 2596 1334 quibus
2629 1274 2684 1319 et
2708 1279 2768 1319 se
2802 1273 2858 1319 et
2900 1263 3117 1319 Patrem
3145 1264 3313 1322 Filius
3341 1268 3585 1323 revelare

1996 1354 2266 1425 dignatur.

2068 1442 2197 1496 Dico
2223 1442 2360 1497 enim
2395 1442 2539 1497 vobis
2566 1443 2708 1514 quod
2737 1443 2891 1498 multi
2917 1446 3182 1515 propheta.-
3229 1456 3279 1500 et
3320 1464 3459 1518 reges
3501 1466 3589 1503 vo-

1997 1534 2206 1590 luerunt
2238 1535 2410 1590 videre
2451 1552 2568 1607 qua:
2607 1552 2696 1590 vos
2732 1536 2937 1603 videtis,
2985 1548 3035 1591 et
3070 1554 3176 1591 non
3221 1538 3495 1605 viderunt;
3541 1552 3588 1595 et

1997 1625 2183 1679 audire
2204 1642 2320 1697 qute
2345 1625 2566 1691 auditis,
2588 1635 2635 1679 et
2660 1643 2763 1679 non
2785 1626 3089 1682 audierunt.
3123 1627 3389 1681 Abraham
3412 1629 3589 1683 exsul.

1998 1719 2124 1771 tavit
2154 1727 2208 1770 ut
2236 1718 2427 1772 videret
2459 1718 2597 1772 diem
2621 1716 2854 1784 Christi,
2895 1729 2946 1775 et
2984 1721 3129 1784 vidit,
3162 1731 3213 1774 et
3241 1721 3449 1791 gavisus
3487 1731 3587 1776 est.

308 1825 364 1872 et
386 1817 799 1887 completionem
828 1816 942 1887 ejus
969 1818 1143 1873 media
1182 1820 1472 1889 subrepsit,
1506 1820 1559 1874 in
1594 1822 1891 1877 custodiam

2011 1807 2163 1863 Isaias
2192 1823 2429 1878 quoque,
2446 1807 2698 1864 Michceas
2726 1817 2782 1863 et
2815 1808 2970 1864 multi
3000 1809 3091 1863 alii
3130 1810 3406 1878 propheta:
3437 1811 3589 1865 vide-

312 1909 744 1979 repromissionis
774 1907 1013 1977 ejusdem
1038 1952 1054 1978 ,
1106 1927 1211 1966 non
1254 1910 1308 1965 in
1358 1911 1764 1967 subversionem
1812 1923 1895 1968 est

311 1999 435 2052 dala
469 2013 484 2052 :

385 2088 649 2145 Mediator
677 2100 850 2144 autem
904 2090 1063 2145 unius
1111 2107 1214 2145 non
1257 2100 1332 2144 est
1382 2090 1575 2161 partis,
1605 2090 1700 2146 sed
1754 2092 1897 2147 inter

313 2180 482 2235 Deum
512 2188 567 2234 et
609 2182 881 2235 hominem
930 2188 1013 2236 est
1064 2181 1314 2236 medius:
1352 2181 1407 2236 id
1449 2190 1554 2247 est,
1600 2182 1690 2253 qui
1741 2198 1895 2238 suum

313 2273 551 2329 hmnano
595 2273 777 2343 generi
812 2273 862 2327 in
915 2274 1057 2329 hunc
1102 2274 1359 2329 mundum
1408 2277 1659 2345 promisit
1704 2277 1898 2332 adven-

313 2371 427 2417 tum
459 2371 518 2418 ut
563 2379 685 2419 eum
738 2363 1051 2434 pacilicaret
1095 2364 1206 2419 Deo
1255 2364 1500 2421 homines
1548 2373 1602 2421 et
1649 2364 1897 2422 reconci-

312 2455 493 2511 liaret.

386 2549 526 2604 Deus
555 2558 730 2605 autem
762 2566 896 2604 unus
929 2559 1025 2605 est.
1058 2549 1171 2605 [loc
1215 2549 1336 2605 ideo
1362 2550 1526 2615 addit,
1557 2565 1625 2606 ne
1655 2550 1775 2621 quis
1803 2568 1902 2622 pu-

313 2648 457 2694 taret
478 2637 752 2695 Christum
792 2640 861 2693 ab
886 2640 1094 2695 unitate
1141 2639 1336 2694 divinae
1367 2648 1574 2694 natura:
1622 2654 1781 2708 posse
1821 2640 1902 2694 di-

311 2730 446 2792 vidi,
470 2730 595 2799 quia
642 2732 958 2785 mediatoris
988 2733 1313 2801 suscepisset
1359 2729 1611 2785 ollicium.
1645 2731 1903 2785 Mediator

312 2821 459 2877 enim
487 2821 582 2876 Dei
612 2832 667 2875 et
695 2822 975 2876 hominum
1006 2822 1169 2876 homo
1200 2822 1447 2877 Christus
1495 2821 1672 2885 Jcsus,
1703 2838 1905 2891 nequa-

312 2926 475 2981 quam
504 2911 641 2966 alter
670 2913 723 2965 in
758 2912 1111 2977 humanitate,
1152 2912 1287 2966 alter
1318 2913 1372 2966 in
1426 2913 1627 2967 deitate
1666 2923 1772 2978 est,
1810 2913 1903 2967 sed

314 3002 371 3056 in
397 3010 627 3071 utraque
678 3002 819 3055 idem
859 3018 998 3057 unus
1041 3010 1122 3055 est
1156 3020 1169 3054 :
1208 3017 1311 3057 nec
1348 3017 1515 3071 purus
1565 3004 1727 3058 homo
1778 3020 1905 3058 cono

315 3103 533 3165 ceptus,
581 3110 684 3151 nec
735 3111 903 3166 purus
947 3097 1110 3151 homo
1142 3105 1302 3150 natus
1349 3102 1455 3159 est,
1484 3095 1575 3149 sed
1607 3094 1750 3150 Deus
1772 3095 1904 3150 Ver-

2000 1904 2123 1953 runt
2159 1897 2383 1968 glortam
2411 1898 2647 1963 Domini,
2677 1900 2771 1969 qui
2798 1907 2853 1954 et
2880 1908 3169 1968 propterea
3211 1902 3437 1956 videntes
3463 1909 3591 1956 sunt

2000 1987 2273 2057 appellati.
2314 1987 2420 2043 Sed
2450 1989 2506 2045 hi
2537 2005 2745 2056 onmes,
2784 2005 2814 2044 a
2845 1991 3003 2061 longe
3040 1992 3364 2062 aspicientes
3400 2001 3457 2047 et
3496 2007 3589 2049 sa—

2000 2078 2251 2144 lutantes,
2285 2094 2384 2148 per
2430 2081 2708 2149 speculum
2753 2090 2809 2136 et
2857 2082 2910 2135 in
2959 2084 3246 2153 aanigmate
3291 2083 3590 2150 viderunt;

2001 2168 2228 2238 apostoli
2269 2177 2448 2224 autem
2490 2170 2977 2241 itnprzesentiarum
3001 2171 3267 2227 habentes
3300 2171 3591 2228 Dominum

2000 2268 2493 2330 convescentesque
2532 2262 2603 2325 ei,
2631 2271 2687 2316 et
2728 2277 2956 2332 qumque
3000 2262 3300 2318 voluissent
3350 2264 3593 2319 interro-

2000 2348 2177 2415 gando
2208 2348 2498 2415 discentes,
2529 2365 2870 2420 nequaquam
2898 2366 2994 2422 per
3016 2351 3239 2423 angelos
3278 2362 3374 2408 aut
3409 2354 3594 2409 varias

2000 2438 2269 2493 visionum
2310 2440 2516 2509 species
2566 2456 2702 2511 opus
2749 2440 3021 2496 habebant
3043 2442 3247 2497 doceri.
3291 2442 3436 2511 Quos
3458 2459 3596 2500 vero

2002 2527 2179 2583 Lucas
2224 2529 2424 2585 multos
2462 2533 2757 2600 prophetas
2800 2541 2856 2587 et
2888 2546 3044 2602 reges
3099 2532 3252 2599 dicit,
3305 2533 3596 2590 Matthaeus

2004 2620 2244 2690 apertius
2287 2623 2577 2692 prophetas
2602 2631 2658 2677 et
2676 2622 2853 2692 justos
2883 2623 3144 2695 appellat:
3169 2624 3269 2696 ipsi
3290 2636 3417 2680 sunt
3443 2626 3595 2681 enim

2005 2726 2161 2782 reges
2206 2712 2385 2783 magni
2414 2713 2507 2784 qui
2551 2714 2911 2769 tentationum
2947 2729 3169 2769 suarum
3221 2716 3455 2771 motibus
3484 2730 3595 2771 non

2005 2805 2390 2860 eonsentiendo
2441 2806 2806 2879 succubuere,
2866 2807 2963 2863 sed
3015 2808 3252 2879 regendo
3302 2824 3596 2880 promove-

2008 2904 2134 2951 rnnt
2168 2913 2183 2949 :

2078 2987 2147 3040 Et
2184 3004 2300 3041 ecce
2320 2988 2535 3058 quidam
2565 2988 2887 3059 legisperitus
2918 2993 3183 3058 surrexit,
3230 3002 3436 3048 tentans
3473 3010 3599 3049 eum

2007 3076 2185 3130 dicens
2214 3090 2233 3128 :
2259 3075 2535 3147 Magister,
2558 3078 2684 3149 quid
2712 3078 2952 3146 faciendo
2994 3081 3153 3135 vitam
3195 3091 3445 3137 veternum
3480 3099 3604 3154 pos-

314 3184 443 3238 bum
494 3184 589 3239 Dei
637 3185 931 3255 assumpsit
984 3200 1205 3241 carnem
1246 3200 1346 3254 pro
1399 3184 1570 3240 salute
1629 3186 1899 3251 humana,

2011 3167 2226 3221 sidebo?
2251 3166 2637 3239 Legisperitus,
2666 3171 2757 3240 qui
2793 3171 2861 3226 de
2899 3170 3009 3225 vita
3056 3179 3258 3226 aeterna
3308 3171 3603 3229 Dominum

315 3273 372 3327 in
398 3287 506 3343 qua
547 3274 639 3343 qui
689 3273 1039 3344 impassibilis
1073 3282 1191 3330 erat
1234 3275 1391 3340 Deus,
1427 3275 1591 3331 homo
1637 3276 1907 3344 passibilis

314 3372 639 3434 appareret:
668 3364 719 3418 in
746 3380 851 3434 qua
876 3364 1200 3420 immortalis
1234 3365 1376 3419 Deus
1412 3380 1518 3419 non
1558 3379 1718 3436 posse
1748 3366 1902 3429 mori,

313 3465 370 3510 et
394 3456 558 3510 homo
585 3454 831 3511 mortalis
863 3456 999 3510 mori
1027 3470 1188 3527 posse
1224 3455 1625 3521 ostenderetur,
1655 3454 1745 3525 qui
1778 3470 1907 3526 pec—

315 3551 498 3599 catum
528 3558 633 3598 non
665 3544 907 3612 admisit,
935 3546 1029 3600 sed
1060 3559 1279 3615 pmnam
1310 3558 1407 3614 pro
1456 3544 1611 3599 nobis
1648 3547 1905 3616 suscepit,

319 3642 381 3689 ut
415 3650 513 3706 per
553 3635 849 3692 indebitam
878 3646 1105 3692 mortem
1134 3636 1379 3692 ablueret
1406 3636 1617 3707 culpam
1643 3646 1903 3692 nostram.

314 3724 554 3797 Agamus
612 3742 741 3798 ergo
782 3728 1002 3799 gratias,
1060 3727 1425 3793 dilectissimi,
1458 3725 1569 3782 Deo
1616 3726 1762 3781 Patri
1810 3744 1909 3798 per

318 3815 513 3871 Filium
543 3817 660 3887 ejus
690 3819 743 3873 in
776 3818 980 3889 Spiritu
1008 3830 1215 3887 sancto,
1262 3820 1386 3890 quia
1417 3828 1637 3890 propter
1682 3819 1904 3874 multam

316 3906 639 3961 charitatem
687 3921 791 3976 qua
853 3908 1040 3963 dilexit
1084 3924 1203 3975 nos,
1261 3909 1516 3964 misertus
1565 3917 1649 3964 est
1697 3909 1902 3975 nostri;

316 4005 373 4052 et
399 4013 523 4052 cum
570 4012 814 4053 essemus
858 3999 1053 4053 mortui
1097 4000 1150 4052 in
1192 4001 1454 4068 peccatis,
1510 4000 1908 4056 convivilicavit

320 4101 418 4141 nos
464 4087 518 4140 in
566 4085 803 4150 Christo,
850 4094 910 4140 ut
943 4102 1188 4142 essemus
1218 4087 1270 4141 in
1302 4087 1420 4156 ipso
1465 4103 1601 4141 nova
1654 4098 1902 4143 creatura

319 4190 630 4243 novumque
680 4176 1017 4246 ﬁgmentum.
1068 4176 1413 4244 Deponamus
1479 4190 1608 4247 ergo
1664 4187 1902 4232 veterem

318 4264 590 4321 hominem
616 4281 739 4321 cum
764 4265 975 4321 actibus
998 4266 1131 4332 suis,
1154 4277 1207 4320 et
1230 4265 1407 4339 adepti
1438 4268 1905 4339 participationem

317 4356 685 4428 generationis
713 4356 938 4423 Christi,
972 4359 1155 4412 carnis
1203 4359 1578 4415 renuntiemus
1625 4361 1901 4430 operibus.

316 4447 583 4517 Agnosco,
614 4463 648 4503 ο
675 4447 1003 4514 Christiane,
1044 4448 1363 4520 dignitatem
1411 4457 1557 4504 tuam
1606 4458 1662 4505 et
1710 4451 1907 4507 divinas

2010 3266 2227 3315 tentans
2269 3260 2598 3331 interrogat,
2629 3262 3003 3327 occasionem,
3054 3262 3306 3328 ut'reor,
3351 3265 3602 3320 tentandi

2009 3350 2077 3406 de
2113 3351 2246 3422 ipsis
2274 3350 2483 3407 Domini
2516 3355 2858 3410 sermonibus
2888 3354 3146 3426 sumpsit,
3175 3355 3267 3410 ubi
3291 3356 3369 3411 ait
3398 3374 3412 3410 :
3448 3353 3602 3411 Gau-

2007 3443 2284 3515 detequod
2325 3447 2537 3500 nomina
2582 3456 2753 3501 vestra
2799 3448 2996 3519 scripta
3028 3457 3151 3503 sunt
3195 3449 3251 3503 in
3294 3447 3453 3503 caelis.
3488 3448 3603 3505 Sed

2009 3535 2124 3603 ipsa
2150 3550 2247 3591 sua
2285 3536 2584 3593 tentatione
2619 3537 2859 3593 declarat
2898 3554 3062 3607 quam
3087 3553 3216 3595 vera
3246 3539 3316 3594 sit
3359 3539 3450 3593 illa
3497 3540 3606 3594 Do-

2009 3626 2142 3679 mini
2182 3626 2487 3694 confessio,
2531 3643 2637 3697 qua
2680 3629 2826 3683 Patri
2876 3629 3163 3698 loquitur:
3212 3630 3351 3696 Quia
3384 3629 3608 3685 abscon-

2008 3715 2135 3769 disti
2170 3718 2281 3771 haec
2318 3735 2352 3772 a
2390 3719 2711 3789 sapientibus
2738 3730 2787 3774 et
2810 3720 3154 3790 prudentibus
3177 3730 3224 3775 et
3271 3720 3511 3776 revelasti
3538 3740 3606 3778 ea

2006 3812 2259 3881 parvulis.

2080 3906 2145 3958 At
2189 3903 2278 3959 ille
2321 3905 2454 3959 dixit
2484 3907 2554 3960 ad
2587 3922 2707 3961 eunt
2747 3925 2766 3961 :
2795 3906 2863 3961 In
2892 3906 3002 3978 lege
3040 3906 3166 3977 quid
3212 3907 3462 3978 scriptum
3500 3918 3603 3973 est,

2007 3995 2269 4065 quomodo
2292 3995 2460 4067 legis?
2495 3995 2594 4051 Ille
2623 3997 2937 4067 respondens
2970 3997 3104 4051 dixit
3129 4013 3147 4052 :
3177 3998 3371 4069 Diliges
3410 3998 3600 4054 Domi-

2008 4099 2134 4137 num
2159 4083 2329 4140 Deum
2374 4095 2523 4140 tuum
2563 4103 2627 4141 ea:
2647 4096 2755 4141 toto
2782 4088 2939 4141 corde
2961 4097 3073 4152 tuo,
3099 4098 3147 4142 et
3180 4104 3244 4143 ea:
3264 4097 3372 4141 tota
3415 4089 3603 4143 anima

2007 4185 2100 4230 tua
2126 4186 2174 4230 et
2196 4194 2262 4231 ea:
2286 4179 2524 4233 omnibus
2563 4179 2757 4233 viribus
2797 4180 2923 4243 tuis,
2950 4189 2998 4233 et
3021 4195 3087 4233 ea:
3111 4179 3253 4233 omni
3286 4189 3453 4233 mente
3480 4171 3600 4245 tua,

2006 4276 2055 4320 et
2097 4268 2395 4337 proaimuns
2444 4278 2591 4323 tuum
2638 4269 2772 4324 sicut
2821 4271 3064 4341 teipsurn.
3095 4270 3231 4325 Dum
3284 4270 3606 4341 legisperito

2008 4358 2321 4428 reSpondet,
2350 4357 2649 4428 perlectum
2698 4359 2855 4414 nobis
2896 4359 3146 4414 Salvator
3192 4361 3296 4413 iter
3338 4359 3462 4412 vita:
3492 4375 3605 4415 cce-

2008 4450 2160 4506 Iestis
2183 4452 2440 4516 ostendit,
2467 4451 2552 4506 cui
2588 4451 2764 4521 primo
2785 4453 2852 4507 de
2881 4452 3169 4508 dilectione
3199 4450 3314 4516 Dei,
3337 4450 3601 4521 proximi,

317 4553 543 4593 consors
570 4539 744 4595 factus
771 4552 996 4606 naturae,
1028 4542 1137 4598 noli
1170 4542 1223 4596 in
1259 4550 1499 4598 veterem
1523 4543 1783 4599 vilitatem
1813 4547 1905 4601 de-
1928 4533 1982 4593 D
2009 4542 2166 4614 Legis
2212 4544 2416 4615 scripta
2469 4543 2792 4614 proponenti
2844 4543 2975 4598 dicit
3002 4561 3015 4596 :
3050 4541 3207 4596 Recte
3251 4541 3603 4611 respondisti;

316 4630 503 4699 generi
524 4634 936 4687 conversatione
963 4634 1238 4690 recedere.
1269 4633 1538 4690 Memento
1576 4636 1773 4707 capitis
1802 4638 1902 4703 tui,

315 4726 373 4773 et
417 4720 571 4790 cujus
617 4720 692 4776 sis
739 4722 984 4791 corporis
1028 4724 1332 4779 membrum
1380 4725 1759 4793 reminiscere,
1812 4726 1904 4797 qui

314 4818 505 4863 erutus
523 4807 590 4865 de
615 4819 882 4880 potestate
911 4812 1277 4880 tenebrarum,
1307 4815 1602 4873 translatus
1632 4832 1692 4873 es
1718 4816 1775 4872 in
1807 4817 1903 4874 Dei

314 4895 497 4951 lumen
542 4906 599 4953 et
649 4914 911 4971 regnum,
960 4916 1059 4972 per
1110 4904 1453 4974 baptismatis
1500 4916 1901 4964 sacramentum

315 4986 552 5059 Spiritus
576 4990 751 5044 sancti
783 4989 957 5047 factus
977 5006 1037 5048 es
1081 4994 1356 5063 templum.
1374 4995 1494 5052 Noli
1513 5004 1721 5053 tantum
1749 4999 1903 5056 habi-

313 5090 544 5139 tatorem
590 5085 772 5154 pravis
818 5087 1031 5144 actibus
1070 5088 1327 5161 eil‘ugare,
1359 5101 1415 5147 et
1459 5093 1655 5150 diaboli
1704 5095 1900 5151 iterum

311 5173 498 5229 subire
547 5174 866 5233 servitium.
916 5178 1043 5248 quia
1077 5180 1310 5249 pretium
1366 5184 1753 5255 redemptionis
1797 5195 1902 5243 tute

311 5264 531 5333 sanguis
556 5273 641 5322 est
683 5266 906 5323 Christi.
948 5269 1065 5338 Ipse
1112 5271 1165 5326 in
1208 5272 1437 5329 veritate
1458 5274 1755 5345 judicabit,
1807 5278 1900 5346 qui

312 5359 688 5418 misericordia
724 5370 778 5418 te
808 5363 1077 5431 redemit,
1126 5364 1285 5422 Jesus
1333 5366 1583 5423 Christus
1633 5367 1897 5426 Dominus

311 5462 517 5520 noster,
553 5454 645 5525 qui
675 5455 808 5511 vivit
834 5466 890 5513 et
918 5468 1110 5527 regnat
1139 5475 1260 5515 cum
1296 5459 1408 5516 Deo
1453 5461 1614 5517 Patre
1665 5472 1721 5520 et
1770 5464 1897 5536 Spi-

310 5538 419 5595 ritu
456 5553 645 5600 sancto
677 5546 731 5601 in
774 5548 980 5605 unitate
1009 5549 1172 5617 Deus,
1213 5564 1311 5621 per
1338 5551 1519 5607 omnia
1552 5553 1748 5611 szecula
1792 5570 1897 5611 sae-

311 5628 575 5689 aliorum.
603 5634 796 5694 Arnen.

2007 4634 2105 4689 hoc
2152 4634 2239 4704 {ac
2282 4646 2330 4689 et
2370 4634 2521 4690 vives.
2555 4636 2761 4690 Deinde
2806 4643 2930 4705 post
2964 4636 3236 4689 inductam
3281 4634 3601 4705 parabolam

2006 4723 2352 4793 respondenti
2378 4724 2527 4779 illum
2559 4723 2727 4780 fuisse
2751 4727 3058 4796 proximum
3081 4725 3362 4781 vulnerato
3396 4726 3490 4796 qui
3520 4725 3604 4782 fe-

2005 4815 2082 4870 cit
2108 4816 2533 4872 misericordiam
2574 4817 2626 4871 in
2660 4816 2831 4884 illum,
2868 4818 3101 4888 adjecit:
3136 4815 3280 4873 Vade
3313 4826 3361 4873 et
3407 4826 3464 4872 tu
3508 4819 3602 4888 [ac

2003 4907 2275 4973 similiter;
2304 4907 2357 4963 id
2382 4916 2498 4975 est,
2523 4908 2615 4964 tali
2647 4910 3035 4966 misericordias
3079 4910 3257 4966 studio
3284 4909 3596 4980 proximum

2004 5005 2153 5054 tuum
2199 5012 2422 5056 necesse
2462 5000 2752 5057 habentem
2800 5001 3022 5073 diligere
3056 5009 3112 5058 et
3138 5010 3447 5058 sustentare
3484 5016 3601 5056 me-

2005 5098 2220 5156 mento,
2254 5092 2599 5162 apertissime
2641 5092 2924 5149 declarans
2973 5092 3142 5148 solam
3176 5106 3297 5149 esse
3349 5091 3600 5147 dilectio-

2006 5197 2130 5237 nem
2157 5190 2214 5237 et
2253 5182 2427 5253 ipsam
2466 5197 2573 5238 non
2597 5183 2924 5239 verbotenus
2970 5190 3295 5238 ostentatam
3337 5182 3433 5237 sed
3465 5197 3597 5252 ope-

2006 5272 2081 5327 ris
2120 5274 2464 5328 exsecutione
2503 5273 2805 5345 prohatam,
2830 5289 2948 5344 quae
2974 5281 3290 5344 perpetuam
3332 5271 3496 5327 ducat
3524 5272 3594 5327 ad

1999 5365 2187 5419 vitam.

2072 5453 2175 5509 Ille
2201 5465 2379 5509 autem
2415 5454 2585 5510 volens
2605 5456 2906 5527 justi/icore
2941 5457 3188 5528 seipsum,
3215 5457 3348 5511 dixit
3389 5455 3460 5511 ad
3498 5453 3597 5509 Je-

1999 5560 2117 5599 sum
2141 5558 2160 5597 :
2202 5544 2272 5599 Et
2296 5545 2412 5616 quis
2435 5556 2509 5601 est
2529 5548 2800 5618 proximus
2828 5548 3014 5603 meus?
3041 5546 3251 5615 Quanta
3276 5546 3454 5602 inanis
3478 5545 3593 5617 glo-

2002 5636 2098 5694 rite
2117 5637 2412 5704 dementia,
2435 5638 2800 5710 legisperitus,
2840 5641 2911 5697 ob
2930 5641 3074 5711 vulgi
3102 5640 3341 5696 favorem
3367 5646 3597 5710 captan-

2003 5728 2152 5798 dum,
2177 5743 2286 5802 quo
2327 5730 2604 5801 sapienter
2629 5730 2970 5805 respondisse
3005 5729 3329 5801 iactaretur,
3354 5731 3599 5804 primum
