3950 6184
370 341 476 397 “9

1479 333 1784 391 HOMILUE
1825 333 1892 390 IN
1929 335 2142 392 EPIST.
2184 334 2272 390 ET
2310 333 2564 392 EVANG.

3538 341 3644 398 ‘50

371 471 430 509 se
469 451 630 524 Legis
677 449 877 506 fatetur
920 451 1173 520 ignorare
1219 448 1534 503 mandatum
1581 462 1768 512 :vere,
1796 448 1954 518 juxta
1985 450 2031 509 A
2063 447 2114 502 id
2148 455 2250 514 est,
2281 447 2336 502 in
2371 447 2778 503 similitudinem
2823 448 3106 504 hominum
3149 448 3324 506 factus
3368 459 3422 508 et
3457 453 3643 510 habitu

373 542 674 599 Salvatoris
723 541 1048 596 sententiam
1101 541 1320 611 sapiens
1345 549 1402 596 et
1428 543 1670 612 prudens
1722 544 1776 597 in
1819 542 1956 614 lege,

370 635 464 690 sed
494 633 622 704 quia
655 647 760 686 non
813 631 1086 686 humiliari
1117 647 1241 686 cum
1287 633 1530 702 parvulis
1574 632 1810 696 Christi,
1865 635 1960 690 sed

371 726 607 797 seipsum
643 723 944 792 justiﬁtmre
989 725 1299 790 desiderat,
1329 726 1518 781 beatos
1540 725 1728 782 oculos
1756 725 1960 782 colum-

368 819 583 882 barum,
630 815 953 871 innocentia:
1007 815 1144 869 lacte
1193 816 1466 881 lotarum,
1516 815 1714 886 quibus
1757 815 1958 872 Christi

369 922 571 963 arcana
598 899 785 961 videre
807 913 1011 976 posset,
1041 905 1290 975 accipere
1325 913 1559 961 recusat.
1585 903 1685 961 Cui
1713 905 1958 975 profecto

370 1001 631 1055 Dominus
679 999 754 1053 ita
809 1013 1128 1068 responsum
1184 984 1514 1069 tempe'ravit
1556 1013 1747 1062 suum,
1796 1008 1856 1052 ut
1904 1006 1959 1052 et

367 1103 584 1144 omnem
613 1089 706 1159 qui
750 1087 1179 1143 misericordiam
1230 1087 1467 1154 faceret,
1509 1087 1730 1143 cuilibet
1773 1088 1958 1158 proxi-

367 1194 514 1233 mum
558 1179 810 1242 doceret;
858 1186 915 1232 et
957 1186 1138 1232 tamen
1168 1178 1282 1234 haec
1325 1180 1512 1234 eadem
1542 1178 1796 1248 parabola
1839 1195 1960 1248 spe-

366 1267 577 1325 cialiter
607 1270 781 1340 ipsum
826 1268 922 1324 Dei
947 1269 1166 1334 Filium,
1208 1271 1296 1339 qui
1330 1271 1486 1326 nobis
1508 1285 1608 1339 per
1650 1270 1958 1324 humanita-

367 1367 472 1412 tem
525 1359 806 1428 proximus
846 1358 963 1413 ﬁeri
990 1359 1240 1429 dignatus
1271 1369 1376 1426 est,
1407 1360 1737 1430 designaret.
1773 1360 1958 1430 Neque

364 1450 506 1504 enim
545 1451 620 1504 ita
663 1451 993 1520 proximum,
1017 1467 1179 1522 quem
1234 1453 1377 1507 sicut
1413 1468 1512 1509 nos
1545 1452 1767 1525 diligere
1799 1451 1958 1521 jube-

364 1559 508 1606 niur,
544 1558 709 1613 super
731 1543 950 1598 Christo
998 1543 1350 1614 interpretari
1378 1545 1655 1609 debemus,
1693 1555 1752 1600 ut
1778 1561 1957 1600 mora-

364 1634 430 1688 lia
465 1641 666 1688 muture
703 1629 1060 1688 fraternitatis
1087 1634 1336 1689 instituta
1366 1635 1466 1690 sub
1491 1635 1762 1705 allegoriae
1791 1652 1953 1706 regu-

361 1724 429 1778 lis
457 1732 756 1778 extenuare
775 1733 832 1779 et
851 1721 1067 1778 auferre
1093 1740 1373 1780 conemur.

2064 536 2316 592 inventus
2345 546 2404 590 ut
2426 539 2607 604 homo,
2633 539 3027 608 compassionis
3059 547 3256 595 nostra:
3285 544 3642 612 susceptione,

2063 626 2325 682 finitimus
2370 635 2424 682 et
2458 628 2846 682 misericordia:
2889 629 3066 686 factus
3117 638 3203 687 est
3237 631 3526 690 collatione
3563 635 3644 688 vi-

2062 718 2236 773 ciuus.

2144 807 2212 862 Et
2263 809 2580 879 appropians
2633 807 2865 879 alligavit
2905 810 3123 865 vulnera
3170 811 3318 881 ejus,
3364 812 3648 882 infunaens

2059 897 2231 952 oleum
2258 907 2305 952 et
2351 899 2548 952 vinum.
2610 899 2836 954 Peccata
2873 915 2992 970 quae
3038 901 3094 955 in
3137 901 3450 958 hominibus
3499 904 3649 959 inve-

2058 990 2169 1055 nit,
2223 988 2603 1058 redarguendo
2632 989 2893 1055 cohibuit,
2941 1006 3091 1060 spem
3137 994 3309 1048 venia:
3338 993 3651 1063 paenitenti-

2057 1079 2191 1145 bus,
2241 1087 2510 1134 terrorem
2541 1094 2715 1147 paenae
2739 1081 3095 1149 peccantibus
3123 1082 3390 1138 incutiens
3417 1100 3429 1136 :
3463 1082 3647 1153 alligat

2059 1170 2202 1223 enim
2227 1169 2450 1224 vulnera
2478 1170 2606 1225 dum
2647 1171 2893 1240 praecipit
2923 1188 2936 1223 :
2969 1170 3334 1226 Paenitentiam
3365 1174 3536 1242 agite;
3567 1173 3650 1227 in-

2059 1260 2232 1316 fundit
2261 1261 2470 1323 oleum,
2519 1262 2643 1316 dum
2685 1261 2835 1316 addit
2870 1277 2884 1316 :
2928 1263 3372 1334 Appropinquabit
3403 1265 3540 1318 enim
3569 1281 3650 1319 re-

2057 1368 2214 1420 gnum
2262 1351 2541 1415 calorum;
2595 1350 2832 1405 infundit
2861 1351 3044 1405 vinum
3085 1352 3210 1406 dum
3251 1353 3382 1406 dicit
3415 1371 3428 1407 :
3463 1352 3648 1408 Omnis

2057 1443 2214 1497 arbor
2245 1459 2363 1513 qua:
2399 1459 2500 1496 non
2527 1442 2657 1512 facit
2698 1442 2934 1510 fructum
2972 1443 3162 1496 bonum
3209 1443 3478 1498 excidetur
3515 1455 3563 1499 et
3590 1446 3649 1498 in

2056 1533 2225 1603 ignem
2259 1534 2511 1586 mittetur.

2129 1622 2202 1676 Et
2238 1624 2507 1694 imponens
2555 1621 2709 1677 illum
2750 1623 2804 1676 in
2850 1623 3153 1693 jumentum
3197 1641 3351 1678 suum
3402 1625 3553 1679 duxit
3593 1625 3651 1680 in

2053 1712 2343 1779 stabulum,
2371 1723 2418 1768 et
2462 1731 2642 1767 curam
2685 1715 2800 1784 ejus
2854 1717 2977 1784 egit.
3022 1714 3332 1771 Jumentum
3393 1717 3510 1787 ejus
3563 1726 3649 1772 est

432 1811 736 1881 Suspiciens
759 1822 934 1867 autem
953 1812 1110 1868 Iesus
1125 1813 1290 1868 dixit:
1308 1813 1480 1868 Homo
1507 1816 1721 1886 quidam
1747 1817 1947 1871 descen-

2057 1820 2208 1869 caro,
2236 1805 2290 1858 in
2321 1820 2426 1873 qua
2455 1803 2520 1857 ad
2548 1819 2648 1858 nos
2668 1805 2856 1858 venire
2881 1805 3136 1875 dignatus
3166 1815 3270 1869 est,
3305 1806 3359 1860 in
3393 1821 3502 1876 quo
3524 1822 3649 1862 sau-

359 1901 512 1954 debat
537 1901 602 1955 ab
624 1900 956 1956 Hierusalem
972 1902 1026 1955 in
1045 1901 1280 1957 Iericho.
1297 1903 1468 1959 Homo
1485 1905 1590 1959 iste
1611 1903 1781 1959 Adam
1805 1905 1955 1960 intel-

359 1990 611 2063 ligiturin
630 2005 828 2060 genere
849 1991 1085 2047 humano
1101 2010 1113 2046 :
1132 1992 1466 2048 Hierusalem
1485 1995 1678 2050 civitas
1692 1994 1842 2064 pacis
1864 1994 1952 2048 illa

357 2081 631 2147 caelestis,
675 2097 708 2138 a
737 2080 889 2152 cujus
936 2082 1271 2137 beatitudine
1306 2083 1488 2154 lapsus
1524 2085 1578 2140 in
1615 2086 1758 2140 hanc
1802 2099 1950 2139 mor-

360 2173 522 2228 talem
549 2173 915 2244 miseramque
961 2173 1124 2227 vitam
1157 2173 1408 2240 devenit;
1444 2191 1606 2246 quam
1650 2176 1786 2231 bene
1814 2175 1953 2231 Jeri-

359 2265 493 2330 cho,
527 2281 650 2336 qua:
679 2264 806 2318 luna
861 2265 1277 2334 interpretatur,
1333 2265 1627 2337 signiﬁcat,
1665 2267 1834 2321 variis
1869 2267 1950 2322 vi-

359 2355 554 2411 delicet
578 2354 884 2412 defectuum
907 2354 1184 2412 laboribus
1210 2356 1594 2426 erroribusque
1621 2371 1837 2427 semper
1864 2356 1950 2412 in-

360 2454 589 2500 certam.

430 2534 499 2588 Et
529 2535 714 2589 incidit
747 2536 801 2588 in
823 2533 1073 2589 latrones.
1105 2533 1371 2589 Latrones
1405 2534 1676 2590 diabolum
1705 2543 1759 2590 et
1785 2549 1950 2606 ange-

360 2625 439 2682 los
465 2625 585 2696 ejus
611 2627 852 2698 intellige
874 2668 889 2694 ,
934 2628 988 2682 in
1031 2644 1168 2698 quos
1195 2628 1289 2697 qui
1320 2627 1684 2684 descendebat
1711 2629 1902 2684 incidit
1932 2648 1946 2684 :

359 2733 483 2774 nam
535 2720 639 2774 nisi
685 2721 838 2790 prius
885 2720 1032 2774 intus
1073 2720 1482 2786 intumesceret,
1533 2719 1666 2774 foris
1711 2726 1950 2776 tentatus

362 2818 468 2865 tam
507 2809 668 2865 facile
694 2825 799 2866 non
843 2811 1140 2866 recederet.
1169 2808 1305 2863 Vera
1334 2816 1420 2864 est
1447 2809 1591 2864 enim
1639 2809 1774 2864 satis
1818 2824 1948 2865 sen-

363 2900 529 2956 tentia
559 2915 681 2970 qum
702 2901 836 2956 dicit
864 2915 880 2954 :
908 2903 1041 2955 Ante
1064 2901 1276 2954 ruinam
1299 2899 1619 2954 eisaltabitur
1639 2917 1748 2954 cor.

431 2992 536 3061 Qui
560 2995 719 3048 etiam
740 2992 1147 3064 dispoliaverunt
1177 3008 1318 3046 eum.
1352 2992 1535 3048 Gloria
1556 2992 1811 3049 videlicet
1845 2994 1948 3054 im-

361 3083 708 3139 mortalitatis
759 3091 817 3138 et
877 3083 1201 3139 innocentiae
1257 3091 1407 3138 veste
1457 3083 1758 3153 privarunt.
1817 3085 1944 3142 Haec

2057 1896 2200 1950 cium
2224 1893 2502 1962 imposuit,
2529 1893 2655 1962 quia
2701 1901 2923 1963 peccata
2954 1903 3136 1948 nostra
3165 1895 3400 1965 portavit
3427 1897 3480 1950 in
3521 1913 3645 1951 cor-

2053 2001 2184 2056 pore
2211 2001 2310 2040 suo
2357 1997 2519 2055 super
2547 1984 2784 2054 lignum;
2817 1991 2873 2038 et
2897 1983 3053 2052 juxta
3099 1985 3262 2040 aliam
3307 1987 3644 2056 parabolam,

2053 2080 2326 2133 inventam
2358 2091 2480 2148 quae
2511 2084 2793 2132 erraverat
2835 2091 2989 2131 ovem
3017 2076 3257 2132 humeris
3283 2078 3396 2133 suis
3422 2078 3645 2147 imposi-

2054 2177 2164 2222 tam
2198 2167 2497 2238 reportavit
2546 2166 2615 2221 ad
2663 2180 2903 2238 gregem.
2934 2165 3122 2236 itaque
3168 2166 3372 2236 imponi
3396 2166 3646 2235 jumento

2050 2267 2136 2314 est
2160 2259 2215 2313 in
2258 2259 2427 2330 ipsam
2458 2256 2886 2313 incarnationem
2926 2256 3126 2312 Christi
3156 2259 3377 2312 credere
3419 2257 3646 2328 ejusque

2052 2351 2328 2423 mysteriis
2353 2350 2581 2415 initiari,
2610 2349 2772 2405 simul
2799 2358 2854 2405 et
2894 2350 2963 2404 ab
3000 2350 3176 2404 hostis
3219 2349 3531 2404 incursione
3559 2359 3644 2404 tu-

2052 2443 2174 2496 tari.
2206 2441 2491 2496 Stabulum
2523 2449 2706 2496 autem
2732 2448 2813 2495 est
2837 2439 3080 2494 Ecclesia
3119 2454 3380 2508 praesens,
3405 2440 3494 2493 ubi
3520 2440 3646 2494 reli-

2050 2533 2268 2587 ciuntur
2302 2532 2543 2588 viatores
2570 2532 2638 2586 de
2667 2529 3106 2602 peregrinatione
3137 2529 3269 2596 hac,
3298 2529 3353 2583 in
3379 2537 3642 2585 aeternam

2048 2623 2281 2693 patriam
2316 2624 2630 2690 redeuntes,
2654 2631 2710 2679 et
2735 2637 2870 2678 nene
2887 2621 3135 2690 iumento
3157 2621 3468 2692 impositum
3492 2623 3646 2676 duxit

2050 2713 2104 2766 in
2134 2712 2426 2778 stabulum,
2456 2713 2582 2783 quia
2615 2727 2773 2768 nemo
2795 2712 2897 2767 nisi
2929 2712 3259 2782 baptizatus,
3291 2711 3397 2767 nisi
3427 2713 3643 2782 corpori

2049 2801 2252 2857 Christi
2282 2803 2566 2868 adunatus,
2611 2802 2913 2859 Ecclesiam
2954 2803 3219 2857 intrabit:

2120 2891 2190 2947 Et
2211 2892 2379 2948 altera
2401 2893 2486 2947 die
2519 2892 2740 2964 protulit
2767 2891 2902 2947 duos
2928 2892 3173 2946 denarios
3209 2900 3258 2946 et
3288 2891 3431 2945 dedit
3459 2891 3644 2946 stabu-

2049 2984 2185 3038 lario
2225 2993 2274 3039 et
2316 2985 2389 3038 ait
2417 3004 2436 3038 :
2463 2983 2660 3040 Curam
2687 2982 2834 3037 illius
2862 2983 3014 3036 habe.
3042 2982 3227 3038 Altera
3267 2983 3382 3038 dies
3413 2989 3498 3037 est
3523 2990 3646 3052 post

2052 3077 2263 3132 Domini
2319 3076 2801 3140 resurrectionem,
2831 3091 2955 3130 nam
3001 3084 3057 3130 et
3106 3085 3233 3130 ante
3272 3077 3491 3146 quidem
3545 3091 3646 3145 per

360 3185 444 3231 εει
472 3175 618 3229 enim
641 3175 813 3245 prima
844 3174 980 3230 stola
1025 3189 1154 3244 qua,
1185 3173 1343 3242 juxta
1393 3173 1556 3229 aliam
1605 3176 1942 3244 parabolam,
1973 3157 2017 3219 C
2050 3170 2326 3242 Evangelii
2358 3169 2438 3224 sui
2462 3169 2693 3240 gratiam
2728 3167 3129 3222 illuminaverat
3155 3167 3249 3220 hos
3282 3169 3371 3236 qui
3409 3167 3464 3219 in
3495 3176 3637 3219 tene-

359 3267 672 3324 luxuriosus
728 3267 876 3322 ﬁlius
939 3282 1040 3337 per
1090 3267 1467 3338 ptenitentiam
1519 3269 1733 3324 annulis
1784 3284 1946 3324 orna-

359 3365 477 3425 tur,
533 3365 590 3413 et
631 3373 738 3428 qua
787 3357 1106 3428 protoplasti
1153 3357 1353 3414 amissa
1403 3367 1777 3429 cognoverunt
1823 3375 1945 3416 esse

358 3463 416 3506 se
447 3448 625 3504 nudos
638 3481 655 3511 -.
699 3447 1018 3518 tunicasque
1045 3446 1300 3519 pelliceas
1326 3454 1536 3502 naturae
1581 3449 1830 3506 mortalis
1863 3450 1943 3506 in-

359 3543 474 3598 duti
502 3550 648 3598 sunt.

427 3633 497 3687 Et
517 3631 686 3704 plagis
712 3633 970 3703 impositis
1007 3632 1246 3687 abierunt
1274 3634 1514 3688 semivivo
1544 3632 1741 3688 relicto.
1766 3633 1944 3704 Plaga:

356 3733 580 3793 peccata
616 3731 768 3790 sunt,
815 3723 1010 3793 quibus
1055 3733 1266 3778 naturae
1295 3723 1546 3779 humanae
1576 3724 1942 3795 integritatem

357 3812 627 3877 violando,
661 3813 1012 3868 seminarium
1045 3812 1336 3883 quoddam,
1367 3823 1426 3868 ut
1467 3815 1540 3870 ita
1590 3815 1803 3881 dicam,
1846 3833 1942 3870 au-

355 3904 544 3972 gelida:
570 3903 763 3958 mortis
815 3901 975 3958 fessis
1019 3901 1264 3958 indidere
1311 3903 1628 3960 visceribus.
1680 3903 1944 3959 Abierunt

359 4001 563 4056 autem,
593 4007 701 4048 non
743 3993 813 4048 ab
856 3991 1068 4048 insidiis
1115 3992 1452 4062 aliquatenus
1493 3996 1757 4050 cessando
1781 4034 1796 4060 ,
1846 3995 1942 4050 sed

359 4083 670 4139 earumdem
728 4083 1048 4138 insidiarum
1107 4082 1324 4140 fraudes
1370 4084 1710 4140 occultando.
1768 4084 1943 4141 Semi-

358 4171 537 4227 vivum
562 4172 926 4242 reliquerunt,
971 4173 1098 4242 quia
1140 4172 1529 4230 beatitudinem
1557 4177 1681 4230 vita:
1721 4176 1942 4231 immor-

359 4262 480 4318 talis
508 4278 728 4328 exuere,
766 4265 858 4318 sed
883 4279 990 4318 non
1018 4278 1235 4319 sensum
1264 4265 1488 4322 rationis
1519 4267 1736 4322 abolere
1759 4267 1941 4324 value-

359 4360 505 4408 runt.
533 4352 614 4408 Ex
642 4367 746 4422 qua
768 4353 911 4407 enim
950 4362 1102 4422 parte
1120 4368 1312 4423 sapere
1338 4363 1394 4408 et
1416 4370 1742 4426 cognoscere
1770 4357 1937 4412 Deum

356 4450 552 4512 potest,
574 4442 731 4497 vivus
757 4451 839 4498 est
866 4443 1028 4498 homo
1051 4460 1066 4509 ;
1117 4458 1183 4498 ex
1212 4460 1318 4514 qua
1339 4460 1468 4500 vero
1490 4447 1728 4516 peccatis
1750 4457 1939 4502 conta-

357 4530 527 4586 bescit
549 4538 606 4585 et
628 4531 846 4586 miseria
875 4529 1080 4592 deficit.
1117 4542 1362 4588 mortuus
1402 4533 1541 4588 idem
1582 4533 1937 4608 lcthiferoqne

357 4627 441 4674 est
467 4619 692 4675 vulnere
724 4619 983 4676 fusdatus.

425 4709 630 4763 Accidit
670 4717 844 4764 autem
875 4720 929 4764 ut
950 4710 1192 4765 sacerdos
1236 4711 1450 4783 quidam
1479 4710 1809 4767 descenderet
1849 4730 1940 4768 ea-

357 4799 471 4855 dem
493 4801 596 4864 via,
625 4809 672 4854 et
701 4801 810 4854 viso
834 4800 927 4854 illo
949 4801 1219 4870 prwteriit.
1253 4799 1507 4856 Similiter
1533 4812 1581 4857 et
1605 4801 1785 4856 Levita
1823 4820 1942 4858 cum

357 4899 483 4944 esset
512 4906 664 4944 secus
692 4889 888 4956 locum,
913 4899 962 4944 et
989 4891 1180 4946 videret
1205 4907 1324 4946 eum
1349 4893 1669 4962 pertransiit.
1700 4892 1946 4949 Samari-

355 4992 507 5038 tanus
553 4993 729 5038 autem
753 4984 968 5055 quidam
1011 4985 1112 5039 iter
1138 4985 1337 5055 faciens
1380 4985 1516 5040 venit
1540 5002 1690 5040 secus
1725 5001 1864 5049 eum,
1894 4995 1944 5040 et

356 5073 530 5129 videns
557 5090 700 5140 eum,
727 5073 1088 5128 misericordia
1113 5083 1286 5130 motus
1304 5085 1400 5131 est.
1435 5075 1835 5143 Samaritanus,
1851 5075 1943 5145 qui

357 5163 744 5235 interpretatur
778 5174 973 5230 custos,
1003 5164 1288 5222 Dominum
1311 5165 1583 5237 signiﬁcat
1612 5166 1720 5239 (cui
1748 5167 1941 5222 rectis-

357 5258 492 5315 sime
538 5258 834 5328 Propheta,
865 5274 934 5314 ne
980 5259 1079 5316 hos
1125 5259 1366 5316 latrones
1411 5263 1584 5332 possit
1639 5262 1940 5330 incurrere,

355 5350 624 5421 supplicat
657 5369 670 5406 :
703 5348 921 5405 Custodi
947 5368 1045 5416 me,
1071 5352 1352 5422 inquiens,
1380 5370 1414 5407 (ι
1439 5352 1623 5424 laqueo
1654 5371 1805 5425 quem
1835 5367 1944 5410 sta-

357 5448 566 5494 tuerunt
608 5441 737 5494 mihi
767 5451 817 5495 et
844 5459 879 5496 a
902 5441 1170 5496 scandalis
1199 5444 1523 5512 operantium
1548 5445 1942 5517 iniquitatem);

354 5529 442 5598 qui
474 5537 686 5601 propter
711 5545 805 5585 nos
845 5530 1078 5586 homines
1121 5539 1170 5585 et
1201 5542 1411 5602 prapter
1440 5543 1674 5588 nostram
1720 5534 1942 5591 salutem

353 5617 672 5674 descendens
699 5618 920 5699 decaelo
965 5619 1090 5674 vita:
1140 5621 1422 5690 praesentis
1453 5621 1556 5676 iter
1583 5623 1852 5694 arripuit,
1887 5632 1943 5679 et

354 5708 504 5764 ἀιῆ
538 5721 698 5765 secus
727 5722 853 5765 eum
880 5709 974 5782 qui
1004 5709 1318 5767 vulneribus
1347 5713 1658 5783 tabescebat
1703 5713 1942 5792 inﬂictis,

2048 3260 2152 3314 bris
2181 3270 2228 3313 et
2269 3259 2325 3312 in
2369 3258 2556 3311 umbra
2581 3257 2762 3310 mortis
2791 3255 3072 3320 sedebant,
3105 3257 3198 3311 sed
3235 3256 3411 3325 potior
3453 3269 3640 3310 resur-

2048 3351 2288 3405 rectione
2331 3350 2602 3404 celebrata
2653 3356 2929 3419 perpetua:
2960 3346 3095 3400 lucis
3141 3345 3394 3417 splendor
3419 3344 3639 3400 ell‘ulsit.

2046 3441 2162 3495 Duo
2198 3440 2407 3494 denarii
2447 3447 2574 3494 sunt
2597 3437 2703 3493 duo
2726 3436 3103 3500 Testamenta,
3142 3437 3196 3490 in
3225 3438 3423 3506 quibus
3449 3436 3641 3491 aeterni

2047 3533 2192 3604 regis
2221 3546 2417 3586 nomen
2446 3539 2501 3585 et
2550 3529 2730 3600 imago
2759 3528 3091 3584 continetur.
3135 3527 3287 3581 Finis
3311 3528 3460 3581 enim
3505 3527 3640 3596 legis

2044 3633 2128 3680 est
2165 3621 2429 3686 Christus,
2459 3619 2550 3692 qui
2598 3619 2767 3674 altera
2818 3619 2904 3673 die
2945 3617 3141 3688 prolati
3173 3618 3370 3672 dantur
3399 3617 3642 3672 stabula-

2044 3717 2155 3781 rio,
2179 3717 2306 3786 quia
2346 3724 2476 3768 tunc
2519 3712 2734 3782 aperuit
2777 3709 2884 3765 illis
2930 3724 3148 3764 sensum
3188 3717 3248 3763 ut
3275 3708 3640 3780 intelligerent

2046 3805 2372 3876 Scripturas.
2399 3805 2586 3862 Altera
2612 3805 2700 3861 die
2729 3803 3061 3860 stabularius
3100 3804 3373 3870 denarios,
3405 3819 3638 3874 quorum

2043 3901 2218 3972 pretio
2262 3900 2603 3956 vulneratum
2649 3909 2906 3969 curaret,
2947 3900 3175 3972 accepit,
3216 3899 3343 3971 quia
3402 3896 3638 3969 Spiritus

2043 4004 2264 4048 sanctus
2282 3993 2573 4048 adveniens
2596 3993 2781 4048 docuit
2804 3991 3078 4063 apostolos
3095 4005 3312 4046 omnem
3327 3989 3634 4053 veritatem,

2043 4098 2149 4153 quo
2189 4083 2438 4153 gentibus
2477 4082 2792 4138 erudiendis
2841 4083 3046 4138 instare
3091 4091 3254 4152 atque
3284 4079 3636 4151 Evangelium

2041 4174 2275 4244 prmdica
2284 4188 2340 4228 re
2372 4172 2702 4229 sullicerent.

2113 4263 2181 4317 Et
2221 4263 2568 4336 quodcunque
2607 4264 3087 4335 supererogaveris,
3127 4279 3221 4333 ego
3271 4279 3390 4316 cum
3434 4261 3639 4316 rediero

2041 4353 2261 4408 reddam
2293 4353 2406 4407 tibi.
2434 4352 2801 4425 Supererogat
2823 4353 3150 4408 stabularius
3172 4351 3315 4420 quod
3345 4351 3398 4405 in
3431 4352 3638 4406 duobus

2043 4446 2283 4501 denariis
2313 4461 2420 4500 non
2447 4444 2677 4514 accepit,
2709 4459 2831 4499 cum
2859 4443 2988 4497 dicit
3013 4440 3302 4511 Apostolus
3327 4457 3340 4493 :
3379 4439 3453 4493 De
3481 4441 3637 4510 virgi-

2045 4538 2196 4592 nibus
2225 4548 2398 4590 autem
2421 4546 2734 4607 prwceptum
2758 4533 2971 4587 Domini
3012 4549 3115 4587 non
3136 4531 3318 4596 habeo,
3358 4531 3633 4586 consilium

2046 4639 2222 4681 autem
2269 4627 2357 4680 do.
2399 4625 2639 4694 Itemque
2681 4633 2737 4677 et
2783 4621 3048 4678 Dominus
3089 4622 3363 4678 ordinavit
3412 4623 3497 4677 his
3539 4623 3630 4692 qui

2047 4716 2396 4787 Evangelium
2455 4714 2778 4769 annuntiant
2826 4714 2893 4769 de
2942 4713 3237 4786 Evangelio
3276 4715 3494 4782 vivere;
3542 4716 3634 4769 sed

2051 4825 2154 4862 non
2179 4808 2260 4861 usi
2279 4823 2459 4860 sumus
2480 4805 2578 4858 hac
2599 4814 2873 4875 potestate,
2889 4822 2952 4859 ne
2969 4821 3123 4876 quem
3147 4815 3368 4860 vestrum
3391 4821 3639 4876 gravare.

2048 4914 2184 4952 mus.
2222 4895 2319 4951 Cui
2357 4895 2570 4950 rediens
2616 4895 2759 4964 quod
2805 4895 3130 4966 promiserat
3174 4894 3387 4950 debitor
3424 4895 3632 4961 reddet,

2048 4988 2170 5058 quia
2197 4986 2421 5042 veniens
2463 4987 2516 5040 in
2541 4984 2747 5055 judicio
2798 4987 3059 5042 Dominus
3101 4986 3233 5042 dicit
3262 5005 3275 5041 :
3310 4985 3448 5053 Quia
3477 5004 3634 5057 super

2047 5097 2216 5153 pauca
2245 5081 2390 5152 fuisti
2410 5080 2604 5149 fidelis,
2626 5096 2783 5149 super
2809 5079 2978 5134 multa
3016 5089 3066 5134 te
3106 5080 3418 5133 constituant
3445 5094 3464 5133 :
3492 5080 3630 5134 intra

2047 5174 2103 5228 in
2135 5190 2349 5246 regnum
2385 5172 2586 5226 domini
2612 5173 2709 5226 tui.

2122 5268 2252 5334 Quis
2294 5268 2482 5320 horum
2524 5268 2683 5320 trium
2710 5266 2916 5320 videtur
2944 5265 3038 5319 tibi
3061 5265 3328 5334 proximus
3356 5261 3518 5331 fuisse
3551 5260 3628 5313 illi

2041 5359 2131 5427 qui
2177 5358 2360 5411 incidit
2389 5356 2443 5409 in
2470 5355 2744 5410 latrones?
2782 5357 2846 5410 At
2873 5355 2958 5410 ille
2979 5355 3110 5410 dixit
3134 5368 3152 5406 :
3184 5353 3286 5419 Qui
3333 5353 3453 5422 fecit
3479 5353 3632 5404 mise-

2045 5447 2327 5501 ricordiam
2350 5448 2404 5502 in
2430 5446 2602 5501 illum.
2639 5445 2802 5501 Juxta
2831 5446 3067 5501 litteram
3091 5442 3375 5500 manifesta
3414 5451 3499 5496 est
3526 5440 3634 5494 Do-

2043 5537 2174 5591 mini
2211 5538 2499 5603 sententia,
2532 5537 2738 5592 nullum
2767 5537 2922 5592 nobis
2952 5535 3182 5606 amplius
3211 5549 3375 5604 quam
3401 5531 3492 5603 qui
3525 5530 3634 5586 mi-

2043 5636 2254 5682 seretur
2299 5642 2420 5682 esse
2445 5629 2791 5699 proximum,
2842 5629 2981 5683 sicut
3020 5624 3444 5698 llierosolymitze
3493 5624 3631 5690 civi,

2044 5732 2148 5771 non
2177 5717 2454 5787 sacerdos,
2484 5733 2588 5772 non
2621 5718 2808 5774 Levita
2839 5733 2904 5772 ex
2937 5716 3124 5772 eadem
3171 5725 3360 5788 gente,
3413 5714 3522 5771 imo
3573 5715 3632 5769 in
