3950 6184
316 289 411 342 ιδι

958 280 1018 334 Β.
1064 278 1313 334 RABANI
1354 273 1571 331 MAURI
1609 270 1927 327 ARCHIEP.
1963 266 2273 326 MOGUNT.
2313 262 2596 323 OPERUM
2635 259 2817 317 PARS
2855 259 2921 315 ll.

3478 256 3583 312 4‘39.

309 398 501 455 eadem
538 397 675 451 urbe
716 393 829 449 nati
859 402 913 449 et
955 389 1168 453 nutriti,
1211 387 1302 441 sed
1336 395 1574 440 externa:
1600 383 1776 454 gentis
1804 397 1893 436 ac-
1924 388 1967 447 Α
1999 381 2093 435 tali
2123 356 2358 443 cultura,
2402 375 2582 432 veraci
2620 374 2805 436 corde,
2854 373 2973 427 sine
3014 368 3387 434 simulatione,
3409 368 3465 424 in
3488 385 3581 425 sa-

312 488 461 554 cola,
490 487 616 557 quia
660 484 833 554 magis
862 482 1116 537 misertus
1147 486 1249 541 est,
1282 476 1456 531 factus
1481 483 1563 530 est
1596 473 1893 544 proximus.

314 580 622 637 Sacratiore
672 587 849 631 autem
896 571 1189 634 intellectu,
1220 568 1475 639 quoniam
1524 583 1681 623 nemo
1727 566 1899 637 magis

311 681 399 729 est
439 670 714 742 proximus
766 680 928 735 quam
981 663 1075 733 qui
1123 662 1349 718 vulnera
1402 668 1591 716 nostra
1644 657 1894 719 curavit.

312 763 599 833 diligamus
635 773 758 813 eum
807 756 961 826 quasi
1000 755 1283 811 Dominum
1323 753 1487 809 Deum
1529 758 1791 817 nostrum,
1817 749 1899 801 di-

313 853 540 922 ligamus
568 847 723 919 quasi
782 847 1087 918 proximum
1121 863 1134 898 :
1168 844 1301 899 nihil
1350 844 1494 899 enim
1544 851 1653 896 tam
1709 841 1896 911 proxi—

311 957 462 997 mum
504 955 665 1010 quam
713 946 875 1008 caput
924 936 1200 991 membris.
1239 934 1533 1006 Diligamus
1570 933 1733 987 etirmt
1773 948 1895 986 eum

310 1033 403 1101 qui
449 1032 690 1087 imitator
731 1038 815 1086 est
844 1028 1079 1093 Christi;
1134 1028 1237 1082 hoc
1291 1035 1375 1081 est
1426 1026 1569 1081 enim
1625 1025 1767 1094 quod
1812 1038 1871 1079 se

311 1123 495 1192 quitur
524 1136 541 1176 :

379 1212 448 1267 Et
477 1213 551 1267 ait
570 1212 654 1265 illi
679 1211 833 1265 Iesus
860 1224 879 1263 :
916 1209 1063 1265 Vade
1102 1218 1149 1264 et
1179 1218 1236 1263 tu
1281 1208 1369 1278 [ac
1409 1206 1670 1262 similiter.
1706 1205 1761 1260 Id
1791 1212 1895 1270 est,

306 1315 370 1359 ut
398 1318 527 1366 vero
572 1311 626 1358 te
677 1302 983 1371 proximum
1031 1302 1171 1355 sicut
1220 1308 1273 1355 te
1301 1300 1475 1369 ipsum
1506 1297 1728 1369 diligere
1777 1312 1896 1350 ma-

308 1395 556 1461 nifestes,
582 1395 840 1466 quidquid
872 1395 1021 1449 vales
1052 1394 1106 1448 in
1129 1392 1245 1461 ejus
1274 1392 1356 1446 vel
1388 1389 1655 1460 corporali
1685 1388 1768 1443 vel
1790 1388 1900 1460 spi-

309 1485 453 1545 ritali
477 1486 804 1541 necessitate
827 1485 1154 1540 sublevanda
1190 1484 1413 1538 devotus
1437 1497 1684 1551 operare,
1711 1483 1898 1553 sicque

309 1577 380 1632 ad
411 1576 563 1648 regni
593 1575 831 1631 caelestis
858 1575 1080 1644 praemia
1115 1573 1316 1644 poteris
1350 1572 1653 1643 pervenire.

851 1685 995 1742 110M
1003 1686 1130 1740 iLlA
1189 1684 1348 1741 CLX.

960 1772 1080 1811 FEB!
1092 1775 1120 1810 Α
1161 1773 1236 1810 IV.

307 1846 495 1902 Lectio
545 1845 799 1915 Epistolas
843 1846 987 1900 beati
1040 1844 1188 1898 Pauli
1238 1845 1465 1916 apostoli
1499 1846 1564 1899 ad
1616 1845 1894 1900 ilebnros.

381 1936 633 2002 Fratres,
667 1937 909 1992 habentes
948 1936 1200 2004 ﬁduciam
1231 1939 1284 1989 in
1324 1936 1539 1989 introitu
1571 1947 1896 2002 sanctorum,

308 2028 364 2083 in
392 2027 647 2097 sanguine
700 2025 915 2089 Christi,
964 2041 1120 2096 quam
1153 2024 1375 2078 initiavit
1428 2024 1574 2078 nobis
1620 2022 1755 2078 vium
1799 2041 1898 2077 no-

309 2134 427 2172 uam
453 2127 502 2171 et
532 2117 780 2171 uiuentem
819 2132 912 2185 per
951 2115 1181 2170 velamen
1204 2155 1220 2179 ,
1267 2114 1322 2167 id
1362 2124 1437 2168 est
1480 2130 1689 2169 carnem
1723 2131 1895 2182 suam,

308 2217 359 2262 et
385 2207 708 2262 sacerdotem
738 2222 982 2275 magnum
1012 2222 1170 2275 super
1191 2206 1406 2259 domum
1437 2205 1554 2258 Dei.

380 2296 482 2352 Hic
505 2297 737 2353 ostendit
764 2296 1074 2351 distantiam
1104 2297 1373 2365 pontiﬁcis
1403 2305 1457 2351 et
1485 2296 1806 2361 hostiarum,
1839 2305 1898 2352 et

311 2388 668 2454 tabernaculi,
722 2398 777 2443 et
830 2388 1187 2451 'i‘estamenti,
1237 2396 1293 2444 et
1340 2388 1797 2459 repromissionis,
1843 2394 1899 2444 et

309 2478 533 2535 multam
561 2478 918 2534 dill'crentiam
954 2497 967 2532 :
1000 2479 1267 2549 siquidem
1313 2480 1401 2533 illa
1448 2480 1662 2550 quidem
1695 2489 1899 2550 tempo-

312 2568 468 2634 ralia,
495 2570 607 2625 haac
638 2577 817 2624 autem
846 2578 1080 2634 arterua;
1123 2569 1211 2623 illa
1245 2570 1461 2639 quidem
1510 2568 1745 2633 inﬁrma,
1782 2569 1897 2624 lucc

310 2665 491 2712 autem
517 2656 788 2725 perfecta;
814 2657 901 2711 illa
928 2658 1145 2726 quidem
1173 2657 1376 2723 toruum,
1406 2659 1518 2712 haec
1547 2666 1726 2711 autem
1751 2658 1895 2713 veri-

307 2755 413 2804 tas.
436 2747 554 2802 Non
578 2748 720 2802 enim
737 2746 893 2817 juxta
924 2748 1094 2819 legem
1122 2750 1381 2816 mandati,
1412 2750 1608 2820 inquit,
1640 2750 1894 2814 carnalis,

308 2836 573 2907 sedjuua
599 2838 852 2892 virtutem
878 2839 1003 2893 vita:
1051 2838 1374 2905 insolubilis,
1404 2850 1459 2895 et
1483 2850 1539 2893 tu
1568 2856 1621 2894 es
1651 2839 1895 2894 sacerdos

307 2927 365 2981 in
393 2937 716 2998 perpetuum.
750 2927 890 2983 Ecce
932 2930 1264 2999 perpetuitas
1305 2930 1602 2985 sacerdotis
1625 2940 1681 2984 et
1706 2927 1899 2985 Testa-

310 3024 494 3072 mento
524 3015 616 3070 illo
640 3016 775 3071 dixit
796 3017 939 3086 quod
982 3027 1251 3074 vetustum
1285 3028 1398 3083 est;
1424 3020 1563 3089 qqu
1604 3027 1783 3074 autem
1805 3034 1895 3073 ve-

2003 470 2306 527 tisl‘actione
2335 469 2479 533 ﬁdei,
2500 468 2626 539 quia
2658 465 2793 521 nihil
2817 473 2904 521 est
2922 462 3137 520 visibile
3164 462 3382 527 horum,
3407 476 3581 531 neque

2000 562 2255 618 sacerdos
2296 559 2430 629 jam,
2492 572 2670 628 neque
2732 554 3097 619 sacrificium,
3155 567 3333 623 neque
3389 551 3579 609 altare.

1999 654 2313 723 Propterea,
2363 649 2556 719 inquit,
2601 649 2658 701 in
2700 645 3023 715 plenitudine
3084 643 3208 712 fidei
3249 642 3331 699 sic
3368 649 3582 712 oportet

2000 744 2245 807 credere,
2282 738 2552 809 quomodo
2576 738 2710 793 certi
2744 752 2933 793 sumus
2954 736 3021 790 de
3061 733 3255 789 visibili
3283 734 3483 789 etenim
3527 743 3584 789 et

2000 834 2177 889 adhuc
2202 831 2448 902 amplius.
2481 829 2618 885 liinc
2661 829 2804 882 enim
2851 826 3139 896 aliquando
3166 824 3348 881 carnis
3384 828 3584 881 seruus

1998 936 2155 982 erant
2181 925 2235 980 in
2264 926 2349 979 bis
2369 938 2489 993 quae
2536 908 2808 984 videntur,
2860 919 2969 973 illic
2997 931 3181 972 autem
3219 930 3580 985 nequaquam,

1999 1019 2124 1089 quia
2158 1014 2349 1085 spiritu
2380 1011 2643 1083 spiritalia
2683 1010 3031 1082 percipimus,
3061 1017 3118 1062 et
3142 1023 3249 1062 non
3278 1006 3404 1063 licet
3424 1007 3582 1065 haesi-

2001 1119 2117 1164 tare
2167 1107 2235 1161 de
2281 1107 2377 1170 iis;
2426 1105 2548 1159 ideo
2591 1103 2709 1157 ait:
2742 1100 2953 1171 Aspersi
2984 1098 3141 1153 corde
3183 1115 3214 1151 a
3262 1099 3583 1152 conscientia

1998 1197 2161 1262 mala,
2191 1196 2483 1251 ostendens
2522 1193 2648 1263 quia
2691 1206 2798 1244 non
2826 1189 2958 1243 ﬁdes
2986 1188 3120 1252 sola,
3154 1188 3248 1242 sed
3277 1186 3442 1242 etiam
3470 1187 3583 1241 vita

1999 1304 2123 1344 cum
2153 1287 2354 1342 virtute
2375 1285 2656 1355 queritur,
2679 1283 2805 1352 quia
2836 1280 2972 1336 ﬁdes
2988 1280 3107 1335 sine
3130 1279 3386 1349 operibus
3404 1280 3583 1335 otiosa

1998 1387 2103 1434 est.
2142 1378 2223 1433 illi
2275 1386 2456 1432 autem
2505 1388 2734 1443 corpora
2781 1371 3131 1435 mundahant,
3179 1384 3279 1424 nos
3302 1369 3586 1427 conscien—

2001 1471 2150 1526 tiam.
2177 1470 2243 1524 Et
2270 1467 2435 1522 abluti
2473 1482 2611 1536 aqua
2655 1463 2873 1517 munda.
2916 1462 3217 1518 Lavacrum
3244 1463 3585 1533 baptismatis

1999 1564 2052 1618 in
2098 1562 2200 1617 hoc
2228 1562 2347 1616 loco
2375 1560 2505 1614 dicit
2534 1575 2549 1612 :
2584 1558 2909 1627 baptismum
2959 1557 3107 1611 enim
3151 1558 3396 1627 corporis
3420 1572 3578 1612 utun-

1998 1654 2145 1710 datio
2177 1668 2284 1708 non
2318 1659 2425 1715 est,
2474 1648 2569 1704 sed
2594 1648 2809 1711 animae,
2842 1646 2889 1701 si
2930 1645 3065 1701 ﬁdes
3086 1646 3241 1701 adest
3285 1647 3585 1716 baptizata,

1926 1759 1974 1818 Β
2002 1744 2115 1799 sive
2139 1750 2448 1815 parentum,
2477 1740 2591 1795 sive
2610 1739 2810 1793 suimet
2832 1736 3022 1806 ipsius,
3048 1736 3095 1793 si
3115 1736 3184 1792 ad
3204 1736 3583 1793 rationabilem

1998 1843 2212 1890 aetatem
2238 1832 2565 1903 perveniret.

2071 1927 2359 1982 Teneamus
2408 1926 2515 1996 spei
2569 1935 2760 1979 nostra:
2811 1924 3189 1995 confessionem
3232 1921 3587 1978 indeclinabi—

1998 2017 2096 2072 lem
2139 2031 2159 2071 :
2209 2012 2381 2084 ﬁdelis
2419 2025 2498 2070 est
2548 2018 2687 2070 enim
2726 2015 2817 2086 qui
2876 2014 3188 2085 repromisit.
3241 2012 3386 2067 Nihil
3434 2012 3584 2067 enim

1999 2107 2276 2170 scruteris,
2307 2106 2383 2161 nil
2419 2106 2646 2161 rationis
2693 2115 2974 2177 exspectes
3024 2124 3036 2159 :
3070 2104 3178 2159 ﬁde
3214 2119 3352 2175 opus
3378 2105 3586 2160 habent

1998 2201 2113 2256 hate
2156 2199 2358 2263 omnia,
2400 2199 2525 2268 quia
2581 2200 2693 2252 sine
2738 2199 2845 2267 ﬁde
2883 2196 3198 2267 impossibile
3244 2206 3319 2252 est
3371 2196 3617 2268 placere-

1996 2291 2128 2347 Deo.
2171 2290 2324 2346 Sicut
2352 2289 2493 2343 Deus
2521 2287 2695 2343 ﬁdelis
2722 2298 2806 2343 est
2835 2289 2887 2342 in
2919 2288 3202 2358 promissis
3224 2286 3362 2352 suis,
3391 2288 3467 2342 ita
3518 2286 3585 2342 ti-

1997 2384 2146 2440 deles
2175 2383 2287 2436 vult
2331 2396 2433 2436 nos
2458 2396 2579 2436 esse
2608 2381 2662 2435 in
2702 2381 2982 2451 promissis
3010 2380 3233 2447 nostris,
3276 2394 3397 2448 quin
3426 2379 3585 2433 vovi-

1997 2490 2140 2541 mus,
2170 2472 2384 2530 diabolo
2412 2471 2788 2528 contradicere
2829 2480 2884 2526 et
2914 2470 3131 2526 Christo
3157 2470 3355 2525 dicere.

2074 2564 2140 2620 Et
2176 2564 2560 2620 consideremus
2589 2562 2803 2616 invicem
2825 2563 2881 2615 in
2910 2561 3271 2633 provocatione
3305 2559 3590 2615 charitatis

1996 2669 2045 2715 et
2076 2659 2327 2714 bonorum
2367 2671 2600 2726 operum,
2647 2670 2752 2708 non
2788 2653 3077 2707 deserentes
3108 2650 3461 2705 collectionem
3486 2666 3589 2705 no-

1996 2761 2184 2814 stram,
2233 2746 2368 2801 sicut
2413 2754 2488 2800 est
2537 2742 2929 2823 consuetudinis
2959 2739 3291 2812 quibusdam.
3332 2739 3473 2806 Quid
3498 2748 3590 2794 est

1996 2841 2358 2912 intelligamus
2381 2836 2638 2892 invicem?
2662 2835 2705 2891 si
2733 2835 2854 2905 quis
2888 2833 3053 2889 fuerit
3073 2832 3274 2887 virtute
3298 2831 3587 2901 praeditus.

1997 2934 2140 2989 hunc
2174 2931 2468 2995 imitemur,
2498 2937 2553 2984 et
2578 2927 2921 2983 intendamus
2947 2925 3001 2980 in
3026 2939 3173 2989 eum,
3204 2931 3265 2979 ut
3290 2922 3590 2994 diligamus

1996 3028 2050 3078 et
2074 3022 2394 3093 diligamur;
2424 3032 2490 3073 ex
2520 3016 2809 3072 dilectione
2832 3014 3031 3085 quippe
3057 3014 3198 3069 bona
3219 3026 3386 3082 opera
3416 3011 3588 3066 ﬁunt.

317 3105 540 3160 terascit
565 3113 620 3160 et
641 3107 876 3162 senescit
903 3108 1205 3176 proximum
1238 3117 1322 3163 est
1351 3109 1610 3163 interimi.
1641 3109 1753 3163 lloc
1802 3125 1896 3163 au-
1922 3108 1969 3171 C
2000 3113 2247 3186 Magnum
2283 3112 2479 3182 quippe
2506 3109 2707 3164 bonum
2734 3116 2819 3163 est
2850 3105 3240 3177 congregatio:
3271 3104 3388 3175 ipsa
3419 3119 3609 3159 αλιι...

309 3201 420 3249 tem
445 3194 851 3249 Testamentum
904 3195 1109 3252 Novum
1151 3206 1207 3251 et
1234 3198 1605 3253 remissionem
1645 3204 1896 3269 peccato-

308 3297 432 3337 rum
463 3284 646 3349 habet,
679 3285 809 3351 illud
842 3296 1021 3340 autem
1049 3287 1180 3341 nihil
1212 3286 1546 3357 hujusmodi;
1604 3290 1733 3344 illud
1775 3291 1894 3360 qui-

310 3372 432 3427 dem
469 3388 629 3428 manu
662 3373 884 3440 factum,
924 3377 1025 3431 hoc
1064 3385 1243 3431 autem
1292 3392 1399 3433 non
1442 3395 1603 3433 manu
1654 3377 1891 3446 factum;

310 3462 441 3520 illud
468 3464 683 3534 quidem
713 3466 1028 3537 sanguinem
1048 3467 1331 3533 hircorum
1383 3466 1636 3534 habebat,
1672 3471 1774 3524 hoc
1801 3484 1896 3524 au-

309 3562 421 3611 tem
442 3555 683 3620 Domini;
715 3555 844 3610 illud
872 3556 1088 3626 quidem
1129 3566 1363 3613 stantem
1401 3560 1761 3623 sacerdotem,
1792 3559 1895 3613 hoc

309 3654 490 3701 autem
523 3646 820 3701 sedentem.
848 3649 1111 3714 Quoniam
1156 3644 1321 3720 igitur
1347 3660 1537 3706 cuncta
1567 3650 1653 3705 illa
1686 3649 1894 3706 minora

309 3745 458 3803 sunt,
486 3737 600 3792 haec
623 3749 802 3792 autem
832 3739 1063 3809 majora,
1086 3752 1390 3812 propterea,
1412 3743 1607 3814 inquit,
1628 3743 1889 3809 habentes,

308 3827 521 3897 fratres,
573 3826 846 3897 ﬁduciam.
904 3829 1089 3885 Unde?
1142 3831 1293 3886 Sicut
1332 3834 1475 3888 enim
1527 3834 1893 3888 confusionem

308 3914 513 3970 faciunt
536 3926 782 3986 peccata,
819 3919 897 3972 sic
929 3917 1177 3973 ﬁduciam
1207 3921 1445 3975 omnium
1487 3923 1734 3978 remissio
1770 3938 1896 3993 pec-
1930 3912 1937 3916 ’

308 4015 576 4069 catorum,
609 4016 662 4059 et
689 4006 830 4075 quod
861 4006 1172 4063 cohmredes
1220 4006 1396 4064 effecti
1438 4028 1642 4074 sumus,
1671 4013 1894 4082 etquod

311 4102 460 4150 tanta
484 4095 770 4151 dilectione
800 4097 1052 4151 fruimur.
1083 4098 1151 4153 In
1183 4100 1427 4165 introitu,
1469 4101 1659 4171 inquit,
1689 4112 1896 4155 sancto-

309 4201 446 4240 rum.
479 4184 760 4242 lntroitum
808 4188 895 4244 hic
920 4189 1114 4245 cwlom
1154 4191 1283 4245 dicit
1308 4201 1364 4246 et
1389 4208 1662 4246 accessum
1692 4195 1758 4247 ad
1785 4193 1895 4263 spi-

310 4279 508 4334 ritalia.
535 4281 707 4348 Quam
738 4280 1028 4345 dedicavit,
1064 4281 1167 4336 hoc
1216 4291 1318 4347 est,
1364 4298 1524 4354 quam
1569 4286 1890 4353 construxit,

307 4386 469 4439 quam
494 4372 815 4440 praeparavit
839 4382 893 4426 ct
920 4387 1081 4441 quam
1113 4370 1362 4428 initiavit.
1397 4373 1674 4429 Deilicatio
1699 4376 1895 4446 quippe

1996 3206 2101 3275 que
2117 3202 2436 3259 charitatem
2455 3207 2708 3269 operatur
2726 3195 3108 3252 ferventiorem
3132 3202 3189 3250 et
3199 3209 3266 3250 ex
3290 3209 3356 3249 ea
3380 3200 3592 3250 cuncta

1994 3295 2134 3350 bona
2164 3306 2327 3363 opera
2362 3294 2705 3362 generantur.
2742 3285 2886 3341 Nihil
2914 3299 3151 3355 namque
3178 3286 3397 3349 bonum,
3432 3284 3599 3356 quod

1996 3400 2102 3441 non
2153 3399 2250 3454 per
2277 3382 2595 3438 charitatem
2649 3382 2737 3441 tit;
2788 3379 2950 3435 istam
3000 3378 3166 3449 igitur
3190 3377 3603 3433 conﬁt-uenus

1996 3475 2249 3538 invicem,
2292 3473 2418 3543 quia
2469 3470 2745 3542 plenitudo
2788 3469 2949 3541 Legis
2998 3468 3240 3524 charitas
3288 3476 3393 3523 est.
3457 3468 3592 3524 Non

1995 3564 2140 3618 enim
2179 3560 2380 3616 laboris
2407 3574 2542 3631 opus
2570 3560 2833 3615 habemus
2868 3567 2964 3613 aut
3003 3557 3245 3623 sudoris;
3296 3556 3345 3612 si
3373 3557 3595 3615 dilexe-

1995 3652 2165 3707 rimus
2199 3651 2453 3716 invicem,
2502 3657 2801 3720 spectatres
2850 3648 3007 3704 nobis
3049 3648 3161 3702 vita
3208 3650 3599 3717 prosternitur

1996 3742 2198 3797 ducens
2245 3740 2315 3795 ad
2355 3739 2605 3793 virtutem
2647 3748 2700 3792 et
2730 3737 2799 3791 ad
2837 3735 3102 3791 caelestia.
3142 3734 3299 3791 Sicut
3341 3737 3497 3792 enim
3528 3737 3594 3793 in

1996 3833 2189 3888 itinere
2215 3829 2499 3900 contingit,
2550 3827 2594 3883 si
2619 3829 2741 3898 quis
2791 3828 3003 3882 initium
3040 3827 3454 3896 comprehendit
3504 3842 3603 3885 re-

1995 3921 2335 3986 ctam~vlam,
2366 3919 2582 3975 ducitur
2611 3919 2700 3973 ubi
2727 3926 2958 3987 oportet,
2986 3916 3069 3972 sic
3108 3918 3274 3971 etiam
3300 3918 3356 3971 in
3384 3918 3598 3975 chari-

1997 4020 2107 4069 tate
2161 4021 2368 4069 tantum
2414 4011 2594 4080 arripe
2623 4009 2984 4080 principium,
3016 4016 3072 4064 et
3110 4008 3295 4064 statim
3350 4020 3601 4067 manum

1997 4104 2094 4158 tibi
2131 4104 2403 4173 praebens,
2445 4100 2560 4170 ipsa
2602 4107 2656 4155 te
2684 4100 2834 4155 ducit
2860 4109 2917 4155 et
2939 4100 3143 4167 dirigit.
3170 4097 3341 4164 Sicut,
3372 4101 3596 4172 inquit,

1995 4203 2070 4248 est
2107 4191 2499 4247 consuetudinis
2527 4190 2857 4262 quibusdam.
2890 4191 2946 4245 In
2972 4191 3076 4246 hoc
3102 4191 3221 4247 loco
3260 4208 3371 4246 non
3398 4195 3597 4250 ιοιαιιι

1996 4284 2295 4347 admonuit,
2341 4281 2438 4339 sed
2477 4283 2641 4336 etiam
2681 4281 2917 4350 culpavit
2964 4291 3020 4337 et
3068 4284 3263 4337 terruit
3308 4283 3599 4341 unitatem

1997 4373 2281 4428 charitatis
2317 4371 2648 4428 scindentes.

305 4460 506 4516 dicitur
548 4461 761 4516 initium
804 4463 1009 4517 utendi.
1042 4462 1210 4532 Quam
1241 4467 1581 4536 praeparavit,
1615 4467 1804 4537 inquit,
1835 4475 1890 4525 et
1916 4457 1967 4517 Ι)
2061 4462 2164 4519 Sed
2185 4462 2533 4528 consolantes,
2565 4472 2615 4517 et
2639 4472 2785 4517 tanto
2806 4466 2973 4532 magis
2995 4474 3191 4535 quanto
3220 4465 3460 4521 videritis
3488 4484 3602 4539 ap-

304 4566 406 4622 per
426 4562 587 4621 qualn
617 4553 728 4622 ipse
755 4553 994 4621 perrexit
1013 4554 1154 4609 viam
1178 4569 1395 4620 novam,
1419 4555 1545 4610 hinc
1565 4556 1887 4613 satisfactio-

307 4659 428 4697 nem
461 4642 573 4712 spei
605 4642 839 4696 declarat
857 4660 1047 4698 novam
1071 4646 1271 4709 dicens,
1292 4655 1519 4701 conatur
1538 4647 1681 4701 enim
1706 4657 1889 4703 osten-

307 4733 437 4785 dere
492 4742 683 4786 cuncta
743 4733 944 4803 majora
1000 4748 1098 4788 nos
1148 4736 1367 4791 habere.
1416 4735 1693 4806 Siquidem
1747 4752 1889 4793 rmuc

306 4830 509 4888 apertae
540 4830 664 4874 sunt
707 4834 877 4891 porta:
922 4823 1065 4890 cudi,
1099 4827 1241 4896 quod
1291 4844 1464 4898 neque
1508 4829 1575 4883 ad
1614 4829 1884 4884 Abraham

306 4912 553 4982 contigit.
583 4910 734 4968 Viam
760 4929 951 4968 novam
982 4916 1119 4971 dixit
1138 4919 1278 4984 vitae,
1302 4921 1397 4974 sed
1429 4921 1568 4973 viam
1601 4919 1745 4974 illam
1792 4935 1888 4975 vo—

307 5002 470 5066 cavit,
514 5001 618 5056 hoc
664 5012 749 5056 est
792 5013 1091 5073 praecepta;
1123 5007 1235 5075 ipse
1264 5016 1444 5061 autem
1474 5008 1742 5063 dedicavit
1788 5024 1885 5064 no-

307 5093 734 5160 vam,dedicavit
758 5104 935 5149 autem
969 5096 1112 5152 illam
1141 5100 1242 5153 hac
1264 5102 1469 5154 ratione
1494 5102 1747 5170 quoniam
1770 5102 1884 5171 ipse

308 5185 361 5243 iu
393 5201 456 5241 ea
498 5187 754 5257 perrexit.
811 5186 1182 5244 Velamentum
1213 5202 1393 5247 autem
1446 5195 1656 5249 vocavit
1704 5211 1716 5247 :
1760 5209 1882 5249 cum

305 5277 448 5330 enim
500 5277 742 5334 elevatus
789 5288 874 5333 est
926 5278 980 5334 in
1029 5281 1322 5348 excelsum,
1354 5292 1481 5339 tunc
1516 5292 1884 5354 apparuerunt

306 5365 563 5423 ccelestia.

375 5461 695 5520 Accedamus
747 5483 866 5521 cum
913 5485 1030 5524 vero
1071 5469 1224 5526 corde
1263 5470 1318 5525 in
1362 5469 1685 5542 plenitudine
1736 5469 1884 5541 ﬁdei,

307 5554 503 5621 aspersi
553 5556 711 5610 corda
756 5577 788 5612 a
840 5561 1155 5616 conscientia
1204 5561 1365 5628 mala,
1401 5571 1450 5617 et
1488 5561 1655 5617 abluti
1696 5576 1885 5633 corpus

309 5659 445 5712 aqua
473 5650 687 5704 munda.
741 5651 798 5705 in
830 5668 937 5719 quo
963 5654 1306 5721 accedamus,
1333 5652 1540 5711 scilicet
1568 5652 1694 5721 ﬁde,
1725 5652 1887 5724 spiri-

1990 4557 2421 4629 propinquantem
2444 4555 2603 4611 diem.
2627 4556 2798 4623 Quem
2834 4556 2974 4634 diem
3003 4557 3267 4628 designat,
3302 4558 3405 4613 nisi
3430 4560 3601 4616 diem

1985 4646 2200 4717 judicii,
2254 4646 2309 4701 in
2363 4662 2470 4717 quo
2515 4646 2848 4717 singulorum
2906 4648 3100 4701 merita
3152 4648 3603 4708 examinantur?

1991 4738 2086 4794 Vel
2121 4739 2283 4794 etiam
2313 4748 2610 4793 extremum
2650 4737 2789 4792 diem
2825 4737 2948 4791 vitae
2994 4746 3219 4802 nostra);
3251 4738 3385 4793 dicit
3425 4742 3601 4796 enim

1992 4830 2098 4884 alio
2129 4828 2247 4884 loco
2279 4844 2292 4881 :
2333 4826 2583 4882 Dominus
2612 4843 2772 4898 prope
2812 4836 2910 4891 est,
2934 4826 3064 4880 nihil
3091 4827 3304 4881 solliciti
3325 4830 3457 4884 essis
3478 4870 3497 4895 ,
3540 4831 3603 4888 id

1989 4932 2092 4984 est,
2123 4921 2189 4977 de
2231 4920 2497 4985 terrenis;
2524 4929 2579 4974 et
2609 4921 2738 4974 item
2765 4936 2780 4971 :

2059 5012 2214 5066 Nunc
2234 5012 2444 5082 propius
2484 5018 2560 5065 est
2602 5009 2749 5064 nobis
2769 5009 2915 5065 salus
2937 5019 3115 5064 nostra
3132 5025 3294 5081 quam
3319 5027 3437 5065 cum
3474 5029 3608 5070 ωτι

1982 5104 2236 5168 didimus,
2283 5112 2481 5172 tempus
2513 5102 2698 5172 quippe
2740 5101 3095 5155 abbreciatuin
3134 5112 3244 5166 est;
3273 5102 3602 5161 ocima-ie

1988 5197 2127 5250 enim
2174 5193 2502 5264 peccantibus
2539 5192 2683 5245 nobis
2723 5201 2836 5262 post
2867 5201 3133 5261 acceptam
3163 5192 3400 5247 notitiam
3440 5197 3605 5248 reri-

1989 5287 2113 5340 tatis
2131 5284 2249 5355 jam
2287 5298 2390 5336 non
2418 5280 2729 5352 relinquitur
2756 5281 2927 5334 hostia
2961 5295 3058 5350 pro
3083 5282 3329 5351 peccatis.
3364 5280 3605 5351 Sponte

1988 5390 2221 5445 namque
2245 5371 2593 5444 pecnantibus
2619 5370 2797 5435 nobis,
2831 5379 3116 5441 postquam
3142 5372 3461 5441 accepimus
3492 5388 3605 5428 vos

1988 5467 2168 5524 ritatis
2196 5464 2548 5537 agnitionem,
2575 5461 2714 5516 ultra
2760 5476 2866 5516 non
2896 5461 3221 5530 relinquitur
3242 5462 3427 5517 hostia
3484 5478 3608 5533 pm

1987 5555 2245 5628 peccatis,
2279 5557 2422 5609 sicut
2444 5553 2498 5608 in
2530 5552 2696 5607 veteri
2726 5551 2871 5623 Lege
2901 5552 3162 5606 dentatum
3211 5550 3315 5605 luit
3359 5552 3606 5610 hostias

1986 5649 2181 5708 oﬁerre
2207 5649 2402 5720 saepius
2420 5664 2518 5718 pro
2545 5655 2783 5716 peccato.
2818 5644 3004 5716 Neque
3020 5648 3167 5702 enim
3187 5647 3437 5703 Christus
3460 5650 3606 5721 ipse
