3950 6184
313 368 423 425 455

1416 354 1722 413 ιωκιυιιε
1754 351 1822 408 IN
1860 350 2077 409 EPIST.
2114 352 2203 409 ΕΤ
2241 351 2497 409 EVANG.

3464 349 3566 406 456

316 480 516 533 iterum
566 471 927 531 immolandos
970 478 1057 526 est
1096 482 1197 540 pro
1244 467 1485 540 peccatis
1529 464 1749 532 nostris,
1795 464 1899 520 hoc
1925 472 1977 532 Α
2001 465 2105 521 bus
2137 463 2418 536 Scriptura
2445 466 2576 520 dicit
2605 483 2618 520 :
2650 466 2888 521 Accedite
2922 465 2993 519 ad
3023 479 3162 529 cum,
3212 475 3258 519 et
3307 464 3576 523 illumina-

316 571 464 627 enim
512 567 678 623 scatet
705 568 908 621 tactum
950 572 1057 629 est,
1098 572 1155 619 et
1205 561 1444 619 secundo
1487 575 1595 615 non
1620 567 1704 614 est
1726 572 1901 627 opus;

319 661 416 718 sed
461 659 635 730 magis
661 672 796 728 upus
838 663 922 711 est
962 663 1086 726 post
1113 662 1390 724 acceptam
1428 652 1656 723 gratiam
1688 665 1904 720 perma-
1933 688 1949 712 ,

318 766 451 807 nere
478 751 535 805 in
564 749 671 803 ﬁde
695 758 753 802 et
777 746 1046 803 cbaritate
1085 745 1349 799 bonorum
1378 756 1626 813 operum.
1667 741 1903 797 Arbores

320 858 443 915 quae
491 840 755 895 instituta:
782 844 911 894 sunt
947 845 1003 891 et
1034 844 1287 890 czeteram
1326 833 1630 889 habuerunt
1674 831 1904 903 diligen—

318 935 453 988 tiam
480 928 858 1002 agricolarum,
892 926 1194 982 adhibitam
1220 924 1472 979 manibus
1500 932 1663 991 atque
1700 920 1903 976 labori-

318 1025 441 1093 bus,
472 1024 521 1080 si
556 1022 759 1078 nullam
802 1018 1045 1076 referant
1086 1017 1291 1072 laboris
1330 1016 1780 1081 vicissitudinem,
1820 1030 1905 1068 ra-

317 1118 516 1173 dicitus
547 1113 767 1178 evulsa,
814 1111 925 1183 igni
956 1111 1273 1167 tradentur:
1306 1108 1413 1171 tale
1454 1106 1712 1176 quiddam
1750 1117 1805 1159 et
1849 1105 1904 1159 in

318 1223 484 1264 causa
537 1206 807 1277 contingit
856 1202 1240 1274 baptismatis;
1289 1216 1412 1256 cum
1462 1200 1609 1255 enim
1656 1197 1907 1253 Christus

317 1315 419 1355 nos
447 1298 745 1354 instituerit
782 1303 838 1351 et
885 1294 1215 1365 irrogatione
1252 1291 1485 1362 spiritali
1528 1290 1683 1361 potiti
1740 1289 1905 1345 fueri-

319 1403 466 1453 mus,
493 1386 541 1441 si
569 1383 997 1442 deinde'nullum
1023 1382 1258 1438 fructum
1282 1380 1592 1445 aderamus,
1624 1379 1768 1449 ignis
1808 1394 1906 1434 nos

321 1476 659 1547 exspectabit
679 1472 1233 1547 gehennmettlamma
1263 1472 1741 1541 inexstinguibilis.
1762 1472 1903 1526 Pau-

320 1568 406 1623 lus
431 1567 598 1639 igitur
623 1567 875 1621 hortatur
897 1564 968 1619 ad
991 1562 1315 1618 cbaritatem
1351 1569 1407 1616 et
1434 1560 1907 1617 fructiﬁcationem

317 1658 586 1714 bonorum
607 1670 857 1726 operum,
886 1669 951 1708 ex
981 1653 1203 1708 utilibus
1223 1651 1477 1707 invitatis.
1510 1652 1641 1721 Quae
1667 1660 1796 1707 sunt
1817 1667 1906 1706 au-

319 1758 430 1803 tent
455 1748 575 1803 hac
595 1746 772 1811 utilia,
798 1744 1059 1814 quoniam
1088 1743 1372 1799 introitum
1407 1743 1673 1799 baiemus
1692 1744 1759 1796 ad
1785 1757 1908 1797 san-

2002 557 2156 621 mini,
2183 566 2239 611 ct
2282 567 2496 611 caetera.
2544 556 2817 612 Exruntes
2865 556 3112 611 videlicet
3159 571 3280 611 cum
3322 557 3579 632 magistro

2004 661 2103 703 suo
2144 648 2376 713 diabolo,
2425 648 2491 704 de
2540 666 2645 718 quo
2674 650 2934 719 scriptum
2960 657 3043 705 est
3085 668 3098 704 :
3134 649 3308 704 Ex'vit
3338 647 3502 705 Satan
3549 667 3581 705 a

2003 736 2138 806 facie
2170 736 2401 792 Domini.
2429 736 2718 792 Consilium
2747 739 2977 808 fecerunt
3004 738 3261 808 quomodo
3286 738 3439 792 vitam
3467 755 3579 810 per-

2003 829 2204 884 derent.
2236 829 2352 884 Non
2398 832 2665 898 quomodo
2703 831 2868 884 vitam
2918 830 3015 899 ipsi
3059 830 3381 883 invenirent.
3429 828 3582 896 Quod

2004 927 2182 972 autem
2211 919 2439 974 Domino
2485 920 2652 990 iniqui
2703 920 2996 974 moliuntur
3049 918 3291 983 insidias,
3348 918 3486 972 livor
3526 920 3580 976 in

2005 1025 2166 1065 causa
2194 1018 2313 1065 est:
2348 1009 2473 1080 quid
2503 1011 2645 1065 enim
2675 1009 2881 1065 fecerat
2910 1021 2967 1064 ut
2991 1010 3291 1065 Pharisaeos
3320 1010 3385 1064 ad
3415 1010 3574 1066 inter-

2005 1098 2293 1152 fectionem
2336 1099 2417 1152 sui
2460 1098 2820 1169 provocaret?
2864 1098 3066 1170 Nempe
3115 1099 3258 1169 quod
3297 1100 3457 1153 homo
3483 1114 3580 1153 ex-

2009 1191 2255 1246 tenderat
2283 1206 2518 1245 manum.
2576 1190 2708 1257 Quis
2746 1190 2889 1244 enim
2943 1191 3337 1245 Pharisaeorum
3378 1180 3445 1243 in
3496 1190 3583 1243 die

2007 1280 2227 1334 Sabhati
2261 1296 2365 1334 non
2391 1280 2707 1335 extenderat
2745 1296 2984 1345 manum,
3008 1290 3229 1351 portans
3254 1280 3421 1344 cibos,
3455 1279 3585 1334 culi-

2005 1388 2121 1428 cem
2140 1373 2510 1444 porrigens,et
2536 1380 2730 1426 cattera
2754 1387 2872 1442 quae
2902 1372 3064 1441 victui
3092 1371 3397 1426 necessaria
3428 1371 3586 1425 sunt?

2006 1464 2063 1519 Si
2093 1481 2221 1539 ergo
2258 1482 2474 1520 manum
2503 1465 2794 1521 extendere
2822 1473 2875 1520 et
2900 1465 3152 1523 alimenta
3186 1464 3466 1519 sublevare
3501 1464 3587 1520 vel

2005 1568 2189 1628 potum
2213 1559 2265 1612 in
2289 1558 2513 1614 sabbato
2538 1574 2642 1612 non
2669 1566 2753 1613 est
2781 1558 3043 1622 criminis,
3073 1573 3169 1612 cur
3198 1558 3300 1612 hoc
3346 1557 3471 1611 mali
3501 1572 3587 1610 ar-

2006 1658 2165 1718 guant
2194 1650 2335 1718 quod
2362 1649 2459 1719 ipsi
2483 1659 2747 1719 coguntur
2775 1648 2971 1712 facere,
3013 1648 3315 1721 praesertim
3340 1663 3462 1703 cum
3487 1648 3587 1702 iste

2007 1740 2381 1793 carmentarios
2403 1739 2535 1793 nihil
2561 1739 2663 1792 tale
2688 1740 3010 1808 portaverit,
3040 1739 3133 1794 sed
3160 1740 3226 1793 ad
3254 1746 3585 1819 praeceptum

317 1847 428 1902 eta,
459 1837 730 1894 dedicavit
756 1836 911 1891 nobis
938 1834 1081 1889 viam
1122 1848 1355 1899 novatn;
1397 1842 1684 1902 postquam
1709 1849 1777 1888 ex
1805 1833 1904 1887 uti-
1936 1816 1977 1874 Β
2006 1827 2216 1882 Domini
2246 1827 2447 1881 salvam
2474 1829 2787 1882 extenderet
2817 1843 3058 1893 manum,
3115 1844 3287 1897 neque
3325 1816 3469 1882 enim
3502 1826 3589 1881 ille

316 1926 459 1982 libus
487 1926 718 1983 mutavit
766 1924 834 1979 ad
877 1938 1045 1994 opera
1078 1921 1240 1987 bona,
1287 1922 1403 1975 vult
1445 1920 1609 1974 etiam
1654 1938 1797 1976 nunc
1835 1936 1904 1975 ex

317 2018 625 2075 metuendis
652 2026 709 2073 et
752 2016 998 2071 tristibus
1049 2015 1282 2083 i-Jipsum
1332 2014 1459 2067 item
1495 2013 1706 2080 facere;
1753 2023 1904 2085 post-

318 2123 482 2178 quam
523 2107 669 2163 enim
711 2106 849 2161 dixit
881 2128 895 2159 ;
944 2104 1068 2160 Non
1092 2103 1514 2175 derelinquamus
1540 2105 1892 2174 congregatio-

319 2212 433 2252 nem
454 2205 719 2271 postram,
741 2192 1179 2265 quemadmodum
1200 2191 1509 2263 quibusdam
1539 2209 1665 2246 usus
1687 2203 1786 2258 est;
1815 2194 1905 2247 sed

317 2285 654 2340 exhortantes
675 2292 819 2337 tanto
832 2281 1055 2351 amplius
1070 2290 1267 2352 quanto
1280 2281 1468 2335 videtis
1489 2282 1911 2353 approyinquun-

320 2384 418 2428 tem
461 2373 627 2437 diem,
658 2371 844 2427 intulit
864 2371 1055 2427 dicens
1079 2388 1092 2423 :
1140 2369 1349 2441 Sponte
1375 2386 1610 2441 namque
1635 2373 1909 2440 peccando

319 2465 420 2520 bus
454 2453 614 2520 nobis
635 2472 919 2534 postquam
945 2462 1254 2533 accepimus
1283 2462 1612 2532 agnitionem
1639 2462 1905 2529 veritatis,

321 2554 477 2627 [opus
486 2563 593 2621 est,
610 2553 804 2623 inquit,
818 2553 975 2609 bonis
988 2552 1265 2622 operibus;
1280 2566 1416 2621 opus
1424 2561 1506 2607 est
1522 2552 1668 2607 enim
1681 2544 1737 2607 et
1753 2552 1910 2606 valde

320 2661 455 2715 opus
483 2664 498 2700 :
549 2652 745 2714 sponte
778 2657 1014 2713 namque
1039 2641 1391 2712 peccantibus
1425 2642 1582 2696 nobis
1619 2651 1909 2713 postquam

322 2735 630 2806 accepimus
656 2732 903 2789 veritatis
937 2729 1289 2804 agnitionem]
1328 2731 1469 2785 ultra
1500 2747 1607 2786 non
1653 2720 1910 2803 relinqui-

324 2834 409 2879 tur
437 2825 617 2880 hostia
648 2838 748 2894 pro
773 2824 1034 2893 peccatis.
1067 2822 1355 2877 Mandatus
1383 2837 1463 2887 es,
1495 2822 1632 2878 liber
1656 2838 1717 2879 es
1744 2838 1776 2878 a
1797 2824 1905 2879 cri-

323 2915 580 2980 minibus,
609 2913 786 2970 factus
813 2928 873 2969 es
899 2911 1042 2968 tiiius
1064 2912 1189 2977 Dei;
1224 2911 1271 2967 si
1295 2912 1363 2966 ad
1387 2912 1622 2983 primum
1647 2913 1909 2967 vomitum

322 3019 574 3060 reversus
594 3003 785 3070 fueris,
814 3003 960 3059 aliud
987 3012 1038 3057 te
1063 3010 1339 3074 exspectat
1362 3002 1648 3072 judicium,
1680 3003 1783 3058 nisi
1811 3018 1912 3074 per

325 3095 696 3165 penitentiam
744 3105 1034 3153 renovatus
1091 3091 1279 3149 fueris.
1325 3092 1454 3149 ldeo
1509 3094 1905 3164 subsequentcr

327 3187 440 3242 ait;

397 3276 668 3331 Terribilis
712 3283 886 3330 autem
917 3274 1159 3347 quwdam
1208 3273 1525 3344 exspectatio
1541 3272 1739 3343 judicii
1774 3273 1909 3344 ignis

326 3366 591 3422 emutatio
619 3382 736 3438 qua:
764 3376 1137 3439 consumptum
1163 3372 1240 3419 est
1278 3364 1630 3420 adversarios.
1700 3363 1760 3419 In
1807 3365 1911 3419 hoc

328 3475 432 3513 non
492 3460 873 3531 paenitentiam
921 3459 1183 3525 exclusit,
1241 3473 1419 3530 neque
1470 3459 1909 3529 propitiationem

328 3565 445 3620 qua:
484 3550 544 3604 tlt
572 3564 670 3620 per
695 3550 1102 3621 penitentiam;
1132 3564 1309 3621 neque
1335 3547 1544 3620 repellit
1585 3564 1683 3618 per
1720 3550 1910 3619 chpe-

331 3642 592 3696 rationem
605 3641 1005 3710 delinquentem
1021 3658 1036 3694 :
1053 3657 1160 3697 non
1191 3642 1339 3707 enim
1360 3642 1435 3696 ita
1447 3650 1530 3698 est
1545 3642 1797 3698 inimicus
1825 3658 1914 3697 sa-

329 3732 456 3788 lutis
484 3740 684 3787 nostrae
729 3741 789 3787 ut
832 3732 1055 3788 secundi
1100 3732 1445 3803 baptismatis
1470 3732 1768 3800 lavacrum,
1809 3734 1915 3789 hoc

329 3835 411 3879 est
432 3823 786 3894 pomitentite.
816 3822 1088 3880 excludat.
1120 3821 1238 3877 Non
1289 3823 1436 3879 enim
1465 3823 1622 3889 dixit,
1668 3822 1786 3878 Non
1829 3832 1908 3879 est

332 3916 470 3970 ultra
502 3913 856 3985 paenitentia;
885 3927 1063 3984 neque
1092 3912 1248 3980 dixit,
1283 3911 1438 3968 Ultra
1462 3928 1587 3969 non.
1603 3923 1689 3969 est
1722 3914 1914 3969 remis-

333 4006 439 4071 sio;
469 4004 566 4060 sed
593 4002 808 4070 Hostia,
832 4002 1031 4074 inquit,
1063 4002 1206 4058 ultra
1238 4019 1342 4057 non
1380 4011 1476 4071 est,
1524 4002 1630 4059 hoc
1657 4013 1742 4059 est
1781 4018 1915 4061 crux

332 4096 566 4152 secunda
594 4093 734 4150 ultra
763 4109 873 4150 non
897 4101 1020 4150 est:
1051 4108 1158 4149 una
1185 4107 1418 4165 namque
1436 4092 1671 4163 perfecit
1708 4093 1766 4149 in
1791 4109 1918 4165 per.

333 4195 549 4258 petuum
595 4199 690 4240 eos
732 4182 826 4255 qui
872 4183 1305 4248 sanctiﬁcantur,
1365 4197 1473 4238 non
1511 4181 1653 4238 sicut
1707 4179 1911 4250 Judmi;

334 4288 521 4334 cautos
550 4291 652 4331 nos
678 4274 864 4331 volens
912 4273 1146 4341 allicere,
1194 4287 1261 4329 ne
1288 4273 1427 4329 ultra
1457 4273 1540 4329 vel
1567 4272 1766 4329 Christi
1793 4290 1917 4330 cru-

334 4384 448 4424 cem
476 4369 563 4422 vel
591 4367 797 4422 hostias
821 4364 1073 4421 Judaicas
1096 4374 1472 4435 exspectemus
1510 4380 1611 4436 pro
1645 4366 1915 4437 peccatis,

335 4468 389 4515 et
415 4460 725 4531 quicunque
749 4457 1082 4528 pmnitentize
1111 4455 1566 4512 medicamentum
1592 4459 1915 4529 neglexerit,

338 4551 472 4622 ignis
492 4548 767 4606 aemulatio
791 4547 1071 4604 devorabit
1098 4562 1240 4602 eum.
1266 4547 1612 4620 Quapropter
1632 4551 1916 4621 unusquis-

337 4656 440 4711 que
466 4642 533 4699 ad
558 4638 913 4710 pmnitent'x'c,
941 4639 1066 4693 dum
1096 4646 1308 4709 tempus
1336 4639 1519 4705 habet,
1557 4641 1912 4696 medicamen-

337 4739 448 4785 tum
477 4729 776 4800 confugiat,
824 4744 893 4786 ne
937 4728 1047 4801 igni
1076 4728 1323 4784 tradatur
1347 4739 1572 4795 teterno,
1601 4731 1727 4801 quia
1761 4729 1919 4799 juxta

337 4834 503 4876 same
551 4820 850 4891 Scriptura:
910 4821 1272 4888 sententiam,
1317 4820 1423 4887 Qui
1468 4822 1602 4877 bona
1660 4834 1871 4892 egerunt
1900 4861 1919 4889 ,

336 4912 481 4967 ibunt
520 4913 592 4966 ad
622 4913 780 4967 vitam
817 4922 1100 4967 cateruam:
1137 4912 1227 4983 qui
1255 4928 1370 4967 vero
1419 4913 1560 4968 mala
1602 4925 1836 4985 egerunt,
1864 4915 1920 4969 in

339 5003 655 5076 supplicium
682 5011 957 5058 atternum.

901 5094 1186 5153 HOMlLlA
1219 5093 1396 5151 CLXI.

910 5198 1044 5239 I'I'EI
1078 5198 1241 5239 FEBIL
1276 5198 1352 5239 ιν.

411 5274 595 5332 lectio
633 5274 805 5331 sancti
844 5274 1123 5347 Evangelii
1162 5276 1460 5331 secundum
1504 5274 1836 5330 Mattbzeum.

410 5365 480 5422 In
502 5365 599 5424 illo
632 5376 861 5439 tempore
890 5377 1136 5422 exeuntes
1162 5364 1424 5423 Phariswi
1451 5367 1727 5423 comitium
1755 5368 1923 5440 [acie-

347 5457 466 5515 ιω
493 5459 770 5517 aduersum
795 5457 1007 5526 Iesum,
1035 5459 1296 5532 quomodo
1332 5476 1451 5514 eum
1475 5460 1772 5531 perderent,
1816 5470 1922 5516 etc.

414 5547 680 5604 Exeuntes
708 5562 802 5607 eos
831 5549 985 5616 dicit,
1031 5563 1142 5605 non
1189 5550 1470 5615 adeuntes,
1501 5548 1586 5606 vel
1639 5552 1928 5622 appmpiu-

350 5648 595 5708 quantes,
625 5640 757 5712 quia
777 5656 966 5698 eorum
994 5656 1149 5697 mens
1173 5655 1343 5712 prava
1372 5655 1590 5712 semper
1630 5657 1664 5697 a
1700 5642 1928 5700 Domino

354 5745 537 5787 aversa
584 5731 706 5797 fuit,
739 5746 837 5788 nec
875 5732 1219 5801 pertinebant
1245 5732 1313 5788 ad
1350 5747 1542 5789 eorum
1569 5742 1772 5790 sortem
1803 5733 1921 5805 qui-

2006 1919 2098 1988 qui
2138 1920 2317 1974 dixit:
2364 1919 2428 1972 Et
2479 1918 2621 1988 facta
2665 1928 2785 1973 sunt
2829 1919 3029 1983 omnia,
3061 1908 3303 1975 Sabbato'
3342 1917 3591 1974 laborare

2005 2017 2219 2080 poterat
2244 2009 2512 2064 convinci.

2077 2102 2231 2158 Jesus
2282 2111 2455 2156 autem
2494 2100 2686 2166 sciens,
2731 2102 2937 2154 secessit
2966 2099 3103 2153 inde.
3135 2097 3323 2155 Sciens
3367 2098 3593 2155 insidias

2007 2208 2216 2257 eorum,
2243 2194 2386 2264 quod
2416 2192 2615 2248 vellent
2645 2193 2871 2262 perdere
2912 2191 3246 2246 Salvatorem
3278 2207 3454 2257 suum,
3509 2210 3593 2250 re-

2008 2284 2173 2339 cessit
2202 2283 2346 2347 inde,
2374 2291 2435 2336 ut
2462 2281 2754 2337 Phariszcis
2781 2289 2971 2336 contra
3017 2296 3076 2336 se
3108 2280 3401 2352 impietatis
3427 2300 3591 2338 occa-

2008 2373 2216 2428 sionem
2249 2371 2508 2430 auferret.
2542 2371 2779 2428 Secessit
2810 2371 2965 2441 quasi
3005 2371 3188 2436 homo,
3221 2373 3430 2443 fllglt‘lls
3472 2364 3592 2442 per-

2008 2463 2348 2533 sequentium
2377 2460 2623 2526 insidias,
2654 2461 2780 2532 quia
2810 2475 2983 2528 neque
3003 2461 3182 2513 adhuc
3214 2468 3434 2513 venerat
3460 2460 3590 2513 hora

2007 2554 2276 2623 passionis
2300 2554 2439 2624 ejus,
2466 2568 2641 2623 neque
2665 2561 2818 2606 extra
2844 2548 3140 2606 Jerusalem
3166 2550 3267 2605 fuit
3295 2548 3442 2605 locus
3459 2566 3591 2621 pas-

2008 2646 2196 2701 sionis.
2229 2646 2466 2701 Secessit
2495 2645 2702 2717 fugiens
2731 2659 2850 2699 sese
2891 2645 3014 2699 odio
3043 2654 3460 2715 persequentes,
3498 2642 3593 2699 sed

2009 2738 2083 2794 ibi
2106 2739 2337 2793 accessit
2362 2738 2449 2792 ubi
2477 2738 2660 2808 plures
2684 2737 2892 2794 invenit
2931 2752 3051 2793 sese
3095 2752 3191 2807 per
3216 2752 3460 2793 amorem
3503 2753 3591 2796 se-

2007 2836 2256 2899 quentes.
2290 2826 2424 2882 Nam
2457 2827 2707 2882 subditur
2732 2843 2745 2880 :

2079 2918 2150 2972 Et
2174 2918 2337 2973 δεσυιὶ
2371 2927 2490 2973 sunt
2540 2934 2660 2971 eum
2708 2916 2881 2982 multi,
2924 2926 2973 2971 et
3017 2918 3218 2972 curavit
3265 2935 3351 2972 eos
3396 2935 3625 3003 omnes.I

2010 3009 2152 3066 Ecce
2196 3008 2477 3074 Phariszni,
2531 3007 2772 3078 magistri
2814 3006 3064 3064 videlicet
3109 3007 3303 3078 plebis,
3354 3007 3598 3063 unanimi

2013 3102 2302 3157 Dominum
2327 3100 2555 3157 consilio
2595 3099 2826 3171 perdere
2852 3109 3134 3170 quaerunt;
3165 3108 3223 3154 at
3258 3101 3411 3156 turba
3441 3101 3597 3155 indo-

1936 3163 1984 3228 C
2013 3202 2099 3248 cta
2118 3201 2173 3247 et
2212 3192 2404 3262 vulgus
2431 3163 2786 3260 undecunque
2830 3163 3129 3246 collectum
3158 3190 3398 3245 unanimi
3451 3190 3599 3246 illum

2012 3280 2297 3336 dilectione
2349 3286 2670 3351 sequuntur.
2723 3276 2802 3333 llli
2855 3278 3101 3335 videntes
3127 3295 3292 3349 opera
3338 3280 3598 3335 virtutum

2010 3369 2148 3440 ejus,
2178 3379 2233 3425 et
2261 3370 2420 3424 verba
2450 3369 2709 3424 doctrinm
2738 3367 3046 3435 audientes,
3072 3369 3205 3422 nihil
3235 3368 3465 3440 amplius
3492 3369 3601 3423 dis-

2010 3476 2136 3516 cere
2164 3475 2329 3530 quam
2356 3469 2417 3514 ut
2454 3474 2580 3514 eum
2625 3470 3105 3530 persequerentur,
3154 3460 3439 3527 volebant;
3488 3460 3601 3528 isti,

2011 3550 2261 3622 opinione
2293 3556 2503 3605 tantum
2536 3548 2683 3604 ducti
2710 3549 2973 3604 virtutum
3026 3548 3168 3619 ejus,
3198 3559 3461 3623 congesto
3504 3567 3603 3622 ag-

2012 3642 2157 3696 mine
2181 3641 2522 3712 permaximo
2548 3640 2773 3695 veniunt
2800 3640 2870 3695 ad
2899 3639 3225 3696 audiendum
3248 3655 3397 3707 eum,
3417 3657 3603 3715 Opem-

2012 3745 2118 3802 que
2142 3730 2332 3789 salutis
2359 3729 2731 3802 ﬂagitandum.

2084 3820 2155 3875 Et
2201 3822 2447 3891 prorupit
2479 3821 2554 3876 eis
2581 3835 2645 3874 ne
2670 3821 3011 3892 manifestum
3037 3836 3155 3876 eum
3185 3820 3437 3892 facerent.
3460 3820 3606 3877 Prae-

2015 3910 2157 3981 cepit
2204 3911 2348 3964 enim
2390 3910 2514 3977 hoc,
2561 3925 2669 3966 non
2713 3918 2936 3981 propter
2974 3910 3225 3965 timorem
3268 3911 3484 3977 mortis,
3537 3927 3605 3967 ne

2014 3994 2153 4056 forte
2178 4000 2427 4072 proditus
2455 3999 2569 4071 jam
2596 4000 2959 4066 oecideetur,
2980 4000 3081 4057 .cui
3107 4009 3224 4056 erat
3257 4001 3307 4055 in
3339 4008 3604 4072 potestate

2016 4093 2194 4148 anima
2224 4109 2343 4159 sua,
2400 4093 2494 4149 sed
2536 4093 2810 4164 parcendo
2865 4090 3086 4161 Judzeis,
3137 4109 3206 4149 ne
3249 4092 3350 4164 ipsi
3402 4093 3605 4148 invidia

2016 4182 2423 4239 trucidarentur
2469 4184 2811 4239 innocentem
2861 4186 3253 4255 persequendo.
3294 4184 3368 4240 De
3408 4185 3607 4256 quibus

2018 4272 2145 4328 alibi
2176 4272 2393 4345 legitur,
2416 4290 2532 4329 vere
2558 4273 2746 4329 stultos
2784 4273 3030 4343 interﬁcit
3068 4276 3363 4341 iracundia,
3406 4286 3454 4328 et
3480 4292 3605 4345 par-

2018 4360 2167 4419 vulos
2213 4364 2399 4418 occidit
2434 4363 2653 4420 invidia.
2710 4362 2820 4419 Nos
2868 4374 3072 4429 autem,
3119 4363 3465 4437 tropologiCe,
3518 4365 3603 4421 in-

2019 4454 2201 4521 struit,
2240 4464 2299 4509 ut
2326 4470 2448 4511 cum
2496 4453 2697 4525 aliquid
2726 4454 2903 4526 magni
2930 4452 3237 4520 fecerimus,
3286 4453 3499 4512 laudem
3525 4454 3605 4513 fo-

2021 4545 2262 4601 rinsecus
2288 4561 2393 4600 non
2429 4559 2749 4613 quarramus.

2095 4631 2162 4689 Ut
2213 4633 2585 4707 adimplerelur
2621 4634 2760 4706 quod
2803 4634 2999 4688 dictum
3045 4645 3119 4690 est
3146 4653 3237 4707 per
3262 4635 3462 4693 Isaiam
3486 4657 3607 4707 pro-

2020 4734 2228 4804 phetam
2257 4732 2505 4786 dicentem
2539 4749 2553 4785 :
2594 4726 2730 4785 Ecce
2762 4747 2893 4801 puer
2912 4748 3077 4798 meus,
3111 4748 3261 4804 quem
3290 4734 3438 4806 elegi,
3469 4733 3606 4790 dile-

2025 4835 2139 4876 ctus
2177 4839 2321 4876 meus
2354 4823 2407 4874 in
2437 4838 2537 4892 quo
2568 4820 2692 4875 bene
2721 4819 3030 4889 complacuit
3054 4823 3245 4877 animle
3274 4839 3421 4878 metu.
3452 4824 3606 4893 Quod

2027 4914 2171 4967 enim
2197 4912 2455 4982 propheta
2486 4912 2551 4968 de
2574 4911 2665 4967 illo
2690 4912 2926 4965 luturum
2952 4913 3219 4984 praedixit,
3250 4931 3465 4971 necesse
3489 4924 3609 4972 erat

2030 5003 2085 5057 in
2116 5004 2234 5073 ipso
2280 5002 2513 5074 impleri,
2566 5012 2626 5058 ut
2655 5003 2961 5059 innocentia
3010 5013 3065 5059 et
3110 5011 3463 5063 mansuetudo
3491 5007 3608 5076 ejus

2028 5110 2215 5150 verum
2263 5096 2639 5167 comprobaret
2694 5093 3078 5166 prophetarum
3120 5096 3417 5151 oraculum.
3466 5094 3609 5153 Puer

2029 5201 2159 5257 ergo
2188 5184 2401 5241 Domini
2426 5194 2510 5240 est
2530 5181 2708 5251 Jesus,
2739 5183 2864 5254 quia
2898 5180 3126 5238 formam
3150 5185 3291 5240 servi
3321 5186 3527 5254 accepit
3554 5188 3610 5265 et

2029 5278 2216 5334 habitu
2245 5278 2496 5332 inventus
2517 5286 2601 5332 est
2627 5285 2684 5331 ut
2711 5278 2901 5344 homo;
2922 5280 3016 5333 sed
3043 5287 3217 5332 tamen
3240 5278 3463 5341 electus,
3483 5277 3608 5348 quia

2028 5368 2157 5438 ipse,
2199 5366 2340 5421 sicut
2386 5365 2664 5437 Scriptura
2713 5366 2863 5433 dicit,
2909 5367 3100 5421 electus
3129 5376 3202 5422 est
3237 5383 3302 5421 ea:
3352 5365 3606 5434 millibus,

2028 5475 2190 5515 verus
2233 5459 2439 5515 scilicet
2467 5456 2671 5528 David,
2707 5461 2791 5515 vir
2820 5446 3112 5516 secundum
3142 5476 3237 5516 cor
3276 5457 3487 5515 Domini
3527 5459 3611 5516 in—

2027 5558 2241 5615 ventus,
2279 5548 2369 5618 qui
2395 5546 2522 5605 fecit
2551 5565 2739 5605 omnes
2776 5550 3082 5605 voluntates
3110 5548 3247 5621 ejus.
3279 5547 3497 5605 Electus
3525 5559 3609 5605 est

2024 5641 2171 5695 enim
2216 5640 2273 5695 in
2313 5655 2449 5712 opus
2492 5640 2633 5710 quod
2661 5657 2821 5697 nemo
2852 5641 2989 5696 alius
3036 5639 3185 5708 fecit,
3230 5651 3288 5694 ut
3319 5640 3610 5696 redimeret

2028 5747 2197 5804 genus
2275 5731 2567 5786 humanum
2649 5739 2705 5788 et
2772 5729 3085 5801 paeilicaret
3159 5729 3417 5788 mundum
3483 5747 3617 5811 cum
