3950 6184
976 280 1035 336 Β.
1078 279 1329 334 RABANI
1372 278 1587 334 MAURI
1626 275 1946 333 ARCHIEP.
1988 273 2300 334 MOGUNT.
2340 275 2627 335 OPERUM
2667 276 2846 334 PARS
2885 277 2948 333 ll.

3500 283 3604 339 45b

339 395 468 453 Deo.
509 400 734 468 Quando
762 401 903 453 enim
938 399 1049 468 ipse
1083 398 1316 469 eligitur,
1350 399 1511 452 homo
1539 406 1656 460 est;
1701 395 1920 466 quando
1946 395 1999 456 Α
2023 392 2169 448 bitur
2194 392 2422 457 insidiis,
2455 393 2626 448 donec
2655 401 2820 463 ponat
2852 394 2907 447 in
2943 402 3090 448 terra
3111 393 3479 464 judicium,et
3503 401 3606 456 ltu-

338 490 504 562 eligit,
534 491 674 546 Deus
699 500 780 545 cst
809 509 821 543 :
858 507 909 544 in
936 490 1142 544 duabus
1163 490 1378 558 quidem
1417 489 1629 543 naturis
1653 503 1759 542 una
1796 503 1918 558 per-

336 597 471 637 sona
497 593 582 638 est
623 581 889 637 Christus.
933 581 991 635 ιιι
1032 580 1151 650 ipso
1187 588 1369 634 autem
1409 579 1546 634 bene
1592 578 1918 648 complacuit

337 673 441 730 sibi
476 673 655 727 anima
683 671 796 737 Dei,
839 671 961 740 quia
995 670 1111 740 ipse
1139 669 1285 725 solus
1321 678 1405 726 est
1445 668 1631 741 Agnus
1652 671 1767 724 sine
1790 685 1918 740 pec-

336 764 443 819 cati
472 761 703 827 macula,
734 761 800 816 de
825 777 932 832 quo
978 770 1034 816 et
1074 770 1298 830 paterna
1326 777 1431 815 vox
1472 760 1603 816 dicit
1634 779 1647 816 :
1696 760 1800 816 Hic
1840 771 1918 816 est

337 856 508 911 Filius
536 873 678 910 meus
719 853 958 919 dilectus,
989 856 1045 909 in
1069 872 1170 925 quo
1212 855 1340 908 milii
1366 854 1492 908 bene
1532 853 1842 925 complacui.

405 945 608 1000 Ponam
636 947 876 1016 spiritum
906 963 1073 1000 meum
1108 962 1265 1016 super
1292 962 1409 999 eum
1438 954 1486 999 et
1507 946 1772 1016 judicium
1793 963 1917 1016 gen-

333 1035 467 1090 tibus
494 1035 775 1089 nuntiabit.
834 1036 910 1089 Ex
940 1051 1167 1106 persona
1206 1035 1382 1090 Patris
1426 1036 1527 1090 hoc
1565 1051 1663 1106 per
1688 1037 1917 1107 prophe-

333 1135 442 1179 tam
481 1124 706 1189 dicitur;
738 1125 960 1193 spiritus
988 1125 1184 1195 quippe
1219 1125 1439 1195 ponitur
1484 1140 1590 1181 non
1632 1140 1794 1195 super
1821 1126 1915 1180 Dei

331 1215 589 1281 Verbum,
627 1226 683 1272 et
721 1233 882 1287 super
933 1217 1276 1287 Unigenitum
1321 1219 1413 1290 qui
1467 1219 1535 1274 de
1577 1220 1698 1275 sinu
1738 1220 1916 1276 Patris

328 1307 614 1378 processit,
652 1309 746 1362 sed
773 1322 936 1376 super
977 1323 1100 1361 eum
1143 1309 1208 1363 de
1249 1323 1357 1378 quo
1387 1308 1588 1364 dictum
1617 1321 1700 1364 est
1732 1327 1746 1363 :
1784 1309 1918 1364 Ecce

329 1415 458 1452 mter
483 1415 663 1463 meus;
690 1408 748 1453 et
785 1399 914 1453 item
959 1413 974 1452 :
1018 1397 1334 1470 Requiescet,
1370 1399 1564 1470 inquit,
1597 1417 1752 1471 super
1797 1417 1916 1455 eum

328 1489 544 1559 spiritus
583 1487 818 1555 Domini,
845 1490 1059 1560 spiritus
1089 1490 1358 1560 sapientia:
1386 1498 1433 1565 et
1468 1489 1780 1552 intellectus.
1804 1491 1915 1562 spi-

329 1583 460 1634 ritus
485 1581 692 1635 consilii
727 1591 773 1635 et
816 1581 1163 1651 fortitudinis,
1209 1582 1424 1651 spiritus
1451 1583 1681 1637 scientia:
1715 1592 1763 1637 et
1803 1583 1916 1652 pie-

328 1674 468 1737 tatis,
507 1682 557 1728 et
595 1672 808 1744 replebit
850 1689 966 1727 eum
1002 1673 1215 1743 spiritus
1260 1675 1462 1727 timoris
1507 1673 1736 1727 Domini.
1760 1671 1913 1727 Judi-

2002 485 2351 556 pleaturillud
2381 485 2525 556 quod
2553 485 2815 555 scriptum
2840 494 2923 541 est
2940 501 2955 540 :
2974 483 3099 540 Fiat
3129 487 3368 545 voluntas
3393 500 3486 546 tua
3505 493 3608 549 sic-

2022 582 2079 627 ut
2112 576 2166 626 in
2191 573 2318 628 coelo
2352 582 2403 628 et
2431 575 2487 627 in
2519 583 2677 628 terra.

2088 665 2157 720 Et
2180 668 2235 721 in
2265 667 2471 721 nomine
2497 667 2612 736 ejus
2641 678 2815 737 gentes
2843 669 3146 738 sperabunt.
3167 669 3358 725 Merito
3394 687 3526 744 ergo
3547 675 3605 728 in

2018 761 2226 814 nomine
2268 760 2383 829 ejus
2429 769 2602 828 gentes
2642 759 2944 830 sperabunt,
2995 761 3122 831 quia
3151 762 3266 830 ipse
3307 772 3392 818 est
3419 777 3605 819 semen

2017 851 2084 906 de
2111 866 2218 921 quo
2249 851 2574 922 promissum
2603 859 2686 906 est
2729 850 2960 907 Abrahae
2985 853 3128 922 quod
3158 853 3212 908 in
3241 855 3449 910 semine
3487 854 3608 924 ejus

2015 941 2467 997 benedicerentur
2496 956 2686 996 omnes
2711 950 2899 1010 gentes
2939 952 3129 998 terras:
3164 944 3231 999 de
3255 960 3364 1015 quo
3390 955 3447 1002 et
3471 961 3587 1016 pra:

2017 1034 2195 1090 dictus
2238 1033 2404 1089 Isaias
2451 1034 2527 1088 ait
2571 1075 2584 1088 .
2638 1031 2811 1089 Radix
2854 1032 3004 1090 Iesse
3025 1036 3115 1106 qui
3154 1046 3395 1106 exsurget
3433 1055 3606 1109 regere

2016 1136 2214 1196 gentes,
2249 1127 2306 1180 in
2335 1142 2454 1181 eum
2483 1135 2658 1197 gentes
2703 1127 3008 1197 sperabunt,
3053 1128 3323 1200 ipsumque
3359 1129 3582 1200 depreca

2019 1216 2230 1271 buntur.

2091 1307 2156 1362 In
2206 1309 2413 1364 nomine
2451 1309 2650 1380 quippe
2690 1309 2806 1380 ejus
2845 1326 3024 1364 omnes
3061 1319 3238 1381 gentes
3282 1313 3604 1383 sperabunt,

2019 1399 2163 1468 quia,
2207 1407 2266 1454 ut
2299 1399 2489 1454 l‘etrus
2519 1399 2615 1464 ait,
2658 1415 2762 1454 non
2801 1410 2876 1454 est
2923 1399 3072 1453 aliud
3105 1417 3293 1456 nomen
3333 1401 3429 1455 sub
3477 1402 3608 1457 ccelo

2017 1491 2201 1544 datum
2251 1488 2569 1555 hominibus,
2608 1505 2702 1558 per
2725 1491 2865 1561 quod
2903 1490 3104 1559 possint
3130 1489 3362 1545 saluari:
3407 1491 3503 1546 sed
3551 1492 3608 1544 in

2019 1583 2226 1638 nomine
2273 1582 2424 1647 Iesu,
2470 1582 2626 1653 juxta
2655 1581 2804 1637 Pauli
2832 1599 3043 1648 vocem,
3083 1598 3235 1637 omne
3262 1599 3396 1653 genu
3435 1585 3610 1653 flecte-

2018 1681 2125 1738 tur,
2158 1672 2464 1736 calestium,
2509 1673 2833 1726 terrestrium
2866 1683 2916 1726 et
2949 1672 3312 1742 infernorum;
3359 1687 3406 1726 et
3440 1675 3612 1728 omnis

330 1766 474 1820 cium
541 1779 674 1837 ergo
735 1765 831 1820 Dei
886 1763 1148 1820 Dominus
1222 1763 1380 1819 Jesus
1453 1765 1704 1835 gentibus
1780 1780 1920 1818 nun-
1949 1744 1994 1802 Β
2021 1761 2202 1832 lingua
2231 1761 2580 1831 conﬁtebitur,
2609 1764 2734 1834 quia
2760 1763 3014 1818 Dominus
3053 1764 3208 1820 Iesus
3237 1766 3292 1818 in
3319 1765 3491 1835 gloria
3535 1776 3611 1819 est

330 1857 503 1922 tiavit,
532 1856 660 1926 quia
707 1855 944 1910 futurum
967 1854 1231 1924 judicium
1271 1871 1453 1920 suum,
1485 1857 1626 1925 quod
1666 1855 1767 1910 illic
1813 1857 1917 1910 iiii-

330 1945 476 2000 nime
530 1945 901 2010 crediderunt,
952 1961 1051 2014 per
1097 1943 1446 2015 Evangelium
1515 1959 1671 2000 suum
1721 1953 1776 2000 et
1823 1961 1920 2015 per

327 2035 713 2104 pradicatores
748 2033 880 2089 Novi
929 2033 1262 2089 Testamenti
1307 2033 1586 2105 patefecit,
1631 2036 1919 2107 docuitque

328 2140 423 2180 eas
452 2126 613 2180 modo
641 2140 802 2195 agere
826 2125 1030 2196 judicia
1059 2124 1210 2194 justa
1243 2135 1299 2180 et
1329 2126 1571 2182 devitare
1602 2127 1808 2198 judicia
1837 2128 1917 2182 in-

323 2215 493 2287 justa.
536 2215 795 2286 Sequitur
821 2233 834 2268 :

403 2306 528 2360 Non
551 2307 842 2371 contendet,
872 2322 1034 2377 neque
1060 2305 1325 2372 clamabit,
1346 2324 1508 2379 neque
1527 2308 1705 2363 audiet
1725 2308 1915 2380 aliquis

327 2399 386 2453 in
438 2397 622 2470 plateis
658 2415 828 2452 vocem
866 2398 1000 2468 ejus.
1043 2397 1158 2454 Non
1187 2399 1466 2454 contendit
1493 2414 1622 2469 ergo
1669 2399 1917 2456 Christus

331 2501 506 2556 neque
552 2486 824 2552 clamavit,
864 2501 1040 2557 neque
1091 2487 1274 2543 audita
1333 2499 1416 2544 est
1469 2489 1524 2543 in
1567 2489 1764 2561 plateis
1811 2506 1914 2547 vox

330 2576 474 2646 ejus,
501 2578 626 2649 quia
655 2593 772 2632 cum
801 2577 1218 2644 malediceretur,
1253 2594 1356 2632 non
1385 2578 1749 2646 maledicebat,
1796 2597 1915 2634 cum

328 2677 616 2741 pateretur,
658 2684 761 2741 non
800 2669 1220 2722 comminabatur
1242 2687 1260 2724 :
1295 2671 1542 2726 tradebat
1570 2682 1750 2728 autem
1773 2672 1918 2742 judi-

329 2760 478 2815 canti
512 2774 570 2814 se
599 2757 817 2826 injuste,
849 2773 1045 2828 corpus
1082 2775 1238 2814 suum
1266 2761 1415 2816 dedit
1453 2765 1878 2832 percutientibus
1899 2807 1914 2832 ,

329 2857 388 2906 et
410 2865 575 2922 genas
619 2864 745 2904 suas
775 2849 1114 2918 vellentibus,
1164 2852 1299 2904 sicut
1347 2853 1454 2904 ovis
1501 2853 1570 2905 ad
1607 2855 1915 2909 occisionem

332 2941 521 2994 ductus
554 2950 650 3004 est,
678 2950 724 2993 et
753 2957 856 2994 non
879 2939 1082 3009 aperuit
1104 2957 1161 2994 os
1190 2957 1363 2994 suum.
1388 2942 1688 3014 Allegorice
1713 2955 1913 3016 autem,

331 3049 440 3089 non
483 3034 690 3089 audivit
717 3034 1004 3103 quisquam
1034 3035 1087 3089 in
1117 3034 1310 3104 plateis
1333 3051 1518 3090 vocem
1540 3035 1764 3101 Christi,
1789 3039 1914 3107 quia

2021 1851 2120 1907 Dei
2148 1851 2362 1907 Patris:
2387 1853 2477 1923 qui
2513 1869 2634 1909 cum
2666 1853 2824 1909 Patre
2845 1864 2900 1910 et
2926 1853 3133 1925 Spiritu
3171 1864 3362 1911 sancto
3390 1855 3529 1910 vivit
3548 1865 3613 1912 et

2020 1955 2210 2016 regnat
2230 1946 2371 2002 Deus
2397 1960 2496 2016 per
2519 1947 2700 2002 omnia
2730 1946 2925 2002 szecula
2951 1948 3288 2004 saeculorum.
3318 1949 3510 2005 Amen.

2551 2077 2835 2135 HOMlLlA
2868 2077 3070 2136 CLXII.

2677 2196 2836 2238 FBRIA
2872 2199 2947 2238 Vl.

2186 2292 2373 2349 Lectio
2397 2293 2571 2348 sancti
2599 2291 2873 2365 Evangelii
2903 2293 3197 2352 secundum
3223 2295 3442 2354 Lucam.

2092 2402 2158 2458 In
2187 2403 2278 2459 illo
2312 2413 2560 2475 tempore,
2598 2405 2723 2459 dum
2747 2406 2844 2460 iret
2870 2406 3027 2462 Jesus
3055 2425 3148 2479 per
3174 2410 3406 2465 civitates
3447 2421 3495 2466 et
3523 2429 3614 2467 ca-

2019 2492 2197 2559 stella,
2227 2493 2419 2547 docens
2449 2503 2496 2546 et
2537 2494 2636 2546 iter
2663 2493 2862 2563 faciens
2902 2492 3220 2562 Jerusalem,
3256 2498 3330 2551 ait
3371 2497 3450 2552 illi
3494 2499 3616 2570 qui-

2022 2585 2188 2638 dant:
2213 2584 2456 2648 Domine,
2491 2585 2538 2638 si
2561 2586 2720 2656 pauci
2741 2596 2860 2640 sunt
2899 2587 2992 2658 qui
3029 2585 3339 2644 salvantur?
3376 2590 3499 2662 Ipse
3522 2611 3615 2646 au-

2020 2685 2122 2728 tent
2161 2674 2294 2728 dixit
2334 2676 2405 2728 ad
2447 2674 2566 2730 illos
2591 2692 2610 2730 :
2634 2675 2940 2732 Contendite
2964 2678 3164 2735 intrare
3200 2699 3293 2752 per
3331 2696 3614 2756 angustam

2018 2774 2247 2836 portam,
2281 2773 2386 2820 etc.

2089 2856 2193 2912 Per
2227 2867 2511 2929 angustam
2541 2866 2752 2928 portam
2793 2859 2912 2914 aula
2948 2859 3141 2917 salutis
3181 2862 3431 2928 intratur,
3481 2865 3614 2934 quia

2021 2961 2243 3001 necesse
2279 2955 2361 3000 est
2398 2956 2459 3001 ut
2496 2961 2593 3016 per
2632 2946 2844 3004 labores
2884 2959 2939 3004 et
2972 2949 3178 3021 jejunia
3230 2951 3463 3008 fallentis
3509 2969 3614 3010 sa:-

2019 3037 2125 3091 culi
2168 3036 2422 3091 illecebra
2469 3036 2750 3102 vincatur;
2791 3046 2847 3093 et
2880 3039 3019 3095 bene
3071 3041 3209 3095 dixit
3253 3039 3617 3097 :Contendite

331 3124 442 3180 lata
485 3136 559 3180 est
589 3127 669 3179 via
698 3141 816 3197 quin
855 3126 1000 3180 ducit
1038 3127 1107 3180 ad
1139 3127 1502 3196 perditionem,
1558 3138 1604 3181 et
1652 3129 1800 3181 multi
1828 3130 1918 3199 qui
1945 3115 1990 3175 C
2021 3127 2241 3190 intrare,
2286 3127 2411 3195 quia
2459 3126 2561 3181 nisi
2609 3128 2808 3184 mentis
2857 3131 3137 3185 contentio
3173 3131 3413 3199 ferveat,
3465 3134 3618 3189 unda

330 3215 698 3285 ingrediuntur
733 3232 825 3285 per
849 3232 998 3280 eam;
1026 3216 1114 3286 qui
1144 3216 1296 3270 multi
1328 3231 1432 3271 non
1473 3217 1701 3271 audiunt
1731 3233 1918 3273 vocem

335 3305 653 3373 Salvatoris,
685 3308 809 3376 quia
853 3323 960 3362 non
987 3315 1114 3362 sunt
1144 3307 1196 3362 in
1223 3316 1374 3363 arcta
1404 3309 1512 3374 via,
1563 3311 1657 3364 sed
1703 3311 1754 3364 in
1799 3326 1922 3381 spa-

337 3399 497 3453 tiosa.

403 3490 727 3544 Arundinem
756 3500 1060 3562 quassatam
1091 3507 1194 3545 non
1222 3490 1532 3560 confringet,
1561 3500 1606 3542 et
1637 3487 1800 3543 linum
1835 3491 1921 3558 fu—

331 3583 535 3652 migans
584 3599 688 3636 non
732 3583 1040 3652 exstinguet.
1111 3581 1434 3636 Arundinem
1481 3589 1783 3652 quassatam
1827 3579 1922 3634 Ju-

332 3671 478 3728 dazos
505 3671 654 3736 dicit,
708 3681 928 3742 pr0pter
963 3673 1106 3741 quod
1137 3688 1274 3726 unus
1302 3671 1529 3743 populus
1567 3679 1707 3737 erat,
1754 3679 1812 3726 et
1851 3670 1920 3726 ab

333 3761 562 3815 invicem
611 3762 1010 3832 discrepabant.
1054 3762 1242 3817 Linum
1285 3762 1548 3833 fumigans
1594 3779 1698 3816 non
1725 3764 1921 3818 exstin-

328 3860 470 3920 guet.
520 3850 782 3920 Pupulum
825 3851 1072 3906 videlicet
1101 3854 1167 3906 de
1207 3855 1455 3923 gentibus
1484 3863 1872 3925 congregatum
1901 3893 1918 3919 ,

336 3939 451 4009 qui,
473 3939 744 3994 exstincto
765 3939 898 4010 legis
917 3941 1177 3994 naturalis
1203 3941 1415 4005 ardore,
1440 3942 1570 3997 fumi
1590 3943 1918 3999 amarissimi

333 4039 388 4087 et
411 4031 504 4103 qui
555 4031 751 4086 noxius
776 4032 948 4088 oculis
991 4043 1074 4087 est
1122 4035 1522 4103 tenebrosaeque
1552 4035 1798 4106 caliginis
1836 4037 1917 4090 in-

334 4130 652 4187 volvebatur
681 4129 976 4195 erroribus,
1000 4145 1158 4200 quem
1188 4145 1292 4184 non
1325 4130 1497 4184 solum
1529 4145 1635 4186 non
1662 4130 1921 4188 exstinxit

329 4231 386 4279 et
408 4222 614 4294 redegit
636 4222 688 4276 in
720 4222 978 4286 cinerem,
1012 4220 1104 4276 sed
1136 4235 1166 4276 e
1196 4219 1471 4275 contrario
1495 4219 1562 4274 de
1586 4234 1752 4290 parva
1776 4220 1920 4275 scin-

329 4315 446 4370 tilla
479 4324 533 4370 et
558 4330 696 4386 pene
732 4313 997 4368 moriente
1034 4311 1267 4366 maxima
1313 4309 1596 4365 suscitavit
1644 4311 1916 4388 incendia,

330 4408 406 4462 ita
450 4415 510 4461 ut
557 4415 703 4462 totus
730 4406 878 4461 orbis
911 4404 1130 4460 arderet
1173 4403 1294 4474 igne
1337 4402 1551 4457 Domini
1597 4401 1914 4469 Salvatoris,

329 4510 491 4566 quem
521 4496 669 4550 venit
712 4496 928 4550 mittere
959 4510 1123 4565 super
1153 4503 1375 4548 terram.
1410 4490 1536 4547 Sive
1583 4491 1741 4547 aliter
1763 4533 1779 4560 ,
1825 4494 1915 4562 qui

328 4587 606 4659 peccaturi
647 4602 754 4641 non
811 4587 1042 4657 porrigit
1102 4601 1342 4650 manum,
1394 4600 1494 4640 nec
1554 4592 1736 4655 portat
1783 4600 1920 4640 onus

331 4676 520 4732 fratris
555 4676 658 4741 sui,
701 4675 802 4732 iste
842 4685 1158 4746 quassatum
1203 4675 1471 4731 calamum
1514 4673 1835 4746 confringit;
1867 4682 1922 4730 et

329 4768 422 4838 qui
470 4767 735 4823 modicam
773 4767 1058 4822 scmtillam
1091 4767 1388 4822 contemnit
1440 4766 1493 4819 in
1521 4765 1781 4835 parvulis,
1832 4765 1920 4820 hic

331 4858 500 4912 linum
527 4858 822 4929 exstinguit
857 4857 1126 4930 fumigans
1159 4875 1172 4912 :
1226 4856 1370 4928 quod
1411 4855 1662 4911 Christus
1703 4864 1918 4910 utrum-

329 4965 435 5021 que
463 4967 570 5006 non
613 4949 770 5017 fecit;
805 4951 872 5006 ad
915 4952 1019 5007 hoc
1046 4951 1191 5007 enim
1229 4956 1450 5005 venerat
1485 4955 1544 5003 ut
1583 4947 1788 5003 salvum
1833 4947 1914 5002 fa-

329 5051 480 5098 ceret
520 5043 660 5112 quod
692 5043 947 5112 perierat,
982 5051 1037 5098 et
1065 5057 1220 5097 ovem
1264 5055 1549 5096 erroneam
1595 5040 1661 5094 ad
1699 5054 1912 5110 gregem

330 5133 386 5188 in
426 5135 540 5188 suis
567 5135 737 5189 sacris
778 5133 1020 5189 humeris
1060 5141 1403 5203 reportaret;
1446 5131 1588 5186 unde
1629 5132 1910 5200 sequitur:

404 5223 580 5280 Donec
630 5224 810 5294 ejiciat
861 5223 932 5278 ad
967 5224 1236 5278 victoriam
1275 5222 1563 5294 judicium.
1603 5221 1708 5276 Iste
1735 5230 1913 5276 autem

330 5313 423 5383 qui
470 5314 791 5369 arundinem
819 5322 1132 5382 quassatam
1179 5327 1286 5367 non
1339 5311 1597 5367 contrivit
1641 5319 1696 5366 et
1745 5311 1914 5366 linum

330 5403 621 5460 fulminans
648 5420 754 5458 non
797 5403 1079 5467 exstinxit,
1120 5401 1382 5471 judicium
1421 5416 1636 5471 quoque
1664 5400 1916 5470 perduxit

330 5497 398 5551 ad
431 5497 738 5563 victoriam,
771 5496 924 5566 cujus
947 5495 1150 5566 judicia
1196 5509 1324 5550 vera
1358 5503 1484 5550 sunt
1516 5493 1814 5563 justiﬁcata
1859 5495 1912 5548 in

330 5588 673 5660 semetipsis,
736 5590 919 5658 tandiu
974 5588 1152 5643 lumen
1221 5587 1624 5658 praedicationis
1678 5587 1796 5657 ejus
1858 5586 1912 5640 in

334 5676 534 5732 mundo
561 5677 885 5749 resplendet,
915 5677 1199 5748 nullusque
1225 5687 1538 5733 conteretur
1565 5690 1664 5732 nec
1689 5690 1911 5746 supera-

2021 3215 2206 3268 mundi
2258 3231 2365 3270 non
2409 3215 2650 3270 vincitur
2675 3256 2690 3280 ,
2716 3231 2814 3287 per
2843 3232 3008 3288 quam
3057 3219 3237 3278 anima
3279 3236 3497 3292 semper
3545 3225 3616 3278 ad

2022 3304 2130 3358 ima
2160 3314 2466 3360 revocatur.

2093 3397 2231 3462 Quia
2269 3397 2461 3464 multi,
2501 3398 2623 3454 dico
2656 3399 2809 3455 vobis
2838 3441 2853 3466 ,
2881 3411 3124 3472 quwrunt
3169 3405 3368 3457 intrare
3415 3413 3463 3458 et
3507 3422 3617 3460 non

2017 3499 2280 3560 poterunt.
2321 3492 2579 3558 Quaerunt
2607 3491 2811 3547 intrare
2839 3492 3030 3550 salutis
3073 3510 3258 3550 amore
3285 3498 3570 3566 provocati
3600 3536 3617 3559 ,

2019 3588 2074 3634 et
2111 3596 2219 3636 non
2244 3589 2530 3650 poterunt,
2561 3582 2774 3639 itineris
2809 3585 3107 3653 asperitate
3138 3585 3384 3641 deterriti
3413 3605 3426 3642 :
3462 3603 3620 3658 quae-

2020 3679 2147 3724 runt
2183 3671 2286 3724 hoc
2314 3670 2604 3726 ambitione
2630 3673 2997 3742 prtemiorum,
3021 3689 3050 3728 a
3075 3690 3181 3744 quo
3205 3692 3330 3730 mox
3356 3677 3618 3733 laborum

2022 3761 2216 3818 timore
2257 3759 2561 3833 refugiunt;
2595 3779 2700 3818 non
2731 3765 2856 3835 quia
2877 3764 3065 3835 iugum
3107 3765 3321 3821 Domini
3352 3783 3620 3838 asperum

2020 3860 2114 3906 aut
2145 3867 2285 3908 onus
2313 3860 2398 3906 est
2427 3867 2608 3922 grave,
2651 3853 2743 3908 sed
2769 3854 2896 3922 quia
2931 3853 3120 3910 nolunt
3154 3855 3366 3910 discere
3405 3856 3478 3911 ab
3512 3872 3621 3923 eo,

2017 3943 2264 4014 quoniam
2291 3945 2432 3999 mitis
2477 3954 2553 3999 est
2591 3953 2638 3998 et
2667 3944 2880 3999 humilis
2910 3946 3066 4000 corde
3098 3954 3157 4000 ut
3201 3946 3483 4003 inveniant
3527 3964 3623 4004 rc-

2019 4033 2200 4102 quiem
2235 4033 2519 4088 animabus
2558 4033 2699 4100 suis;
2746 4045 2917 4104 eoque
2966 4033 3027 4090 lit
3051 4044 3279 4106 angusta
3316 4045 3475 4107 porta
3502 4052 3622 4107 qua

2021 4122 2252 4177 intratur
2267 4123 2335 4178 ad
2374 4123 2563 4178 vitam.

2089 4212 2222 4267 Cum
2260 4223 2434 4267 autem
2477 4215 2749 4268 intraverit
2789 4214 3174 4285 paterfamilias
3200 4257 3213 4280 ,
3260 4227 3308 4270 et
3355 4217 3626 4274 clauserit

2020 4309 2231 4374 ostium,
2273 4317 2401 4364 tunc
2429 4309 2689 4378 incipietis
2717 4308 2846 4378 foris
2880 4319 3038 4374 stare,
3071 4319 3118 4363 et
3153 4309 3364 4380 pulsare
3390 4313 3622 4376 ostium,

2019 4400 2286 4455 dicentes:
2320 4399 2561 4466 Domine,
2590 4402 2735 4469 aperi
2766 4400 2932 4455 nobis.
2971 4391 3389 4468 Paterfamilias,
3414 4401 3623 4458 Domi—

2022 4507 2124 4547 nus
2149 4491 2400 4548 videlicet
2420 4491 2690 4555 Christus,
2725 4492 2816 4562 qui
2843 4492 3043 4562 ubique
3081 4501 3228 4548 totus
3256 4501 3340 4549 est
3367 4510 3434 4548 ex
3468 4495 3625 4550 divi-

2018 4581 2210 4646 nitate,
2252 4581 2399 4636 iutus
2422 4581 2641 4652 quidem
2687 4589 2773 4636 est
2812 4581 2892 4636 eis
2917 4597 3054 4651 quos
3088 4582 3142 4637 in
3175 4582 3383 4638 caelesti
3423 4586 3625 4654 patria

2015 4686 2254 4741 praesens
2278 4687 2374 4727 sua
2402 4672 2609 4728 visione
2632 4670 2891 4737 laetificat,
2921 4672 3015 4727 sed
3046 4672 3201 4742 quasi
3231 4671 3364 4727 foris
3384 4681 3475 4727 est
3521 4675 3628 4729 ad-

2016 4767 2124 4824 huc
2156 4766 2236 4822 eis
2259 4779 2394 4834 quos
2420 4765 2475 4819 in
2513 4765 2617 4819 hac
2644 4764 3080 4834 peregrinatione
3112 4771 3387 4820 certantes
3414 4766 3625 4820 occul—

2017 4866 2106 4912 tus
2142 4857 2450 4912 consolator
2477 4854 2717 4924 adjuvat,
2742 4854 2897 4926 juxta
2940 4855 3083 4924 quod
3126 4854 3240 4924 ipse
3284 4855 3556 4924 promisit
3610 4875 3625 4911 :

2021 4944 2156 5000 Ecce
2179 4961 2271 5016 ego
2293 4943 2554 4999 vobiscum
2579 4960 2693 4997 sum
2721 4943 2959 4998 omnibus
2986 4943 3167 4997 diebus
3189 4959 3352 5013 usque
3381 4943 3453 4996 ad
3475 4961 3625 4998 ron-

2020 5037 2422 5091 summationem
2482 5034 2682 5089 seaculi.
2740 5034 2967 5088 Intrabit
3034 5043 3214 5089 autem
3283 5043 3338 5088 et
3388 5034 3633 5092 claudet

2019 5127 2217 5181 Ostium
2242 5165 2259 5191 ,
2288 5124 2505 5194 quando
2531 5131 2706 5178 totum
2733 5137 2930 5193 corpus
2969 5139 3148 5189 suum,
3196 5124 3338 5194 quod
3367 5134 3452 5179 est
3505 5127 3629 5181 Ec-

2019 5215 2206 5279 clesia,
2237 5213 2656 5269 resurrectionis
2681 5212 2849 5283 gloria
2876 5212 3230 5284 glorificaturn
3257 5215 3325 5269 ad
3346 5230 3462 5270 sua
3487 5231 3634 5274 cou-

2019 5305 2386 5376 templationis
2432 5305 2685 5376 gaudium
2737 5305 3077 5375 perducens,
3125 5307 3373 5377 mprobis
3422 5307 3629 5367 locum

2017 5399 2352 5469 pmnitentise
2382 5397 2554 5461 tollet,
2586 5412 2747 5467 quem
2795 5413 2938 5452 nunc
2963 5399 3053 5468 pie
3095 5397 3437 5470 pulsantibus
3480 5416 3638 5473 ape-

2017 5493 2090 5546 rit
2119 5507 2133 5545 :
2171 5507 2296 5546 nam
2324 5492 2456 5547 foris
2486 5500 2692 5547 stantes
2721 5493 2919 5548 ostium
2948 5494 3181 5564 pulsare,
3214 5503 3299 5552 est
3338 5511 3370 5551 a
3408 5495 3632 5553 beato.-

2018 5598 2138 5637 rum
2169 5590 2315 5637 sorte
2357 5592 2598 5637 secretos
2636 5583 3061 5640 misericordiam
3087 5627 3103 5652 ,
3146 5601 3310 5656 quam
3353 5585 3638 5656 neglexit:-

2017 5683 2161 5739 rant,
2195 5690 2222 5729 a
2255 5673 2364 5730 Deo
2393 5672 2595 5730 frustra
2631 5672 2878 5746 ﬂagitari.
