3950 6184
516 489 654 540 rtus,

480 494 654 550 prius,
682 494 806 528 Ulﬂll
835 494 1108 538 pl'Upl'luul
1134 494 1322 517 uauuu
1356 494 1546 520 ‘Iluul,
1571 494 1868 527 senon"...
1901 494 2064 504 ...ηπ-

487 581 660 637 regem
692 561 844 627 dixit,
869 574 977 613 non
1007 555 1159 627 quasi
1191 553 1338 607 solus
1368 565 1462 606 rex
1500 549 1564 602 dc
1589 546 1794 609 Judzea,
1821 543 1917 598 sed
1944 540 2068 610 quia

486 631 692 730 primus
716 667 897 722 regum
918 660 1088 716 usque
1113 644 1180 699 ad
1205 639 1736 710 transmigrationem
1761 631 2069 704 Babylonis,

488 747 633 802 velut
659 742 749 797 alii
778 738 1109 807 distinguunt
1134 751 1163 788 a
1187 731 1356 786 David
1383 730 1572 784 milite.

561 835 644 887 Ea;
678 849 738 886 ea
768 845 884 902 qua:
910 827 1010 896 fuit
1041 821 1202 876 Urim.
1239 819 1363 875 Sola
1388 817 1655 872 Bersabee
1680 829 1784 867 non
1830 810 2078 867 nomina-

493 935 728 997 turnpro
752 920 956 976 scelere
990 914 1224 986 conjugii
1265 913 1378 966 sine
1415 907 1754 980 paenitentia.
1795 903 1925 958 Nam
1957 901 2077 956 alia:

491 1029 602 1072 tres
639 1030 746 1070 non
788 1011 959 1066 solum
991 1023 1096 1062 non
1131 1006 1326 1061 debent
1372 1000 1598 1070 culpari,
1633 999 1727 1053 scd
1775 1006 1830 1052 et
1865 997 2077 1049 laudem

491 1096 827 1166 meruerunt.
867 1103 1027 1159 Urias
1053 1115 1179 1153 vero
1200 1097 1527 1157 nominatur,
1556 1093 1645 1163 qui
1671 1090 1849 1160 justus
1869 1089 2084 1143 occisus

495 1214 600 1264 est.
631 1199 797 1256 David
827 1212 971 1257 vero,
1006 1191 1214 1249 etiamsi
1245 1189 1451 1244 adulter
1473 1195 1526 1240 et
1559 1184 1850 1247 homicida,
1876 1181 1963 1236 hic
1990 1196 2086 1233 no-

498 1296 759 1356 minatur,
789 1289 842 1342 in
883 1284 1190 1354 exemplum
1230 1294 1370 1334 verm
1414 1274 1745 1348 pcenitcntizc
1773 1271 1908 1341 ejus,
1940 1269 2086 1325 etde

500 1401 599 1443 suo
641 1380 908 1438 adulterio
943 1378 1064 1432 talis
1112 1374 1256 1428 filius
1307 1371 1565 1433 nascitur,
1597 1383 1662 1421 ex
1693 1363 1844 1433 cujus
1880 1363 2087 1418 semine

501 1479 751 1535 Christus
780 1479 1092 1545 generatur.
1118 1467 1198 1520 Ab
1221 1465 1495 1519 Abraham
1519 1473 1688 1529 usque
1709 1458 1776 1511 ad
1804 1454 1969 1509 David
1995 1469 2090 1524 pa-

504 1567 755 1622 triarcha:
785 1543 838 1617 et
866 1561 1061 1622 duces;
1095 1572 1123 1609 a
1155 1553 1324 1607 David
1349 1565 1518 1619 usque
1547 1548 1612 1600 ad
1652 1543 2086 1615 transmigratio-

509 1676 631 1715 nem
661 1671 815 1727 reges
844 1661 899 1707 et
925 1667 954 1705 a
987 1643 1459 1713 transmigrationc
1492 1639 1849 1695 deducuntur.

575 1724 759 1801 Jormn
794 1743 967 1816 genuit
998 1739 1205 1793 Ozimn.
1261 1735 1315 1789 ln
1351 1731 1579 1788 historia
1623 1728 1830 1799 Regum
1865 1724 2091 1795 legimus

1147 352 1208 406 B.
1250 345 1504 404 RABANI
1545 340 1764 398 MAURI
1801 333 2118 394 ARCHlEP.
2163 329 2471 388 MOGUNT.
2509 325 2796 386 OPERUM
2833 322 3014 378 PARS
3051 321 3114 378 ll.

3604 330 3689 386 M30

682 471 806 528 dum
835 465 1108 538 proprium
1131 460 1322 517 habuit
1348 461 1546 520 virum,
1571 451 1868 527 generavit.
1901 447 2066 504 David
2100 451 2148 510 Α
2174 444 2456 500 constituit
2501 441 2845 506 Sedechiam,
2889 448 3138 509 patruum
3169 436 3299 508 ejus,
3334 454 3497 511 regem
3528 458 3609 513 pm
3641 465 3694 503 eo

2174 553 2336 608 super
2386 535 2653 595 Indicam.
2685 534 2859 603 Quem
2889 531 3092 585 malum
3117 544 3296 586 coram
3327 532 3530 590 Domino
3550 537 3696 594 Nabu-

2175 629 2516 685 chodonosor
2564 625 2856 680 incendens
2904 622 3185 692 templum,
3231 630 3285 677 et
3329 625 3556 683 auferens
3593 647 3697 688 vasa

2176 721 2412 784 Domini,
2461 719 2617 774 duxit
2646 719 2700 772 in
2733 717 3082 786 Babylonem.
3124 715 3183 770 Si
3206 716 3508 772 voluerimus
3527 719 3700 775 lectio-

2181 810 2329 864 niam
2377 809 2431 862 in
2464 807 2570 862 fine
2619 806 2771 877 prius
2821 805 3348 860 tessarescedecades
3378 821 3575 872 ponere,
3618 827 3703 863 non

2181 900 2614 972 quatuordecim,
2645 898 2737 953 sed
2779 897 3038 952 tredecim
3068 906 3376 966 sequuntur.
3413 898 3578 955 Restat
3601 918 3705 973 ergo

2183 1004 2244 1048 ut
2271 993 2587 1048 alechouia-m
2634 990 2870 1059 priorem
2901 988 3138 1042 sciamus
3177 987 3347 1056 ipsum
3375 1003 3482 1044 esse
3505 988 3706 1047 Joacbim

2184 1092 2396 1153 patrem
2425 1080 2700 1136 Jechonim
2757 1079 2948 1142 (ilium,
2997 1077 3091 1147 qui
3140 1077 3192 1130 in
3232 1076 3452 1131 Dnniehs
3497 1081 3708 1134 scribitur

2186 1179 2372 1240 initio;
2409 1177 2700 1232 secundum
2727 1173 3040 1228 Jecltoniam
3069 1175 3242 1241 ipsum
3271 1188 3384 1228 esse
3406 1173 3710 1237 Jnacbimmn,

2190 1278 2439 1338 nepotem
2474 1266 2655 1329 Josim,
2687 1267 2780 1335 qui
2810 1266 2925 1335 ipse
2955 1265 3007 1317 in
3039 1263 3338 1317 Ezechielis
3362 1263 3500 1317 initio
3535 1263 3711 1326 dicitur,

2191 1363 2428 1430 Quorum
2462 1359 2609 1429 prior
2633 1374 2728 1427 per
2756 1381 2786 1413 κ
2812 1367 2865 1412 ct
2892 1382 2950 1430 μ,
2982 1369 3216 1426 sequens
3251 1368 3344 1424 per
3361 1375 3401 1426 χ
3429 1363 3478 1408 ct
3503 1376 3537 1423 μ
3561 1354 3717 1408 scribi~

2194 1462 2299 1507 tur.
2340 1451 2492 1518 Quod
2530 1451 2604 1504 ita
2647 1449 2787 1519 apud
2812 1449 3033 1504 Graecos
3056 1458 3110 1501 ct
3137 1447 3354 1501 Latinos
3382 1445 3628 1501 confusum
3650 1457 3717 1502 est

2193 1547 2518 1616 scriptorum
2569 1544 2722 1606 vitio,
2769 1553 2825 1598 et
2868 1541 3200 1613 longitudine
3250 1549 3544 1608 temporum,
3571 1547 3623 1593 ut
3663 1539 3716 1592 ab

2193 1638 2506 1695 errantibus
2533 1637 2675 1690 idem
2702 1636 2756 1689 in
2789 1635 3018 1689 duorum
3044 1632 3422 1702 prephetarum
3443 1616 3717 1683 commemo-

2198 1739 2347 1786 ratus
2375 1737 2599 1801 putetur
2646 1727 2944 1797 principiis.
2998 1723 3203 1779 Deinde
3247 1723 3294 1778 si
3343 1721 3528 1777 dixeris
3561 1718 3719 1775 Jecho-

510 1837 829 1899 Ochoziam,
871 1831 1006 1886 Joab
1027 1871 1041 1894 ,
1086 1825 1352 1881 Αηιαδὶίηη
1377 1863 1391 1886 9
1436 1831 1546 1876 lI‘eS
1590 1833 1744 1891 rcges
1767 1858 1781 1882 ν
1835 1832 1971 1887 QUOS
2008 1814 2094 1868 hic
2124 1811 2170 1869 Β
2197 1821 2344 1876 niam
2368 1821 2435 1874 ab
2458 1818 2602 1874 Josia
2625 1817 2890 1889 genitum,
2918 1815 2990 1870 sit
3018 1830 3188 1884 nepos
3227 1829 3330 1869 non
3368 1812 3514 1866 tilias.
3535 1824 3561 1851 ιι
3594 1810 3722 1866 Chri-
3795 1873 3800 1876 _

513 1927 839 1998 evangelista
871 1918 1236 1993 prmtermisit.
1282 1914 1516 1982 ideoque
1559 1908 1837 1981 proposuit
1869 1919 2100 1976 evange-

464 2027 471 2034 '
512 2023 632 2076 hsta
668 2028 776 2072 tres
817 2006 1346 2069 tessarescedccadcs
1374 2004 1584 2058 diverso
1612 1999 1774 2054 statui
1802 2007 2101 2065 temporum

512 2125 750 2182 ponere;
799 2117 853 2161 et
895 2105 987 2175 qui
1025 2101 1239 2156 volebat
1277 2110 1559 2152 numerum
1598 2090 1956 2163 quadraginta
1997 2088 2102 2142 duo

515 2179 718 2276 ponere
759 2201 1158 2257 consecratum,
1190 2189 1389 2245 rectius
1425 2193 1624 2240 eratut
1651 2191 1761 2237 tres
1795 2179 1918 2235 mali
1953 2194 2106 2249 reges

520 2273 1087 2366 praetermitterentur,
1133 2298 1294 2354 quam
1333 2279 1509 2334 nullus
1546 2293 1613 2332 ex
1645 2275 1820 2331 bonis.
1864 2273 1930 2328 Et
1981 2273 2103 2342 quia

517 2362 699 2443 .ioram
728 2383 1022 2438 miscuerat
1051 2392 1110 2433 se
1145 2373 1328 2447 generi
1360 2371 1594 2441 pessimo
1631 2364 1933 2429 Jezabelis,
1966 2362 2107 2419 acci-

517 2477 852 2549 pienstiliam
882 2471 1066 2526 Achab
1095 2466 1361 2523 Athaliam
1397 2464 1450 2518 in
1489 2459 1764 2530 conjugio,
1791 2473 1856 2513 ex
1887 2472 1993 2524 qua
2019 2470 2108 2526 ge-

523 2571 732 2626 neravit
757 2566 1050 2624 Ochoziam
1079 2581 1090 2614 :
1128 2561 1246 2616 ideo
1273 2571 1442 2626 usque
1475 2557 1529 2610 in
1560 2555 1773 2609 tertiam
1811 2550 2112 2622 generatio—

524 2677 643 2718 nem
672 2657 935 2714 memoria
956 2655 1076 2726 ejus
1103 2652 1170 2706 dc
1199 2660 1401 2706 sanctae
1430 2645 1729 2701 nativitatis
1757 2642 1943 2697 ordine
1969 2639 2108 2695 tolli-

525 2763 634 2815 tur,
667 2750 878 2804 dicente
905 2744 1134 2800 Domino
1169 2743 1223 2797 in
1250 2741 1365 2811 lege
1399 2758 1412 2791 :
1451 2738 1562 2808 Ego
1591 2751 1705 2789 sum
1741 2733 1878 2786 Deus
1910 2731 2111 2794 zelotls,

527 2843 742 2896 uisimus
785 2846 996 2909 peccata
1027 2843 1235 2904 patrum
1265 2832 1319 2884 in
1363 2829 1501 2898 ﬁlios
1538 2843 1699 2896 usque
1725 2825 1778 2878 in
1805 2824 2005 2877 tertiam
2035 2838 2115 2891 ge-

529 2933 851 2988 nerationem
906 2942 1107 2989 eorum,
1159 2924 1246 2993 qui
1293 2921 1514 2974 oderunt
1561 2935 1660 2971 me.
1691 2915 1749 2970 ln
1787 2915 1908 2970 illos
1930 2914 2115 2982 utique

533 3030 754 3091 peccata
781 3028 998 3088 patrum
1019 3015 1326 3078 visitantu‘r,
1358 3010 1446 3080 qui
1481 3007 1720 3080 peccatis
1756 3007 1881 3062 odio
1907 3004 2117 3060 Domini

531 3113 836 3184 pertinaces
867 3108 1109 3172 fuerunt;
1155 3113 1211 3160 et
1247 3104 1300 3157 in
1342 3101 1446 3156 illis
1476 3097 1846 3154 misericordia
1866 3091 2117 3159 edicitur,

2201 1912 2390 1969 stianis
2415 1909 2662 1965 Joachim
2692 1907 3008 1962 Jecboniam
3034 1904 3201 1960 fuisse
3231 1912 3488 1966 vocatum,
3508 1902 3615 1956 licet
3642 1900 3726 1954 alio

2202 2003 2318 2058 loco
2337 2001 2612 2072 Evangelii
2646 1999 2822 2054 locum
2866 1998 3124 2068 legamus,
3164 1996 3342 2051 nullus
3367 1995 3428 2048 de
3464 1993 3572 2047 filiis
3597 1992 3726 2052 dicet,

2203 2094 2298 2150 sed
2330 2093 2375 2147 si
2421 2091 2710 2150 invenerit.
2744 2089 3002 2145 recitemr
3026 2101 3196 2157 usque
3238 2083 3546 2153 evangelista
3580 2099 3594 2135 :
3633 2082 3730 2134 ilco

2204 2196 2414 2258 patrem
2465 2192 2741 2254 nuncupat
2786 2181 3124 2245 Jechoniam,
3161 2180 3291 2250 quia
3331 2177 3618 2250 praeparatio
3650 2173 3733 2226 Do-

2205 2281 2353 2343 mini,
2372 2277 2505 2346 quia
2537 2277 2608 2330 ita
2641 2277 2786 2330 hunc
2820 2275 2961 2330 sicut
2983 2283 3033 2329 et
3067 2273 3229 2327 alium
3254 2273 3440 2328 merito
3461 2269 3737 2341 praeparavit

2208 2370 2466 2425 Dominus
2497 2368 2562 2422 ad
2587 2367 3139 2435 transmigrationem.
3173 2363 3327 2419 Unde
3359 2364 3406 2417 in
3435 2360 3736 2429 transmigra-

2211 2463 2355 2517 tione
2385 2460 2523 2514 filios
2546 2458 2708 2514 Jusiac
2743 2458 2878 2512 dicit
2903 2457 3135 2527 genitos,
3166 2472 3291 2511 cum
3321 2464 3469 2509 antea
3495 2453 3593 2508 nati
3622 2451 3738 2513 sint;

2211 2552 2336 2622 quia
2378 2551 2444 2604 ad
2487 2551 2588 2606 hoc
2617 2549 2731 2603 nati
2761 2557 2880 2602 sunt
2912 2547 3262 2618 'prmscientia
3315 2545 3423 2608 Dei,
3457 2552 3510 2597 ut
3538 2540 3743 2595 transmi-

2215 2651 2500 2714 grarcntnr
2517 2655 2624 2710 pro
2664 2639 2778 2693 suis
2807 2637 3070 2708 peccatis.
3113 2634 3420 2691 Secundum
3455 2647 3570 2686 vero
3593 2631 3742 2698 Angu-

2215 2733 2414 2786 stinum
2437 2730 2727 2784 Jechonias
2753 2729 2836 2782 bis
2865 2737 3201 2792 muneratur,
3223 2727 3278 2780 in
3308 2725 3407 2780 fine
3422 2722 3620 2793 prioris,
3643 2729 3685 2771 et
3703 2719 3746 2771 in

2216 2824 2392 2894 capite
2419 2820 2732 2877 deﬂexionis
2753 2822 2820 2876 ad
2834 2831 3103 2890 gentesex
3113 2829 3332 2874 trancas
3350 2815 3642 2886 Babylonia).
3665 2810 3749 2865 Sed

2217 2932 2316 2971 cur
2353 2923 2507 2984 pater
2546 2913 2662 2984 ejus
2700 2911 3131 2982 pt'attermittitur
3158 2951 3172 2974 ,
3211 2912 3320 2965 nisi
3375 2909 3492 2978 quia
3527 2903 3750 2975 signiﬁcat

2219 3008 2496 3062 Christum
2545 3021 2575 3058 a
2620 3003 3041 3060 circumcisione
3091 3002 3157 3055 ad
3195 3000 3526 3072 prmputium,
3563 2991 3755 3049 sicutab

2220 3096 2519 3152 Jerusalem
2542 3096 2608 3154 ad
2637 3093 2988 3164 Babylonem,
3005 3092 3401 3162 quodammodo
3421 3089 3756 3160 migraturum:

535 3205 626 3275 qui
669 3204 723 3258 in
771 3201 1058 3255 dilectione
1103 3195 1315 3250 Domini
1358 3197 1698 3263 permanent.
1749 3188 1928 3244 Bonus
1979 3188 2122 3242 cnim
2152 3175 2196 3236 C
2229 3196 2282 3243 et
2310 3187 2436 3242 hinc
2465 3186 2711 3256 utrisque
2737 3187 2792 3240 in
2827 3201 2885 3241 se
2912 3185 3260 3240 credentibus
3291 3185 3426 3239 sicut
3451 3178 3658 3250 lapidem
3685 3191 3759 3228 an-

541 3297 722 3359 homo,
757 3308 787 3346 a
813 3290 1006 3360 (pravis
1036 3285 1351 3359 pertransit,
1381 3283 1574 3355 dignus
1603 3289 1686 3336 est
1711 3279 2081 3335 misericordia
2110 3295 2124 3342 ;

541 3385 714 3440 malus
745 3397 873 3437 vero
899 3396 1077 3451 poena.
1115 3377 1298 3431 Joram
1339 3376 1525 3445 utique
1565 3372 1772 3443 accepit
1808 3369 2080 3425 Athaliam
2112 3387 2125 3422 :

543 3491 682 3545 quae,
716 3474 967 3526 defuncto
993 3469 1228 3525 Ochozia
1256 3508 1270 3532 ,
1299 3465 1472 3519 filium
1499 3462 1614 3532 ejus
1643 3471 1697 3517 ct
1735 3470 1956 3532 nepotes
1982 3475 2127 3526 suos,

541 3565 680 3619 tilias
701 3558 1183 3623 0chozire,oeci;lit
1206 3573 1220 3620 ;
1245 3564 1298 3610 et
1326 3554 1439 3624 ipsa
1473 3552 1719 3623 regnavit
1745 3562 1950 3619 septem
1976 3547 2133 3603 annis

541 3659 596 3711 in
623 3655 825 3710 iudica.
855 3652 1059 3720 Quibus
1089 3649 1336 3713 mortuis,
1362 3646 1663 3701 occultatus
1689 3653 1771 3698 est
1791 3641 1948 3707 Joab,
1971 3657 2134 3712 quem

543 3747 763 3803 hsabet
791 3747 900 3801 tilia
924 3744 1064 3814 regis
1088 3741 1294 3808 Joram,
1315 3753 1472 3795 soror
1492 3736 1761 3802 Ochoziae,
1780 3733 2134 3789 internecioni

547 3853 668 3907 qua:
703 3837 1058 3892 exercebatur
1087 3833 1155 3888 ab
1192 3830 1406 3886 Athalia
1443 3829 1712 3884 subtraxit
1750 3828 1803 3882 in
1855 3825 2131 3896 templum.

547 3927 868 3994 Qui,occisa
892 3924 1010 3977 avia
1031 3937 1148 3988 sua,
1175 3937 1205 3975 a
1226 3919 1414 3975 Joiada
1436 3910 1722 3974 sacerdote
1749 3917 2015 3970 nutritore
2039 3929 2138 3970 suo

555 4023 607 4072 in
638 4032 816 4088 regem
843 4015 1144 4069 ordinatur.
1170 4013 1269 4079 Qui
1288 4020 1499 4066 mortuo
1523 4010 1708 4066 Joiada
1733 4009 1996 4064 nutritore
2019 4023 2136 4073 suo,

555 4112 724 4173 tilium
749 4109 864 4178 ejus
887 4105 1203 4160 Zachariam
1233 4101 1569 4158 sacerdotem
1597 4101 1795 4156 occidit
1822 4101 1963 4154 inter
2000 4108 2136 4153 tem-

554 4200 699 4269 plum
745 4206 803 4251 et
827 4194 1018 4249 altare.
1068 4192 1318 4247 Amasias
1364 4206 1491 4245 vero
1520 4179 1804 4244 Dominum
1847 4189 2046 4253 renuit,
2087 4197 2143 4242 et

556 4287 696 4342 mla
728 4284 990 4340 adoravit.
1027 4281 1120 4337 Isti
1142 4297 1270 4352 ergo
1297 4287 1430 4346 tres,
1451 4279 1507 4334 id
1529 4286 1613 4333 est
1640 4298 1653 4332 :
1687 4276 2138 4343 Ochozias,.loah,

560 4389 614 4431 et
655 4377 924 4441 Amasias,
954 4373 1140 4430 Joram
1188 4371 1432 4427 baeredes
1464 4370 1777 4440 impietatis,
1830 4370 2019 4424 merito
2049 4384 2145 4438 per

560 4482 751 4521 ontnes
773 4482 802 4518 a
827 4463 1138 4536 genealogia
1172 4461 1373 4516 Christi
1405 4460 1782 4516 excluduntur.

2228 3278 2470 3351 gularem
2498 3275 2766 3331 futurum.

2299 3369 2464 3423 Jacob
2488 3379 2666 3422 autent
2688 3367 2861 3438 genu—it
2888 3365 3104 3438 Ioseph.
3150 3365 3279 3420 Ideo
3317 3378 3415 3435 per
3437 3361 3637 3431 Ioseph,
3664 3371 3760 3412 cum

2232 3478 2338 3517 non
2375 3461 2443 3515 sit
2475 3469 2653 3530 pater,
2696 3458 3003 3529 genealogia
3029 3456 3232 3512 Christi
3269 3457 3563 3517 deducitur,
3600 3451 3762 3522 primo.

2232 3553 2358 3622 quia
2388 3560 2448 3605 ut
2494 3550 2778 3604 mulierum
2822 3549 2954 3604 ordo
2989 3548 3317 3618 genealogize
3355 3554 3556 3607 texetur
3586 3557 3675 3596 non
3705 3546 3768 3592 est

2234 3640 2642 3697 consuetudinis
2679 3638 3014 3709 Scriptura);
3056 3639 3329 3702 secundo,
3384 3645 3441 3690 ut
3485 3649 3574 3706 per
3605 3628 3766 3696 .loseph

2235 3732 2388 3803 origo
2417 3731 2599 3786 Mariae
2630 3736 3043 3792 monstraretur,
3075 3728 3200 3798 quia
3234 3729 3302 3783 de
3322 3728 3504 3783 eadem
3535 3724 3657 3778 tribu
3683 3719 3772 3773 fue-

2237 3835 2384 3892 runt,
2416 3831 2754 3882 contestante
2779 3822 2918 3894 Lege
2948 3829 3007 3878 ut
3030 3837 3190 3876 nemo
3210 3822 3442 3893 accipiat
3464 3831 3666 3873 uxorem
3685 3810 3766 3866 nisi

2239 3921 2306 3976 de
2343 3919 2485 3973 tribu
2515 3931 2632 3970 sua.
2661 3916 2839 3970 Lucas
2865 3928 2995 3969 vero
3025 3913 3156 3969 dicit
3184 3933 3196 3967 :
3221 3912 3321 3968 Cui
3351 3912 3453 3967 fuit
3473 3909 3599 3965 alter
3616 3918 3771 3960 secun-

2240 4011 2368 4066 dum
2402 4017 2652 4063 naturam
2681 4015 2858 4076 pater,
2886 4005 3023 4060 alter
3047 4005 3347 4060 secundum
3377 4004 3563 4073 legem.
3600 3996 3772 4052 Scimus

2242 4101 2386 4156 enim
2411 4101 2514 4154 hoc
2537 4106 2862 4168 przeceptum
2909 4111 3005 4165 per
3040 4095 3280 4165 Moysen,
3324 4093 3546 4148 Domino
3573 4089 3774 4160 jubentc.

2244 4203 2303 4247 ut
2331 4192 2375 4247 si
2401 4189 2568 4244 frater
2599 4188 2681 4242 vel
2727 4187 3058 4256 pr0pinqnus
3091 4188 3207 4240 sine
3230 4186 3420 4240 liberis
3446 4190 3667 4238 mortuus
3689 4173 3776 4226 fuc-

2245 4284 2336 4348 rit,
2358 4281 2588 4350 accipiat
2614 4279 2749 4332 alius
2774 4291 2996 4331 uxorem
3017 4274 3133 4344 ejus
3154 4277 3221 4330 ad
3251 4274 3609 4332 suscitandum
3631 4278 3777 4321 senum

2249 4373 2432 4427 fratris
2459 4371 2542 4425 sui
2573 4369 2654 4424 vel
2682 4367 2986 4440 prepinqui.
3008 4364 3174 4421 Jacob
3205 4376 3388 4421 autem
3415 4373 3471 4419 et
3489 4360 3603 4416 Beli
3625 4358 3780 4410 fratres

2251 4463 2450 4520 uterini
2481 4461 2716 4525 fuerunt,
2747 4460 2800 4513 id
2826 4466 2930 4523 est,
2974 4457 3134 4513 unius
3171 4457 3364 4512 matris
3396 4455 3558 4510 Estha
3591 4446 3780 4504 nomine.

630 4559 810 4613 Jost'as
857 4567 1033 4611 autem
1077 4555 1252 4626 genuit
1294 4552 1608 4607 lechom‘am
1664 4562 1712 4606 et
1771 4551 1959 4618 fratres
2007 4552 2142 4622 ejus.
2170 4525 2224 4584 Β
2250 4574 2368 4628 quae
2395 4564 2514 4626 post
2547 4553 2736 4618 Melch,
2786 4550 3005 4604 ltlathan
3051 4548 3328 4604 afﬁnitatis
3359 4548 3484 4618 jure
3517 4545 3681 4615 juncta
3705 4547 3780 4592 est.

562 4648 878 4704 Communis
911 4647 1203 4717 impietatis
1233 4653 1288 4700 et
1323 4644 1610 4714 comqualis
1645 4643 1912 4709 infamiae,
1940 4653 1996 4698 et
2028 4659 2147 4698 om-

566 4740 716 4796 nium
769 4738 1256 4808 transmigrationis
1299 4735 1577 4792 Jechonize
1613 4736 1773 4792 simul
1819 4743 1874 4790 et
1921 4735 2148 4790 fratrum

567 4833 685 4902 ejus
711 4829 840 4888 fecit
862 4830 1208 4886 mentionem.
1240 4829 1346 4883 Pro
1371 4827 1514 4884 Josia
1541 4829 1686 4883 enim
1713 4829 1768 4882 in
1797 4827 1937 4883 bello
1965 4835 2151 4881 contra

570 4924 818 4980 Necheco
865 4937 1046 4992 regem
1098 4920 1315 4991 Egypti
1342 4920 1524 4976 occiso
1549 4961 1562 4985 ,
1607 4916 1839 4974 Joachas
1872 4919 2012 4973 filius
2039 4917 2155 4987 ejus

573 5026 686 5070 tres
715 5029 927 5069 menses
955 5014 1008 5067 in
1037 5010 1337 5066 Jerusalem
1359 5012 1627 5082 regnavit,
1658 5021 1710 5065 ct
1737 5011 2005 5065 transtulit
2028 5014 2152 5066 eum

576 5125 670 5164 rex
695 5107 914 5179 IEygpti
941 5108 994 5162 in
1019 5107 1332 5178 Egyptum,
1349 5115 1405 5161 et
1425 5107 1698 5162 constituit
1728 5121 1824 5175 pro
1850 5123 1914 5161 eo
1933 5105 2154 5160 fratrem

573 5201 688 5270 ejus
728 5199 1012 5264 Eliacltim,
1044 5198 1136 5269 qui
1173 5205 1226 5252 et
1253 5196 1518 5253 Joacbim.
1555 5197 1660 5264 Qui
1689 5197 1968 5251 duodecim
2003 5198 2160 5251 annis

577 5290 821 5365 regnavit
867 5308 879 5342 :
923 5304 1085 5360 quem
1111 5286 1311 5342 malum
1337 5301 1521 5342 coram
1552 5287 1778 5342 Domino
1799 5285 2159 5341 Nabuchodo-

577 5398 741 5442 nosor
766 5382 1003 5436 vinctum
1040 5379 1248 5435 catenis
1282 5379 1436 5434 duxit
1471 5379 1525 5433 in
1570 5376 1940 5449 Babylonem;
1985 5387 2040 5432 et
2070 5392 2157 5431 re-

578 5475 761 5547 gnavit
785 5472 1050 5538 Joachim,
1078 5472 1168 5542 qui
1199 5480 1253 5526 et
1277 5471 1586 5534 Jechonias,
1619 5469 1761 5524 filius
1796 5470 1934 5540 ejus,
1977 5483 2074 5538 pro
2098 5483 2163 5522 eo

579 5575 693 5625 tres
718 5581 948 5621 menses.
981 5565 1150 5633 Quem
1178 5579 1393 5635 quoque
1440 5563 1640 5616 malum
1683 5577 1866 5618 coram
1916 5561 2161 5625 Domino,

581 5657 803 5714 mittens
848 5656 1342 5714 Nabuchodonosor
1398 5655 1550 5709 duxit
1599 5655 1652 5709 in
1708 5653 2058 5724 Babylonem,
2111 5662 2165 5706 et

2251 4651 2494 4718 Cumque
2524 4645 2640 4699 lleli
2669 4641 2844 4712 major
2870 4651 3001 4696 natu
3024 4657 3248 4697 uxorem
3275 4641 3539 4704 duxisset,
3567 4637 3669 4692 sine
3690 4631 3784 4685 filiis

2252 4738 2536 4795 defunctus
2566 4742 2648 4788 est
2674 4752 2686 4786 :
2712 4735 2765 4787 in
2794 4731 2948 4801 cujus
2978 4731 3196 4785 nomine
3217 4731 3510 4786 suscitatus
3537 4735 3615 4780 est
3629 4719 3784 4787 Joseph

2254 4847 2320 4886 ex
2342 4829 2508 4883 Jacob
2541 4824 2833 4881 carnaliter
2861 4832 3166 4894 generatus.
3210 4821 3324 4877 Hac
3347 4819 3667 4892 expositione
3684 4812 3784 4866 duo-

2258 4934 2378 4974 rum
2417 4925 2630 4986 patrum
2658 4913 2990 4983 Pamphylus
3033 4920 3087 4967 et
3125 4911 3416 4977 Eusebius,
3462 4909 3789 4974 Hieronymus,

2256 5009 2573 5066 Ambrosius
2610 5016 2664 5061 et
2707 5005 3007 5060 Eucherius
3042 5005 3123 5058 usi
3167 5012 3312 5058 sunt.
3364 4999 3678 5073 Augustinus
3695 5002 3794 5044 vero

2259 5103 2393 5156 dicit
2420 5101 2553 5156 duos
2579 5109 2761 5170 patres
2785 5097 3037 5151 habuisse
3064 5094 3287 5166 Joseph,
3317 5109 3484 5148 unum
3506 5107 3536 5144 a
3564 5101 3660 5159 quo
3682 5077 3796 5153 geni-

2262 5203 2348 5248 tus
2367 5202 2472 5259 cst,
2501 5191 2730 5246 alterum
2765 5206 2792 5243 a
2820 5207 2926 5260 quo
2950 5189 3234 5258 adoptatus
3254 5187 3376 5242 fuit.
3397 5185 3622 5252 Antiqua
3637 5171 3796 5231 etenim

2262 5285 2596 5342 consuetudo
2651 5281 2940 5352 adoptandi
2985 5280 3124 5336 ﬁlios
3162 5280 3214 5334 in
3258 5278 3458 5349 populo
3497 5272 3586 5329 Dei
3618 5265 3802 5352 emunt

2268 5378 2432 5433 Jacob
2456 5385 2678 5446 nepotes
2700 5349 2846 5440 suos,
2873 5373 3010 5430 filios
3032 5372 3247 5443 Ioseph,
3279 5371 3385 5426 sibi
3421 5369 3554 5424 filios
3576 5349 3805 5446 adoptiuii

2273 5464 2530 5540 Ephraim
2573 5475 2628 5522 et
2660 5465 2966 5528 Manassen,
2999 5472 3054 5517 et
3095 5442 3222 5518 illud
3251 5463 3405 5516 auxit
3442 5467 3702 5513 numerum
3731 5442 3808 5498 tri-

2269 5537 2433 5615 buum
2453 5557 2614 5614 Israel
2639 5576 2653 5610 :
2677 5565 2734 5610 et
2755 5555 2974 5627 Moysen
2998 5555 3102 5608 [ilia
3131 5553 3445 5608 Pharaonis.
3479 5550 3542 5603 Et
3561 5547 3609 5600 in
3631 5537 3810 5627 Christi)

2272 5653 2375 5706 hoc
2402 5649 2601 5704 factum
2625 5657 2726 5714 est,
2755 5655 2814 5701 ut
2839 5624 2971 5702 dicit
2997 5645 3163 5700 Maria
3193 5663 3206 5699 :
3231 5641 3507 5714 Fili,quid
3529 5633 3682 5709 fecisti
3698 5624 3810 5683 stabit

655 5787 684 5815 ι
720 5773 896 5830 Locus
925 5780 1232 5845 corruptus,
1258 5772 1398 5828 sicut
1428 5780 1480 5825 et
1509 5770 1596 5824 alii
1624 5769 1759 5824 bene
1785 5768 1960 5836 multi,
1989 5765 2444 5838 quemadmodum
2475 5763 2671 5834 legenti
2699 5761 2864 5816 nimis
2887 5767 3058 5832 patet.
3091 5759 3251 5816 Eutr.
