3950 6184
282 336 378 393 ιδι

1373 336 1677 396 nonnum
1715 335 1785 394 ιη
1821 336 2072 396 nunc.
2118 336 2204 393 er
2239 334 2450 396 EPIST.
2499 316 2506 322 '

3452 348 3558 402 lli!

278 449 355 503 sic
374 462 393 500 :
420 463 516 519 ego
546 455 595 503 et
629 457 779 521 pater
801 458 922 504 tuus
940 449 1302 520 querebamus
1329 460 1418 518 te;
1454 452 1638 523 itaque
1661 450 1862 522 Ioseph
1892 454 1939 515 Α
1968 460 2189 524 propter
2214 452 2564 520 viduitatem;
2611 452 2782 510 fames
2810 498 2823 521 ,
2863 465 3086 528 propter
3123 455 3446 515 desiderium
3487 461 3554 515 li-

278 556 387 595 non
411 541 602 612 genuit
627 539 835 608 Iesum,
870 542 965 599 sed
991 543 1284 613 adoptavit.
1313 543 1489 602 Lucas
1511 544 1870 617 quadraginta

276 641 394 689 tres
433 648 466 687 a
513 631 732 688 Christo
759 647 933 705 usque
970 636 1037 689 ad
1081 634 1273 702 David,
1309 635 1593 692 Matthmus
1631 652 1665 694 a
1700 634 1870 693 David

274 738 451 794 usque
486 724 556 780 ad
581 721 861 780 Christum
883 726 1073 797 viginti
1101 736 1224 783 octo
1243 729 1423 797 posuit
1444 743 1461 783 :
1482 729 1609 799 quia
1637 728 1721 785 vel
1749 737 1871 800 post

272 816 812 888 transmigrationem
843 831 985 875 unus
1022 819 1104 874 bis
1147 829 1488 888 numeratur;
1539 819 1623 876 vel
1670 821 1867 890 Lucas,

272 922 434 962 arum
459 916 765 964 maternum
797 908 888 981 qui
912 909 1077 977 dicit,
1104 909 1267 966 solvit
1299 911 1458 967 istam
1484 912 1864 982 quaestionem,

270 1012 436 1053 causa
458 999 773 1070 adoptandi.

352 1087 541 1144 Virum
572 1086 762 1144 Mariis
786 1130 801 1155 ,
834 1090 888 1145 id
914 1096 1018 1156 est,
1048 1105 1332 1161 sponsum,
1360 1093 1487 1163 quia
1526 1106 1737 1164 sponsae
1764 1108 1864 1149 vo-

269 1188 470 1236 cantur
499 1195 717 1247 uxores,
747 1179 891 1236 sicut
916 1182 1100 1252 sponsi
1137 1182 1237 1238 viri
1268 1191 1325 1237 et
1368 1184 1551 1239 mariti
1585 1184 1860 1240 dicuntur.

272 1271 560 1327 .‘llatthrcus
588 1272 957 1343 genealogiam
983 1273 1138 1328 initio
1163 1274 1284 1329 libri
1322 1276 1403 1331 sui
1441 1276 1639 1346 posuit,
1664 1290 1772 1348 quo
1793 1277 1861 1332 ad

265 1362 489 1419 .Iudaeos
514 1363 753 1433 scripsit,
780 1372 838 1420 ut
873 1364 1174 1434 intelligant
1201 1364 1349 1420 illum
1377 1364 1490 1436 jam
1519 1367 1734 1423 venisse
1765 1380 1863 1438 per

270 1458 370 1509 bos
416 1462 603 1524 patres
648 1468 785 1524 quos
829 1452 1038 1528 [quem]
1089 1455 1365 1525 prophetae
1409 1465 1703 1512 venturum
1742 1474 1861 1516 esse

263 1548 636 1617 partiuerant
660 1563 727 1604 ex
757 1548 983 1604 eisdem.
1019 1547 1090 1603 At
1116 1564 1247 1605 vero
1272 1549 1450 1606 Lucas
1479 1566 1585 1607 non
1612 1559 1737 1607 ante
1766 1552 1860 1608 sed

265 1649 392 1708 post
414 1638 747 1709 baptismum
774 1639 956 1709 posuit
992 1639 1365 1712 genealogiam
1392 1638 1621 1705 Domini,
1656 1649 1717 1696 ut
1742 1639 1861 1696 nui-

264 1736 354 1791 lus
390 1744 681 1806 postquam
713 1734 920 1790 audivit
963 1748 1151 1792 vocem
1194 1734 1408 1791 Domini
1442 1736 1710 1793 dicentis:
1752 1734 1857 1792 Hic

1976 545 2260 611 berorum;
2312 546 2564 617 impetus,
2604 547 2729 617 quia
2763 548 3022 618 impetum
3064 548 3312 606 fecerunt
3355 551 3408 606 in
3434 568 3555 609 eam

1968 644 2032 692 ut
2057 634 2435 696 comlmrerent
2479 656 2494 694 :
2526 638 2821 695 Ecclesium
2849 640 3136 712 signiﬁcat.
3179 640 3353 698 Esron
3394 645 3554 715 sagit-

1971 735 2078 781 tam
2111 726 2240 781 vidit
2264 726 2347 782 vel
2377 727 2568 781 atrium
2600 744 2778 782 eorum
2809 727 3198 800 interpretatur
3225 746 3241 785 :
3274 732 3553 803 sagittam,

1968 819 2095 889 quia
2120 833 2187 875 eo
2215 826 2458 891 tempore
2497 828 2657 875 natus
2697 828 2781 876 est
2813 822 3028 890 quando
3057 820 3347 878 Chauanaei
3378 824 3553 880 inimi-

1966 910 2124 968 citias
2149 913 2474 969 exercebant
2520 919 2709 967 contra
2742 912 2906 967 Israel
2946 928 3047 983 pro
3092 928 3224 970 nece
3247 912 3465 971 Sichem
3495 926 3551 972 et

1967 999 2163 1065 Emor;
2204 1000 2426 1066 atrium,
2471 1015 2538 1055 co
2583 1001 2727 1070 quod
2776 1002 2946 1071 ipsius
2980 1011 3223 1072 tempore
3269 1005 3551 1061 habitabat

1962 1087 2131 1144 lsraeI
2162 1089 2219 1144 in
2261 1088 2623 1145 tabernaculis
2671 1098 2727 1145 et
2764 1091 3009 1147 tentoriis
3039 1110 3051 1146 :
3083 1092 3352 1164 signiﬁcat
3393 1094 3549 1152 Chri-

1963 1187 2125 1247 stum,
2150 1187 2210 1236 ut
2232 1200 2245 1236 :
2271 1178 2490 1253 Sagitta
2511 1191 2616 1236 tua:
2636 1192 2839 1248 acuta;
2866 1192 2921 1238 et
2946 1198 2962 1238 :
2994 1184 3203 1240 Stantes
3224 1196 3371 1241 erant
3394 1188 3547 1259 pedes

1964 1277 2132 1330 nostri
2155 1277 2211 1329 in
2227 1276 2379 1330 atriis
2404 1276 2526 1341 tuis,
2550 1274 2869 1332 Jerusalem.
2901 1277 3065 1333 Aram
3090 1277 3284 1336 electus
3311 1282 3426 1338 sive
3452 1298 3546 1338 ea:-

1961 1364 2131 1419 celsus
2171 1365 2561 1437 interpretatur
2601 1383 2614 1419 :
2658 1367 2927 1439 signiﬁcat
2970 1367 3266 1437 Christum,
3288 1379 3349 1427 ut
3385 1390 3399 1426 :
3441 1372 3546 1429 Hic

1959 1465 2034 1509 est
2060 1452 2204 1524 ﬁlias
2236 1470 2380 1510 meus
2402 1454 2664 1523 dilectus;
2695 1466 2787 1513 et:
2826 1457 2895 1512 Et
2921 1459 3157 1515 excelsus
3182 1477 3339 1533 super
3364 1480 3544 1519 omnes

1957 1544 2135 1615 gentes
2170 1543 2445 1601 Dominus.
2482 1544 2787 1604 Aminadab
2806 1551 3029 1622 populus
3055 1570 3201 1609 mens
3229 1565 3543 1625 spontancus

1960 1635 2368 1704 interpretatur,
2408 1651 2476 1693 eo
2518 1639 2659 1708 quod
2694 1648 2936 1711 tempore
2967 1643 3270 1701 nativitatis
3303 1662 3414 1702 sua:
3439 1648 3541 1703 ha-

1958 1724 2169 1781 bitabat
2192 1728 2419 1799 populus
2440 1728 2607 1785 Israel
2628 1740 2819 1802 sponte
2845 1733 2900 1787 in
2925 1742 3066 1790 terra
3095 1730 3353 1809 Egypti:
3379 1739 3543 1811 signi-

260 1838 336 1882 est
360 1805 534 1882 Filius
562 1843 708 1883 meus
724 1826 964 1895 dilectus,
988 1828 1302 1885 credidisset
1325 1830 1466 1899 quod
1497 1829 1637 1885 ﬁlius
1654 1826 1853 1901 Ioseph
1885 1805 1933 1868 Β
1961 1816 2087 1871 "cal
2115 1816 2412 1886 Οδνῖειυω,
2437 1826 2497 1874 ut
2522 1839 2533 1875 =
2570 1821 2738 1878 Nemo
2760 1823 2906 1879 tolle!
2924 1844 2956 1880 a
2984 1843 3064 1881 me
3090 1805 3320 1883 animum
3345 1805 3535 1885 meam.

264 1920 478 1976 ruisset.
504 1921 589 1977 Ab
618 1920 898 1977 Abraham
927 1935 1099 1994 usque
1123 1921 1191 1976 ad
1224 1918 1521 1988 Christum,
1558 1922 1851 1977 secundum

262 2012 599 2078 Blatthteum,
629 2011 984 2084 quadraginta
1024 2014 1130 2069 duo
1158 2020 1287 2067 sunt
1312 2012 1366 2082 in
1393 2012 1728 2084 genealogia,
1752 2013 1855 2069 hoc

260 2111 346 2158 est
372 2119 404 2157 a
431 2103 615 2174 capite
641 2101 764 2158 ﬁdei
794 2116 966 2173 usque
986 2103 1054 2158 ad
1086 2110 1287 2159 terram
1316 2104 1641 2170 viventium,
1665 2105 1856 2183 relicto

258 2207 451 2249 errore
497 2192 855 2265 gentilitatis,
901 2191 954 2249 in
1003 2192 1173 2264 figura
1220 2194 1581 2264 quadraginta
1627 2194 1851 2249 duarum

260 2283 605 2339 mansionum
633 2281 866 2339 ﬁliumin
897 2280 1062 2338 Israel
1090 2283 1156 2338 de
1182 2281 1417 2355 IEgypto
1446 2283 1500 2337 in
1534 2291 1735 2339 terram
1766 2297 1853 2339 re-

256 2372 642 2443 promissionis
678 2388 693 2425 :
725 2371 923 2442 quibus
964 2379 1076 2429 tres
1122 2373 1433 2428 mansiones
1470 2373 1853 2445 praetermissae

258 2470 409 2527 sunt,
440 2461 534 2518 ubi
562 2462 745 2518 Aaron
774 2472 1026 2519 mortuus
1054 2471 1159 2528 est,
1202 2471 1260 2518 et
1288 2463 1379 2518 ubi
1409 2462 1638 2534 populus
1661 2472 1851 2519 contra

258 2557 552 2612 Dominum
575 2562 631 2611 et
659 2553 880 2626 Moysen
917 2554 983 2609 de
1008 2551 1225 2610 fastidio
1247 2568 1461 2609 manna;
1481 2568 1853 2611 murmurave-

256 2654 408 2711 runt,
431 2652 489 2699 et
513 2645 604 2700 ubi
626 2659 657 2699 a
684 2643 1028 2715 serpentibus
1048 2642 1336 2711 vulnerati,
1360 2643 1413 2698 in
1439 2643 1667 2714 ﬁguram
1689 2641 1851 2700 trium

256 2751 451 2808 regum
481 2735 576 2807 qui
601 2735 668 2792 de
700 2733 1014 2807 genealogia
1042 2734 1325 2789 tolluntur.
1370 2731 1681 2791 Secundum
1721 2750 1851 2791 vero

256 2827 464 2883 Lucam
492 2824 834 2897 septuaginta
855 2832 1063 2894 septem
1090 2824 1145 2879 in
1174 2825 1487 2896 genealogia
1525 2835 1671 2894 sunt,
1708 2826 1853 2881 inter

255 2918 434 2974 Adam
454 2926 511 2974 et
533 2917 831 2982 Christum,
844 2922 1066 2986 propter
1080 2916 1457 2972 remissionem
1481 2926 1849 2987 peccatorum,

255 3019 320 3065 ut
346 3009 611 3067 Dominus
652 3009 721 3065 ad
766 3004 1028 3064 Petrum:
1074 3004 1200 3063 Non
1239 3007 1358 3063 dico
1396 3008 1490 3062 tibi
1518 3009 1725 3080 septies,
1760 3009 1851 3063 sed

252 3098 555 3171 septuagles
577 3098 784 3170 septies.
824 3094 958 3152 item
983 3096 1364 3168 interpretatio
1392 3095 1695 3151 nominum.
1727 3094 1848 3151 Pri-

256 3153 411 3247 mum
440 3153 660 3257 nomen,
681 3188 736 3244 id
760 3196 862 3256 est,
890 3195 1047 3259 pater
1073 3153 1272 3243 Abram
1296 3187 1682 3259 interpretatur
1701 3196 1849 3259 pater
1872 3153 1921 3216 θ

254 3281 530 3350 excelsus;
593 3279 868 3337 Abraham
907 3289 1058 3350 pater
1100 3278 1389 3334 maritarum
1438 3280 1846 3349 interpretatur,

255 3374 520 3432 subaudis
564 3372 826 3444 gentium,
875 3368 1147 3443 signiﬁcat
1188 3366 1504 3437 Christum,
1550 3371 1677 3440 quia
1733 3370 1850 3439 ipse

256 3466 401 3521 ﬁlios
432 3463 723 3520 multamm
748 3462 991 3535 gentium
1018 3460 1203 3527 habet,
1232 3467 1293 3515 ut
1317 3460 1517 3516 dicitur
1544 3478 1557 3513 :
1587 3458 1650 3515 Si
1674 3469 1847 3513 custo-

255 3559 451 3614 dierint
478 3555 581 3627 ﬁlii
607 3555 685 3611 tui
705 3554 865 3627 legem
888 3568 1076 3610 meum.
1104 3553 1254 3610 Isaac
1274 3556 1411 3609 risus
1433 3553 1843 3624 interpretatur,

255 3649 387 3720 quia
420 3648 542 3703 risit
584 3644 719 3702 Sara
752 3654 807 3701 et
849 3646 1128 3702 Abraham
1163 3660 1274 3715 pra:
1301 3644 1499 3716 gaudio
1520 3684 1536 3710 ,
1574 3643 1843 3716 signiﬁcat

256 3738 570 3806 Christum,
622 3746 683 3793 ut
718 3754 733 3793 :
773 3736 907 3794 Ecce
945 3738 1200 3794 annuntio
1249 3736 1393 3792 vobis
1442 3735 1693 3808 gaudium
1733 3746 1849 3790 mn-

256 3851 437 3906 gnum.
454 3832 623 3890 Iacob
644 3834 1030 3907 interpretatur
1054 3832 1442 3906 supplantator,
1456 3833 1581 3904 quia
1614 3841 1695 3889 ter
1722 3844 1846 3905 sup-

257 3924 525 3994 plantavit
565 3922 785 3980 fratrem
816 3940 995 3990 suum,
1024 3923 1202 3996 primo
1231 3938 1298 3979 ex
1334 3934 1490 3981 utero
1522 3923 1733 3989 matris,
1762 3934 1846 3979 sc-

257 4013 437 4072 cnndo
459 4028 560 4085 per
581 4013 810 4079 lentem,
842 4014 1000 4070 tertio
1026 4028 1126 4084 per
1160 4013 1601 4070 benedictionem
1627 4030 1641 4067 :
1674 4013 1843 4083 signi-

258 4104 390 4159 ﬁcat
442 4104 758 4170 Christum,
808 4105 937 4174 quia
988 4113 1071 4159 ter
1120 4104 1479 4175 supplantavit
1524 4103 1840 4160 diabolum:

257 4196 453 4268 primo,
489 4194 617 4250 Non
643 4195 699 4251 in
729 4195 841 4251 solo
870 4206 1005 4266 pane
1034 4196 1150 4251 vivit
1175 4196 1368 4262 homo;
1410 4194 1648 4251 secundo
1672 4210 1686 4248 :
1721 4193 1845 4250 Non

255 4288 479 4342 tentabis
526 4286 819 4341 Dominum
862 4285 1031 4341 Deum
1070 4295 1253 4353 tuum;
1303 4286 1509 4342 tertio:
1557 4284 1843 4340 Dominum

256 4379 425 4434 Deum
454 4389 609 4435 tuum"
634 4378 916 4444 adorabis;
945 4386 997 4434 et
1024 4377 1152 4434 alibi
1183 4397 1196 4433 ε
1231 4376 1401 4433 Nemo
1425 4387 1593 4450 potest
1617 4378 1843 4449 diripere

255 4488 384 4527 rasa
410 4471 581 4542 fortis,
616 4473 718 4527 nisi
749 4474 895 4544 prius
920 4471 1211 4543 alligaverit
1250 4465 1456 4543 fortem.
1507 4470 1674 4527 Judas
1712 4487 1840 4526 con-

260 4561 414 4630 fessio
444 4561 853 4634 interpretatur.
889 4561 981 4619 Sic
1012 4573 1187 4617 mater
1210 4560 1326 4631 ejus
1346 4562 1456 4617 ait:
1490 4562 1649 4617 Nunc
1670 4561 1840 4631 conﬂ-

260 4652 403 4707 tebor
451 4652 758 4718 Dominum,
809 4654 932 4725 quia
980 4651 1124 4708 dedit
1170 4652 1299 4706 mihi
1335 4660 1583 4723 quartum
1626 4648 1796 4719 ﬁliuni
1822 4668 1839 4715 ;

261 4742 528 4813 signiﬁcat
550 4742 849 4809 Christum,
885 4750 945 4798 ut
970 4741 1266 4813 Conﬁtebor
1308 4741 1421 4809 tibi,
1450 4739 1615 4796 Pater
1651 4741 1765 4795 cocti
1793 4753 1841 4796 et

260 4841 432 4887 teme.
484 4830 690 4888 Phares
742 4833 1133 4904 interpretatur
1177 4833 1365 4889 divisio
1408 4831 1493 4888 vel
1536 4831 1741 4898 divisit,
1782 4842 1844 4887 ut

262 4923 394 4979 dixit
420 4923 683 4979 obstetrix
715 4942 728 4977 :
764 4923 940 4991 Quare
964 4923 1187 4978 divisisti
1208 4921 1527 4988 maceriam;
1573 4921 1843 4994 Signiﬁcat

260 5012 554 5080 Christum,
579 5023 642 5068 ut
672 5030 685 5068 :
716 5014 923 5074 Statur:
957 5026 1072 5071 oves
1096 5030 1129 5069 α
1151 5013 1371 5080 dextris,
1398 5013 1576 5070 bardos
1606 5023 1782 5069 autem
1811 5032 1845 5068 a

261 5106 518 5171 sinistris;
556 5114 612 5161 et
645 5105 841 5160 dividet
869 5118 992 5159 eum
1034 5112 1351 5176 partemque
1377 5102 1494 5173 ejus
1526 5112 1691 5176 ponet
1719 5116 1843 5161 cum

262 5196 578 5266 hypocritis.
626 5194 765 5250 Sara
787 5196 961 5249 oriens
990 5194 1074 5249 vel
1106 5196 1377 5255 coccineus
1408 5195 1800 5265 interpretatur
1825 5212 1839 5248 :

262 5288 475 5353 oriens,
529 5287 657 5359 quia
711 5286 864 5356 prius
918 5286 1051 5341 oriri
1082 5286 1304 5351 debuit;
1347 5287 1664 5352 coccineus,
1714 5286 1840 5357 quia

260 5375 400 5433 ﬁlius
425 5376 714 5433 coccineus
752 5376 1003 5448 alligatus
1053 5384 1137 5432 est
1179 5375 1347 5449 digito
1383 5377 1530 5448 ejus;
1576 5376 1845 5448 signiﬁcat

259 5463 553 5535 Christum,
582 5478 662 5534 ut,
706 5465 944 5523 Visitavil
969 5484 1061 5523 nos
1081 5470 1254 5523 oriens
1276 5480 1343 5523 ea:
1364 5469 1506 5533 alto;
1532 5476 1589 5523 et
1615 5482 1631 5521 :
1664 5465 1842 5535 Quare

258 5560 471 5615 rubrum
497 5570 575 5616 est
595 5560 958 5616 indumentum
983 5571 1130 5616 tuum
1149 5561 1174 5615 ἶ)
1195 5558 1843 5632 Tltamarinte’rpretatur

254 5648 449 5720 palma,
481 5660 539 5706 et
567 5668 753 5705 nutare
773 5651 960 5721 fontes,
996 5652 1079 5705 vel
1108 5651 1331 5722 impetus
1362 5664 1381 5702 .'
1413 5651 1591 5721 patrna
1621 5662 1843 5722 propter

256 5738 562 5803 victoriam,
595 5741 721 5809 quis
751 5741 1034 5796 suscitavit
1072 5756 1254 5796 semen
1285 5741 1464 5796 mariti
1490 5741 1607 5802 sui;
1633 5756 1720 5797 am
1741 5757 1840 5809 :ra,

1957 1906 2175 1981 Nausea
2195 1912 2484 1980 uugurians
2516 1913 2599 1967 vel
2635 1926 2806 1985 augur
2833 1914 2985 1986 [ortis
3029 1918 3437 1989 interpretatur,
3472 1936 3538 1978 eo

1956 2003 2101 2071 quod
2118 2002 2287 2073 ipsius
2308 2010 2548 2074 tempore
2572 2007 2739 2076 ccepit
2761 2007 2921 2063 Israel
2944 2010 2997 2063 in
3027 2009 3262 2081 Egypto
3283 2012 3537 2083 augurari

1955 2099 2009 2144 et
2038 2090 2174 2145 idola
2207 2091 2435 2148 adcrare
2464 2111 2477 2147 :
2517 2093 2787 2166 signiﬁcat
2812 2096 3112 2165 Christum,
3130 2100 3256 2170 quia
3286 2102 3540 2174 auguria-

1955 2182 2114 2237 batur
2146 2182 2212 2237 de
2244 2182 2544 2254 praeterito,
2575 2193 2637 2240 ut
2664 2200 2680 2240 :
2712 2187 2978 2243 Abraham
3002 2199 3152 2260 pater
3176 2199 3339 2245 vester
3364 2192 3543 2246 exsul-

1953 2273 2082 2326 tavit
2107 2282 2163 2327 ut
2190 2273 2381 2329 rideret
2404 2274 2543 2330 diem
2566 2292 2771 2343 meum;
2809 2277 2876 2332 de
2899 2279 3154 2349 prtesenti
3180 2297 3194 2334 :
3237 2278 3434 2352 thnid
3456 2299 3543 2336 co-

1952 2363 2130 2432 gitatis
2155 2363 2296 2419 mala
2325 2365 2380 2419 in
2406 2363 2648 2421 cordibus
2680 2366 2903 2422 vestris?
2938 2369 3005 2425 de
3035 2369 3213 2425 futuro
3240 2387 3253 2424 :
3288 2370 3359 2424 Et
3386 2381 3542 2425 erunt

1954 2455 2188 2509 homines
2213 2455 2369 2510 sicuti
2396 2455 2572 2527 angeli
2596 2455 2714 2512 Dei.
2745 2455 2999 2514 Salomon
3024 2461 3409 2534 interpretatur
3428 2478 3543 2515 sen-

1953 2543 2120 2599 sibilis
2143 2545 2259 2601 sive
2280 2561 2485 2612 sensus,
2500 2560 2565 2602 ac
2595 2547 2714 2603 ideo
2738 2546 2912 2602 factus
2931 2558 3016 2605 est
3034 2551 3143 2605 dux
3170 2551 3330 2606 tribui
3353 2549 3535 2606 Judze:

1954 2632 2224 2703 Signiﬁcat
2251 2633 2559 2702 Christum,
2600 2645 2659 2691 ut
2686 2653 2700 2690 :
2735 2636 2867 2703 Quis
2894 2655 2973 2691 me
2999 2639 3205 2711 tetigit?
3238 2641 3403 2695 sentio
3432 2641 3537 2694 vir-

1954 2734 2115 2781 tutem
2143 2725 2208 2782 de
2233 2742 2314 2782 me
2332 2728 2520 2783 exisse.
2549 2726 2700 2785 Raab
2723 2730 3113 2803 interpretatur
3140 2729 3385 2798 latitudo,
3409 2733 3533 2802 quia

1952 2822 2105 2891 prius
2142 2822 2388 2879 dilatavit
2405 2833 2687 2896 peccatum
2722 2825 2906 2881 carnis
2936 2820 3047 2882 suae
3084 2835 3145 2882 ut
3175 2816 3452 2893 meretrix,
3482 2836 3540 2882 ct

1952 2920 2141 2983 postea
2174 2912 2458 2970 dilatatam
2497 2924 2579 2971 est
2611 2928 2782 2986 genus
2818 2911 2935 2984 ejus
2972 2916 3113 2972 inter
3151 2915 3292 2973 mios
3324 2917 3490 2974 Israel
3520 2936 3532 2971 :

1953 2998 2222 3073 signiﬁcat
2264 2998 2563 3061 Ecclesium
2608 3019 2707 3075 per
2734 3015 2902 3062 totum
2944 3007 3205 3062 mundum
3234 3006 3532 3068 dilatatam.

1954 3094 2096 3150 Boos
2125 3096 2512 3166 interpretatur
2530 3098 2586 3153 in
2613 3113 2716 3171 quo
2749 3099 2990 3156 robustus
3013 3099 3127 3157 sive
3147 3101 3204 3156 in
3240 3101 3359 3173 ipso
3376 3100 3534 3173 [orti—

1953 3184 2100 3253 tudo,
2128 3186 2219 3257 qui
2251 3186 2623 3245 fortitudinem
2653 3191 2801 3247 visus
2824 3199 2909 3248 est
2934 3191 3115 3249 facere
3133 3196 3351 3265 quando
3383 3210 3538 3252 acce~

1949 3278 2031 3349 pit
2054 3276 2200 3335 Ruth
2235 3289 2295 3336 ut
2346 3282 2637 3338 suscitaret
2683 3298 2866 3340 semen
2914 3285 3200 3362 propinqui
3246 3284 3352 3356 sui,
3389 3289 3534 3361 quod

1951 3364 2088 3424 alius
2116 3368 2200 3424 vir
2231 3368 2414 3425 lacere
2455 3370 2628 3427 noluit
2653 3390 2666 3426 :
2697 3372 2968 3442 signiﬁcat
2998 3374 3293 3442 Christum,
3323 3384 3384 3433 ut
3418 3395 3430 3433 :
3473 3376 3534 3435 Si

1948 3457 2209 3513 exaltatu‘s
2238 3458 2387 3530 fuero
2421 3476 2455 3515 a
2498 3470 2660 3527 terra,
2691 3464 2827 3518 viam
2873 3465 3081 3520 traham
3129 3476 3349 3522 mecum.
3381 3466 3533 3525 Obed

1952 3549 2341 3619 interpretatur
2377 3552 2624 3619 stridens,
2666 3567 2732 3609 eo
2758 3554 2901 3624 quod
2946 3553 3084 3611 bene
3118 3557 3343 3617 sonivit
3379 3554 3531 3615 Deo:

1948 3642 2217 3713 signiﬁcat
2242 3642 2540 3712 Christum,
2572 3652 2631 3700 ut
2654 3665 2667 3700 :
2694 3644 2868 3702 Filius
2898 3647 3124 3704 hominis
3145 3658 3249 3705 nan
3271 3651 3406 3706 venit
3435 3652 3535 3708 mi-

1949 3734 2182 3801 nistrari,
2208 3739 2297 3791 sed
2324 3736 2642 3792 ministrare.
2668 3737 2814 3795 Ruth
2839 3739 3228 3813 interpretatur
3248 3738 3528 3811 festinam,

1946 3839 2013 3881 eo
2051 3827 2193 3898 quod
2221 3828 2288 3886 de
2318 3838 2465 3884 terra
2494 3829 2669 3886 aliena
2700 3828 2974 3887 festinavit
3001 3816 3074 3888 ad.
3095 3832 3354 3907 populum
3381 3833 3478 3892 Dei
3512 3854 3526 3890 :

1947 3917 2213 3988 signiﬁcat
2264 3918 2586 3986 Ecclesium,
2631 3932 2752 3991 qua:
2798 3920 3073 3978 festinavit
3117 3923 3182 3983 ad
3229 3922 3528 3982 Christum.

1944 4006 2098 4064 Jesse
2141 4008 2529 4080 interpretatur
2550 4011 2603 4066 in
2636 4010 2742 4065 sole
2777 4010 3098 4082 sacriﬁcium
3119 4013 3203 4070 vel
3235 4017 3528 4085 incensum,

1946 4099 2013 4156 de
2033 4114 2140 4170 quo
2165 4101 2352 4170 genuit
2387 4101 2575 4168 ﬁlium,
2603 4103 2695 4173 qui
2738 4101 2941 4173 pluries
2970 4103 3299 4161 sacriﬁcium
3336 4107 3422 4162 vel
3449 4107 3533 4164 in-

1944 4204 2166 4248 censum
2195 4194 2306 4248 Deo
2334 4192 2531 4249 oﬁ'erre
2554 4195 2835 4251 constituit
2879 4213 2893 4250 :
2937 4197 3207 4268 signiﬁcat
3229 4196 3531 4268 Christum,

1944 4292 2004 4339 ut
2047 4302 2059 4337 :
2094 4284 2162 4338 In
2204 4285 2313 4340 sole
2347 4284 2520 4356 posuit
2561 4285 2956 4341 tabernaculum
2981 4304 3170 4354 suum;
3207 4296 3303 4343 et:
3344 4286 3528 4361 Ignem

1943 4376 2057 4430 veni
2102 4377 2304 4431 mittere
2343 4377 2402 4431 in
2447 4386 2662 4442 terram,
2703 4382 2752 4432 et
2796 4375 2923 4448 quid
2959 4375 3074 4431 volo
3108 4378 3212 4431 nisi
3240 4378 3295 4432 ut
3321 4379 3537 4436 ardeat?

1943 4465 2115 4521 David
2135 4465 2521 4538 interpretatur
2532 4465 2682 4537 {ortis
2696 4482 2855 4521 manu
2872 4465 2986 4523 sive
3001 4466 3384 4537 desiderabilis,
3399 4471 3528 4541 quia

1948 4555 2079 4612 vicit
2098 4556 2330 4634 Goliam,
2346 4564 2401 4612 et
2420 4556 2676 4628 diligebat
2689 4571 2814 4613 eum
2836 4557 3013 4614 omnis
3033 4557 3229 4615 Israel:
3258 4561 3532 4636 signiﬁcat

1946 4646 2242 4714 Christum,
2258 4655 2317 4703 ut
2334 4665 2346 4701 :
2366 4646 2621 4702 Dominus
2633 4646 2787 4717 [ortis
2798 4656 2847 4701 et
2859 4655 3064 4718 potem,
3080 4648 3335 4707 Dominus
3344 4663 3529 4726 potens

1946 4741 2000 4793 in
2023 4738 2247 4810 prwlio;
2275 4746 2330 4795 et
2355 4755 2369 4792 :
2403 4737 2538 4792 Ecce
2564 4738 2726 4793 veniet
2750 4736 3110 4796 desiderabilis
3139 4744 3338 4798 cunctis
3359 4746 3531 4817 genti-

1946 4829 2063 4884 bus.
2080 4827 2381 4884 Bethsabee
2393 4827 2784 4898 interpretatur
2797 4828 2911 4900 filia
2924 4829 3221 4901 j_uramenti
3243 4832 3321 4890 vel
3339 4845 3528 4907 puteus

1945 4918 2232 4972 satietatis:
2250 4916 2519 4989 signiﬁcat
2537 4912 2756 4991 Legem,
2775 4934 2892 4989 qua:
2906 4920 3094 4991 juncta
3110 4929 3194 4979 est
3208 4924 3299 4981 alii
3319 4926 3456 4997 viro,
3473 4929 3530 4987 id

1945 5019 2032 5065 est
2048 5007 2289 5075 Christo,
2324 5016 2448 5081 post
2469 5019 2702 5067 mortem
2724 5011 2825 5067 viri
2843 5013 2948 5081 sui,
2972 5015 3024 5071 id
3051 5027 3133 5072 est
3154 5027 3275 5089 post
3297 5029 3530 5080 mortem

1942 5099 2134 5171 M‘oys‘i.
2174 5100 2336 5158 Urias
2355 5101 2451 5157 lux
2474 5118 2591 5160 mea
2615 5100 2754 5161 Deus
2785 5105 3175 5178 interpretatur
3202 5125 3218 5166 :
3254 5113 3531 5187 signiﬁcat

1945 5190 2187 5263 Moysen,
2211 5194 2353 5249 sicut
2378 5209 2540 5266 supra
2565 5194 2821 5253 diximus.
2836 5197 3103 5268 ,Salomon
3131 5202 3526 5276 interpretatur

1940 5283 2297 5371 paciﬁcusteo
2322 5287 2464 5357 quod
2485 5286 2633 5345 dedit
2659 5284 2733 5345 illi
2758 5292 2902 5349 Deus
2918 5309 3105 5365 pacem
3127 5296 3181 5350 in
3210 5273 3414 5370 regno:
3449 5273 3539 5357 si-I

1944 5375 2165 5448 gniﬁcat
2187 5378 2461 5436 Christum
2494 5399 2507 5437 :
2537 5381 2659 5454 Ipse
2679 5394 2753 5439 est
2778 5375 2915 5440 enim
2940 5403 3048 5459 pan:
3068 5392 3380 5463 nostra,qui
3404 5391 3529 5467 fecit

1948 5485 2168 5546 utraque
2208 5492 2387 5531 unum.
2433 5471 2676 5534 Roboam
2734 5479 3124 5551 interpretatur
3164 5481 3393 5542 latitudo
3440 5486 3531 5545 vel

1946 5566 2166 5636 impetus
2201 5567 2381 5639 populi
2424 5585 2522 5640 per
2554 5572 2911 5643 antiphrasim
2931 5614 2947 5639 ,
2974 5589 3042 5631 eo
3071 5576 3211 5645 quod
3240 5592 3529 5651 angustum

1951 5670 2195 5726 regnum,
2223 5657 2276 5712 id
2302 5668 2385 5713 est
2417 5676 2640 5731 parvum
2671 5663 2879 5730 habuit,
2918 5664 2999 5721 vel
3025 5680 3090 5721 eo
3111 5667 3255 5735 quod
3280 5670 3529 5729 undecim

1953 5747 2123 5803 tribus
2147 5763 2205 5804 se
2240 5749 2537 5809 diviserunt
2574 5771 2604 5808 a
2649 5769 2814 5827 regno
2841 5755 2958 5826 ejus
2995 5771 3010 5811 :
3055 5757 3327 5829 signiﬁcat
3368 5763 3530 5821 Chri-
