3950 6184
211 350 315 406 465

1282 335 1588 398 ιιοΜιιιεΕ
1626 338 1693 395 IN
1732 337 1987 396 EVANG.
2027 340 2114 397 ET
2155 339 2375 396 EPIST.

3389 339 3499 397 εδει

213 467 474 519 testantes
507 456 574 511 de
599 455 755 521 Filio,
786 462 841 533 et
869 453 993 523 quia
1033 465 1192 507 nemo
1227 452 1472 507 ascendit
1497 450 1564 505 ad
1595 450 1811 505 Patrem
1845 453 1889 512 Α
1918 465 2015 520 per
2053 449 2224 522 legem
2272 448 2415 505 facta
2446 458 2547 504 est.
2573 449 2629 505 Si
2659 451 2803 505 enim
2834 449 2920 505 lex
2951 450 3130 520 impiis
3157 459 3211 505 et
3244 462 3502 522 peccato.

212 551 314 607 nisi
358 556 483 618 post
536 545 886 615 baptismum.
940 542 1052 599 Cur
1113 540 1401 597 Matthaeus
1456 536 1813 611 quadraginta

212 643 346 697 duos
386 637 569 710 posuit
597 637 664 690 ab
691 635 967 690 Abraham
1011 648 1186 704 usque
1215 633 1282 687 ad
1311 630 1610 695 Christum,
1643 631 1815 687 Lucas

210 745 340 787 vero
368 728 760 800 quinquaginta
789 725 1032 796 septem?
1072 725 1195 780 Ideo
1230 724 1356 795 quia
1379 723 1677 778 illatthzeus
1699 739 1815 778 ma-

210 821 352 892 jores
388 819 656 876 Dominici
704 818 939 891 generis,
986 816 1164 871 Lucas
1210 830 1341 870 vero
1375 815 1565 872 ordine
1614 813 1666 867 id
1718 830 1818 884 per

213 913 557 982 aloptionem
610 907 974 981 generationis
1013 908 1207 962 texuit.
1248 905 1358 962 Cur
1391 906 1677 962 Matthzcus
1717 922 1817 977 per

214 1002 582 1066 Salomonem,
611 1000 785 1054 Lucas
814 1014 915 1069 per
940 996 1174 1062 Nathan,
1212 996 1582 1068 genealogiam
1610 997 1817 1052 texuit?

215 1094 334 1150 Ideo
364 1103 424 1149 ut
456 1107 555 1165 per
578 1092 812 1163 regalem
838 1075 896 1146 et
935 1090 1322 1146 sacerdotalem
1370 1088 1629 1144 familiam
1659 1087 1818 1143 Chri-

216 1188 279 1245 sti
315 1187 673 1242 ostenderent
711 1184 1116 1256 generationem
1147 1201 1161 1237 :
1193 1183 1319 1253 quia
1361 1182 1450 1237 ille
1489 1180 1587 1237 fuit
1620 1196 1816 1236 secun-

215 1278 337 1333 dum
369 1291 593 1331 carnem
624 1290 721 1329 rex
767 1287 835 1328 ex
879 1272 1121 1343 regibus,
1167 1278 1224 1326 et
1250 1271 1505 1347 sacerdos
1533 1285 1598 1325 ex
1629 1285 1814 1325 sacer-

215 1370 461 1433 dotibus;
516 1375 579 1421 ut
616 1384 631 1420 :
673 1365 813 1419 Deus
842 1364 1109 1434 judicium
1150 1369 1298 1416 tuum
1341 1363 1450 1433 regi
1491 1362 1594 1427 da;
1637 1361 1763 1415 item
1798 1379 1811 1415 :

217 1458 289 1513 Tu
338 1476 396 1514 es
433 1457 682 1513 sacerdos
732 1455 787 1509 in
824 1464 1098 1510 (sternam.
1150 1452 1263 1509 Cur
1293 1453 1576 1509 Matthtens
1626 1452 1817 1508 dividit

214 1549 592 1619 generationes
639 1547 784 1601 inter
836 1544 1283 1614 quatuordecim?
1349 1543 1473 1601 Ideo
1520 1553 1582 1599 ut
1634 1552 1817 1599 osten-

214 1639 364 1693 deret
411 1637 754 1709 patriarchas
797 1634 867 1690 ab
894 1635 1166 1691 Abraham
1219 1648 1392 1705 usque
1430 1635 1497 1690 ad
1527 1635 1716 1701 David,
1758 1643 1815 1692 et

215 1743 364 1800 reges
395 1744 427 1782 a
458 1727 628 1783 David
653 1742 826 1796 usque
849 1727 916 1781 ad
945 1726 1473 1795 transmigrationem
1501 1726 1809 1798 Babylonis,

1918 543 2067 597 ribus
2095 542 2292 611 posita,
2322 542 2509 611 utique
2538 540 2683 595 Ruth
2710 556 2831 611 quze
2857 540 3224 597 definitionem
3250 541 3386 615 legis
3416 559 3503 599 ex-

1917 636 2099 701 cessit,
2145 635 2367 689 intravit
2415 636 2469 689 in
2500 634 2814 690 Ecclesiam.
2869 634 2937 689 Et
2975 650 3074 689 cur
3115 634 3399 691 Matthreus
3428 653 3511 707 σεε

1916 726 2029 780 nuit
2058 740 2288 794 semper,
2337 725 2512 780 Lucas
2540 741 2667 780 vero
2717 725 2818 793 fuit
2845 725 3015 780 dicit?
3042 724 3178 793 Quia
3232 725 3514 782 Mattineus

1917 819 1982 873 de
2033 820 2382 890 generatione
2430 818 2647 887 propria
2691 817 2848 884 dixit,
2902 817 3080 873 Lucas
3110 816 3175 873 de
3225 818 3514 888 adoptione

1916 907 2207 978 plurimum
2230 908 2384 962 dixit.
2418 907 2550 962 Item
2576 906 2859 962 Matthmus
2887 909 2978 977 qui
3011 908 3173 975 titius,
3203 925 3343 965 nunc
3369 910 3512 964 idem

1913 1007 2099 1067 postea
2131 1007 2316 1069 pater;
2365 998 2541 1053 Lucas
2580 983 2735 1063 vero,
2790 999 2884 1069 qui
2931 1009 3083 1069 pater
3122 1009 3223 1068 est,
3280 1018 3424 1057 nunc
3453 1003 3514 1056 ti-

1918 1089 2022 1145 tius
2049 1098 2133 1145 est
2159 1089 2383 1160 postea?
2405 1086 2516 1144 Cur
2541 1088 2717 1144 Lucas
2750 1097 2981 1157 quatuor
3023 1091 3238 1144 nomina
3295 1100 3504 1145 tantum

1915 1181 1984 1237 de
2007 1181 2335 1250 patriarcbis
2364 1180 2418 1235 in
2460 1180 2771 1251 genealogia
2815 1180 3014 1249 posuit,
3060 1180 3246 1247 Iudas,
3289 1180 3509 1250 Ioseph,

1915 1269 2156 1335 Simeon,
2188 1270 2354 1325 Levi?
2379 1269 2610 1340 Propter
2654 1269 2881 1339 figurant
2913 1287 2925 1323 :
2960 1273 3013 1324 in
3061 1268 3197 1324 Iuda
3249 1271 3390 1325 enim
3424 1272 3514 1328 illo

1915 1365 2212 1433 superiore,
2246 1364 2541 1419 Dominica':
2589 1363 2855 1432 passionis
2888 1366 3203 1436 mysterium
3236 1367 3513 1437 signiﬁca-

1916 1463 2033 1520 tur;
2068 1456 2121 1509 in
2172 1452 2371 1524 Ioseph
2422 1455 2691 1509 castitatis
2735 1454 3074 1524 exemplum;
3130 1456 3183 1511 in
3234 1455 3510 1522 Simeone,

1912 1544 2146 1599 vindicta
2176 1544 2288 1600 laesi
2317 1545 2569 1614 pudoris;
2623 1546 2679 1600 in
2708 1544 2856 1610 Levi,
2910 1546 3143 1602 otIicium
3190 1549 3508 1604 sacerdotis.

1911 1634 2024 1691 Cur
2064 1634 2311 1690 Christus
2358 1651 2465 1690 non
2508 1637 2573 1691 de
2625 1636 2730 1690 alia
2783 1638 2925 1693 tribu
2973 1638 3120 1693 nasci
3172 1639 3355 1703 voluit,
3407 1641 3515 1697 nisi

1912 1727 1979 1783 de
2028 1726 2163 1782 Iuda
2224 1727 2471 1782 tantum?
2511 1725 2650 1794 Quia
2704 1736 2931 1797 quartus
2978 1728 3079 1785 fuit
3132 1731 3275 1786 ﬁlius
3322 1729 3509 1787 Iacob.

214 1829 263 1874 et
319 1834 549 1889 regnum
610 1825 795 1887 postea
843 1833 875 1871 a
903 1815 1101 1872 Iudicis
1147 1816 1464 1871 discessisse
1516 1831 1688 1887 usque
1740 1817 1807 1871 ad
1840 1803 1883 1863 Β
1911 1818 2034 1873 Ideo
2085 1818 2211 1889 quia
2240 1818 2428 1873 Ruben
2475 1819 2764 1874 maculavit
2805 1827 3035 1874 stratum
3083 1821 3275 1891 patris,
3311 1822 3513 1892 grande

216 1910 511 1967 Christum.
562 1909 689 1965 Ideo
725 1909 901 1965 Lucas
936 1907 1322 1979 quinquaginta
1361 1915 1567 1977 septem
1604 1907 1673 1962 ab
1697 1906 1810 1963 Ab-

207 2003 399 2058 raham
454 2014 629 2071 usque
675 2001 745 2056 ad
798 1999 1098 2065 Christum,
1146 2007 1205 2053 ut
1234 1998 1549 2053 ostenderet
1594 2000 1809 2054 numeri

214 2092 644 2167 quinquagesimi
694 2092 1015 2164 mysterium
1047 2090 1104 2145 in
1141 2090 1325 2145 Veteri
1362 2097 1419 2145 et
1445 2087 1596 2145 Novo
1622 2089 1812 2145 Testa-

215 2199 416 2255 mento,
465 2186 561 2258 qui
615 2187 682 2241 ad
736 2186 1109 2256 pmnitentiam
1152 2185 1441 2255 pertinet:
1485 2193 1540 2240 et
1594 2185 1810 2255 septimi

216 2278 417 2334 umeri
450 2277 548 2348 qui
580 2276 819 2348 pertinet
847 2276 919 2332 ad
959 2275 1232 2332 hominem
1266 2282 1572 2345 septenum,
1622 2274 1809 2340 idest,

216 2368 373 2424 corde
420 2375 482 2423 et
526 2368 734 2432 anima,
777 2374 833 2421 et
879 2375 1080 2431 mente,
1120 2373 1174 2422 et
1211 2374 1378 2431 terra,
1440 2373 1494 2421 et
1544 2380 1707 2435 aqua,
1755 2371 1813 2419 et

217 2461 353 2531 igne,
423 2467 484 2515 et
531 2474 675 2513 aere.
731 2458 905 2513 Lucas
950 2474 984 2512 a
1035 2456 1253 2513 Christo
1298 2456 1368 2512 ad
1418 2456 1591 2511 Adam
1639 2455 1809 2520 ducit,

218 2549 508 2605 ostendens
560 2547 700 2618 quod
738 2547 1154 2618 per‘Christum
1204 2560 1373 2618 genus
1404 2546 1546 2600 ‘Adce
1584 2543 1812 2600 solvitur

218 2655 246 2693 a
273 2648 529 2710 peccato;
562 2640 675 2694 sive
725 2638 867 2708 quod
912 2654 981 2693 ex
1013 2636 1231 2694 Christo
1276 2643 1475 2693 exeunt
1509 2635 1603 2707 qui
1647 2635 1811 2692 rede-

218 2738 311 2784 unt
358 2729 430 2784 ad
477 2728 717 2783 Patrem.
762 2726 895 2799 Item
944 2726 1073 2797 quid
1110 2724 1379 2797 significat
1426 2740 1525 2795 per
1576 2734 1810 2795 quatuor

215 2835 408 2890 genera
447 2819 638 2874 venire
686 2819 754 2874 ad
808 2818 1109 2884 Christum,
1162 2818 1267 2872 nisi
1322 2816 1505 2884 ﬁdem,
1554 2831 1704 2888 spem
1755 2824 1810 2871 et

216 2910 573 2966 charitatem?
618 2910 745 2980 quid
778 2924 874 2980 per
898 2896 1306 2980 quatuordecim
1339 2908 1443 2964 nisi
1476 2909 1663 2965 decem
1688 2922 1811 2963 ver-

213 3001 273 3053 ba
310 2999 450 3070 legis
484 3008 541 3054 et
587 3007 818 3069 quatuor
863 2986 1088 3053 virtutes
1137 2995 1365 3051 anima}?
1409 2994 1614 3062 Prima,
1670 3011 1810 3067 pru-

213 3091 413 3156 dentia,
466 3090 677 3147 servire
714 3091 847 3157 Deo,
898 3104 1006 3145 non
1060 3088 1246 3155 idolis;
1297 3088 1552 3155 secunda,
1608 3095 1813 3159 tempe-

213 3184 407 3248 rantia,
444 3197 555 3237 non
586 3180 1003 3250 concupiscere;
1034 3181 1215 3247 tertia,
1246 3178 1481 3249 iustitia,
1510 3194 1619 3235 non
1660 3179 1813 3235 adul-

213 3274 404 3338 terari;
450 3280 669 3343 quarta,
722 3269 1001 3336 fortitudo,
1044 3271 1336 3337 dimittere,
1391 3286 1498 3326 non
1537 3271 1808 3327 occidere.

214 3358 336 3418 Item
377 3363 585 3434 septies
611 3362 788 3419 sexies
819 3369 914 3416 aut
958 3377 1052 3416 sex
1081 3362 1281 3431 septies
1334 3362 1684 3432 quadraginta
1706 3363 1813 3418 duo

216 3450 363 3507 ﬁunt.
412 3452 564 3507 Idem
619 3451 917 3507 secundum
960 3449 1273 3505 Matthzeum
1311 3450 1587 3520 signiﬁcat
1618 3449 1807 3505 Eccle-

214 3541 367 3608 siam,
438 3556 564 3596 cum
621 3549 827 3611 septem
882 3539 1040 3595 donis
1094 3539 1330 3610 Spiritus
1378 3540 1552 3595 sancti
1605 3539 1812 3597 scilicet

212 3629 567 3684 laborantem.
592 3630 722 3685 Item
749 3630 793 3684 si
812 3629 865 3683 in
893 3629 1160 3686 crescenti
1192 3644 1418 3685 numero
1438 3645 1565 3694 uno,
1582 3629 1809 3694 duobus,

213 3722 404 3788 tribus,
434 3730 687 3793 quatuor,
715 3720 900 3792 iungis
945 3722 1045 3777 hos
1073 3721 1254 3785 simul,
1287 3722 1475 3776 decem
1514 3720 1670 3786 ﬁunt,
1718 3717 1811 3789 qui

211 3810 481 3883 signiﬁcat
526 3810 725 3883 Legem
776 3818 1013 3865 veterem
1059 3810 1113 3865 in
1153 3810 1328 3879 gratia
1375 3809 1649 3881 Evangelii
1690 3824 1811 3866 esse

211 3902 628 3973 adimplendam.
668 3901 772 3957 Per
811 3915 979 3956 unum
1019 3900 1164 3955 enim
1212 3899 1384 3971 legem
1433 3907 1671 3966 naturae;
1712 3914 1812 3970 per

209 3991 332 4058 duo,
393 3991 565 4064 legem
613 3991 819 4062 Moysi;
868 4006 966 4062 per
1010 3990 1136 4055 tria,
1169 3989 1342 4062 legem
1389 3992 1808 4062 prophetarum;

207 4097 303 4151 per
349 4091 607 4153 quatuor,
647 4083 876 4153 gratiam
929 4081 1226 4153 Evangelii.
1269 4080 1422 4137 Sicut
1453 4082 1596 4137 enim
1629 4083 1698 4138 ab
1725 4082 1809 4137 his

206 4177 510 4245 procedunt
536 4177 743 4243 decem,
793 4178 935 4233 sicut
979 4176 1115 4231 dixit
1159 4185 1270 4232 tota
1310 4175 1421 4232 Lex
1454 4178 1506 4232 in
1546 4178 1630 4233 his
1668 4193 1805 4247 qua-

209 4278 328 4325 tuor
356 4270 638 4341 Evangelii
686 4269 1010 4340 adimpletur
1033 4268 1116 4323 vel
1147 4268 1203 4323 in
1238 4278 1475 4339 quatuor
1518 4269 1809 4324 virtutibus

206 4359 426 4414 animm.
476 4358 612 4414 Item
653 4374 752 4428 per
787 4357 896 4413 duo
940 4357 1032 4427 qui
1076 4366 1362 4413 remanent
1403 4366 1525 4429 post
1573 4360 1807 4428 quadra—

203 4448 376 4517 ginta,
428 4448 473 4503 si
520 4445 837 4503 Iechoniam
884 4447 969 4504 bis
1020 4449 1422 4513 numeraveris;
1471 4450 1554 4505 sin
1598 4458 1803 4517 autem,

1910 1908 2088 1964 scelus
2134 1908 2206 1963 ibi
2255 1909 2543 1963 commisit.
2586 1908 2828 1974 Simeon,
2881 1918 2936 1965 et
2961 1910 3089 1965 Levi
3128 1911 3516 1967 interfecerunt

1910 1997 2157 2052 homines
2197 1996 2453 2068 paciﬁcos
2503 1996 2703 2052 Sichen
2732 2006 2787 2052 et
2824 1999 3007 2064 Emor,
3064 1999 3130 2054 de
3168 1999 3363 2068 quibus
3418 2014 3515 2068 pa-

1912 2097 1995 2143 ter
2042 2088 2120 2142 ait
2156 2087 2457 2143 :Odiosum
2507 2104 2590 2143 me
2633 2087 2830 2158 fecistis
2879 2087 3216 2144 Chanamris.
3266 2090 3336 2144 Et
3389 2089 3510 2146 ideo

1911 2194 2018 2235 non
2050 2178 2267 2235 fuerunt
2293 2178 2439 2250 digni
2485 2188 2547 2235 ut
2574 2186 2758 2235 essent
2784 2188 2970 2250 patres
2995 2178 3218 2237 Christi.
3268 2181 3393 2236 Fuit
3420 2198 3515 2236 au-

1910 2278 2023 2327 tem
2072 2270 2142 2326 de
2170 2270 2316 2326 tribu
2343 2267 2504 2336 Iuda,
2555 2271 2649 2340 qui
2676 2279 2906 2341 quartus
2952 2281 3037 2329 est
3074 2271 3247 2339 ﬁlius,
3298 2274 3431 2344 quia
3458 2275 3514 2331 in

1911 2370 2106 2433 quarta
2156 2362 2292 2432 lege,
2341 2362 2396 2416 id
2424 2369 2506 2417 est
2533 2362 2708 2433 gratia
2755 2362 3054 2434 Evangelii,
3105 2365 3254 2419 venit
3279 2379 3379 2420 nos
3429 2380 3515 2419 rc-

1910 2456 2139 2513 dimere.
2190 2456 2303 2513 Cur
2350 2455 2599 2515 Christus
2644 2473 2743 2528 per
2791 2459 3095 2524 mulierem,
3155 2468 3209 2515 et
3262 2474 3366 2513 non
3416 2475 3512 2528 per

1912 2548 2456 2615 aliam'creaturam,
2507 2550 2695 2606 venire
2730 2546 2980 2620 dignatus
3026 2551 3143 2606 est?
3191 2551 3327 2617 Quia
3358 2565 3512 2604 mun-

1912 2640 2014 2695 dus
2048 2654 2145 2711 per
2194 2640 2476 2696 mulierem
2506 2640 2692 2711 periit,
2747 2649 2895 2697 recte
2937 2649 3143 2697 eratut
3178 2656 3275 2714 per
3318 2640 3510 2695 mulie-

1912 2746 2028 2785 rem
2080 2738 2534 2801 recuperaretur;
2569 2738 2630 2785 ut
2672 2729 2965 2786 Sedulius:

2100 2840 2221 2906 Sola
2240 2839 2331 2891 fuit
2350 2840 2527 2906 mulier
2550 2846 2706 2906 patuit
2722 2856 2817 2906 qua
2834 2844 2983 2906 ianua
3019 2843 3177 2904 letho,

2159 2902 2223 2973 Et
2238 2916 2335 2964 qua
2358 2904 2452 2951 vita
2479 2902 2615 2956 redit
2629 2902 2851 2954 sola‘t'utt
2872 2906 3069 2955 mulier.

1912 2984 2048 3047 Item
2096 3008 2196 3063 per
2238 3004 2470 3064 quatuor
2512 2995 2613 3052 fuit
2649 2998 2881 3069 perditio
2916 2998 3102 3053 mundi
3133 3015 3146 3052 :
3178 3013 3277 3069 per
3319 2997 3513 3054 mulie-

1917 3096 2055 3148 rem,
2105 3098 2205 3153 per
2234 3086 2432 3152 virum,
2486 3102 2583 3158 per
2630 3088 2856 3160 lignum,
2892 3104 2989 3159 per
3033 3098 3369 3159 serpentem;
3417 3105 3515 3162 per

1839 3148 1884 3213 C
1915 3148 2147 3241 quatuor
2169 3148 2511 3229 restauratur
2540 3190 2555 3230 :
2581 3148 2951 3247 pervblariam,
2972 3195 3070 3251 per
3098 3148 3395 3247 Christum,
3417 3148 3515 3251 per

1915 3275 2155 3328 crucem,
2200 3278 2300 3333 per
2326 3262 2545 3335 Ioseph.
2574 3266 2711 3333 Quia
2739 3282 2960 3338 serpens
3002 3270 3093 3340 qui
3126 3268 3227 3325 fuit
3259 3271 3313 3325 in
3348 3270 3518 3327 Israel

1914 3348 2189 3405 Christum
2232 3351 2521 3423 signiﬁcat.
2576 3354 2695 3425 Ipse
2748 3358 2813 3412 de
2842 3372 2950 3412 tere
3002 3357 3179 3414 factus
3227 3368 3331 3426 est,
3386 3376 3510 3416 eum

1914 3448 2148 3509 quatuor
2179 3444 2445 3510 rotundis,
2495 3453 2550 3500 et
2577 3445 2821 3501 elevatur
2854 3448 2909 3502 in
2946 3457 3108 3518 caput
3142 3450 3306 3521 virgae
3344 3460 3402 3506 ut
3431 3457 3506 3505 vi-

1911 3531 2105 3587 derent
2145 3530 2316 3599 illum,
2367 3541 2422 3589 et
2450 3534 2699 3607 fugerent
2739 3538 2993 3594 animalia
3041 3540 3239 3595 deserti
3280 3557 3391 3611 pra:
3437 3543 3508 3595 ti-

1913 3636 2063 3676 more
2106 3631 2347 3679 rotarum
2381 3642 2393 3679 :
2425 3633 2481 3680 et
2508 3627 2588 3682 sic
2607 3629 2975 3699 unusquisque
2995 3638 3221 3684 sanatur
3255 3632 3299 3685 si
3332 3632 3539 3702 inspe»

1911 3710 2052 3766 xerit
2092 3714 2417 3781 pendentem
2458 3715 2511 3770 in
2540 3718 2714 3788 capite
2761 3719 2946 3790 virgae,
2985 3720 3037 3775 id
3091 3728 3175 3773 est
3225 3721 3277 3775 iu
3320 3736 3505 3777 cruce.

1912 3798 2098 3856 Timor
2124 3809 2384 3868 rotarum,
2419 3804 2582 3861 timor
2608 3808 3047 3877 praedicationum
3079 3818 3311 3880 quatuor
3329 3812 3508 3871 Evan-

1909 3890 2205 3961 geliorum;
2252 3902 2308 3948 et
2340 3894 2420 3949 sic
2453 3894 2658 3965 fugient
2684 3899 2960 3967 animalia,
3013 3901 3067 3956 id
3093 3910 3203 3967 est,
3232 3902 3505 3957 daemones

1909 3980 1995 4035 vel
2044 3978 2419 4052 cogitationes,
2464 3987 2531 4041 de
2580 3989 2833 4044 cordibus
2867 3991 3087 4046 nostris.
3136 3990 3271 4048 Item
3317 3992 3510 4050 botrus

1908 4073 2000 4142 qui
2026 4076 2345 4143 portabatur
2377 4077 2428 4131 in
2459 4079 2731 4135 desertum
2778 4097 2808 4135 a
2835 4083 3045 4138 duobus
3069 4085 3205 4140 viris
3234 4086 3286 4139 in
3315 4095 3463 4142 veste
3487 4102 3513 4141 ι

1906 4165 2099 4221 hotrus
2149 4165 2401 4225 Christus
2447 4180 2552 4237 est,
2582 4172 2689 4228 duo
2738 4174 2838 4229 viri
2866 4174 3035 4232 Iudwi
3065 4185 3121 4230 et
3149 4185 3357 4247 gentes.
3399 4178 3504 4244 Qui

1907 4267 2031 4314 ante
2079 4260 2210 4327 ibat,
2246 4270 2303 4317 et
2330 4264 2546 4320 dorsum
2595 4267 2664 4321 ad
2709 4269 2921 4324 botrum
2978 4272 3239 4336 vertebat,
3286 4270 3512 4327 Iudteos

1905 4349 2193 4419 signiﬁcat,
2232 4353 2323 4423 qui
2349 4355 2672 4411 videbantur
2700 4358 2908 4411 anteire
2935 4359 2990 4412 in
3016 4358 3158 4428 Lege
3180 4368 3234 4414 et
3261 4362 3495 4429 prophe-

1906 4437 1996 4503 tis,
2032 4438 2293 4497 habentes
2325 4445 2574 4499 mandata
2614 4446 2733 4510 Dei,
2763 4455 2816 4499 et
2841 4447 3036 4515 quibus
3057 4448 3356 4516 promissus
3381 4459 3499 4505 erat

204 4510 307 4593 auo
358 4510 710 4593 Testamenta
741 4537 1007 4608 signiﬁcat,
1039 4557 1053 4592 ;
1083 4510 1426 4607 ευνενθχειεί
1453 4538 1681 4609 primus,
1712 4510 1807 4610 qui
1832 4510 1881 4569 D
1910 4526 2159 4586 Christus
2190 4551 2201 4562 '
2228 4548 2356 4604 ergo
2401 4534 2653 4589 viderunt
2692 4534 2840 4589 illum
2856 4510 2931 4589 -ll]
2959 4510 3106 4591 νθεῖε
3155 4540 3495 4607 pendentem,

202 4626 486 4682 Christum
524 4626 816 4698 signiﬁcat,
864 4628 955 4698 qui
984 4634 1068 4682 est
1113 4642 1276 4696 super
1308 4642 1516 4682 omnes.
1552 4627 1683 4682 Item
1712 4645 1808 4700 per

1911 4619 2013 4674 hoc
2039 4629 2123 4675 est
2151 4621 2205 4675 in
2233 4638 2417 4689 cruce,
2454 4624 2670 4679 dorsum
2702 4641 2808 4681 non
2844 4624 3034 4682 faciem
3069 4639 3370 4686 verterunt.
3396 4633 3499 4699 Qui

201 4716 621 4785 quatuordceim
660 4725 744 4770 ter
777 4715 934 4771 ﬁdem
966 4725 1163 4772 sancta:
1208 4715 1490 4773 Trinitatis
1518 4718 1804 4787 signiﬁcat,

201 4810 290 4876 qni
342 4817 436 4863 est
503 4805 775 4863 funiculus
850 4807 1043 4878 triplex
1107 4809 1199 4879 qui
1248 4807 1460 4864 ditilcile
1515 4812 1803 4880 rumpitur.

202 4897 330 4954 Item
384 4899 682 4953 secundum
730 4898 929 4954 Lucam
975 4900 1312 4970 septuaginta
1361 4900 1415 4955 in
1467 4909 1691 4971 septem.
1745 4902 1805 4957 In

199 4990 298 5046 hoc
338 5006 573 5045 numero
619 4998 746 5045 sunt
790 4990 1039 5046 undecim
1083 4993 1315 5063 septies;
1361 5008 1459 5063 per
1487 4994 1672 5048 decem
1716 4993 1797 5048 Ie-

195 5094 313 5150 gem
347 5078 645 5151 signiﬁcat,
690 5088 745 5136 et
773 5095 872 5150 per
914 5096 1083 5136 unum
1113 5083 1207 5151 qui
1262 5097 1425 5151 super
1471 5082 1660 5137 decem
1710 5099 1798 5139 re-

194 5184 408 5241 manet,
439 5184 908 5247 transgressorem-
933 5176 1067 5249 legis
1115 5176 1386 5248 signiﬁcat
1411 5192 1427 5232 :
1458 5192 1556 5248 per
1588 5188 1792 5248 septem

193 5265 476 5322 hominem
510 5267 603 5338 qui
652 5278 905 5338 septenus
937 5277 1021 5324 est
1064 5268 1347 5340 signiﬁcat.
1383 5268 1452 5324 Et
1501 5268 1587 5324 ille
1614 5269 1705 5339 qui
1737 5269 1790 5324 in

191 5358 291 5413 hoc
337 5373 576 5415 numero
615 5358 787 5430 legem
816 5359 1234 5432 transgreditur,
1282 5369 1429 5417 recte
1456 5372 1576 5416 erat
1609 5372 1669 5417 ut
1694 5377 1792 5433 per

186 5449 448 5503 eumdem
487 5464 773 5504 numerum
810 5450 1185 5506 redimeretur.
1238 5450 1346 5505 Cur
1386 5450 1528 5506 Ruth
1561 5451 1791 5507 Moabita

183 5538 236 5593 In
276 5540 603 5612 genealogia
644 5541 855 5597 Domini
901 5542 1140 5612 ponitur,
1191 5558 1313 5597 cum
1359 5542 1613 5614 legatur:
1647 5543 1794 5598 Moa-

183 5631 313 5687 bitae
347 5648 461 5687 non
500 5633 780 5689 intrabunt
808 5634 863 5689 in
902 5632 1201 5690 Ecclesium
1242 5632 1337 5688 Dei
1367 5649 1536 5703 usque
1584 5633 1638 5687 in
1686 5649 1789 5689 sa:-

143 5710 156 5735 ’
179 5722 412 5778 culum?
437 5722 561 5777 [vim
588 5725 715 5784 quia
764 5733 945 5778 sancta
976 5732 1030 5778 et
1056 5722 1403 5778 immaculata
1429 5723 1672 5780 moribus
1696 5740 1785 5780 su-

1906 4724 2036 4764 vero
2063 4719 2186 4779 post
2222 4712 2356 4778 ibat,
2386 4722 2573 4785 gentes
2620 4722 2769 4781 sunt,
2795 4731 2915 4786 qua:
2955 4734 3230 4776 conversae
3265 4734 3393 4779 sunt
3430 4728 3498 4781 ad

1907 4802 2180 4861 Christum
2197 4808 2518 4877 pendentem
2545 4808 2597 4863 in
2620 4824 2800 4866 cruce.
2824 4809 3020 4867 Christi
3048 4824 3219 4868 autem
3233 4818 3497 4886 generatio

1904 4895 1978 4949 sic
2008 4906 2140 4961 erat,
2192 4908 2252 4950 ut
2280 4896 2481 4952 dictum
2514 4904 2599 4955 est
2628 4900 2682 4953 in
2735 4902 3068 4974 genealogis.
3101 4903 3269 4958 Iacob
3320 4907 3497 4977 genuit

1902 4983 2096 5056 Ioseph
2137 4986 2304 5041 cirum
2344 4988 2534 5045 Maria:
2570 4990 2634 5045 de
2658 5009 2764 5063 qua
2812 5004 2966 5049 notus
3009 5005 3083 5050 est
3112 4996 3368 5052 Christus.
3400 4999 3497 5054 Vel

1904 5075 1982 5130 sic
2018 5088 2136 5131 erat
2179 5087 2643 5138 utnumeraretur
2672 5084 2983 5155 genealogia
3034 5101 3131 5156 per
3157 5085 3377 5157 Ioseph,
3427 5090 3494 5143 de

1900 5180 2008 5234 quo
2035 5176 2194 5224 natus
2224 5185 2327 5224 non
2355 5181 2475 5227 erat
2505 5171 2778 5239 Christus,
2819 5182 2875 5230 et
2904 5191 3007 5230 non
3035 5191 3133 5246 per
3159 5176 3400 5242 Mariam,
3424 5176 3491 5231 de

1898 5274 2005 5329 qua
2033 5269 2192 5318 natus
2238 5272 2323 5318 est
2369 5263 2636 5331 Christus,
2670 5266 2796 5337 quia
2842 5283 2949 5322 non
2984 5278 3106 5323 erat
3135 5283 3254 5324 mos
3288 5283 3385 5337 per
3409 5265 3503 5322 fe;

1900 5351 2075 5406 minas
2111 5353 2448 5424 genealogias
2494 5358 2785 5411 numerari.

2118 5459 2183 5498 DE
2221 5459 2428 5500 SEPTEI
2467 5462 2640 5503 SIGNIS
2676 5463 3027 5504 NATIVI‘I'ATIS
3065 5462 3271 5502 οουιιυ.

1967 5533 2131 5590 Multa
2193 5536 2345 5608 signa
2407 5538 2669 5596 Dominus
2736 5549 2863 5595 ante
2933 5541 3273 5595 nativitatem
3330 5556 3521 5598 suam-

1894 5628 2324 5700 prazfiguratione
2360 5632 2441 5686 sui
2474 5632 2739 5688 adventus
2775 5633 2828 5687 in
2867 5633 3144 5699 mundum,
3185 5633 3481 5702 prmmistt:

1896 5722 2060 5778 multa
2103 5725 2269 5779 etiam
2312 5725 2366 5780 in
2400 5726 2515 5796 ipsa
2553 5725 2833 5780 nativitate
2870 5723 3106 5780 ostendit
3131 5740 3147 5779 :
3171 5724 3240 5780 de
3286 5725 3513 5797 quibus.
