3950 6184
432 302 538 357 467

1081 299 1140 353 Β.
1184 298 1436 355 RABANI
1475 297 1694 354 MAUBI
1732 298 2052 356 ARCHIEP.
2091 301 2402 359 MOGUNT.
2443 299 2726 358 OPEBUM
2765 298 2946 357 PARS
2980 301 3043 356 ll.
3093 286 3096 289 ’

3611 305 3712 362 468

424 417 655 487 primum
687 415 896 486 signum
921 422 1037 468 erat
1067 413 1206 481 quod
1237 411 1486 482 princeps
1515 426 1654 466 unus
1681 425 1778 480 per
1803 427 2019 466 omnem
2049 417 2095 474 Α
2128 412 2419 468 noluerunt
2463 418 2586 481 post
2610 408 2978 479 captivitatem
3018 407 3289 464 laxatam:
3316 409 3419 466 hoc
3459 425 3716 481 praenun-

424 508 612 564 orbem
650 507 924 577 regnabat,
955 504 1098 573 quod
1124 519 1397 573 nunquam
1427 512 1584 558 antea
1613 501 1819 567 fuerat;
1854 520 2018 558 unum

2121 504 2263 560 tiaus
2301 503 2444 574 quod
2481 503 2571 570 qui
2601 517 2631 556 a
2658 500 2806 558 vitiis
2842 499 2908 554 ad
2936 498 3210 560 Christum
3243 501 3421 557 redire
3460 501 3717 566 noluerit,

429 600 594 655 totius
614 604 875 653 creatura:
900 596 1183 650 Dominum
1208 594 1484 651 Christum
1504 595 1871 666 pnenuntians
1892 611 2020 650 ven.-
2117 594 2444 652 teternaliter
2475 593 2690 662 peribit.

428 700 484 745 ιιι
493 705 630 744 tum.

497 776 804 834 Secundum
853 779 1030 834 autbm
1079 775 1293 848 signum
1327 795 1340 830 :
1372 787 1492 832 erat
1533 793 1637 848 pax
1684 779 2018 836 admirabilis

426 884 586 940 super
630 883 844 923 omnem
884 876 1106 932 terram,
1145 867 1319 937 qualis
1356 884 1455 922 nec
1489 878 1636 933 ante,
1688 885 1787 924 ncc
1829 879 2015 940 postea

426 975 662 1031 unquam
699 957 905 1023 fuerat;
934 973 1118 1013 veram
1149 958 1333 1012 mundi
1364 973 1550 1027 pacem
1568 961 1879 1032 designans,
1895 976 2016 1032 qua

422 1061 507 1104 est
536 1047 787 1105 Christus
825 1048 934 1115 ille,
959 1049 1053 1120 Qui
1083 1048 1211 1104 fecit
1247 1064 1438 1120 pacem
1469 1050 1612 1106 inter
1639 1051 1808 1107 Deum
1835 1061 1890 1108 et
1916 1053 2013 1108 ho-

431 1141 628 1196 tui-nes.

500 1230 749 1288 Tertium
778 1231 992 1302 signum
1023 1231 1145 1297 fuit,
1176 1232 1343 1303 quod,
1383 1231 1600 1290 Cmsare
1637 1235 2000 1302 concedente,

425 1320 657 1392 captivis
687 1321 968 1386 absolutis,
988 1321 1042 1376 in
1070 1337 1391 1392 quacunque
1417 1319 1646 1378 fuissent
1674 1323 2008 1394 captivitate,

426 1415 698 1484 possessio
753 1415 970 1485 propria
1013 1414 1342 1469 reddebatur
1383 1432 1398 1468 ε
1456 1424 1509 1471 et
1538 1431 1758 1470 censum
1813 1416 2010 1485 singuli

427 1505 654 1562 reddere
679 1505 874 1562 Caesari
904 1506 1315 1577 profitebantur,
1347 1508 1437 1578 qui
1469 1510 1630 1566 trium
1661 1508 2010 1564 denariorum

423 1598 684 1654 habentes
737 1601 1073 1672 pensionem,
1125 1601 1397 1656 drachma:
1439 1603 1657 1656 nomine
1711 1601 2010 1658 censeban-

427 1699 553 1744 tur:
590 1691 693 1744 hoe
724 1692 1056 1764 praesignans
1080 1692 1224 1762 quod
1261 1706 1432 1763 genus
1458 1694 1752 1747 humanum
1783 1707 1812 1747 a
1840 1692 2006 1762 capti-

2188 687 2444 754 Quintum
2483 686 2694 754 signum
2723 683 2824 738 fuit
2851 684 3009 740 stella
3044 698 3183 740 nova
3221 684 3276 739 in
3320 681 3544 740 Oriente
3573 696 3719 749 orta,

2111 777 2270 848 cuius
2311 777 2505 830 ducatu
2547 774 2686 845 Magi
2727 774 2793 828 ad
2822 772 3099 830 Christum
3143 786 3542 849 pervenerunt:
3569 777 3723 845 cuius

2114 868 2252 926 mira
2279 883 2441 938 supra
2472 882 2664 924 omnes
2695 866 2880 921 stellas
2912 867 3134 922 claritas
3161 867 3257 922 Dei
3287 869 3516 940 gratiam
3551 870 3721 939 signi-

2115 959 2282 1014 ﬁcat:
2318 974 2416 1028 per
2442 973 2604 1028 quam
2639 973 2745 1014 non
2785 958 2961 1014 solum
2995 974 3062 1013 es
3089 958 3309 1018 Iudaeis.
3339 960 3433 1015 sed
3463 969 3520 1015 et
3550 961 3723 1016 multa

2113 1051 2295 1122 plures
2322 1065 2388 1106 ex
2427 1050 2678 1122 gentibus
2718 1051 2786 1106 ad
2816 1051 3004 1116 vitam,
3043 1050 3137 1122 qui
3183 1051 3431 1107 Christus
3461 1062 3572 1116 est,
3597 1070 3723 1124 per-

2113 1143 2400 1199 ducuntur.

2149 1259 2162 1272 -
2185 1232 2407 1289 Sestum
2439 1233 2652 1304 signum
2696 1243 2781 1288 est
2809 1232 3045 1289 circulus
3079 1248 3307 1304 magnus
3334 1249 3505 1290 aureo
3533 1235 3720 1304 splen-

2111 1323 2247 1380 dens
2296 1317 2502 1394 fulgore
2546 1325 2693 1380 eirea
2741 1324 2909 1381 solem
2959 1332 3071 1383 tota
3121 1326 3215 1380 illa
3265 1326 3352 1381 die
3412 1327 3720 1382 nativitatis

2110 1413 2334 1478 Christi,
2381 1414 2689 1485 signiﬁcans
2724 1429 2848 1468 eum
2889 1413 3042 1483 cujus
3083 1415 3289 1472 ambitu
3325 1416 3721 1473 excellentissi-

2109 1521 2213 1564 ma:
2256 1507 2422 1560 etiam
2468 1513 2679 1561 natura:
2722 1505 3089 1562 continentur.

2181 1595 2486 1667 Septimum
2533 1596 2744 1666 signum
2794 1605 2915 1652 erat
2961 1596 3107 1666 quod
3145 1596 3264 1665 ipsa
3307 1597 3393 1654 die
3421 1605 3536 1652 tota
3573 1596 3719 1651 rivu-

2109 1687 2192 1744 lus
2231 1687 2336 1742 olei
2370 1687 2422 1742 in
2458 1687 2595 1744 urbe
2636 1687 2804 1742 Roma
2853 1697 3004 1742 trans
3045 1688 3280 1746 Tiberim
3331 1687 3478 1758 large
3517 1688 3714 1744 elllue-

421 1784 591 1838 vitate
635 1791 691 1838 et
719 1784 956 1840 dominio
997 1783 1192 1839 diaboli
1235 1792 1382 1840 esset
1418 1801 1516 1855 per
1556 1785 1832 1840 Christum
1878 1783 2011 1838 libe-
2039 1789 2086 1850 Β
2113 1780 2204 1837 bat
2235 1797 2247 1834 :
2282 1779 2594 1850 signiﬁcans
2633 1780 2923 1851 gratuitam
2976 1780 3405 1838 misericordiane
3434 1781 3555 1846 Dei,
3607 1797 3717 1851 qua

421 1875 648 1929 randum
706 1882 762 1930 et
809 1877 874 1930 ad
924 1875 1155 1945 patriam
1209 1874 1466 1945 paradisi,
1513 1876 1557 1931 si
1605 1875 1762 1934 (idem
1806 1881 2008 1930 sanctae

423 1964 704 2019 Trinitatis
741 1964 1077 2034 profiteatur,
1121 1966 1504 2021 reducendum.

491 2055 755 2122 Quartum
801 2057 1011 2126 signum
1053 2064 1194 2121 erat,
1235 2056 1380 2127 quod
1408 2071 1513 2112 una
1543 2057 1630 2113 die
1667 2055 1812 2112 mille
1841 2064 1895 2110 et
1921 2056 2017 2114 trin

2115 1887 2284 1943 genus
2333 1875 2626 1930 humanum
2663 1872 2910 1928 Christus
2941 1873 3094 1927 venit
3132 1888 3377 1942 quaerere
3417 1881 3474 1928 et
3502 1873 3718 1928 salvam

2119 1964 2262 2033 «atad
2311 1964 2565 2032 perierat.
2617 1961 2744 2018 Haec
2795 1963 2961 2018 etiam
3018 1971 3226 2034 septem
3271 1963 3451 2034 signa,
3507 1973 3720 2034 septem

2121 2056 2260 2112 dona
2289 2053 2526 2125 Spiritus
2558 2054 2732 2113 sancti
2760 2052 3088 2124 signiﬁcant.

421 2148 568 2218 ginta
611 2147 760 2204 fuere
818 2148 964 2205 servi
1004 2148 1095 2218 qui
1141 2149 1210 2208 ad
1257 2149 1507 2219 proprios
1552 2148 1729 2203 redire
1766 2147 2016 2208 dominos

474 2310 1223 2322 rvi-rr-_..—_._—__——
1314 2306 3445 2323 _———_—_——Ww'—‘m‘—"‘
3472 2304 3657 2311 —“*“"

1166 2648 1552 2711 FULDENSIS
1586 2651 1879 2709 ABBATIS
1914 2651 2003 2708 ET
2041 2651 2425 2727 MOGUNTINI
2463 2651 2983 2716 ARCHIEPISCOPI

1026 2845 3087 2993 POENITENTIALE

1835 3106 2076 3190 (ANNO
2116 3109 2284 3189 8M.)

1418 3271 1578 3335 (Apud
1601 3270 1865 3334 Canisiuru,
1894 3267 2159 3321 Lectiones
2179 3270 2426 3335 Antiquae,
2449 3278 2567 3322 tem.
2597 3271 2687 3334 ll.)

1941 3402 2204 3414 ι*

2209 3404 2302 3415 ..-

1751 3524 2330 3599 ΡΗᾹΞΕΑΊἸΟ

1174 3698 1268 3754 AD
1304 3696 1754 3758 HERBALDUM
1792 3697 2183 3758 EPISCOPUM
2219 3697 2931 3756 ANTISSlODORENSEM.

493 3914 703 3970 Dilecto
730 3911 884 3966 fratri
913 3911 1222 3968 liuntuttno
1250 3914 1502 3985 episcopo
1535 3913 1786 3970 RABANUS
1815 3929 2008 3986 pecca-
2036 3919 2080 3981 C
2113 3913 2265 3971 libris
2294 3915 2438 3971 enim
2471 3914 2683 3971 Veteris
2709 3923 2764 3970 et
2796 3913 2929 3970 Novi
2969 3913 3326 3980 'l'cstamenti,
3355 3929 3524 3986 quam
3565 3916 3718 3971 abo-

425 4016 530 4070 tor,
556 4011 613 4058 et
653 4015 936 4058 servorum
993 4001 1087 4056 Dei
1139 4001 1432 4058 vilissimus
1469 4019 1677 4069 servus,
1707 4004 1758 4058 in
1787 4002 2005 4060 Christo
2111 4008 2387 4062 miuahiiia
2416 4008 2525 4063 sint
2552 4023 2733 4063 coram
2765 4007 2898 4072 Deo,
2927 4007 3241 4072 homicidia,
3282 4006 3715 4074 fornicationes,

424 4097 676 4152 salutem.
2108 4099 2358 4166 avaritia,
2392 4099 2676 4164 maleficia,
2707 4107 2763 4154 et
2791 4102 3013 4172 magica:
3043 4103 3178 4157 artis
3218 4103 3447 4170 scelera,
3474 4119 3716 4159 omnes-

492 4182 739 4255 Capitula
773 4182 1016 4252 quaedam
1069 4182 1120 4235 in
1152 4182 1384 4252 petratio
1415 4179 1674 4254 [pittatio]
1697 4183 2004 4252 conscripta
2107 4201 2213 4257 que
2257 4188 2522 4243 malorum
2557 4204 2782 4259 operum
2823 4192 3066 4246 actiones
3116 4191 3563 4250 manifestissime
3605 4194 3722 4249 de-

421 4291 521 4347 per
542 4276 788 4330 nuntium
819 4272 1053 4328 Cunradi
1077 4272 1290 4327 comitis
1341 4272 1473 4326 mihi
1515 4272 1676 4326 allata
1708 4283 1854 4336 sunt,
1883 4289 2003 4343 quin
2109 4278 2347 4334 claratur
2378 4295 2391 4333 :
2425 4281 2490 4335 de
2521 4280 2716 4350 quibus
2765 4280 2854 4336 hic
2897 4282 3137 4338 inserere
3179 4285 3386 4338 curavi.
3426 4284 3716 4340 Caeterum

421 4371 488 4424 de
513 4369 740 4424 diversis
769 4366 1159 4437 quaestionibus
1189 4381 1276 4420 me
1311 4365 1463 4420 vobis
1516 4366 1848 4435 respondere
1876 4381 2004 4421 coe-
2108 4378 2287 4423 autem
2317 4369 2384 4423 de
2410 4369 2538 4439 ipsis
2566 4369 2766 4424 divinis
2791 4369 2964 4435 libris,
2995 4370 3042 4424 si
3073 4370 3326 4442 colligere
3367 4373 3577 4430 intente
3606 4389 3720 4426 vo-

420 4469 632 4532 gerunt.
698 4459 804 4516 Sed
854 4461 981 4529 quia
1035 4457 1313 4530 sigillatim
1365 4459 1617 4513 omnibus
1675 4459 2006 4528 respondere
2108 4459 2422 4525 lueritis,ct
2469 4459 2548 4513 eis
2597 4459 2818 4514 obedire
2861 4459 3194 4517 decernitis:
3234 4462 3362 4532 quid
3391 4463 3548 4518 vobis
3574 4465 3720 4518 inde

421 4566 528 4605 non
567 4550 732 4615 valui,
785 4552 1019 4607 strictim
1086 4566 1149 4606 ea
1199 4551 1460 4606 denotare
1499 4549 1703 4604 curavi.
1761 4548 2006 4605 Fuerunt
2107 4549 2372 4618 agendum
2404 4557 2458 4603 et
2487 4547 2704 4602 salubre
2732 4548 2824 4614 sit,
2855 4563 2953 4618 per
2998 4550 3360 4620 vosmetipsos
3390 4549 3588 4605 valetis
3623 4551 3723 4603 in-

421 4640 566 4694 enim
601 4641 676 4694 ibi
721 4640 837 4695 loca
881 4642 1146 4710 quaedam,
1176 4656 1296 4712 quae
1325 4641 1390 4695 de
1427 4640 1720 4694 homicidio
1744 4638 1887 4694 facto
1918 4641 2005 4694 in-
2107 4639 2394 4708 vestigare,
2423 4647 2477 4693 et
2505 4638 2635 4693 utile
2663 4639 3042 4694 documentum
3079 4639 3205 4694 inde
3251 4639 3525 4710 accipere.
3557 4640 3723 4696 Deus

422 4732 801 4802 terrogabant;
831 4734 1076 4802 quadam
1115 4734 1184 4789 de
1213 4734 1567 4789 fornicatione
1594 4742 1650 4789 et
1698 4734 1999 4799 adulterio;
2107 4738 2288 4784 autem
2314 4731 2511 4800 dirigat
2537 4743 2632 4785 cor
2654 4738 2918 4795 vestrum,
2942 4739 2997 4784 ct
3019 4731 3256 4785 studium
3290 4731 3344 4785 in
3367 4747 3534 4787 omne
3561 4748 3724 4803 opus

421 4820 669 4890 quaedam
692 4823 854 4876 etiam
904 4823 969 4877 de
1009 4824 1118 4888 his,
1149 4823 1392 4894 quiante
1438 4823 1664 4892 gradum
1696 4837 1754 4877 se
1783 4822 2004 4894 libidine
2105 4823 2326 4886 bonum,
2359 4830 2415 4876 ut
2440 4819 2690 4892 prmsenti
2741 4820 2850 4876 vita
2895 4835 2958 4876 ea
3011 4821 3250 4877 doceatis
3282 4829 3446 4892 atque
3498 4824 3722 4891 agatis,

419 4912 768 4983 polluerunt;
801 4914 1044 4983 quaedam
1086 4922 1264 4968 autem
1295 4914 1360 4969 de
1410 4912 1536 4980 illis,
1581 4915 1673 4983 qui
1722 4922 1845 4984 post
1874 4929 2003 4985 gra-
2107 4926 2226 4979 qum
2256 4911 2358 4964 sibi
2401 4919 2524 4966 sunt
2560 4910 2756 4980 placita
2790 4928 2803 4964 :
2835 4911 3022 4980 sicque
3073 4926 3170 4980 per
3197 4911 3314 4981 ejus
3354 4911 3598 4980 gratiam
3638 4913 3722 4970 ad

421 5003 549 5057 dum
596 5015 874 5074 acceptum
925 5022 984 5061 se
1022 5007 1510 5076 coinquinaverunt
1543 5024 1554 5060 :
1587 5015 1644 5061 et
1692 5015 1872 5063 tamen
1935 5006 2004 5061 ab
2105 5001 2408 5055 mercedem
2460 5000 2697 5070 plenam,
2751 5008 2806 5056 et
2857 5001 2924 5055 ad
2964 5001 3132 5056 vitam
3171 5001 3505 5071 perveniatis
3532 5011 3726 5058 aeter-

421 5091 601 5148 ollicio
645 5094 1013 5150 ecclesiastico
1065 5103 1119 5148 et
1170 5095 1474 5151 ministerio
1503 5096 1692 5150 altaris
1721 5111 1779 5151 se
1813 5096 2001 5166 prohi-
2105 5106 2251 5145 nam.

418 5184 552 5240 bere
579 5184 885 5239 noluerunt.
942 5185 1146 5240 Praeter
1193 5196 1391 5240 cretera
1442 5202 1658 5256 quoque
1686 5186 1790 5241 alia
1821 5187 1999 5256 capita
2178 5182 2538 5239 Prohibentur
2589 5183 2734 5238 enim
2781 5185 2835 5239 in
2887 5184 3003 5256 lege
3030 5182 3244 5240 Domini
3295 5184 3625 5250 homicidia,
3662 5197 3732 5243 et

420 5273 492 5330 ibi
531 5274 709 5329 inveni
742 5276 964 5346 scripta.
1013 5277 1078 5330 de
1107 5275 1308 5344 quibus
1344 5290 1432 5330 me
1467 5277 1621 5331 vobis
1673 5277 1998 5346 respondere
2028 5297 2077 5356 ι)
2103 5280 2389 5344 adulteria,
2453 5281 2592 5336 sicut
2631 5297 2793 5350 supra
2824 5282 3027 5337 dictum
3075 5291 3178 5349 est,
3210 5282 3502 5354 omniaque
3537 5284 3727 5341 vitia.

415 5365 754 5436 postulastis.
2108 5372 2259 5428 Unde
2296 5372 2348 5426 in
2373 5371 2614 5428 Levitico
2643 5375 2902 5442 scriptum
2934 5381 3038 5437 est,
3092 5374 3232 5443 quod
3265 5373 3530 5428 Dominus
3574 5374 3733 5445 jus-

485 5453 600 5524 Ego
630 5464 809 5511 autem
833 5470 918 5517 ea.
940 5469 1059 5522 quae
1086 5455 1138 5509 in
1163 5455 1332 5510 sacris
1357 5456 1657 5513 canonibus
1683 5451 1810 5511 inde
1825 5457 1999 5527 expli-
2105 5467 2238 5521 serit
2262 5466 2458 5535 populo
2493 5481 2590 5520 suo
2633 5464 2819 5520 dicens
2852 5480 2866 5519 :
2907 5483 2924 5518 ι
2958 5465 3407 5532 Sanctificamini,
3439 5475 3497 5520 et
3516 5476 3739 5526 estote

415 5545 724 5618 citat-operi
753 5567 765 5602 :
799 5549 850 5602 in
880 5548 1134 5618 praesenti
1182 5549 1408 5618 epistola
1456 5550 1700 5605 inserere
1745 5565 1852 5604 non
1887 5558 2002 5604 tar-
2111 5573 2129 5606 ι
2164 5555 2365 5619 sancti,
2412 5555 2536 5623 quia
2581 5569 2682 5624 ego
2713 5564 2931 5610 sanctus
2974 5555 3233 5610 Dominus
3289 5556 3433 5610 Deus
3488 5566 3732 5613 vester.

418 5637 560 5690 davi.
592 5637 699 5694 Vos
723 5652 902 5696 autem
929 5641 1054 5695 inde
1076 5640 1237 5696 facile
1276 5643 1416 5709 quod
1436 5640 1642 5711 justum
1673 5644 1826 5700 vobis
1849 5644 2000 5698 vide-

420 5732 544 5779 tur:
574 5737 645 5796 et,
679 5733 817 5800 quod
867 5747 1022 5789 sacra
1075 5731 1356 5803 Scriptura
1387 5748 1484 5788 vos
1531 5749 1691 5804 agere
1734 5736 1906 5792 docet.
1944 5736 2000 5790 In
2113 5756 2130 5787 ε
2163 5736 2304 5805 gula,
2350 5737 2400 5791 in
2454 5738 2710 5806 pondere.
2765 5736 2879 5793 Non
2918 5736 3085 5794 stabis
3133 5745 3326 5793 contra
3368 5735 3738 5808 sanguinem

2111 5664 2129 5696 ι
2163 5645 2335 5698 Nolite
2387 5645 2566 5700 facere
2622 5645 2866 5716 iniquum
2904 5645 3106 5715 aliquid
3163 5645 3216 5698 in
3242 5645 3471 5716 judicio,
3512 5644 3580 5699 in
3618 5663 3735 5702 re-
3837 5701 3860 5718 _
