3950 6184
253 224 339 279 ἆῦξ)
1305 213 1796 273 ΡΟΕΝιΤΕΝΤιΑι

1904 244 1971 253 —-—
2008 213 2394 271 PRIEFATIO.

3386 223 3487 276 ‘70

255 361 271 392 ι
296 336 513 409 proximi
551 334 646 388 tui.
676 331 752 388 Ne
796 333 978 388 oderis
1012 332 1233 389 fratrem
1264 333 1317 388 in
1345 335 1507 390 corde
1561 345 1676 399 tuo,
1706 331 1803 389 sed
1834 334 1882 394 Α
1914 348 1932 381 ι
1969 329 2258 393 ambulate,
2283 336 2337 384 et
2365 328 2627 383 desideria
2661 329 2841 384 carnis
2871 345 2975 384 non
3001 330 3316 401 pcrflcietis.
3344 334 3483 390 Caro

255 449 273 482 ι
302 427 500 499 publice
551 441 715 495 argue
772 441 921 491 eum,
967 441 1034 480 ne
1063 426 1265 481 habeas
1295 441 1460 496 super
1490 426 1582 481 illo
1612 441 1806 497 pecca-

254 537 272 571 ‹
299 529 418 572 tum.
450 515 562 569 Non
610 531 822 585 quaeras
848 516 1129 583 ultionem,
1161 531 1262 573 nec
1289 529 1496 571 memor
1527 519 1636 574 eris
1662 517 1807 588 inju-

255 608 380 662 crire
415 607 609 660 civium
668 614 905 660 tuorum.
950 607 1051 672 Qui
1104 607 1445 662 maledivcrlt
1497 607 1662 675 patri,
1719 604 1806 661 vel

255 715 270 748 ι
304 695 468 760 matri,
509 705 680 750 morte
724 697 1005 751 moriatur.
1067 695 1214 750 Patri
1267 697 1534 768 matrique
1573 699 1664 768 qui
1692 714 1808 753 ma-

253 806 269 840 ‹
296 787 549 852 ledixerit,
581 786 800 858 sanguis
830 787 946 858 ejus
975 802 1137 857 super
1163 802 1308 842 eum.

311 897 326 929 ι
365 878 417 931 Si
445 877 742 933 nnecbatus
769 876 928 932 fuerit
947 893 1069 933 cum
1093 892 1260 932 uxore
1290 878 1540 945 alterius,
1568 888 1625 935 et
1648 880 1803 935 adul-

250 986 268 1019 ‹
298 968 474 1022 torium
519 967 910 1036 perpetraverit
958 981 1080 1020 cum
1133 967 1361 1038 conjuge
1412 969 1647 1037 proximi
1695 969 1801 1034 sui,

251 1077 268 1110 ι
303 1067 461 1112 morte
497 1058 761 1112 moriatur
783 1065 838 1111 et
866 1057 1128 1124 mterhus,
1169 1065 1222 1112 et
1246 1057 1511 1113 adultera.
1543 1058 1645 1125 Qui
1675 1059 1802 1113 dor-

253 1168 269 1199 ι
299 1149 468 1204 mierit
497 1163 620 1202 cum
676 1162 909 1202 noverca
953 1162 1073 1212 sua,
1113 1156 1168 1202 et
1219 1147 1540 1202 revelaverit
1569 1147 1800 1216 ignomi—

251 1257 266 1287 ι
298 1239 429 1292 niam
477 1237 647 1308 patris
675 1237 779 1302 sui,
830 1245 1004 1291 morte
1058 1237 1358 1291 moriantur
1386 1238 1565 1302 ambo,
1597 1245 1652 1292 et
1679 1252 1804 1292 san-

250 1347 266 1378 ‹
296 1331 404 1399 guis
425 1344 612 1383 eorum
639 1330 710 1383 sit
731 1344 894 1398 super
929 1342 1043 1382 eos.
1088 1327 1188 1395 Qui
1221 1329 1502 1383 dormierit
1530 1343 1654 1382 cum
1683 1343 1801 1382 ma-

249 1440 263 1467 ι
296 1418 433 1472 sculo
498 1417 648 1472 coitu
702 1418 979 1472 femineo:
1033 1426 1088 1473 et
1134 1428 1358 1488 uterque
1411 1427 1667 1488 operatus
1719 1427 1804 1475 est

249 1513 472 1576 «scelus,
503 1521 680 1566 morte
733 1512 1074 1577 moriantur;
1128 1513 1347 1582 sanguis
1395 1527 1583 1566 eorum
1640 1527 1802 1582 super

249 1619 398 1656 «eos.
431 1601 486 1655 Si
535 1601 660 1671 quis
712 1601 992 1656 dormierit
1039 1616 1160 1656 cum
1215 1617 1354 1655 nuru
1408 1617 1541 1656 sua:
1574 1610 1801 1672 uterque

1916 437 1935 470 ι
1969 419 2113 473 enim
2140 418 2472 488 concupiscit
2515 418 2775 473 adversus
2813 418 3100 488 spiritum;
3133 420 3359 489 spiritus
3385 437 3481 474 an-

1913 527 1936 560 c
1966 518 2072 565 tem
2097 509 2356 564 adversus
2387 524 2626 563 carnem.
2666 508 2791 564 Haec
2823 509 2966 564 enim
2993 510 3094 565 sibi
3128 511 3356 565 invicem
3386 511 3481 564 ad—

1912 617 1932 652 c
1965 609 2250 655 versantur
2276 618 2287 653 :
2326 608 2404 664 ut,
2435 615 2540 653 non
2571 607 2900 669 quamcunque
2916 599 3096 666 vultis,
3136 601 3224 655 an
3253 600 3484 658 faciatis.

1912 710 1930 743 ι
1967 690 2120 758 Quod
2155 691 2200 745 si
2222 690 2411 760 spiritu
2460 689 2738 752 ducimini,
2787 704 2893 744 non
2918 688 3048 743 estis
3075 689 3175 743 sub
3206 689 3340 760 lege.
3374 689 3487 742 Ma-

1913 797 1932 831 ι
1967 779 2161 834 nifesta
2186 787 2366 833 autem
2393 785 2518 832 sunt
2559 791 2724 846 opera
2773 777 2951 832 carnis
2979 794 2992 830 :
3027 792 3146 846 quae
3172 787 3298 831 sunt
3326 816 3341 841 ,
3372 775 3484 830 for-

1911 887 1929 920 ι
1966 869 2190 934 nicatio,
2247 866 2610 932 immunditia,
2664 865 2894 929 luxuria,
2928 866 3190 920 idolorum
3225 867 3483 930 servitus.

1910 980 1927 1010 ι
1964 960 2242 1022 veneficia,
2295 959 2609 1024 inimicitiae,
2651 959 3045 1022 contentiones,
3091 960 3479 1024 :emulationes,

1911 1069 1928 1102 ε
1964 1052 2076 1114 irae,
2113 1051 2260 1112 rixae,
2292 1049 2679 1114 dissensiones,
2706 1059 2887 1114 sectae,
2940 1051 3190 1117 haereses,
3248 1051 3480 1114 invidiae,

1911 1161 1928 1192 ι
1963 1142 2272 1206 ebrietates,
2299 1140 2739 1206 comessationes,
2763 1149 2816 1195 et
2839 1142 2926 1195 liis
2957 1141 3183 1204 similia;
3209 1158 3326 1210 quae
3347 1157 3482 1210 pra:-

1909 1252 1928 1285 ε
1965 1235 2084 1288 dico
2135 1235 2307 1297 vobis,
2366 1235 2507 1289 sicut
2559 1234 2832 1304 praedixi:
2891 1236 3144 1304 quoniam
3206 1236 3294 1303 qui
3355 1236 3476 1288 tala

1909 1344 1926 1375 ‹
1969 1333 2153 1394 agunt,
2206 1341 2431 1395 regnum
2472 1326 2565 1380 Dei
2621 1341 2727 1380 non
2781 1334 3198 1396 consequentur.
3255 1325 3482 1380 Fructus

1911 1434 1929 1465 ι
1969 1423 2147 1468 autem
2201 1415 2425 1484 spiritus
2477 1423 2576 1477 est,
2607 1415 2864 1480 cbaritas,
2919 1415 3194 1484 gaudium,
3234 1430 3360 1484 pax,
3388 1429 3483 1483 pa-

1909 1522 1928 1554 ‹
1971 1503 2175 1568 tientia,
2227 1503 2626 1574 longanimitas,
2684 1504 2919 1569 bonitas,
2971 1504 3299 1574 benignitas,
3333 1519 3484 1557 man-

1911 1620 1929 1652 ‹
1965 1601 2211 1665 suetudo,
2239 1599 2389 1666 fides,
2413 1599 2698 1664 modestia,
2724 1599 3078 1663 continentia,
3103 1599 3346 1654 castitas.
3374 1599 3482 1653 Ad-

247 1711 262 1742 ‹
293 1692 623 1756 moriantur;
652 1691 776 1760 quia
820 1691 997 1746 scelus
1049 1693 1253 1762 operati
1281 1699 1426 1755 sunt,
1456 1693 1674 1763 sanguis
1700 1707 1795 1747 eo—
1826 1695 1872 1754 B
1906 1711 1923 1742 ι
1961 1706 2148 1745 versus
2201 1689 2503 1758 bujusmodi
2568 1705 2675 1744 non
2735 1699 2816 1745 est
2869 1689 2974 1744 lex.
3003 1689 3104 1756 Qui
3150 1697 3330 1744 autem
3357 1701 3484 1745 sunt

247 1800 264 1830 ‹
298 1797 403 1835 rum
445 1797 609 1852 super
632 1796 747 1835 eos.
781 1780 882 1847 Qui
919 1797 1081 1852 super
1109 1797 1333 1837 uxorem
1366 1781 1554 1845 ﬁliam,
1587 1781 1800 1836 duxerit

249 1888 264 1919 ι
294 1878 503 1924 matrem
530 1871 689 1941 ejus:
721 1871 896 1926 scelus
946 1881 1205 1941 operatus
1255 1879 1358 1938 est,
1411 1871 1632 1943 sanguis
1681 1870 1800 1940 ejus

249 1978 263 2008 c
293 1975 437 2028 super
462 1975 556 2014 eos
583 1974 598 2013 :
630 1960 783 2015 vivus
833 1961 1046 2016 ardebit
1072 1977 1195 2017 cum
1225 1962 1324 2028 eis,
1383 1978 1482 2018 nec
1509 1977 1798 2033 permane-

247 2068 260 2097 ι
294 2048 359 2102 bit
383 2057 589 2104 tantum
637 2048 790 2105 nefas
840 2052 891 2104 in
919 2051 1097 2106 medio
1136 2061 1394 2108 vestrum.
1427 2052 1529 2120 Qui
1557 2069 1679 2109 cum
1707 2052 1798 2122 ju-

246 2148 454 2193 «mento
479 2148 537 2194 et
579 2155 776 2209 pecore
823 2141 1033 2208 coierit,
1088 2151 1263 2198 morte
1313 2143 1595 2206 moriatur,
1630 2158 1794 2212 pecus

246 2245 486 2299 (quoque
534 2230 788 2286 occidite.
849 2231 1039 2285 Mulier
1076 2248 1197 2302 qua:
1246 2233 1529 2288 succubuit
1582 2233 1801 2289 cuilibet

246 2336 262 2366 ε
286 2317 538 2386 iumento,
576 2319 734 2374 simul
770 2319 1127 2374 interﬁcietur
1148 2336 1268 2376 cum
1298 2336 1404 2388 eo;
1442 2323 1662 2393 sanguis
1683 2321 1799 2391 ejus

245 2426 259 2455 ‹
288 2424 432 2478 super
479 2424 627 2463 eam.
683 2407 783 2476 Qui
830 2411 1100 2480 acceperit
1147 2427 1390 2467 sororem
1421 2429 1593 2478 suam,
1635 2413 1798 2468 tiliam

243 2515 258 2544 ι
290 2498 443 2566 patris
462 2499 573 2565 sui,
617 2498 702 2554 vel
730 2499 892 2553 ﬁliam
926 2501 1118 2555 matris
1145 2517 1273 2565 suze,
1308 2513 1364 2556 et
1392 2503 1590 2557 viderit
1621 2506 1797 2575 turpi-

245 2608 259 2635 ε
295 2589 519 2644 tudinem
567 2589 703 2658 ejus,
739 2591 934 2663 illaque
982 2596 1324 2665 conspexerit
1359 2595 1544 2651 fratris
1571 2597 1798 2666 ignomi-

242 2698 257 2727 ε
290 2681 420 2736 niam
459 2699 474 2746 ;
510 2683 776 2739 nefariam
827 2701 940 2741 rem
996 2687 1204 2756 operati
1253 2696 1378 2742 sunt
1413 2707 1425 2742 :
1481 2690 1799 2744 occidentur

241 2792 256 2819 ί
288 2775 430 2830 ambo
459 2775 511 2829 in
560 2785 852 2846 conspectu
902 2778 1104 2847 populi,
1132 2793 1196 2834 eo
1223 2779 1365 2849 quod
1409 2781 1796 2849 turpitudinem

241 2879 256 2908 ι
285 2877 425 2917 suam
454 2873 644 2920 mutuo
675 2867 1052 2922 revelaverant
1077 2883 1090 2922 :
1118 2877 1172 2923 et
1199 2871 1495 2938 portabunt
1536 2871 1797 2940 iniquita—

241 2971 254 3000 ι
291 2962 384 3008 tem
409 2971 585 3011 suam.
620 2955 722 3024 Qui
752 2957 940 3013 coierit
986 2974 1109 3014 cum
1155 2959 1381 3014 muliere
1436 2969 1790 3026 menstruata,

1908 1800 1926 1833 α
1959 1781 2178 1842 Christi,
2213 1795 2431 1834 carnem
2468 1795 2619 1834 suam
2648 1778 3038 1834 cruciﬁxerunt
3066 1795 3188 1833 cum
3231 1779 3376 1835 vitiis
3425 1788 3482 1834 et

1907 1889 1924 1922 ‹
1956 1869 2424 1939 concupiscentiis.
2457 1867 2513 1922 Si
2546 1868 2777 1923 vivimus
2811 1869 3024 1939 spiritu,
3056 1869 3250 1938 spiritu
3288 1877 3345 1924 et
3367 1884 3481 1922 am-

1905 1980 1923 2013 ι
1955 1961 2220 2016 bulemus.
2254 1958 2371 2013 Non
2401 1959 2698 2014 efﬁciamur
2746 1960 2926 2014 inanis
2951 1959 3134 2030 gloriae
3163 1959 3366 2030 cupidi,
3395 1961 3480 2013 in-

1904 2071 1924 2105 c
1958 2053 2131 2107 vicem
2157 2052 2482 2117 invidentes,
2514 2051 2742 2107 invicem
2769 2060 3143 2120 provocantes.
3181 2070 3200 2103 ι
3232 2051 3299 2106 Et
3324 2052 3482 2121 paulo

1906 2161 1925 2195 σ
1962 2153 2085 2215 post
2115 2161 2127 2197 :
2173 2163 2190 2194 ι
2226 2141 2401 2197 Nolite
2449 2158 2654 2208 errare,
2715 2142 2857 2197 Deus
2883 2156 2990 2196 non
3024 2142 3298 2198 irridetur.
3352 2142 3482 2209 Quae

1904 2252 1923 2286 ε
1961 2234 2105 2288 enim
2133 2233 2482 2288 seminaverit
2516 2233 2707 2298 homo,
2763 2232 2880 2287 hzec
2903 2241 2958 2286 et
2979 2239 3164 2287 metet.
3216 2230 3478 2298 Quoniam

1904 2342 1924 2376 ‹
1962 2323 2300 2393 quiseminat
2332 2323 2382 2376 in
2406 2337 2568 2376 carne
2590 2337 2709 2386 sua,
2739 2321 2805 2376 de
2833 2337 2998 2377 carne
3022 2330 3076 2377 et
3105 2331 3277 2376 metet
3301 2337 3482 2376 corru-

1901 2435 1921 2468 ι
1953 2415 2214 2485 ptionem.
2253 2413 2355 2480 Qui
2376 2421 2556 2467 autem
2585 2412 2814 2467 seminat
2841 2413 2896 2466 in
2932 2413 3125 2482 spiritu
3145 2454 3160 2478 ,
3189 2413 3257 2467 de
3285 2413 3476 2482 spiritu

1903 2521 1923 2555 ί
1955 2511 2010 2558 et
2053 2510 2220 2557 metet
2244 2503 2409 2556 vitam
2433 2511 2708 2555 aeternam.
2769 2501 2975 2556 Bonum
2999 2503 3178 2556 autem
3219 2501 3479 2558 facientes

1903 2613 1922 2647 ι
1962 2610 2067 2650 non
2098 2594 2432 2649 deficiamus.
2467 2592 2730 2661 Tempore
2754 2593 2895 2647 enim
2920 2608 3018 2648 suo
3043 2602 3331 2648 metemus.
3367 2614 3387 2647 ι

1967 2685 2099 2740 Cum
2134 2685 2276 2740 enim
2312 2684 2402 2739 illa
2447 2684 2628 2739 omnia
2669 2683 2800 2738 vitia
2829 2699 2949 2753 qua:
3000 2699 3161 2754 supra
3203 2685 3476 2739 nominata

1895 2784 2044 2842 sunt,
2073 2783 2182 2830 tam
2212 2791 2242 2829 a
2271 2774 2593 2844 lcgislatore,
2635 2789 2793 2843 quam
2816 2774 2882 2828 ab
2905 2774 3143 2846 apostolo
3172 2776 3332 2830 noxia
3357 2791 3482 2846 proo

1896 2872 2170 2937 bibentur,
2191 2879 2246 2926 et
2270 2870 2570 2926 cultoribus
2597 2869 2692 2924 Dei
2721 2867 2898 2924 divina
2947 2868 3244 2923 auctoritas
3293 2869 3477 2937 prohi-

1894 2965 1988 3020 bet
2016 2963 2230 3018 facere:
2265 2976 2589 3032 plenamque
2629 2960 2726 3025 eis,
2756 2960 2847 3030 qui
2895 2961 3011 3015 haec
3033 2968 3214 3032 agunt,
3242 2961 3477 3019 minatur

239 3059 254 3089 ι
287 3051 336 3097 ct
358 3045 678 3102 revelaverit
727 3049 1110 3118 turpitudinem
1136 3048 1270 3118 ejus,
1304 3051 1528 3120 ipsaque
1563 3066 1790 3121 aperue—
1820 3055 1864 3118 C
1897 3063 2234 3126 perpetuam.
2272 3054 2311 3108 E
2335 3053 2611 3110 contrario
2659 3069 2788 3110 vero
2838 3052 3099 3124 spiritalia
3131 3051 3270 3107 dona
3296 3052 3480 3106 laudat

239 3152 253 3180 ι
291 3136 352 3188 rit
379 3135 584 3192 fontem
636 3139 912 3209 sanguinis
953 3140 1059 3205 sui,
1111 3140 1509 3198 interficiantur
1534 3143 1693 3198 ambo
1724 3142 1792 3198 de

239 3242 252 3270 ι
287 3227 449 3281 medio
499 3228 706 3298 populi.
748 3229 1160 3299 Turpitudinem
1198 3233 1376 3288 amita;-
1403 3243 1458 3290 et
1483 3245 1793 3291 matertera:

238 3333 252 3361 ι
287 3323 380 3370 tua:
410 3333 515 3372 non
577 3319 956 3390 discooperies.
1013 3323 1114 3389 Qui
1152 3326 1253 3378 hoc
1302 3323 1510 3391 fecerit,
1566 3327 1793 3397 ignomi-

239 3430 252 3457 ι
287 3412 417 3466 niam
441 3413 628 3469 carnis
653 3430 762 3470 suae
790 3416 1014 3471 nudabit
1041 3435 1053 3469 :
1085 3418 1381 3487 portabunt
1407 3419 1564 3474 ambo
1589 3419 1792 3488 iniqui-

237 3523 251 3548 ι
285 3510 435 3558 tatem
488 3521 668 3560 suam.
727 3505 826 3573 Qui
880 3508 1072 3562 coierit
1113 3524 1236 3564 cum
1283 3525 1451 3566 uxore
1481 3513 1677 3580 patrui,
1709 3512 1793 3567 vel

239 3614 252 3640 ε
282 3596 520 3651 avunculi
552 3599 657 3662 sui,
686 3606 741 3653 et
781 3600 1099 3656 revelaverit
1143 3603 1492 3674 ignominiam
1519 3607 1794 3677 cognatio-

234 3706 249 3733 ι
281 3687 354 3738 nis
395 3703 524 3753 suae,
584 3689 877 3758 portabunt
923 3702 1202 3761 peccatum
1254 3710 1451 3749 suum:
1490 3698 1694 3766 absque
1723 3698 1792 3751 li-

233 3792 250 3820 ‹
284 3776 418 3832 beris
451 3780 775 3834 morientur.
811 3780 911 3848 Qui
965 3782 1180 3838 duxerit
1220 3800 1444 3840 uxorem
1473 3785 1656 3841 fratris
1684 3787 1790 3854 sui,

231 3885 248 3915 ι
283 3884 385 3924 rem
414 3869 546 3925 facit
579 3871 820 3926 illicitam
852 3891 864 3926 :
900 3875 1286 3943 turpitudinem
1313 3875 1499 3932 fratris
1523 3879 1605 3933 sui
1634 3894 1790 3934 reve-

231 3977 247 4007 ‹
283 3960 424 4025 lavit,
452 3963 664 4032 absque
711 3965 896 4020 liberis
945 3975 1121 4020 erunt.
1180 3966 1256 4022 Ne
1298 3968 1554 4038 polluatis
1583 3970 1792 4025 animas

230 4071 245 4099 ι
280 4061 480 4108 vestras
519 4055 576 4108 in
607 4069 822 4125 pecore,
868 4058 1006 4112 etin
1053 4058 1264 4123 avibus,
1305 4068 1360 4115 et
1413 4061 1622 4115 cunctis
1671 4077 1792 4131 qua:

229 4160 245 4188 ι
279 4156 563 4199 moventur
593 4146 647 4199 in
673 4156 834 4211 terra,
869 4154 922 4203 et
971 4163 1090 4218 quae
1145 4150 1296 4205 vobis
1343 4151 1552 4206 ostendi
1593 4151 1792 4222 polluta

229 4252 243 4282 ι
273 4247 406 4288 esse.
436 4234 558 4302 Vir,
590 4237 705 4292 sive
733 4236 942 4301 mulier,
977 4239 1029 4292 in
1083 4239 1282 4309 quibus
1326 4239 1676 4311 Pythonicus,
1708 4244 1792 4298 vel

228 4339 244 4369 ι
275 4323 626 4379 divinationis
653 4325 816 4381 fuerit
839 4327 1078 4396 spiritus,
1132 4337 1307 4384 morte
1333 4331 1653 4386 moriantur.
1683 4333 1788 4387 La-

1898 3145 2206 3216 Apostolus,
2247 3146 2599 3215 hortaturque
2648 3162 2746 3216 per
2800 3147 2980 3200 omnia
3031 3147 3345 3216 sequenda:
3378 3145 3476 3201 bo—

1898 3253 2026 3292 num
2072 3245 2174 3301 est,
2232 3246 2291 3290 ut
2338 3253 2629 3293 caveamus
2663 3253 2821 3293 omne
2875 3248 3180 3308 peccatum,
3213 3246 3269 3293 et
3318 3253 3478 3293 omne

1897 3327 2229 3390 scandalum,
2257 3335 2518 3396 quantum
2566 3326 2821 3380 Dominus
2852 3342 2949 3380 nos
2974 3342 3133 3397 posse
3160 3326 3473 3381 donaverit:

1899 3431 1955 3477 et
1979 3420 2242 3476 faciamus
2277 3437 2397 3490 qua:
2423 3421 2522 3476 sibi
2545 3429 2670 3475 sunt
2699 3421 2915 3492 placita,
2950 3429 3005 3476 et
3029 3421 3114 3476 lex
3142 3422 3352 3476 Domlni
3373 3438 3472 3477 no-

1897 3512 1982 3567 bis
2005 3513 2255 3565 mandat:
2289 3512 2416 3581 quia
2465 3511 2566 3577 sic,
2600 3519 2655 3567 et
2683 3513 2736 3566 in
2764 3513 3042 3582 praesenti,
3073 3520 3126 3568 et
3174 3513 3227 3566 in
3273 3512 3473 3576 futuro,

1898 3601 2014 3672 ejus
2060 3601 2480 3655 misericordiam
2531 3611 2584 3656 et
2609 3601 2995 3671 protectionem
3036 3602 3387 3656 inveniemus.
3419 3599 3477 3655 Si

1897 3694 2040 3748 enim
2085 3691 2237 3759 juxta
2288 3693 2593 3756 historiam,
2653 3693 2929 3764 legislator
2979 3695 3475 3766 transgressorlbus

1899 3785 2277 3838 mandatorum
2331 3784 2426 3838 Dei
2487 3785 2722 3838 minatus
2765 3793 2850 3839 est
2903 3785 3083 3841 carnis
3134 3795 3385 3851 mortem,
3421 3793 3476 3842 et

1898 3874 2180 3943 praesentis
2206 3873 2329 3927 vitae
2354 3873 2665 3939 terminum,
2698 3883 2898 3944 quanto
2940 3877 3112 3946 magis
3147 3875 3302 3931 nobis
3319 3875 3472 3945 juxta

1899 3962 2212 4017 mandatum
2267 3961 2585 4027 Salvatoris,
2646 3971 2701 4018 et
2750 3964 3113 4036 evangelicam
3169 3966 3474 4022 doctrinam

1901 4054 2242 4109 formidanda
2289 4063 2372 4110 est
2417 4070 2564 4110 mors
2624 4058 2838 4123 animze,
2894 4063 2948 4112 et
2987 4072 3142 4128 pcena
3193 4069 3472 4128 perpetua,

1899 4160 2060 4214 quam
2094 4143 2179 4199 illa
2208 4160 2328 4214 quae
2381 4143 2540 4200 linem
2571 4145 2965 4214 quodammodo
2992 4147 3206 4202 habuit!
3243 4149 3346 4202 Ista
3375 4166 3474 4203 au-

1903 4245 2010 4292 tem
2034 4237 2151 4290 sine
2181 4236 2410 4290 termino
2429 4236 2694 4291 cruciabit
2717 4237 2924 4290 noxios.
2957 4236 3109 4291 Unde
3133 4251 3352 4290 necesse
3392 4247 3475 4292 est

1899 4335 1960 4381 ut
1990 4327 2041 4380 in
2065 4327 2313 4397 praesenti
2341 4327 2469 4392 vita,
2505 4323 2659 4394 juxta
2700 4325 3033 4395 Apostolum,
3087 4326 3470 4381 rnortiliccmus

227 4430 244 4460 ε
272 4413 482 4482 pidibus
507 4417 746 4472 obruant
791 4431 908 4484 eos,
937 4428 991 4474 et,
1015 4421 1232 4490 sanguis
1278 4436 1464 4476 eorum
1513 4424 1584 4478 sit
1629 4440 1792 4494 super
1817 4406 1870 4464 D
1896 4419 2142 4474 membra
2169 4427 2351 4473 nostra
2400 4432 2518 4486 qua:
2571 4425 2697 4471 sunt
2747 4432 2909 4486 super
2966 4425 3165 4471 terram
3193 4432 3206 4470 :
3235 4418 3341 4472 hoc
3365 4430 3470 4484 cst,

225 4529 240 4554 ι
273 4523 381 4562 eos.
415 4508 699 4564 Custodite
725 4511 870 4582 leges
899 4528 1063 4577 meas,
1111 4523 1272 4586 atque
1293 4515 1518 4585 judicia,
1547 4529 1602 4573 et
1629 4517 1788 4574 facite

223 4616 238 4643 ι
273 4612 330 4650 ea
357 4613 370 4651 :
403 4615 471 4653 ne
497 4608 557 4654 et
586 4616 682 4654 vos
710 4611 924 4656 evomat
962 4613 1125 4670 terra,
1153 4622 1315 4676 quam
1347 4608 1599 4663 intraturi
1633 4610 1787 4675 estis,

222 4704 236 4731 ε
270 4695 322 4739 et
347 4687 666 4741 habitaturi.
700 4689 874 4745 Nolite
916 4694 1197 4747 ambulare
1226 4694 1277 4748 in
1321 4695 1580 4766 legitimis
1607 4699 1788 4753 natio-

223 4795 236 4822 ι
272 4793 415 4841 num,
455 4795 594 4849 quas
620 4795 721 4850 ego
749 4781 1074 4851 expulsurus
1099 4798 1215 4837 sum
1249 4785 1300 4838 in
1327 4801 1442 4839 vos.
1481 4806 1498 4838 ι

280 4866 383 4921 Sed
417 4870 524 4924 hoc
573 4884 680 4924 non
739 4872 911 4926 solum
968 4873 1021 4927 in
1079 4874 1252 4928 Veteri
1296 4875 1666 4942 Testamento,
1696 4877 1790 4933 sed

216 4955 368 5009 etiam
393 4957 447 5011 in
476 4957 633 5013 Novo
663 4959 961 5016 cultoribus
992 4960 1088 5015 Dei
1117 4963 1366 5019 similiter
1388 4979 1549 5036 agere
1571 4966 1791 5021 omnino

217 5056 443 5105 vetatur.

279 5139 354 5195 De
377 5143 839 5213 concUpisccntiis
885 5159 1010 5200 vero
1034 5145 1338 5203 carnalibus
1370 5147 1570 5202 Paulus
1597 5147 1664 5201 ad
1691 5146 1794 5202 Ga-

217 5227 345 5288 latas
376 5233 630 5292 scribens
675 5235 749 5291 ita
770 5235 1054 5307 loquitur:
1095 5256 1113 5290 ‹
1161 5239 1290 5293 Dico
1333 5247 1537 5305 autem,
1592 5238 1789 5309 spiritu

1895 4508 2164 4563 desideria
2213 4509 2393 4563 carnis
2445 4514 2664 4572 IIOSII‘IB,
2696 4516 2750 4558 et
2792 4507 3093 4576 voluptates
3145 4515 3390 4562 terrenas
3417 4509 3469 4563 in

1893 4600 2052 4653 nobis
2105 4600 2450 4670 exstinguere
2511 4585 2944 4652 contendamus:
2979 4597 3214 4668 vitiaque
3267 4600 3470 4664 omnia,

1895 4699 2157 4761 quantum
2207 4690 2464 4745 Dominus
2509 4705 2607 4742 nos
2643 4701 2798 4758 posse
2850 4687 3114 4748 concedit,
3161 4688 3346 4758 procul
3376 4705 3471 4743 ex-

1897 4783 2202 4852 pellamus:
2253 4782 2455 4850 Deique
2510 4779 2796 4843 voluntati,
2842 4789 2897 4834 et
2932 4779 3201 4834 mandatis
3228 4777 3345 4847 ejus
3370 4780 3468 4834 ob-

1896 4885 2202 4944 temperare
2234 4881 2562 4944 satagamus,
2611 4870 2864 4942 quoniam
2897 4870 2977 4925 sic
3004 4879 3235 4925 mortem
3273 4884 3470 4940 perpe-

1897 4981 2042 5024 tuam
2071 4966 2300 5022 evadere
2350 4974 2407 5022 et
2441 4966 2509 5021 ad
2557 4965 2726 5020 vitam
2784 4973 3062 5031 :eternam,
3094 4962 3324 5020 Domino
3361 4964 3472 5020 lar-

1897 5062 2095 5133 giente,
2122 5059 2407 5130 pervenire
2448 5073 2752 5129 possumus.
2795 5058 3001 5114 Dehinc
3029 5070 3244 5128 quoque
3285 5057 3352 5110 ad
3383 5057 3470 5112 in-

1897 5158 2188 5221 terrogata,
2248 5157 2509 5218 quantum
2561 5164 2864 5219 possumus,
2910 5148 3148 5206 breviter
3187 5147 3340 5222 juxta
3379 5162 3468 5203 ca—

1898 5255 2100 5295 nonum
2135 5239 2378 5296 instituta
2412 5241 2736 5310 rc5pondere
2766 5253 3033 5297 curemus.
