  <div class='ocr_page' id='page_1' title='image "/cluster/home/n/w/nwhite01/storage/ocr_20150623/110/hvd.32044054759758/242.png"; bbox 0 0 3950 6184; ppageno 0'>
   <div class='ocr_carea' id='block_1_1' title="bbox 272 272 383 331">
    <p class='ocr_par' dir='ltr' id='par_1_1' title="bbox 272 272 383 331">
     <span class='ocr_line' id='line_1_1' title="bbox 272 272 383 331; baseline -0.009 0"><span class='ocrx_word' id='word_1_1' title='bbox 272 272 383 331; x_wconf 64' lang='grc' dir='ltr'><strong>4η</strong></span> 
     </span>
    </p>
   </div>
   <div class='ocr_carea' id='block_1_2' title="bbox 1634 261 2198 323">
    <p class='ocr_par' dir='ltr' id='par_1_2' title="bbox 1634 261 2198 323">
     <span class='ocr_line' id='line_1_2' title="bbox 1634 261 2198 323; baseline -0.011 0"><span class='ocrx_word' id='word_1_2' title='bbox 1634 261 2198 323; x_wconf 66' lang='grc' dir='ltr'><strong>ι’(ΕΝΙτΕΝτιΑως.</strong></span> 
     </span>
    </p>
   </div>
   <div class='ocr_carea' id='block_1_3' title="bbox 3456 271 3560 328">
    <p class='ocr_par' dir='ltr' id='par_1_3' title="bbox 3456 271 3560 328">
     <span class='ocr_line' id='line_1_3' title="bbox 3456 271 3560 328; baseline 0.01 -3"><span class='ocrx_word' id='word_1_3' title='bbox 3456 271 3560 328; x_wconf 63' lang='grc'><strong>474</strong></span> 
     </span>
    </p>
   </div>
   <div class='ocr_carea' id='block_1_4' title="bbox 274 374 3563 455">
    <p class='ocr_par' dir='ltr' id='par_1_4' title="bbox 274 374 3563 455">
     <span class='ocr_line' id='line_1_4' title="bbox 274 374 3563 455; baseline -0.004 -11"><span class='ocrx_word' id='word_1_4' title='bbox 274 385 649 451; x_wconf 80' lang='lat' dir='ltr'><strong>inveniuntur,</strong></span> <span class='ocrx_word' id='word_1_5' title='bbox 679 397 803 455; x_wconf 65' lang='lat' dir='ltr'><strong>quae</strong></span> <span class='ocrx_word' id='word_1_6' title='bbox 847 389 1076 454; x_wconf 88' lang='lat' dir='ltr'><strong>possunt</strong></span> <span class='ocrx_word' id='word_1_7' title='bbox 1102 394 1200 436; x_wconf 91' lang='lat' dir='ltr'><strong>nos</strong></span> <span class='ocrx_word' id='word_1_8' title='bbox 1227 379 1498 435; x_wconf 84' lang='lat' dir='ltr'><strong>instruere</strong></span> <span class='ocrx_word' id='word_1_9' title='bbox 1525 379 1654 449; x_wconf 88' lang='lat' dir='ltr'><strong>quid</strong></span> <span class='ocrx_word' id='word_1_10' title='bbox 1677 379 1746 434; x_wconf 90' lang='lat' dir='ltr'><strong>de</strong></span> <span class='ocrx_word' id='word_1_11' title='bbox 1767 379 1867 433; x_wconf 84' lang='lat' dir='ltr'><strong>hu-</strong></span> <span class='ocrx_word' id='word_1_12' title='bbox 1896 376 1945 436; x_wconf 78' lang='grc' dir='ltr'>Α</span> <span class='ocrx_word' id='word_1_13' title='bbox 1978 393 1997 426; x_wconf 79' lang='grc' dir='ltr'>ι</span> <span class='ocrx_word' id='word_1_14' title='bbox 2045 374 2359 433; x_wconf 80' lang='lat' dir='ltr'><strong>Maledictus</strong></span> <span class='ocrx_word' id='word_1_15' title='bbox 2414 378 2525 432; x_wconf 84' lang='lat' dir='ltr'><strong>eris</strong></span> <span class='ocrx_word' id='word_1_16' title='bbox 2573 393 2737 450; x_wconf 87' lang='lat' dir='ltr'><strong>super</strong></span> <span class='ocrx_word' id='word_1_17' title='bbox 2786 386 3021 442; x_wconf 85' lang='lat' dir='ltr'><strong>terram,</strong></span> <span class='ocrx_word' id='word_1_18' title='bbox 3078 392 3200 449; x_wconf 65' lang='lat' dir='ltr'><strong>qua</strong></span> <span class='ocrx_word' id='word_1_19' title='bbox 3244 382 3456 452; x_wconf 82' lang='lat' dir='ltr'><strong>aperuit</strong></span> <span class='ocrx_word' id='word_1_20' title='bbox 3501 399 3563 438; x_wconf 78' lang='lat' dir='ltr'><strong>os</strong></span> 
     </span>
    </p>
   </div>
   <div class='ocr_carea' id='block_1_5' title="bbox 268 472 1081 550">
    <p class='ocr_par' dir='ltr' id='par_1_5' title="bbox 268 472 1081 550">
     <span class='ocr_line' id='line_1_5' title="bbox 268 472 1081 550; baseline -0.011 -16"><span class='ocrx_word' id='word_1_21' title='bbox 268 475 507 550; x_wconf 78' lang='lat' dir='ltr'><strong>jusmodi</strong></span> <span class='ocrx_word' id='word_1_22' title='bbox 535 472 832 531; x_wconf 81' lang='lat' dir='ltr'><strong>debeamus</strong></span> <span class='ocrx_word' id='word_1_23' title='bbox 859 472 1081 529; x_wconf 88' lang='lat' dir='ltr'><strong>sentire.</strong></span> 
     </span>
    </p>
   </div>
   <div class='ocr_carea' id='block_1_6' title="bbox 889 582 1223 641">
    <p class='ocr_par' dir='ltr' id='par_1_6' title="bbox 889 582 1223 641">
     <span class='ocr_line' id='line_1_6' title="bbox 889 582 1223 641; baseline -0.012 0"><span class='ocrx_word' id='word_1_24' title='bbox 889 583 1119 641; x_wconf 85' lang='lat' dir='ltr'><strong>CAPUT</strong></span> <span class='ocrx_word' id='word_1_25' title='bbox 1158 582 1223 637; x_wconf 84' lang='lat' dir='ltr'><strong>V.</strong></span> 
     </span>
    </p>
   </div>
   <div class='ocr_carea' id='block_1_7' title="bbox 282 670 1867 746">
    <p class='ocr_par' dir='ltr' id='par_1_7' title="bbox 282 670 1867 746">
     <span class='ocr_line' id='line_1_7' title="bbox 282 670 1867 746; baseline -0.011 -6"><span class='ocrx_word' id='word_1_26' title='bbox 282 682 354 740; x_wconf 81' lang='lat' dir='ltr'><strong>De</strong></span> <span class='ocrx_word' id='word_1_27' title='bbox 390 679 909 736; x_wconf 69' lang='lat' dir='ltr'><strong>administrnlon&#39;bns</strong></span> <span class='ocrx_word' id='word_1_28' title='bbox 941 687 987 729; x_wconf 80' lang='lat' dir='ltr'><strong>et</strong></span> <span class='ocrx_word' id='word_1_29' title='bbox 1008 677 1090 729; x_wconf 78' lang='lat' dir='ltr'><strong>his</strong></span> <span class='ocrx_word' id='word_1_30' title='bbox 1119 674 1209 746; x_wconf 84' lang='lat' dir='ltr'><strong>qui</strong></span> <span class='ocrx_word' id='word_1_31' title='bbox 1237 689 1412 744; x_wconf 80' lang='lat' dir='ltr'><strong>preces</strong></span> <span class='ocrx_word' id='word_1_32' title='bbox 1461 670 1758 726; x_wconf 80' lang='lat' dir='ltr'><strong>criminales</strong></span> <span class='ocrx_word' id='word_1_33' title='bbox 1785 670 1867 725; x_wconf 85' lang='lat' dir='ltr'><strong>di-</strong></span> 
     </span>
    </p>
   </div>
   <div class='ocr_carea' id='block_1_8' title="bbox 994 755 1158 800">
    <p class='ocr_par' dir='ltr' id='par_1_8' title="bbox 994 755 1158 800">
     <span class='ocr_line' id='line_1_8' title="bbox 994 755 1158 800; baseline -0.012 0"><span class='ocrx_word' id='word_1_34' title='bbox 994 755 1158 800; x_wconf 83' lang='lat' dir='ltr'><strong>ctant.</strong></span> 
     </span>
    </p>
   </div>
   <div class='ocr_carea' id='block_1_9' title="bbox 347 835 1871 906">
    <p class='ocr_par' dir='ltr' id='par_1_9' title="bbox 347 835 1871 906">
     <span class='ocr_line' id='line_1_9' title="bbox 347 835 1871 906; baseline -0.007 -7"><span class='ocrx_word' id='word_1_35' title='bbox 347 843 430 899; x_wconf 90' lang='lat' dir='ltr'><strong>De</strong></span> <span class='ocrx_word' id='word_1_36' title='bbox 487 837 1018 897; x_wconf 84' lang='lat' dir='ltr'><strong>administratoribus</strong></span> <span class='ocrx_word' id='word_1_37' title='bbox 1059 845 1263 903; x_wconf 88' lang='lat' dir='ltr'><strong>autem,</strong></span> <span class='ocrx_word' id='word_1_38' title='bbox 1295 836 1388 905; x_wconf 91' lang='lat' dir='ltr'><strong>qui</strong></span> <span class='ocrx_word' id='word_1_39' title='bbox 1409 835 1613 906; x_wconf 87' lang='lat' dir='ltr'><strong>judicia</strong></span> <span class='ocrx_word' id='word_1_40' title='bbox 1644 835 1871 891; x_wconf 80' lang='lat' dir='ltr'><strong>stecula-</strong></span> 
     </span>
    </p>
   </div>
   <div class='ocr_carea' id='block_1_10' title="bbox 279 929 1867 1000">
    <p class='ocr_par' dir='ltr' id='par_1_10' title="bbox 279 929 1867 1000">
     <span class='ocr_line' id='line_1_10' title="bbox 279 929 1867 1000; baseline -0.006 -9"><span class='ocrx_word' id='word_1_41' title='bbox 279 934 358 990; x_wconf 88' lang='lat' dir='ltr'><strong>ria</strong></span> <span class='ocrx_word' id='word_1_42' title='bbox 418 930 720 989; x_wconf 90' lang='lat' dir='ltr'><strong>secundum</strong></span> <span class='ocrx_word' id='word_1_43' title='bbox 778 930 950 1000; x_wconf 88' lang='lat' dir='ltr'><strong>legem</strong></span> <span class='ocrx_word' id='word_1_44' title='bbox 1007 929 1272 999; x_wconf 85' lang='lat' dir='ltr'><strong>majorum</strong></span> <span class='ocrx_word' id='word_1_45' title='bbox 1319 943 1541 983; x_wconf 87' lang='lat' dir='ltr'><strong>suorum</strong></span> <span class='ocrx_word' id='word_1_46' title='bbox 1590 937 1867 991; x_wconf 81' lang='lat' dir='ltr'><strong>exercent,</strong></span> 
     </span>
    </p>
   </div>
   <div class='ocr_carea' id='block_1_11' title="bbox 280 1021 1865 1097">
    <p class='ocr_par' dir='ltr' id='par_1_11' title="bbox 280 1021 1865 1097">
     <span class='ocr_line' id='line_1_11' title="bbox 280 1021 1865 1097; baseline -0.004 -17"><span class='ocrx_word' id='word_1_47' title='bbox 280 1026 410 1097; x_wconf 88' lang='lat' dir='ltr'><strong>quid</strong></span> <span class='ocrx_word' id='word_1_48' title='bbox 437 1024 582 1089; x_wconf 79' lang='lat' dir='ltr'><strong>sacri</strong></span> <span class='ocrx_word' id='word_1_49' title='bbox 638 1037 880 1079; x_wconf 82' lang='lat' dir='ltr'><strong>canones</strong></span> <span class='ocrx_word' id='word_1_50' title='bbox 936 1022 1198 1085; x_wconf 90' lang='lat' dir='ltr'><strong>sentiant,</strong></span> <span class='ocrx_word' id='word_1_51' title='bbox 1247 1021 1406 1076; x_wconf 80' lang='lat' dir='ltr'><strong>facile</strong></span> <span class='ocrx_word' id='word_1_52' title='bbox 1455 1029 1539 1076; x_wconf 88' lang='lat' dir='ltr'><strong>est</strong></span> <span class='ocrx_word' id='word_1_53' title='bbox 1603 1021 1865 1075; x_wconf 88' lang='lat' dir='ltr'><strong>invenire.</strong></span> 
     </span>
    </p>
   </div>
   <div class='ocr_carea' id='block_1_12' title="bbox 280 1111 1872 1181">
    <p class='ocr_par' dir='ltr' id='par_1_12' title="bbox 280 1111 1872 1181">
     <span class='ocr_line' id='line_1_12' title="bbox 280 1111 1872 1181; baseline -0.006 -9"><span class='ocrx_word' id='word_1_54' title='bbox 280 1116 422 1171; x_wconf 80' lang='lat' dir='ltr'><strong>Nam</strong></span> <span class='ocrx_word' id='word_1_55' title='bbox 454 1116 510 1170; x_wconf 92' lang='lat' dir='ltr'><strong>in</strong></span> <span class='ocrx_word' id='word_1_56' title='bbox 541 1113 777 1170; x_wconf 89' lang='lat' dir='ltr'><strong>decretis</strong></span> <span class='ocrx_word' id='word_1_57' title='bbox 810 1112 1105 1167; x_wconf 88' lang='lat' dir='ltr'><strong>Innocentii</strong></span> <span class='ocrx_word' id='word_1_58' title='bbox 1140 1127 1313 1181; x_wconf 72' lang='lat' dir='ltr'><strong>paptc,</strong></span> <span class='ocrx_word' id='word_1_59' title='bbox 1339 1127 1458 1181; x_wconf 86' lang='lat' dir='ltr'><strong>cap.</strong></span> <span class='ocrx_word' id='word_1_60' title='bbox 1506 1111 1599 1175; x_wconf 71' lang='lat'><strong>22,</strong></span> <span class='ocrx_word' id='word_1_61' title='bbox 1630 1111 1702 1165; x_wconf 85' lang='lat' dir='ltr'><strong>ita</strong></span> <span class='ocrx_word' id='word_1_62' title='bbox 1741 1111 1872 1181; x_wconf 79' lang='lat' dir='ltr'><strong>legi-</strong></span> 
     </span>
    </p>
   </div>
   <div class='ocr_carea' id='block_1_13' title="bbox 281 1203 1872 1275">
    <p class='ocr_par' dir='ltr' id='par_1_13' title="bbox 281 1203 1872 1275">
     <span class='ocr_line' id='line_1_13' title="bbox 281 1203 1872 1275; baseline -0.006 -10"><span class='ocrx_word' id='word_1_63' title='bbox 281 1220 370 1265; x_wconf 90' lang='lat' dir='ltr'><strong>tur</strong></span> <span class='ocrx_word' id='word_1_64' title='bbox 395 1227 410 1263; x_wconf 88' lang='lat'>:</span> <span class='ocrx_word' id='word_1_65' title='bbox 449 1226 468 1259; x_wconf 73' lang='grc' dir='ltr'>ι</span> <span class='ocrx_word' id='word_1_66' title='bbox 498 1206 795 1275; x_wconf 57' lang='lat' dir='ltr'><strong>Quaesitum</strong></span> <span class='ocrx_word' id='word_1_67' title='bbox 817 1213 902 1259; x_wconf 89' lang='lat' dir='ltr'><strong>est</strong></span> <span class='ocrx_word' id='word_1_68' title='bbox 921 1204 1084 1260; x_wconf 89' lang='lat' dir='ltr'><strong>etiam</strong></span> <span class='ocrx_word' id='word_1_69' title='bbox 1114 1218 1276 1273; x_wconf 79' lang='lat' dir='ltr'><strong>super</strong></span> <span class='ocrx_word' id='word_1_70' title='bbox 1297 1203 1403 1268; x_wconf 86' lang='lat' dir='ltr'><strong>his,</strong></span> <span class='ocrx_word' id='word_1_71' title='bbox 1431 1204 1522 1273; x_wconf 90' lang='lat' dir='ltr'><strong>qui</strong></span> <span class='ocrx_word' id='word_1_72' title='bbox 1545 1210 1667 1274; x_wconf 87' lang='lat' dir='ltr'><strong>post</strong></span> <span class='ocrx_word' id='word_1_73' title='bbox 1692 1203 1872 1273; x_wconf 71' lang='lat' dir='ltr'><strong>bapti-</strong></span> 
     </span>
    </p>
   </div>
   <div class='ocr_carea' id='block_1_14' title="bbox 281 1295 1870 1359">
    <p class='ocr_par' dir='ltr' id='par_1_14' title="bbox 281 1295 1870 1359">
     <span class='ocr_line' id='line_1_14' title="bbox 281 1295 1870 1359; baseline -0.003 -5"><span class='ocrx_word' id='word_1_74' title='bbox 281 1313 462 1355; x_wconf 89' lang='lat' dir='ltr'><strong>smum</strong></span> <span class='ocrx_word' id='word_1_75' title='bbox 487 1295 1027 1359; x_wconf 81' lang='lat' dir='ltr'><strong>administraverant,</strong></span> <span class='ocrx_word' id='word_1_76' title='bbox 1056 1304 1150 1348; x_wconf 91' lang='lat' dir='ltr'><strong>aut</strong></span> <span class='ocrx_word' id='word_1_77' title='bbox 1178 1303 1447 1350; x_wconf 88' lang='lat' dir='ltr'><strong>tormenta</strong></span> <span class='ocrx_word' id='word_1_78' title='bbox 1473 1295 1586 1350; x_wconf 88' lang='lat' dir='ltr'><strong>sola</strong></span> <span class='ocrx_word' id='word_1_79' title='bbox 1608 1310 1870 1351; x_wconf 82' lang='lat' dir='ltr'><strong>exercue-</strong></span> 
     </span>
    </p>
   </div>
   <div class='ocr_carea' id='block_1_15' title="bbox 281 1385 1869 1457">
    <p class='ocr_par' dir='ltr' id='par_1_15' title="bbox 281 1385 1869 1457">
     <span class='ocr_line' id='line_1_15' title="bbox 281 1385 1869 1457; baseline -0.003 -13"><span class='ocrx_word' id='word_1_80' title='bbox 281 1397 432 1454; x_wconf 86' lang='lat' dir='ltr'><strong>runt,</strong></span> <span class='ocrx_word' id='word_1_81' title='bbox 484 1394 580 1444; x_wconf 86' lang='lat' dir='ltr'><strong>aut</strong></span> <span class='ocrx_word' id='word_1_82' title='bbox 606 1387 770 1442; x_wconf 87' lang='lat' dir='ltr'><strong>etiam</strong></span> <span class='ocrx_word' id='word_1_83' title='bbox 806 1385 1157 1456; x_wconf 82' lang='lat' dir='ltr'><strong>protulerunt</strong></span> <span class='ocrx_word' id='word_1_84' title='bbox 1209 1386 1494 1457; x_wconf 79' lang='lat' dir='ltr'><strong>capitalem</strong></span> <span class='ocrx_word' id='word_1_85' title='bbox 1524 1388 1869 1449; x_wconf 83' lang='lat' dir='ltr'><strong>sententiam,</strong></span> 
     </span>
    </p>
   </div>
   <div class='ocr_carea' id='block_1_16' title="bbox 283 1475 1875 1547">
    <p class='ocr_par' dir='ltr' id='par_1_16' title="bbox 283 1475 1875 1547">
     <span class='ocr_line' id='line_1_16' title="bbox 283 1475 1875 1547; baseline -0.003 -13"><span class='ocrx_word' id='word_1_86' title='bbox 283 1480 351 1534; x_wconf 87' lang='lat' dir='ltr'><strong>de</strong></span> <span class='ocrx_word' id='word_1_87' title='bbox 377 1478 469 1533; x_wconf 86' lang='lat' dir='ltr'><strong>his</strong></span> <span class='ocrx_word' id='word_1_88' title='bbox 502 1476 634 1532; x_wconf 86' lang='lat' dir='ltr'><strong>nihil</strong></span> <span class='ocrx_word' id='word_1_89' title='bbox 679 1476 908 1547; x_wconf 90' lang='lat' dir='ltr'><strong>legimus</strong></span> <span class='ocrx_word' id='word_1_90' title='bbox 934 1492 964 1531; x_wconf 89' lang='lat' dir='ltr'><strong>a</strong></span> <span class='ocrx_word' id='word_1_91' title='bbox 990 1477 1290 1547; x_wconf 81' lang='lat' dir='ltr'><strong>majoribus</strong></span> <span class='ocrx_word' id='word_1_92' title='bbox 1328 1476 1635 1532; x_wconf 77' lang='lat' dir='ltr'><strong>definitum.</strong></span> <span class='ocrx_word' id='word_1_93' title='bbox 1684 1475 1875 1531; x_wconf 85' lang='lat' dir='ltr'><strong>Memi-</strong></span> 
     </span>
    </p>
   </div>
   <div class='ocr_carea' id='block_1_17' title="bbox 282 1566 1874 1636">
    <p class='ocr_par' dir='ltr' id='par_1_17' title="bbox 282 1566 1874 1636">
     <span class='ocr_line' id='line_1_17' title="bbox 282 1566 1874 1636; baseline -0.003 -11"><span class='ocrx_word' id='word_1_94' title='bbox 282 1577 484 1625; x_wconf 80' lang='lat' dir='ltr'><strong>nerant</strong></span> <span class='ocrx_word' id='word_1_95' title='bbox 505 1568 651 1622; x_wconf 90' lang='lat' dir='ltr'><strong>enim</strong></span> <span class='ocrx_word' id='word_1_96' title='bbox 680 1582 711 1621; x_wconf 89' lang='lat' dir='ltr'><strong>a</strong></span> <span class='ocrx_word' id='word_1_97' title='bbox 740 1566 852 1621; x_wconf 87' lang='lat' dir='ltr'><strong>Deo</strong></span> <span class='ocrx_word' id='word_1_98' title='bbox 903 1575 1198 1636; x_wconf 79' lang='lat' dir='ltr'><strong>potestates</strong></span> <span class='ocrx_word' id='word_1_99' title='bbox 1240 1569 1338 1623; x_wconf 86' lang='lat' dir='ltr'><strong>has</strong></span> <span class='ocrx_word' id='word_1_100' title='bbox 1382 1583 1504 1624; x_wconf 88' lang='lat' dir='ltr'><strong>esse</strong></span> <span class='ocrx_word' id='word_1_101' title='bbox 1562 1583 1874 1632; x_wconf 86' lang='lat' dir='ltr'><strong>concessas,</strong></span> 
     </span>
    </p>
   </div>
   <div class='ocr_carea' id='block_1_18' title="bbox 283 1658 1877 1730">
    <p class='ocr_par' dir='ltr' id='par_1_18' title="bbox 283 1658 1877 1730">
     <span class='ocr_line' id='line_1_18' title="bbox 283 1658 1877 1730; baseline -0.003 -15"><span class='ocrx_word' id='word_1_102' title='bbox 283 1668 341 1716; x_wconf 88' lang='lat' dir='ltr'><strong>et</strong></span> <span class='ocrx_word' id='word_1_103' title='bbox 366 1668 595 1730; x_wconf 82' lang='lat' dir='ltr'><strong>propter</strong></span> <span class='ocrx_word' id='word_1_104' title='bbox 631 1658 931 1714; x_wconf 79' lang='lat' dir='ltr'><strong>vindictam</strong></span> <span class='ocrx_word' id='word_1_105' title='bbox 980 1658 1269 1713; x_wconf 80' lang='lat' dir='ltr'><strong>noxiorum</strong></span> <span class='ocrx_word' id='word_1_106' title='bbox 1327 1658 1566 1729; x_wconf 79' lang='lat' dir='ltr'><strong>gladium</strong></span> <span class='ocrx_word' id='word_1_107' title='bbox 1617 1658 1732 1713; x_wconf 89' lang='lat' dir='ltr'><strong>suis</strong></span> <span class='ocrx_word' id='word_1_108' title='bbox 1757 1672 1877 1713; x_wconf 82' lang='lat' dir='ltr'><strong>esse</strong></span> 
     </span>
    </p>
   </div>
   <div class='ocr_carea' id='block_1_19' title="bbox 1982 467 3563 539">
    <p class='ocr_par' dir='ltr' id='par_1_19' title="bbox 1982 467 3563 539">
     <span class='ocr_line' id='line_1_19' title="bbox 1982 467 3563 539; baseline 0.007 -24"><span class='ocrx_word' id='word_1_109' title='bbox 1982 484 2000 515; x_wconf 75' lang='grc' dir='ltr'><strong><em>ι</em></strong></span> <span class='ocrx_word' id='word_1_110' title='bbox 2045 481 2223 530; x_wconf 87' lang='lat' dir='ltr'><strong>suum,</strong></span> <span class='ocrx_word' id='word_1_111' title='bbox 2254 476 2309 521; x_wconf 92' lang='lat' dir='ltr'><strong>et</strong></span> <span class='ocrx_word' id='word_1_112' title='bbox 2347 467 2583 539; x_wconf 85' lang='lat' dir='ltr'><strong>suscepit</strong></span> <span class='ocrx_word' id='word_1_113' title='bbox 2626 470 2943 539; x_wconf 82' lang='lat' dir='ltr'><strong>sanguinem</strong></span> <span class='ocrx_word' id='word_1_114' title='bbox 2985 468 3170 525; x_wconf 78' lang='lat' dir='ltr'><strong>fratris</strong></span> <span class='ocrx_word' id='word_1_115' title='bbox 3200 471 3274 524; x_wconf 89' lang='lat' dir='ltr'><strong>tui</strong></span> <span class='ocrx_word' id='word_1_116' title='bbox 3305 472 3372 526; x_wconf 88' lang='lat' dir='ltr'><strong>de</strong></span> <span class='ocrx_word' id='word_1_117' title='bbox 3399 488 3563 526; x_wconf 82' lang='lat' dir='ltr'><strong>manu</strong></span> 
     </span>
    </p>
   </div>
   <div class='ocr_carea' id='block_1_20' title="bbox 1980 559 3560 630">
    <p class='ocr_par' dir='ltr' id='par_1_20' title="bbox 1980 559 3560 630">
     <span class='ocr_line' id='line_1_20' title="bbox 1980 559 3560 630; baseline 0.006 -20"><span class='ocrx_word' id='word_1_118' title='bbox 1980 578 1999 608; x_wconf 72' lang='grc' dir='ltr'>ι</span> <span class='ocrx_word' id='word_1_119' title='bbox 2045 567 2157 613; x_wconf 91' lang='lat' dir='ltr'><strong>tua.</strong></span> <span class='ocrx_word' id='word_1_120' title='bbox 2188 559 2322 614; x_wconf 87' lang='lat' dir='ltr'><strong>Cum</strong></span> <span class='ocrx_word' id='word_1_121' title='bbox 2358 571 2612 630; x_wconf 84' lang='lat' dir='ltr'><strong>operatus</strong></span> <span class='ocrx_word' id='word_1_122' title='bbox 2640 561 2812 618; x_wconf 77' lang='lat' dir='ltr'><strong>fueris</strong></span> <span class='ocrx_word' id='word_1_123' title='bbox 2837 578 2978 627; x_wconf 88' lang='lat' dir='ltr'><strong>eam,</strong></span> <span class='ocrx_word' id='word_1_124' title='bbox 3008 579 3113 618; x_wconf 93' lang='lat' dir='ltr'><strong>non</strong></span> <span class='ocrx_word' id='word_1_125' title='bbox 3148 565 3294 620; x_wconf 84' lang='lat' dir='ltr'><strong>dabit</strong></span> <span class='ocrx_word' id='word_1_126' title='bbox 3336 564 3560 621; x_wconf 89' lang='lat' dir='ltr'><strong>fructus.</strong></span> 
     </span>
    </p>
   </div>
   <div class='ocr_carea' id='block_1_21' title="bbox 1980 651 3566 725">
    <p class='ocr_par' dir='ltr' id='par_1_21' title="bbox 1980 651 3566 725">
     <span class='ocr_line' id='line_1_21' title="bbox 1980 651 3566 725; baseline 0.004 -23"><span class='ocrx_word' id='word_1_127' title='bbox 1980 671 1997 702; x_wconf 76' lang='grc' dir='ltr'>ι</span> <span class='ocrx_word' id='word_1_128' title='bbox 2044 651 2224 722; x_wconf 78' lang='lat' dir='ltr'><strong>Vagus</strong></span> <span class='ocrx_word' id='word_1_129' title='bbox 2265 663 2321 717; x_wconf 84' lang='lat' dir='ltr'><strong>et</strong></span> <span class='ocrx_word' id='word_1_130' title='bbox 2361 652 2619 724; x_wconf 78' lang='lat' dir='ltr'><strong>profugus</strong></span> <span class='ocrx_word' id='word_1_131' title='bbox 2662 655 2772 709; x_wconf 88' lang='lat' dir='ltr'><strong>eris</strong></span> <span class='ocrx_word' id='word_1_132' title='bbox 2812 670 2976 724; x_wconf 87' lang='lat' dir='ltr'><strong>super</strong></span> <span class='ocrx_word' id='word_1_133' title='bbox 3016 664 3239 710; x_wconf 86' lang='lat' dir='ltr'><strong>terram.</strong></span> <span class='ocrx_word' id='word_1_134' title='bbox 3276 675 3294 707; x_wconf 73' lang='grc' dir='ltr'><strong><em>ι</em></strong></span> <span class='ocrx_word' id='word_1_135' title='bbox 3350 654 3407 711; x_wconf 81' lang='lat' dir='ltr'><strong>In</strong></span> <span class='ocrx_word' id='word_1_136' title='bbox 3457 672 3566 725; x_wconf 88' lang='lat' dir='ltr'><strong>quo</strong></span> 
     </span>
    </p>
   </div>
   <div class='ocr_carea' id='block_1_22' title="bbox 1973 742 3561 815">
    <p class='ocr_par' dir='ltr' id='par_1_22' title="bbox 1973 742 3561 815">
     <span class='ocr_line' id='line_1_22' title="bbox 1973 742 3561 815; baseline 0.001 -18"><span class='ocrx_word' id='word_1_137' title='bbox 1973 742 2135 797; x_wconf 89' lang='lat' dir='ltr'><strong>etiam</strong></span> <span class='ocrx_word' id='word_1_138' title='bbox 2163 743 2344 812; x_wconf 85' lang='lat' dir='ltr'><strong>posuit</strong></span> <span class='ocrx_word' id='word_1_139' title='bbox 2370 743 2612 812; x_wconf 81' lang='lat' dir='ltr'><strong>signum;</strong></span> <span class='ocrx_word' id='word_1_140' title='bbox 2668 745 2771 799; x_wconf 86' lang='lat' dir='ltr'><strong>hoc</strong></span> <span class='ocrx_word' id='word_1_141' title='bbox 2815 755 2928 808; x_wconf 87' lang='lat' dir='ltr'><strong>est,</strong></span> <span class='ocrx_word' id='word_1_142' title='bbox 2958 754 3018 799; x_wconf 89' lang='lat' dir='ltr'><strong>ut</strong></span> <span class='ocrx_word' id='word_1_143' title='bbox 3047 761 3301 815; x_wconf 80' lang='lat' dir='ltr'><strong>gemens,</strong></span> <span class='ocrx_word' id='word_1_144' title='bbox 3350 755 3408 801; x_wconf 89' lang='lat' dir='ltr'><strong>et</strong></span> <span class='ocrx_word' id='word_1_145' title='bbox 3448 757 3561 800; x_wconf 87' lang='lat' dir='ltr'><strong>Ire-</strong></span> 
     </span>
    </p>
   </div>
   <div class='ocr_carea' id='block_1_23' title="bbox 1972 835 3569 910">
    <p class='ocr_par' dir='ltr' id='par_1_23' title="bbox 1972 835 3569 910">
     <span class='ocr_line' id='line_1_23' title="bbox 1972 835 3569 910; baseline 0.004 -21"><span class='ocrx_word' id='word_1_146' title='bbox 1972 850 2149 899; x_wconf 82' lang='lat' dir='ltr'><strong>mens,</strong></span> <span class='ocrx_word' id='word_1_147' title='bbox 2182 845 2236 890; x_wconf 89' lang='lat' dir='ltr'><strong>et</strong></span> <span class='ocrx_word' id='word_1_148' title='bbox 2265 835 2524 907; x_wconf 77' lang='lat' dir='ltr'><strong>profugus</strong></span> <span class='ocrx_word' id='word_1_149' title='bbox 2549 837 2755 892; x_wconf 85' lang='lat' dir='ltr'><strong>viveret</strong></span> <span class='ocrx_word' id='word_1_150' title='bbox 2784 854 3014 908; x_wconf 87' lang='lat' dir='ltr'><strong>semper,</strong></span> <span class='ocrx_word' id='word_1_151' title='bbox 3043 856 3144 895; x_wconf 87' lang='lat' dir='ltr'><strong>nec</strong></span> <span class='ocrx_word' id='word_1_152' title='bbox 3169 842 3377 910; x_wconf 83' lang='lat' dir='ltr'><strong>uspiam</strong></span> <span class='ocrx_word' id='word_1_153' title='bbox 3408 842 3569 895; x_wconf 77' lang='lat' dir='ltr'><strong>sedes</strong></span> 
     </span>
    </p>
   </div>
   <div class='ocr_carea' id='block_1_24' title="bbox 1975 926 3560 998">
    <p class='ocr_par' dir='ltr' id='par_1_24' title="bbox 1975 926 3560 998">
     <span class='ocr_line' id='line_1_24' title="bbox 1975 926 3560 998; baseline 0.001 -18"><span class='ocrx_word' id='word_1_154' title='bbox 1975 926 2199 981; x_wconf 86' lang='lat' dir='ltr'><strong>haberet</strong></span> <span class='ocrx_word' id='word_1_155' title='bbox 2236 926 2466 995; x_wconf 67' lang='lat' dir='ltr'><strong>quietas.</strong></span> <span class='ocrx_word' id='word_1_156' title='bbox 2522 926 2629 981; x_wconf 85' lang='lat' dir='ltr'><strong>Sed</strong></span> <span class='ocrx_word' id='word_1_157' title='bbox 2664 928 2789 997; x_wconf 89' lang='lat' dir='ltr'><strong>quia</strong></span> <span class='ocrx_word' id='word_1_158' title='bbox 2827 929 2879 982; x_wconf 93' lang='lat' dir='ltr'><strong>in</strong></span> <span class='ocrx_word' id='word_1_159' title='bbox 2913 929 3188 983; x_wconf 78' lang='lat' dir='ltr'><strong>modernis</strong></span> <span class='ocrx_word' id='word_1_160' title='bbox 3230 930 3560 998; x_wconf 87' lang='lat' dir='ltr'><strong>temporibus</strong></span> 
     </span>
    </p>
   </div>
   <div class='ocr_carea' id='block_1_25' title="bbox 1973 1016 3567 1089">
    <p class='ocr_par' dir='ltr' id='par_1_25' title="bbox 1973 1016 3567 1089">
     <span class='ocr_line' id='line_1_25' title="bbox 1973 1016 3567 1089; baseline 0.003 -19"><span class='ocrx_word' id='word_1_161' title='bbox 1973 1017 2259 1088; x_wconf 71' lang='lat' dir='ltr'><strong>parricilm</strong></span> <span class='ocrx_word' id='word_1_162' title='bbox 2304 1016 2516 1088; x_wconf 82' lang='lat' dir='ltr'><strong>profugi</strong></span> <span class='ocrx_word' id='word_1_163' title='bbox 2554 1018 2867 1073; x_wconf 82' lang='lat' dir='ltr'><strong>discurrunt</strong></span> <span class='ocrx_word' id='word_1_164' title='bbox 2912 1035 3007 1089; x_wconf 88' lang='lat' dir='ltr'><strong>per</strong></span> <span class='ocrx_word' id='word_1_165' title='bbox 3055 1020 3267 1073; x_wconf 85' lang='lat' dir='ltr'><strong>diversa</strong></span> <span class='ocrx_word' id='word_1_166' title='bbox 3320 1019 3456 1083; x_wconf 89' lang='lat' dir='ltr'><strong>loca,</strong></span> <span class='ocrx_word' id='word_1_167' title='bbox 3512 1030 3567 1074; x_wconf 74' lang='lat' dir='ltr'><strong>ct</strong></span> 
     </span>
    </p>
   </div>
   <div class='ocr_carea' id='block_1_26' title="bbox 1974 1108 3565 1178">
    <p class='ocr_par' dir='ltr' id='par_1_26' title="bbox 1974 1108 3565 1178">
     <span class='ocr_line' id='line_1_26' title="bbox 1974 1108 3565 1178; baseline 0.002 -17"><span class='ocrx_word' id='word_1_168' title='bbox 1974 1108 2140 1163; x_wconf 85' lang='lat' dir='ltr'><strong>variis</strong></span> <span class='ocrx_word' id='word_1_169' title='bbox 2166 1108 2310 1162; x_wconf 84' lang='lat' dir='ltr'><strong>vitiis</strong></span> <span class='ocrx_word' id='word_1_170' title='bbox 2356 1116 2517 1178; x_wconf 89' lang='lat' dir='ltr'><strong>atque</strong></span> <span class='ocrx_word' id='word_1_171' title='bbox 2539 1108 2675 1177; x_wconf 63' lang='lat' dir='ltr'><strong>gula:</strong></span> <span class='ocrx_word' id='word_1_172' title='bbox 2698 1109 2972 1164; x_wconf 84' lang='lat' dir='ltr'><strong>illecebris</strong></span> <span class='ocrx_word' id='word_1_173' title='bbox 2993 1109 3333 1174; x_wconf 82' lang='lat' dir='ltr'><strong>deserviunt;</strong></span> <span class='ocrx_word' id='word_1_174' title='bbox 3373 1110 3565 1165; x_wconf 85' lang='lat' dir='ltr'><strong>melius</strong></span> 
     </span>
    </p>
   </div>
   <div class='ocr_carea' id='block_1_27' title="bbox 1976 1200 3566 1271">
    <p class='ocr_par' dir='ltr' id='par_1_27' title="bbox 1976 1200 3566 1271">
     <span class='ocr_line' id='line_1_27' title="bbox 1976 1200 3566 1271; baseline 0.001 -17"><span class='ocrx_word' id='word_1_175' title='bbox 1976 1200 2108 1254; x_wconf 88' lang='lat' dir='ltr'><strong>mihi</strong></span> <span class='ocrx_word' id='word_1_176' title='bbox 2146 1200 2379 1264; x_wconf 81' lang='lat' dir='ltr'><strong>videtur,</strong></span> <span class='ocrx_word' id='word_1_177' title='bbox 2424 1209 2484 1254; x_wconf 91' lang='lat' dir='ltr'><strong>ut</strong></span> <span class='ocrx_word' id='word_1_178' title='bbox 2529 1201 2582 1254; x_wconf 89' lang='lat' dir='ltr'><strong>in</strong></span> <span class='ocrx_word' id='word_1_179' title='bbox 2622 1217 2730 1257; x_wconf 89' lang='lat' dir='ltr'><strong>uno</strong></span> <span class='ocrx_word' id='word_1_180' title='bbox 2768 1201 2888 1256; x_wconf 87' lang='lat' dir='ltr'><strong>loco</strong></span> <span class='ocrx_word' id='word_1_181' title='bbox 2924 1213 3207 1255; x_wconf 87' lang='lat' dir='ltr'><strong>manentes</strong></span> <span class='ocrx_word' id='word_1_182' title='bbox 3247 1202 3566 1271; x_wconf 60' lang='lat' dir='ltr'><strong>paenitentia</strong></span> 
     </span>
    </p>
   </div>
   <div class='ocr_carea' id='block_1_28' title="bbox 1976 1293 3562 1365">
    <p class='ocr_par' dir='ltr' id='par_1_28' title="bbox 1976 1293 3562 1365">
     <span class='ocr_line' id='line_1_28' title="bbox 1976 1293 3562 1365; baseline 0 -17"><span class='ocrx_word' id='word_1_183' title='bbox 1976 1295 2223 1349; x_wconf 87' lang='lat' dir='ltr'><strong>districta</strong></span> <span class='ocrx_word' id='word_1_184' title='bbox 2276 1294 2594 1364; x_wconf 87' lang='lat' dir='ltr'><strong>semetipsos</strong></span> <span class='ocrx_word' id='word_1_185' title='bbox 2640 1294 2905 1365; x_wconf 81' lang='lat' dir='ltr'><strong>castigent</strong></span> <span class='ocrx_word' id='word_1_186' title='bbox 2943 1313 2956 1348; x_wconf 89' lang='lat'><strong>:</strong></span> <span class='ocrx_word' id='word_1_187' title='bbox 3002 1295 3046 1348; x_wconf 82' lang='lat' dir='ltr'><strong>si</strong></span> <span class='ocrx_word' id='word_1_188' title='bbox 3100 1293 3235 1349; x_wconf 83' lang='lat' dir='ltr'><strong>forte</strong></span> <span class='ocrx_word' id='word_1_189' title='bbox 3282 1309 3310 1347; x_wconf 89' lang='lat' dir='ltr'><strong>a</strong></span> <span class='ocrx_word' id='word_1_190' title='bbox 3350 1294 3562 1349; x_wconf 88' lang='lat' dir='ltr'><strong>Domini</strong></span> 
     </span>
    </p>
   </div>
   <div class='ocr_carea' id='block_1_29' title="bbox 1976 1383 3568 1455">
    <p class='ocr_par' dir='ltr' id='par_1_29' title="bbox 1976 1383 3568 1455">
     <span class='ocr_line' id='line_1_29' title="bbox 1976 1383 3568 1455; baseline -0.001 -16"><span class='ocrx_word' id='word_1_191' title='bbox 1976 1383 2218 1440; x_wconf 83' lang='lat' dir='ltr'><strong>bonitate</strong></span> <span class='ocrx_word' id='word_1_192' title='bbox 2263 1384 2647 1455; x_wconf 74' lang='lat' dir='ltr'><strong>indulgentiam</strong></span> <span class='ocrx_word' id='word_1_193' title='bbox 2693 1383 2949 1439; x_wconf 70' lang='lat' dir='ltr'><strong>facinoris</strong></span> <span class='ocrx_word' id='word_1_194' title='bbox 3002 1384 3084 1438; x_wconf 89' lang='lat' dir='ltr'><strong>sui</strong></span> <span class='ocrx_word' id='word_1_195' title='bbox 3131 1384 3412 1453; x_wconf 87' lang='lat' dir='ltr'><strong>percipere</strong></span> <span class='ocrx_word' id='word_1_196' title='bbox 3456 1399 3568 1438; x_wconf 88' lang='lat' dir='ltr'><strong>me—</strong></span> 
     </span>
    </p>
   </div>
   <div class='ocr_carea' id='block_1_30' title="bbox 1979 1472 3567 1544">
    <p class='ocr_par' dir='ltr' id='par_1_30' title="bbox 1979 1472 3567 1544">
     <span class='ocr_line' id='line_1_30' title="bbox 1979 1472 3567 1544; baseline 0 -17"><span class='ocrx_word' id='word_1_197' title='bbox 1979 1482 2221 1528; x_wconf 86' lang='lat' dir='ltr'><strong>reantur.</strong></span> <span class='ocrx_word' id='word_1_198' title='bbox 2259 1472 2375 1526; x_wconf 81' lang='lat' dir='ltr'><strong>Non</strong></span> <span class='ocrx_word' id='word_1_199' title='bbox 2404 1473 2547 1527; x_wconf 83' lang='lat' dir='ltr'><strong>enim</strong></span> <span class='ocrx_word' id='word_1_200' title='bbox 2577 1473 2658 1529; x_wconf 91' lang='lat' dir='ltr'><strong>cis</strong></span> <span class='ocrx_word' id='word_1_201' title='bbox 2684 1473 3031 1529; x_wconf 75' lang='lat' dir='ltr'><strong>licebitultra</strong></span> <span class='ocrx_word' id='word_1_202' title='bbox 3059 1474 3263 1527; x_wconf 74' lang='lat' dir='ltr'><strong>militia:</strong></span> <span class='ocrx_word' id='word_1_203' title='bbox 3293 1472 3567 1544; x_wconf 83' lang='lat' dir='ltr'><strong>cingulum</strong></span> 
     </span>
    </p>
   </div>
   <div class='ocr_carea' id='block_1_31' title="bbox 1980 1563 3569 1634">
    <p class='ocr_par' dir='ltr' id='par_1_31' title="bbox 1980 1563 3569 1634">
     <span class='ocr_line' id='line_1_31' title="bbox 1980 1563 3569 1634; baseline 0 -16"><span class='ocrx_word' id='word_1_204' title='bbox 1980 1578 2216 1628; x_wconf 87' lang='lat' dir='ltr'><strong>sumere,</strong></span> <span class='ocrx_word' id='word_1_205' title='bbox 2255 1572 2311 1618; x_wconf 90' lang='lat' dir='ltr'><strong>et</strong></span> <span class='ocrx_word' id='word_1_206' title='bbox 2350 1564 2551 1632; x_wconf 90' lang='lat' dir='ltr'><strong>nuptiis</strong></span> <span class='ocrx_word' id='word_1_207' title='bbox 2616 1573 2780 1633; x_wconf 88' lang='lat' dir='ltr'><strong>atque</strong></span> <span class='ocrx_word' id='word_1_208' title='bbox 2818 1563 3051 1634; x_wconf 70' lang='lat' dir='ltr'><strong>conjugii</strong></span> <span class='ocrx_word' id='word_1_209' title='bbox 3088 1563 3275 1634; x_wconf 85' lang='lat' dir='ltr'><strong>ecpula</strong></span> <span class='ocrx_word' id='word_1_210' title='bbox 3313 1565 3414 1629; x_wconf 87' lang='lat' dir='ltr'><strong>uti,</strong></span> <span class='ocrx_word' id='word_1_211' title='bbox 3442 1564 3569 1633; x_wconf 85' lang='lat' dir='ltr'><strong>quia</strong></span> 
     </span>
    </p>
   </div>
   <div class='ocr_carea' id='block_1_32' title="bbox 1983 1653 3563 1723">
    <p class='ocr_par' dir='ltr' id='par_1_32' title="bbox 1983 1653 3563 1723">
     <span class='ocr_line' id='line_1_32' title="bbox 1983 1653 3563 1723; baseline 0 -15"><span class='ocrx_word' id='word_1_212' title='bbox 1983 1654 2124 1708; x_wconf 84' lang='lat' dir='ltr'><strong>sacri</strong></span> <span class='ocrx_word' id='word_1_213' title='bbox 2153 1653 2403 1709; x_wconf 88' lang='lat' dir='ltr'><strong>Cauones</strong></span> <span class='ocrx_word' id='word_1_214' title='bbox 2430 1653 2536 1708; x_wconf 91' lang='lat' dir='ltr'><strong>hoc</strong></span> <span class='ocrx_word' id='word_1_215' title='bbox 2568 1654 2650 1709; x_wconf 87' lang='lat' dir='ltr'><strong>eis</strong></span> <span class='ocrx_word' id='word_1_216' title='bbox 2679 1670 2785 1708; x_wconf 91' lang='lat' dir='ltr'><strong>non</strong></span> <span class='ocrx_word' id='word_1_217' title='bbox 2834 1654 3139 1709; x_wconf 87' lang='lat' dir='ltr'><strong>concedunt</strong></span> <span class='ocrx_word' id='word_1_218' title='bbox 3176 1672 3188 1707; x_wconf 90' lang='lat'><strong>:</strong></span> <span class='ocrx_word' id='word_1_219' title='bbox 3234 1653 3376 1709; x_wconf 87' lang='lat' dir='ltr'><strong>sicut</strong></span> <span class='ocrx_word' id='word_1_220' title='bbox 3424 1662 3563 1723; x_wconf 88' lang='lat' dir='ltr'><strong>post-</strong></span> 
     </span>
    </p>
   </div>
   <div class='ocr_carea' id='block_1_33' title="bbox 284 1730 3570 1822">
    <p class='ocr_par' dir='ltr' id='par_1_33' title="bbox 284 1730 3570 1822">
     <span class='ocr_line' id='line_1_33' title="bbox 284 1730 3570 1822; baseline -0.002 -17"><span class='ocrx_word' id='word_1_221' title='bbox 284 1751 615 1822; x_wconf 84' lang='lat' dir='ltr'><strong>permissum</strong></span> <span class='ocrx_word' id='word_1_222' title='bbox 641 1768 655 1803; x_wconf 88' lang='lat'><strong>:</strong></span> <span class='ocrx_word' id='word_1_223' title='bbox 687 1747 784 1804; x_wconf 87' lang='lat' dir='ltr'><strong>Dei</strong></span> <span class='ocrx_word' id='word_1_224' title='bbox 806 1748 1114 1803; x_wconf 88' lang='lat' dir='ltr'><strong>ministrum</strong></span> <span class='ocrx_word' id='word_1_225' title='bbox 1138 1749 1321 1803; x_wconf 88' lang='lat' dir='ltr'><strong>datum</strong></span> <span class='ocrx_word' id='word_1_226' title='bbox 1344 1761 1466 1802; x_wconf 90' lang='lat' dir='ltr'><strong>esse</strong></span> <span class='ocrx_word' id='word_1_227' title='bbox 1492 1747 1546 1801; x_wconf 90' lang='lat' dir='ltr'><strong>in</strong></span> <span class='ocrx_word' id='word_1_228' title='bbox 1571 1745 1877 1815; x_wconf 76' lang='lat' dir='ltr'><strong>huiusmodi</strong></span> <span class='ocrx_word' id='word_1_229' title='bbox 1908 1730 1955 1790; x_wconf 83' lang='grc' dir='ltr'><strong>Β</strong></span> <span class='ocrx_word' id='word_1_230' title='bbox 1984 1743 2201 1799; x_wconf 89' lang='lat' dir='ltr'><strong>modum</strong></span> <span class='ocrx_word' id='word_1_231' title='bbox 2239 1744 2307 1799; x_wconf 92' lang='lat' dir='ltr'><strong>de</strong></span> <span class='ocrx_word' id='word_1_232' title='bbox 2331 1731 2724 1813; x_wconf 71' lang='lat' dir='ltr'><strong>pmnitentibus</strong></span> <span class='ocrx_word' id='word_1_233' title='bbox 2750 1757 2850 1813; x_wconf 87' lang='lat' dir='ltr'><strong>pro</strong></span> <span class='ocrx_word' id='word_1_234' title='bbox 2874 1742 3047 1812; x_wconf 88' lang='lat' dir='ltr'><strong>culpis</strong></span> <span class='ocrx_word' id='word_1_235' title='bbox 3072 1741 3325 1814; x_wconf 78' lang='lat' dir='ltr'><strong>gravibus</strong></span> <span class='ocrx_word' id='word_1_236' title='bbox 3354 1742 3570 1799; x_wconf 88' lang='lat' dir='ltr'><strong>decreta</strong></span> 
     </span>
    </p>
   </div>
   <div class='ocr_carea' id='block_1_34' title="bbox 286 1837 1882 1913">
    <p class='ocr_par' dir='ltr' id='par_1_34' title="bbox 286 1837 1882 1913">
     <span class='ocr_line' id='line_1_34' title="bbox 286 1837 1882 1913; baseline -0.004 -15"><span class='ocrx_word' id='word_1_237' title='bbox 286 1845 583 1910; x_wconf 81' lang='lat' dir='ltr'><strong>vindicem,</strong></span> <span class='ocrx_word' id='word_1_238' title='bbox 629 1842 1086 1913; x_wconf 81' lang='lat' dir='ltr'><strong>quemadmodum</strong></span> <span class='ocrx_word' id='word_1_239' title='bbox 1118 1841 1286 1911; x_wconf 84' lang='lat' dir='ltr'><strong>igitur</strong></span> <span class='ocrx_word' id='word_1_240' title='bbox 1315 1840 1777 1911; x_wconf 88' lang='lat' dir='ltr'><strong>reprehenderent</strong></span> <span class='ocrx_word' id='word_1_241' title='bbox 1798 1837 1882 1893; x_wconf 87' lang='lat' dir='ltr'><strong>fa-</strong></span> 
     </span>
    </p>
   </div>
   <div class='ocr_carea' id='block_1_35' title="bbox 288 1929 1881 2004">
    <p class='ocr_par' dir='ltr' id='par_1_35' title="bbox 288 1929 1881 2004">
     <span class='ocr_line' id='line_1_35' title="bbox 288 1929 1881 2004; baseline -0.004 -14"><span class='ocrx_word' id='word_1_242' title='bbox 288 1943 457 1999; x_wconf 88' lang='lat' dir='ltr'><strong>ctum,</strong></span> <span class='ocrx_word' id='word_1_243' title='bbox 489 1933 633 2004; x_wconf 91' lang='lat' dir='ltr'><strong>quod</strong></span> <span class='ocrx_word' id='word_1_244' title='bbox 669 1941 895 1988; x_wconf 88' lang='lat' dir='ltr'><strong>auctore</strong></span> <span class='ocrx_word' id='word_1_245' title='bbox 945 1931 1058 1987; x_wconf 90' lang='lat' dir='ltr'><strong>Deo</strong></span> <span class='ocrx_word' id='word_1_246' title='bbox 1084 1932 1333 1987; x_wconf 84' lang='lat' dir='ltr'><strong>viderent</strong></span> <span class='ocrx_word' id='word_1_247' title='bbox 1362 1946 1484 1986; x_wconf 87' lang='lat' dir='ltr'><strong>esse</strong></span> <span class='ocrx_word' id='word_1_248' title='bbox 1518 1929 1881 1985; x_wconf 88' lang='lat' dir='ltr'><strong>concessum?</strong></span> 
     </span>
    </p>
   </div>
   <div class='ocr_carea' id='block_1_36' title="bbox 288 2021 1880 2096">
    <p class='ocr_par' dir='ltr' id='par_1_36' title="bbox 288 2021 1880 2096">
     <span class='ocr_line' id='line_1_36' title="bbox 288 2021 1880 2096; baseline -0.004 -16"><span class='ocrx_word' id='word_1_249' title='bbox 288 2026 363 2081; x_wconf 88' lang='lat' dir='ltr'><strong>De</strong></span> <span class='ocrx_word' id='word_1_250' title='bbox 387 2026 475 2080; x_wconf 88' lang='lat' dir='ltr'><strong>his</strong></span> <span class='ocrx_word' id='word_1_251' title='bbox 502 2040 653 2096; x_wconf 80' lang='lat' dir='ltr'><strong>ergo,</strong></span> <span class='ocrx_word' id='word_1_252' title='bbox 683 2023 758 2078; x_wconf 88' lang='lat' dir='ltr'><strong>ita</strong></span> <span class='ocrx_word' id='word_1_253' title='bbox 784 2024 1142 2079; x_wconf 78' lang='lat' dir='ltr'><strong>tit-hactenus</strong></span> <span class='ocrx_word' id='word_1_254' title='bbox 1169 2030 1445 2078; x_wconf 89' lang='lat' dir='ltr'><strong>servatum</strong></span> <span class='ocrx_word' id='word_1_255' title='bbox 1473 2030 1577 2085; x_wconf 89' lang='lat' dir='ltr'><strong>est,</strong></span> <span class='ocrx_word' id='word_1_256' title='bbox 1608 2022 1687 2076; x_wconf 90' lang='lat' dir='ltr'><strong>sic</strong></span> <span class='ocrx_word' id='word_1_257' title='bbox 1710 2021 1880 2076; x_wconf 85' lang='lat' dir='ltr'><strong>babe-</strong></span> 
     </span>
    </p>
   </div>
   <div class='ocr_carea' id='block_1_37' title="bbox 289 2111 1882 2184">
    <p class='ocr_par' dir='ltr' id='par_1_37' title="bbox 289 2111 1882 2184">
     <span class='ocr_line' id='line_1_37' title="bbox 289 2111 1882 2184; baseline -0.004 -14"><span class='ocrx_word' id='word_1_258' title='bbox 289 2131 411 2170; x_wconf 87' lang='lat' dir='ltr'><strong>mus</strong></span> <span class='ocrx_word' id='word_1_259' title='bbox 437 2128 453 2167; x_wconf 88' lang='lat'><strong>:</strong></span> <span class='ocrx_word' id='word_1_260' title='bbox 484 2130 611 2180; x_wconf 88' lang='lat' dir='ltr'><strong>nec,</strong></span> <span class='ocrx_word' id='word_1_261' title='bbox 643 2122 738 2168; x_wconf 89' lang='lat' dir='ltr'><strong>aut</strong></span> <span class='ocrx_word' id='word_1_262' title='bbox 783 2111 1122 2184; x_wconf 84' lang='lat' dir='ltr'><strong>disciplinam</strong></span> <span class='ocrx_word' id='word_1_263' title='bbox 1152 2119 1421 2177; x_wconf 88' lang='lat' dir='ltr'><strong>evertere,</strong></span> <span class='ocrx_word' id='word_1_264' title='bbox 1454 2119 1549 2166; x_wconf 87' lang='lat' dir='ltr'><strong>aut</strong></span> <span class='ocrx_word' id='word_1_265' title='bbox 1570 2119 1760 2166; x_wconf 89' lang='lat' dir='ltr'><strong>contra</strong></span> <span class='ocrx_word' id='word_1_266' title='bbox 1789 2125 1882 2164; x_wconf 87' lang='lat' dir='ltr'><strong>au-</strong></span> 
     </span>
    </p>
   </div>
   <div class='ocr_carea' id='block_1_38' title="bbox 289 2202 1879 2273">
    <p class='ocr_par' dir='ltr' id='par_1_38' title="bbox 289 2202 1879 2273">
     <span class='ocr_line' id='line_1_38' title="bbox 289 2202 1879 2273; baseline -0.004 -11"><span class='ocrx_word' id='word_1_267' title='bbox 289 2206 600 2262; x_wconf 86' lang='lat' dir='ltr'><strong>ctoritatem</strong></span> <span class='ocrx_word' id='word_1_268' title='bbox 650 2203 862 2259; x_wconf 88' lang='lat' dir='ltr'><strong>Domini</strong></span> <span class='ocrx_word' id='word_1_269' title='bbox 909 2204 1098 2259; x_wconf 87' lang='lat' dir='ltr'><strong>venire</strong></span> <span class='ocrx_word' id='word_1_270' title='bbox 1145 2202 1448 2257; x_wconf 88' lang='lat' dir='ltr'><strong>videamur.</strong></span> <span class='ocrx_word' id='word_1_271' title='bbox 1508 2202 1644 2273; x_wconf 86' lang='lat' dir='ltr'><strong>Ipsis</strong></span> <span class='ocrx_word' id='word_1_272' title='bbox 1696 2208 1879 2256; x_wconf 86' lang='lat' dir='ltr'><strong>autem</strong></span> 
     </span>
    </p>
   </div>
   <div class='ocr_carea' id='block_1_39' title="bbox 292 2292 1874 2365">
    <p class='ocr_par' dir='ltr' id='par_1_39' title="bbox 292 2292 1874 2365">
     <span class='ocr_line' id='line_1_39' title="bbox 292 2292 1874 2365; baseline -0.005 -12"><span class='ocrx_word' id='word_1_273' title='bbox 292 2299 345 2353; x_wconf 90' lang='lat' dir='ltr'><strong>in</strong></span> <span class='ocrx_word' id='word_1_274' title='bbox 375 2298 590 2352; x_wconf 87' lang='lat' dir='ltr'><strong>ratione</strong></span> <span class='ocrx_word' id='word_1_275' title='bbox 615 2295 889 2351; x_wconf 87' lang='lat' dir='ltr'><strong>reddenda</strong></span> <span class='ocrx_word' id='word_1_276' title='bbox 926 2303 1077 2365; x_wconf 80' lang='lat' dir='ltr'><strong>gesta</strong></span> <span class='ocrx_word' id='word_1_277' title='bbox 1104 2309 1203 2349; x_wconf 87' lang='lat' dir='ltr'><strong>sua</strong></span> <span class='ocrx_word' id='word_1_278' title='bbox 1231 2293 1413 2349; x_wconf 88' lang='lat' dir='ltr'><strong>omnia</strong></span> <span class='ocrx_word' id='word_1_279' title='bbox 1436 2292 1819 2348; x_wconf 88' lang='lat' dir='ltr'><strong>servabuntur.</strong></span> <span class='ocrx_word' id='word_1_280' title='bbox 1854 2310 1874 2343; x_wconf 73' lang='grc' dir='ltr'><strong><em>ι</em></strong></span> 
     </span>
    </p>
   </div>
   <div class='ocr_carea' id='block_1_40' title="bbox 290 2381 1881 2454">
    <p class='ocr_par' dir='ltr' id='par_1_40' title="bbox 290 2381 1881 2454">
     <span class='ocr_line' id='line_1_40' title="bbox 290 2381 1881 2454; baseline -0.004 -12"><span class='ocrx_word' id='word_1_281' title='bbox 290 2388 420 2442; x_wconf 83' lang='lat' dir='ltr'><strong>item</strong></span> <span class='ocrx_word' id='word_1_282' title='bbox 448 2387 505 2441; x_wconf 92' lang='lat' dir='ltr'><strong>in</strong></span> <span class='ocrx_word' id='word_1_283' title='bbox 533 2386 738 2442; x_wconf 88' lang='lat' dir='ltr'><strong>eisdem</strong></span> <span class='ocrx_word' id='word_1_284' title='bbox 773 2385 1027 2451; x_wconf 87' lang='lat' dir='ltr'><strong>decretis,</strong></span> <span class='ocrx_word' id='word_1_285' title='bbox 1055 2398 1178 2454; x_wconf 88' lang='lat' dir='ltr'><strong>cap.</strong></span> <span class='ocrx_word' id='word_1_286' title='bbox 1205 2382 1296 2449; x_wconf 75' lang='lat'><strong>25,</strong></span> <span class='ocrx_word' id='word_1_287' title='bbox 1327 2383 1588 2452; x_wconf 89' lang='lat' dir='ltr'><strong>scriptum</strong></span> <span class='ocrx_word' id='word_1_288' title='bbox 1626 2390 1712 2438; x_wconf 89' lang='lat' dir='ltr'><strong>est</strong></span> <span class='ocrx_word' id='word_1_289' title='bbox 1735 2381 1881 2452; x_wconf 88' lang='lat' dir='ltr'><strong>quod</strong></span> 
     </span>
    </p>
   </div>
   <div class='ocr_carea' id='block_1_41' title="bbox 291 2473 1880 2547">
    <p class='ocr_par' dir='ltr' id='par_1_41' title="bbox 291 2473 1880 2547">
     <span class='ocr_line' id='line_1_41' title="bbox 291 2473 1880 2547; baseline -0.004 -16"><span class='ocrx_word' id='word_1_290' title='bbox 291 2478 383 2547; x_wconf 83' lang='lat' dir='ltr'><strong>qui</strong></span> <span class='ocrx_word' id='word_1_291' title='bbox 435 2490 634 2547; x_wconf 88' lang='lat' dir='ltr'><strong>preces</strong></span> <span class='ocrx_word' id='word_1_292' title='bbox 687 2474 998 2532; x_wconf 88' lang='lat' dir='ltr'><strong>criminales</strong></span> <span class='ocrx_word' id='word_1_293' title='bbox 1057 2474 1290 2541; x_wconf 85' lang='lat' dir='ltr'><strong>dictant,</strong></span> <span class='ocrx_word' id='word_1_294' title='bbox 1340 2474 1645 2531; x_wconf 88' lang='lat' dir='ltr'><strong>habeantur</strong></span> <span class='ocrx_word' id='word_1_295' title='bbox 1681 2473 1880 2528; x_wconf 86' lang='lat' dir='ltr'><strong>immu-</strong></span> 
     </span>
    </p>
   </div>
   <div class='ocr_carea' id='block_1_42' title="bbox 292 2582 408 2623">
    <p class='ocr_par' dir='ltr' id='par_1_42' title="bbox 292 2582 408 2623">
     <span class='ocr_line' id='line_1_42' title="bbox 292 2582 408 2623; baseline -0.017 0"><span class='ocrx_word' id='word_1_296' title='bbox 292 2582 408 2623; x_wconf 82' lang='lat' dir='ltr'><strong>nes.</strong></span> 
     </span>
    </p>
   </div>
   <div class='ocr_carea' id='block_1_43' title="bbox 359 2653 1880 2723">
    <p class='ocr_par' dir='ltr' id='par_1_43' title="bbox 359 2653 1880 2723">
     <span class='ocr_line' id='line_1_43' title="bbox 359 2653 1880 2723; baseline -0.003 -11"><span class='ocrx_word' id='word_1_297' title='bbox 359 2657 497 2715; x_wconf 83' lang='lat' dir='ltr'><strong>Illud</strong></span> <span class='ocrx_word' id='word_1_298' title='bbox 522 2658 688 2714; x_wconf 88' lang='lat' dir='ltr'><strong>etiam</strong></span> <span class='ocrx_word' id='word_1_299' title='bbox 714 2656 985 2714; x_wconf 88' lang='lat' dir='ltr'><strong>sciscitari</strong></span> <span class='ocrx_word' id='word_1_300' title='bbox 1032 2655 1251 2712; x_wconf 87' lang='lat' dir='ltr'><strong>voluisti</strong></span> <span class='ocrx_word' id='word_1_301' title='bbox 1283 2670 1297 2710; x_wconf 91' lang='lat'>:</span> <span class='ocrx_word' id='word_1_302' title='bbox 1332 2670 1400 2709; x_wconf 86' lang='lat' dir='ltr'><strong>an</strong></span> <span class='ocrx_word' id='word_1_303' title='bbox 1429 2668 1621 2723; x_wconf 90' lang='lat' dir='ltr'><strong>preces</strong></span> <span class='ocrx_word' id='word_1_304' title='bbox 1664 2653 1880 2709; x_wconf 87' lang='lat' dir='ltr'><strong>dictan-</strong></span> 
     </span>
    </p>
   </div>
   <div class='ocr_carea' id='block_1_44' title="bbox 293 2745 1882 2816">
    <p class='ocr_par' dir='ltr' id='par_1_44' title="bbox 293 2745 1882 2816">
     <span class='ocr_line' id='line_1_44' title="bbox 293 2745 1882 2816; baseline -0.004 -8"><span class='ocrx_word' id='word_1_305' title='bbox 293 2753 438 2808; x_wconf 84' lang='lat' dir='ltr'><strong>tibus</strong></span> <span class='ocrx_word' id='word_1_306' title='bbox 479 2750 717 2805; x_wconf 82' lang='lat' dir='ltr'><strong>liberum</strong></span> <span class='ocrx_word' id='word_1_307' title='bbox 757 2749 1112 2812; x_wconf 86' lang='lat' dir='ltr'><strong>concedatur,</strong></span> <span class='ocrx_word' id='word_1_308' title='bbox 1142 2746 1332 2816; x_wconf 89' lang='lat' dir='ltr'><strong>utique</strong></span> <span class='ocrx_word' id='word_1_309' title='bbox 1355 2752 1480 2816; x_wconf 80' lang='lat' dir='ltr'><strong>post</strong></span> <span class='ocrx_word' id='word_1_310' title='bbox 1503 2745 1754 2815; x_wconf 88' lang='lat' dir='ltr'><strong>baptismi</strong></span> <span class='ocrx_word' id='word_1_311' title='bbox 1792 2760 1882 2801; x_wconf 88' lang='lat' dir='ltr'><strong>re-</strong></span> 
     </span>
    </p>
   </div>
   <div class='ocr_carea' id='block_1_45' title="bbox 291 2837 1880 2914">
    <p class='ocr_par' dir='ltr' id='par_1_45' title="bbox 291 2837 1880 2914">
     <span class='ocr_line' id='line_1_45' title="bbox 291 2837 1880 2914; baseline -0.004 -16"><span class='ocrx_word' id='word_1_312' title='bbox 291 2843 720 2914; x_wconf 76' lang='lat' dir='ltr'><strong>generationem,</strong></span> <span class='ocrx_word' id='word_1_313' title='bbox 746 2855 777 2893; x_wconf 91' lang='lat' dir='ltr'><strong>a</strong></span> <span class='ocrx_word' id='word_1_314' title='bbox 803 2838 1141 2909; x_wconf 80' lang='lat' dir='ltr'><strong>principibus</strong></span> <span class='ocrx_word' id='word_1_315' title='bbox 1178 2851 1404 2908; x_wconf 87' lang='lat' dir='ltr'><strong>poscere</strong></span> <span class='ocrx_word' id='word_1_316' title='bbox 1435 2844 1664 2891; x_wconf 90' lang='lat' dir='ltr'><strong>mortem</strong></span> <span class='ocrx_word' id='word_1_317' title='bbox 1712 2837 1880 2892; x_wconf 82' lang='lat' dir='ltr'><strong>alicu-</strong></span> 
     </span>
    </p>
   </div>
   <div class='ocr_carea' id='block_1_46' title="bbox 285 2927 1880 3002">
    <p class='ocr_par' dir='ltr' id='par_1_46' title="bbox 285 2927 1880 3002">
     <span class='ocr_line' id='line_1_46' title="bbox 285 2927 1880 3002; baseline -0.003 -15"><span class='ocrx_word' id='word_1_318' title='bbox 285 2932 396 3002; x_wconf 83' lang='lat' dir='ltr'><strong>jus,</strong></span> <span class='ocrx_word' id='word_1_319' title='bbox 423 2933 511 2986; x_wconf 89' lang='lat' dir='ltr'><strong>vel</strong></span> <span class='ocrx_word' id='word_1_320' title='bbox 535 2931 852 3001; x_wconf 87' lang='lat' dir='ltr'><strong>sanguinem</strong></span> <span class='ocrx_word' id='word_1_321' title='bbox 883 2929 952 2985; x_wconf 88' lang='lat' dir='ltr'><strong>de</strong></span> <span class='ocrx_word' id='word_1_322' title='bbox 1003 2936 1176 2984; x_wconf 86' lang='lat' dir='ltr'><strong>reatu.</strong></span> <span class='ocrx_word' id='word_1_323' title='bbox 1209 2928 1382 2995; x_wconf 86' lang='lat' dir='ltr'><strong>Quam</strong></span> <span class='ocrx_word' id='word_1_324' title='bbox 1440 2941 1558 2983; x_wconf 90' lang='lat' dir='ltr'><strong>rem</strong></span> <span class='ocrx_word' id='word_1_325' title='bbox 1603 2927 1880 2998; x_wconf 88' lang='lat' dir='ltr'><strong>principes</strong></span> 
     </span>
    </p>
   </div>
   <div class='ocr_carea' id='block_1_47' title="bbox 292 3017 1880 3094">
    <p class='ocr_par' dir='ltr' id='par_1_47' title="bbox 292 3017 1880 3094">
     <span class='ocr_line' id='line_1_47' title="bbox 292 3017 1880 3094; baseline -0.003 -15"><span class='ocrx_word' id='word_1_326' title='bbox 292 3039 569 3094; x_wconf 83' lang='lat' dir='ltr'><strong>nunquam</strong></span> <span class='ocrx_word' id='word_1_327' title='bbox 595 3023 717 3079; x_wconf 89' lang='lat' dir='ltr'><strong>sine</strong></span> <span class='ocrx_word' id='word_1_328' title='bbox 744 3021 1052 3092; x_wconf 86' lang='lat' dir='ltr'><strong>cognitione</strong></span> <span class='ocrx_word' id='word_1_329' title='bbox 1102 3020 1432 3085; x_wconf 87' lang='lat' dir='ltr'><strong>concedunt,</strong></span> <span class='ocrx_word' id='word_1_330' title='bbox 1462 3020 1557 3075; x_wconf 90' lang='lat' dir='ltr'><strong>sed</strong></span> <span class='ocrx_word' id='word_1_331' title='bbox 1581 3021 1650 3074; x_wconf 89' lang='lat' dir='ltr'><strong>ad</strong></span> <span class='ocrx_word' id='word_1_332' title='bbox 1667 3017 1880 3087; x_wconf 72' lang='lat' dir='ltr'><strong>iudices</strong></span> 
     </span>
    </p>
   </div>
   <div class='ocr_carea' id='block_1_48' title="bbox 1983 1833 3093 1907">
    <p class='ocr_par' dir='ltr' id='par_1_48' title="bbox 1983 1833 3093 1907">
     <span class='ocr_line' id='line_1_48' title="bbox 1983 1833 3093 1907; baseline -0.002 -17"><span class='ocrx_word' id='word_1_333' title='bbox 1983 1835 2240 1907; x_wconf 85' lang='lat' dir='ltr'><strong>synodica</strong></span> <span class='ocrx_word' id='word_1_334' title='bbox 2264 1833 2560 1890; x_wconf 88' lang='lat' dir='ltr'><strong>decernere</strong></span> <span class='ocrx_word' id='word_1_335' title='bbox 2586 1834 2857 1890; x_wconf 87' lang='lat' dir='ltr'><strong>ostensuri</strong></span> <span class='ocrx_word' id='word_1_336' title='bbox 2885 1850 3093 1889; x_wconf 88' lang='lat' dir='ltr'><strong>sumus.</strong></span> 
     </span>
    </p>
   </div>
   <div class='ocr_carea' id='block_1_49' title="bbox 2568 1944 2975 2000">
    <p class='ocr_par' dir='ltr' id='par_1_49' title="bbox 2568 1944 2975 2000">
     <span class='ocr_line' id='line_1_49' title="bbox 2568 1944 2975 2000; baseline -0.005 0"><span class='ocrx_word' id='word_1_337' title='bbox 2568 1944 2796 2000; x_wconf 82' lang='lat' dir='ltr'><strong>CAPUT</strong></span> <span class='ocrx_word' id='word_1_338' title='bbox 2841 1944 2975 2000; x_wconf 82' lang='lat' dir='ltr'><strong>VIII.</strong></span> 
     </span>
    </p>
   </div>
   <div class='ocr_carea' id='block_1_50' title="bbox 2046 2014 3513 2087">
    <p class='ocr_par' dir='ltr' id='par_1_50' title="bbox 2046 2014 3513 2087">
     <span class='ocr_line' id='line_1_50' title="bbox 2046 2014 3513 2087; baseline 0.001 -19"><span class='ocrx_word' id='word_1_339' title='bbox 2046 2014 2120 2069; x_wconf 85' lang='lat' dir='ltr'><strong>De</strong></span> <span class='ocrx_word' id='word_1_340' title='bbox 2151 2016 2233 2070; x_wconf 74' lang='lat' dir='ltr'><strong>liis</strong></span> <span class='ocrx_word' id='word_1_341' title='bbox 2260 2031 2379 2087; x_wconf 76' lang='lat' dir='ltr'><strong>qua:</strong></span> <span class='ocrx_word' id='word_1_342' title='bbox 2405 2024 2591 2086; x_wconf 81' lang='lat' dir='ltr'><strong>partus</strong></span> <span class='ocrx_word' id='word_1_343' title='bbox 2618 2031 2741 2069; x_wconf 80' lang='lat' dir='ltr'><strong>suos</strong></span> <span class='ocrx_word' id='word_1_344' title='bbox 2769 2030 2833 2069; x_wconf 75' lang='lat' dir='ltr'><strong>ea:</strong></span> <span class='ocrx_word' id='word_1_345' title='bbox 2857 2015 3203 2085; x_wconf 78' lang='lat' dir='ltr'><strong>fornicatione</strong></span> <span class='ocrx_word' id='word_1_346' title='bbox 3229 2016 3513 2084; x_wconf 66' lang='lat' dir='ltr'><strong>perimunt.</strong></span> 
     </span>
    </p>
   </div>
   <div class='ocr_carea' id='block_1_51' title="bbox 2051 2104 3570 2176">
    <p class='ocr_par' dir='ltr' id='par_1_51' title="bbox 2051 2104 3570 2176">
     <span class='ocr_line' id='line_1_51' title="bbox 2051 2104 3570 2176; baseline 0 -16"><span class='ocrx_word' id='word_1_347' title='bbox 2051 2106 2236 2175; x_wconf 84' lang='lat' dir='ltr'><strong>Itaque</strong></span> <span class='ocrx_word' id='word_1_348' title='bbox 2298 2106 2352 2160; x_wconf 90' lang='lat' dir='ltr'><strong>iu</strong></span> <span class='ocrx_word' id='word_1_349' title='bbox 2396 2105 2683 2176; x_wconf 81' lang='lat' dir='ltr'><strong>Ancyrano</strong></span> <span class='ocrx_word' id='word_1_350' title='bbox 2732 2104 2982 2170; x_wconf 90' lang='lat' dir='ltr'><strong>concilio,</strong></span> <span class='ocrx_word' id='word_1_351' title='bbox 3034 2120 3158 2175; x_wconf 87' lang='lat' dir='ltr'><strong>cap.</strong></span> <span class='ocrx_word' id='word_1_352' title='bbox 3188 2105 3278 2171; x_wconf 79' lang='lat'><strong>20,</strong></span> <span class='ocrx_word' id='word_1_353' title='bbox 3309 2107 3570 2175; x_wconf 85' lang='lat' dir='ltr'><strong>scriptum</strong></span> 
     </span>
    </p>
   </div>
   <div class='ocr_carea' id='block_1_52' title="bbox 1956 2181 3573 2268">
    <p class='ocr_par' dir='ltr' id='par_1_52' title="bbox 1956 2181 3573 2268">
     <span class='ocr_line' id='line_1_52' title="bbox 1956 2181 3573 2268; baseline 0 -17"><span class='ocrx_word' id='word_1_354' title='bbox 1956 2181 2349 2268; x_wconf 55' lang='lat' dir='ltr'><strong>estdcb&#39;isquu‘</strong></span> <span class='ocrx_word' id='word_1_355' title='bbox 2367 2204 2555 2266; x_wconf 90' lang='lat' dir='ltr'><strong>partus</strong></span> <span class='ocrx_word' id='word_1_356' title='bbox 2603 2211 2731 2252; x_wconf 88' lang='lat' dir='ltr'><strong>suos</strong></span> <span class='ocrx_word' id='word_1_357' title='bbox 2779 2210 2846 2250; x_wconf 78' lang='lat' dir='ltr'><strong>ex</strong></span> <span class='ocrx_word' id='word_1_358' title='bbox 2889 2194 3245 2252; x_wconf 73' lang='lat' dir='ltr'><strong>fornicatione</strong></span> <span class='ocrx_word' id='word_1_359' title='bbox 3281 2206 3573 2266; x_wconf 87' lang='lat' dir='ltr'><strong>conceptos</strong></span> 
     </span>
    </p>
   </div>
   <div class='ocr_carea' id='block_1_53' title="bbox 1981 2288 3575 2362">
    <p class='ocr_par' dir='ltr' id='par_1_53' title="bbox 1981 2288 3575 2362">
     <span class='ocr_line' id='line_1_53' title="bbox 1981 2288 3575 2362; baseline 0.001 -18"><span class='ocrx_word' id='word_1_360' title='bbox 1981 2289 2211 2344; x_wconf 78' lang='lat' dir='ltr'><strong>diversis</strong></span> <span class='ocrx_word' id='word_1_361' title='bbox 2261 2288 2436 2345; x_wconf 88' lang='lat' dir='ltr'><strong>modis</strong></span> <span class='ocrx_word' id='word_1_362' title='bbox 2468 2291 2786 2345; x_wconf 82' lang='lat' dir='ltr'><strong>interimunt</strong></span> <span class='ocrx_word' id='word_1_363' title='bbox 2825 2308 2838 2344; x_wconf 89' lang='lat'><strong>:</strong></span> <span class='ocrx_word' id='word_1_364' title='bbox 2893 2309 2911 2343; x_wconf 77' lang='grc' dir='ltr'>ι</span> <span class='ocrx_word' id='word_1_365' title='bbox 2967 2290 3041 2346; x_wconf 90' lang='lat' dir='ltr'><strong>De</strong></span> <span class='ocrx_word' id='word_1_366' title='bbox 3081 2291 3418 2356; x_wconf 85' lang='lat' dir='ltr'><strong>mulieribus,</strong></span> <span class='ocrx_word' id='word_1_367' title='bbox 3451 2309 3575 2362; x_wconf 73' lang='lat' dir='ltr'><strong>qua:</strong></span> 
     </span>
    </p>
   </div>
   <div class='ocr_carea' id='block_1_54' title="bbox 1981 2379 3575 2453">
    <p class='ocr_par' dir='ltr' id='par_1_54' title="bbox 1981 2379 3575 2453">
     <span class='ocr_line' id='line_1_54' title="bbox 1981 2379 3575 2453; baseline 0 -16"><span class='ocrx_word' id='word_1_368' title='bbox 1981 2379 2341 2448; x_wconf 88' lang='lat' dir='ltr'><strong>fornicantur,</strong></span> <span class='ocrx_word' id='word_1_369' title='bbox 2369 2389 2425 2435; x_wconf 88' lang='lat' dir='ltr'><strong>et</strong></span> <span class='ocrx_word' id='word_1_370' title='bbox 2450 2390 2642 2451; x_wconf 90' lang='lat' dir='ltr'><strong>partus</strong></span> <span class='ocrx_word' id='word_1_371' title='bbox 2668 2397 2798 2437; x_wconf 90' lang='lat' dir='ltr'><strong>suos</strong></span> <span class='ocrx_word' id='word_1_372' title='bbox 2831 2391 3027 2437; x_wconf 83' lang='lat' dir='ltr'><strong>necant</strong></span> <span class='ocrx_word' id='word_1_373' title='bbox 3058 2400 3071 2435; x_wconf 90' lang='lat'><strong>:</strong></span> <span class='ocrx_word' id='word_1_374' title='bbox 3104 2383 3210 2450; x_wconf 88' lang='lat' dir='ltr'><strong>vel,</strong></span> <span class='ocrx_word' id='word_1_375' title='bbox 3256 2398 3377 2452; x_wconf 73' lang='lat' dir='ltr'><strong>qua:</strong></span> <span class='ocrx_word' id='word_1_376' title='bbox 3407 2394 3575 2453; x_wconf 80' lang='lat' dir='ltr'><strong>:gunt</strong></span> 
     </span>
    </p>
   </div>
   <div class='ocr_carea' id='block_1_55' title="bbox 1981 2471 3572 2543">
    <p class='ocr_par' dir='ltr' id='par_1_55' title="bbox 1981 2471 3572 2543">
     <span class='ocr_line' id='line_1_55' title="bbox 1981 2471 3572 2543; baseline 0.001 -17"><span class='ocrx_word' id='word_1_377' title='bbox 1981 2485 2185 2531; x_wconf 85' lang='lat' dir='ltr'><strong>secum,</strong></span> <span class='ocrx_word' id='word_1_378' title='bbox 2217 2478 2278 2524; x_wconf 91' lang='lat' dir='ltr'><strong>ut</strong></span> <span class='ocrx_word' id='word_1_379' title='bbox 2316 2478 2470 2525; x_wconf 79' lang='lat' dir='ltr'><strong>utero</strong></span> <span class='ocrx_word' id='word_1_380' title='bbox 2511 2479 2804 2541; x_wconf 85' lang='lat' dir='ltr'><strong>conceptos</strong></span> <span class='ocrx_word' id='word_1_381' title='bbox 2843 2471 3163 2527; x_wconf 79' lang='lat' dir='ltr'><strong>excutiant:</strong></span> <span class='ocrx_word' id='word_1_382' title='bbox 3202 2472 3422 2541; x_wconf 89' lang='lat' dir='ltr'><strong>antiqua</strong></span> <span class='ocrx_word' id='word_1_383' title='bbox 3452 2474 3572 2543; x_wconf 82' lang='lat' dir='ltr'><strong>qui-</strong></span> 
     </span>
    </p>
   </div>
   <div class='ocr_carea' id='block_1_56' title="bbox 1981 2559 3573 2631">
    <p class='ocr_par' dir='ltr' id='par_1_56' title="bbox 1981 2559 3573 2631">
     <span class='ocr_line' id='line_1_56' title="bbox 1981 2559 3573 2631; baseline 0.003 -16"><span class='ocrx_word' id='word_1_384' title='bbox 1981 2559 2104 2616; x_wconf 91' lang='lat' dir='ltr'><strong>dem</strong></span> <span class='ocrx_word' id='word_1_385' title='bbox 2134 2559 2382 2615; x_wconf 84' lang='lat' dir='ltr'><strong>diflinitio</strong></span> <span class='ocrx_word' id='word_1_386' title='bbox 2413 2576 2585 2631; x_wconf 88' lang='lat' dir='ltr'><strong>usque</strong></span> <span class='ocrx_word' id='word_1_387' title='bbox 2633 2562 2700 2616; x_wconf 91' lang='lat' dir='ltr'><strong>ad</strong></span> <span class='ocrx_word' id='word_1_388' title='bbox 2729 2562 2935 2617; x_wconf 81' lang='lat' dir='ltr'><strong>exitum</strong></span> <span class='ocrx_word' id='word_1_389' title='bbox 2963 2561 3090 2617; x_wconf 68' lang='lat' dir='ltr'><strong>vitae</strong></span> <span class='ocrx_word' id='word_1_390' title='bbox 3116 2576 3211 2619; x_wconf 84' lang='lat' dir='ltr'><strong>eas</strong></span> <span class='ocrx_word' id='word_1_391' title='bbox 3238 2563 3305 2618; x_wconf 88' lang='lat' dir='ltr'><strong>ab</strong></span> <span class='ocrx_word' id='word_1_392' title='bbox 3328 2563 3573 2619; x_wconf 84' lang='lat' dir='ltr'><strong>Ecclesia</strong></span> 
     </span>
    </p>
   </div>
   <div class='ocr_carea' id='block_1_57' title="bbox 1980 2652 3572 2721">
    <p class='ocr_par' dir='ltr' id='par_1_57' title="bbox 1980 2652 3572 2721">
     <span class='ocr_line' id='line_1_57' title="bbox 1980 2652 3572 2721; baseline 0.002 -14"><span class='ocrx_word' id='word_1_393' title='bbox 1980 2654 2247 2708; x_wconf 87' lang='lat' dir='ltr'><strong>removeri</strong></span> <span class='ocrx_word' id='word_1_394' title='bbox 2283 2652 2485 2721; x_wconf 88' lang='lat' dir='ltr'><strong>jussit:</strong></span> <span class='ocrx_word' id='word_1_395' title='bbox 2517 2654 2807 2709; x_wconf 86' lang='lat' dir='ltr'><strong>humanius</strong></span> <span class='ocrx_word' id='word_1_396' title='bbox 2844 2662 3027 2709; x_wconf 88' lang='lat' dir='ltr'><strong>autem</strong></span> <span class='ocrx_word' id='word_1_397' title='bbox 3072 2670 3215 2710; x_wconf 92' lang='lat' dir='ltr'><strong>nunc</strong></span> <span class='ocrx_word' id='word_1_398' title='bbox 3250 2654 3572 2721; x_wconf 84' lang='lat' dir='ltr'><strong>definimus,</strong></span> 
     </span>
    </p>
   </div>
   <div class='ocr_carea' id='block_1_58' title="bbox 1982 2745 3568 2815">
    <p class='ocr_par' dir='ltr' id='par_1_58' title="bbox 1982 2745 3568 2815">
     <span class='ocr_line' id='line_1_58' title="bbox 1982 2745 3568 2815; baseline 0.001 -17"><span class='ocrx_word' id='word_1_399' title='bbox 1982 2753 2041 2798; x_wconf 92' lang='lat' dir='ltr'><strong>ut</strong></span> <span class='ocrx_word' id='word_1_400' title='bbox 2075 2745 2156 2799; x_wconf 86' lang='lat' dir='ltr'><strong>eis</strong></span> <span class='ocrx_word' id='word_1_401' title='bbox 2192 2761 2227 2799; x_wconf 68' lang='grc' dir='ltr'><strong>χ</strong></span> <span class='ocrx_word' id='word_1_402' title='bbox 2267 2760 2531 2800; x_wconf 90' lang='lat' dir='ltr'><strong>annorum</strong></span> <span class='ocrx_word' id='word_1_403' title='bbox 2571 2754 2784 2815; x_wconf 82' lang='lat' dir='ltr'><strong>tempus</strong></span> <span class='ocrx_word' id='word_1_404' title='bbox 2828 2745 3163 2815; x_wconf 73' lang='lat' dir='ltr'><strong>ptenitcntia:</strong></span> <span class='ocrx_word' id='word_1_405' title='bbox 3199 2745 3510 2814; x_wconf 82' lang='lat' dir='ltr'><strong>largiamur.</strong></span> <span class='ocrx_word' id='word_1_406' title='bbox 3547 2767 3568 2798; x_wconf 68' lang='grc' dir='ltr'>ι</span> 
     </span>
    </p>
   </div>
   <div class='ocr_carea' id='block_1_59' title="bbox 1979 2834 3574 2906">
    <p class='ocr_par' dir='ltr' id='par_1_59' title="bbox 1979 2834 3574 2906">
     <span class='ocr_line' id='line_1_59' title="bbox 1979 2834 3574 2906; baseline 0.003 -17"><span class='ocrx_word' id='word_1_407' title='bbox 1979 2834 2113 2891; x_wconf 82' lang='lat' dir='ltr'><strong>Item</strong></span> <span class='ocrx_word' id='word_1_408' title='bbox 2144 2836 2199 2890; x_wconf 92' lang='lat' dir='ltr'><strong>in</strong></span> <span class='ocrx_word' id='word_1_409' title='bbox 2224 2837 2452 2893; x_wconf 87' lang='lat' dir='ltr'><strong>concilio</strong></span> <span class='ocrx_word' id='word_1_410' title='bbox 2480 2836 2814 2900; x_wconf 86' lang='lat' dir='ltr'><strong>Elibertano,</strong></span> <span class='ocrx_word' id='word_1_411' title='bbox 2839 2851 2958 2906; x_wconf 90' lang='lat' dir='ltr'><strong>cap.</strong></span> <span class='ocrx_word' id='word_1_412' title='bbox 2978 2837 3083 2902; x_wconf 81' lang='lat'><strong>.65,</strong></span> <span class='ocrx_word' id='word_1_413' title='bbox 3106 2836 3368 2906; x_wconf 87' lang='lat' dir='ltr'><strong>scriptum</strong></span> <span class='ocrx_word' id='word_1_414' title='bbox 3395 2846 3480 2892; x_wconf 89' lang='lat' dir='ltr'><strong>cst</strong></span> <span class='ocrx_word' id='word_1_415' title='bbox 3505 2839 3574 2893; x_wconf 85' lang='lat' dir='ltr'><strong>dc</strong></span> 
     </span>
    </p>
   </div>
   <div class='ocr_carea' id='block_1_60' title="bbox 1980 2925 3571 3000">
    <p class='ocr_par' dir='ltr' id='par_1_60' title="bbox 1980 2925 3571 3000">
     <span class='ocr_line' id='line_1_60' title="bbox 1980 2925 3571 3000; baseline 0.001 -20"><span class='ocrx_word' id='word_1_416' title='bbox 1980 2925 2067 2981; x_wconf 87' lang='lat' dir='ltr'><strong>his</strong></span> <span class='ocrx_word' id='word_1_417' title='bbox 2111 2942 2233 2999; x_wconf 73' lang='lat' dir='ltr'><strong>quae</strong></span> <span class='ocrx_word' id='word_1_418' title='bbox 2251 2928 2388 2983; x_wconf 85' lang='lat' dir='ltr'><strong>ﬁlios</strong></span> <span class='ocrx_word' id='word_1_419' title='bbox 2427 2943 2555 2983; x_wconf 89' lang='lat' dir='ltr'><strong>suos</strong></span> <span class='ocrx_word' id='word_1_420' title='bbox 2601 2944 2669 2982; x_wconf 78' lang='lat' dir='ltr'><strong>ex</strong></span> <span class='ocrx_word' id='word_1_421' title='bbox 2717 2927 2982 2983; x_wconf 87' lang='lat' dir='ltr'><strong>adulterio</strong></span> <span class='ocrx_word' id='word_1_422' title='bbox 3043 2937 3280 2984; x_wconf 83' lang='lat' dir='ltr'><strong>necant:</strong></span> <span class='ocrx_word' id='word_1_423' title='bbox 3315 2946 3333 2979; x_wconf 73' lang='grc' dir='ltr'>ι</span> <span class='ocrx_word' id='word_1_424' title='bbox 3376 2928 3433 2984; x_wconf 91' lang='lat' dir='ltr'><strong>Si</strong></span> <span class='ocrx_word' id='word_1_425' title='bbox 3464 2945 3571 3000; x_wconf 78' lang='lat' dir='ltr'><strong>qua</strong></span> 
     </span>
    </p>
   </div>
   <div class='ocr_carea' id='block_1_61' title="bbox 1980 3017 3575 3091">
    <p class='ocr_par' dir='ltr' id='par_1_61' title="bbox 1980 3017 3575 3091">
     <span class='ocr_line' id='line_1_61' title="bbox 1980 3017 3575 3091; baseline 0.002 -19"><span class='ocrx_word' id='word_1_426' title='bbox 1980 3032 2080 3088; x_wconf 87' lang='lat' dir='ltr'><strong>per</strong></span> <span class='ocrx_word' id='word_1_427' title='bbox 2115 3017 2435 3074; x_wconf 88' lang='lat' dir='ltr'><strong>adulterium</strong></span> <span class='ocrx_word' id='word_1_428' title='bbox 2486 3019 2714 3074; x_wconf 88' lang='lat' dir='ltr'><strong>absente</strong></span> <span class='ocrx_word' id='word_1_429' title='bbox 2753 3019 2871 3072; x_wconf 91' lang='lat' dir='ltr'><strong>viro</strong></span> <span class='ocrx_word' id='word_1_430' title='bbox 2901 3020 3234 3089; x_wconf 80' lang='lat' dir='ltr'><strong>conceperit,</strong></span> <span class='ocrx_word' id='word_1_431' title='bbox 3266 3020 3426 3090; x_wconf 84' lang='lat' dir='ltr'><strong>idque</strong></span> <span class='ocrx_word' id='word_1_432' title='bbox 3453 3030 3575 3091; x_wconf 88' lang='lat' dir='ltr'><strong>post</strong></span> 
     </span>
    </p>
   </div>
   <div class='ocr_carea' id='block_1_62' title="bbox 295 3096 3573 3184">
    <p class='ocr_par' dir='ltr' id='par_1_62' title="bbox 295 3096 3573 3184">
     <span class='ocr_line' id='line_1_62' title="bbox 295 3096 3573 3184; baseline -0.001 -14"><span class='ocrx_word' id='word_1_433' title='bbox 295 3115 585 3171; x_wconf 86' lang='lat' dir='ltr'><strong>commissa</strong></span> <span class='ocrx_word' id='word_1_434' title='bbox 640 3113 777 3184; x_wconf 90' lang='lat' dir='ltr'><strong>ipsa,</strong></span> <span class='ocrx_word' id='word_1_435' title='bbox 809 3112 898 3168; x_wconf 90' lang='lat' dir='ltr'><strong>vel</strong></span> <span class='ocrx_word' id='word_1_436' title='bbox 943 3112 1172 3168; x_wconf 90' lang='lat' dir='ltr'><strong>crimina</strong></span> <span class='ocrx_word' id='word_1_437' title='bbox 1222 3125 1436 3180; x_wconf 87' lang='lat' dir='ltr'><strong>semper</strong></span> <span class='ocrx_word' id='word_1_438' title='bbox 1480 3110 1784 3171; x_wconf 90' lang='lat' dir='ltr'><strong>remittunt,</strong></span> <span class='ocrx_word' id='word_1_439' title='bbox 1816 3117 1878 3163; x_wconf 90' lang='lat' dir='ltr'><strong>ut</strong></span> <span class='ocrx_word' id='word_1_440' title='bbox 1904 3096 1947 3158; x_wconf 88' lang='lat' dir='ltr'><strong>C</strong></span> <span class='ocrx_word' id='word_1_441' title='bbox 1980 3111 2192 3167; x_wconf 81' lang='lat' dir='ltr'><strong>facinus</strong></span> <span class='ocrx_word' id='word_1_442' title='bbox 2218 3111 2510 3177; x_wconf 89' lang='lat' dir='ltr'><strong>occiderit;</strong></span> <span class='ocrx_word' id='word_1_443' title='bbox 2547 3111 2753 3181; x_wconf 85' lang='lat' dir='ltr'><strong>placuit</strong></span> <span class='ocrx_word' id='word_1_444' title='bbox 2800 3111 2887 3165; x_wconf 73' lang='lat' dir='ltr'><strong>vix</strong></span> <span class='ocrx_word' id='word_1_445' title='bbox 2935 3111 2990 3166; x_wconf 90' lang='lat' dir='ltr'><strong>in</strong></span> <span class='ocrx_word' id='word_1_446' title='bbox 3038 3110 3145 3164; x_wconf 80' lang='lat' dir='ltr'><strong>fine</strong></span> <span class='ocrx_word' id='word_1_447' title='bbox 3174 3111 3404 3166; x_wconf 85' lang='lat' dir='ltr'><strong>dandam</strong></span> <span class='ocrx_word' id='word_1_448' title='bbox 3453 3126 3573 3167; x_wconf 85' lang='lat' dir='ltr'><strong>esse</strong></span> 
     </span>
    </p>
   </div>
   <div class='ocr_carea' id='block_1_63' title="bbox 295 3200 1884 3274">
    <p class='ocr_par' dir='ltr' id='par_1_63' title="bbox 295 3200 1884 3274">
     <span class='ocr_line' id='line_1_63' title="bbox 295 3200 1884 3274; baseline -0.004 -13"><span class='ocrx_word' id='word_1_449' title='bbox 295 3221 457 3261; x_wconf 88' lang='lat' dir='ltr'><strong>causa</strong></span> <span class='ocrx_word' id='word_1_450' title='bbox 480 3205 716 3274; x_wconf 79' lang='lat' dir='ltr'><strong>cognita,</strong></span> <span class='ocrx_word' id='word_1_451' title='bbox 761 3202 1092 3271; x_wconf 77' lang='lat' dir='ltr'><strong>iudicentur.</strong></span> <span class='ocrx_word' id='word_1_452' title='bbox 1124 3202 1254 3269; x_wconf 62' lang='lat' dir='ltr'><strong>Quae</strong></span> <span class='ocrx_word' id='word_1_453' title='bbox 1280 3216 1405 3256; x_wconf 90' lang='lat' dir='ltr'><strong>cum</strong></span> <span class='ocrx_word' id='word_1_454' title='bbox 1442 3200 1718 3271; x_wconf 79' lang='lat' dir='ltr'><strong>quaesitori</strong></span> <span class='ocrx_word' id='word_1_455' title='bbox 1766 3200 1884 3255; x_wconf 81' lang='lat' dir='ltr'><strong>fue-</strong></span> 
     </span>
    </p>
   </div>
   <div class='ocr_carea' id='block_1_64' title="bbox 294 3291 1881 3367">
    <p class='ocr_par' dir='ltr' id='par_1_64' title="bbox 294 3291 1881 3367">
     <span class='ocr_line' id='line_1_64' title="bbox 294 3291 1881 3367; baseline -0.005 -14"><span class='ocrx_word' id='word_1_456' title='bbox 294 3298 404 3353; x_wconf 87' lang='lat' dir='ltr'><strong>rint</strong></span> <span class='ocrx_word' id='word_1_457' title='bbox 426 3296 681 3367; x_wconf 85' lang='lat' dir='ltr'><strong>allegata,</strong></span> <span class='ocrx_word' id='word_1_458' title='bbox 705 3302 798 3348; x_wconf 91' lang='lat' dir='ltr'><strong>aut</strong></span> <span class='ocrx_word' id='word_1_459' title='bbox 826 3293 1112 3358; x_wconf 88' lang='lat' dir='ltr'><strong>absolutio,</strong></span> <span class='ocrx_word' id='word_1_460' title='bbox 1138 3300 1229 3346; x_wconf 91' lang='lat' dir='ltr'><strong>aut</strong></span> <span class='ocrx_word' id='word_1_461' title='bbox 1251 3292 1528 3347; x_wconf 86' lang='lat' dir='ltr'><strong>damnatio</strong></span> <span class='ocrx_word' id='word_1_462' title='bbox 1552 3307 1652 3361; x_wconf 92' lang='lat' dir='ltr'><strong>pro</strong></span> <span class='ocrx_word' id='word_1_463' title='bbox 1678 3291 1881 3363; x_wconf 86' lang='lat' dir='ltr'><strong>negotii</strong></span> 
     </span>
    </p>
   </div>
   <div class='ocr_carea' id='block_1_65' title="bbox 296 3384 1882 3458">
    <p class='ocr_par' dir='ltr' id='par_1_65' title="bbox 296 3384 1882 3458">
     <span class='ocr_line' id='line_1_65' title="bbox 296 3384 1882 3458; baseline -0.001 -17"><span class='ocrx_word' id='word_1_464' title='bbox 296 3388 554 3458; x_wconf 85' lang='lat' dir='ltr'><strong>qualitate</strong></span> <span class='ocrx_word' id='word_1_465' title='bbox 600 3386 894 3458; x_wconf 75' lang='lat' dir='ltr'><strong>profertur.</strong></span> <span class='ocrx_word' id='word_1_466' title='bbox 952 3385 1018 3440; x_wconf 87' lang='lat' dir='ltr'><strong>Et</strong></span> <span class='ocrx_word' id='word_1_467' title='bbox 1067 3385 1193 3439; x_wconf 89' lang='lat' dir='ltr'><strong>dum</strong></span> <span class='ocrx_word' id='word_1_468' title='bbox 1223 3384 1400 3454; x_wconf 89' lang='lat' dir='ltr'><strong>legum</strong></span> <span class='ocrx_word' id='word_1_469' title='bbox 1432 3384 1578 3438; x_wconf 90' lang='lat' dir='ltr'><strong>inter</strong></span> <span class='ocrx_word' id='word_1_470' title='bbox 1606 3384 1882 3453; x_wconf 88' lang='lat' dir='ltr'><strong>improbos</strong></span> 
     </span>
    </p>
   </div>
   <div class='ocr_carea' id='block_1_66' title="bbox 296 3475 1616 3543">
    <p class='ocr_par' dir='ltr' id='par_1_66' title="bbox 296 3475 1616 3543">
     <span class='ocr_line' id='line_1_66' title="bbox 296 3475 1616 3543; baseline -0.005 -7"><span class='ocrx_word' id='word_1_471' title='bbox 296 3488 582 3536; x_wconf 77' lang='lat' dir='ltr'><strong>exercetur</strong></span> <span class='ocrx_word' id='word_1_472' title='bbox 603 3477 922 3543; x_wconf 87' lang='lat' dir='ltr'><strong>auctoritas,</strong></span> <span class='ocrx_word' id='word_1_473' title='bbox 954 3476 1061 3532; x_wconf 88' lang='lat' dir='ltr'><strong>erit</strong></span> <span class='ocrx_word' id='word_1_474' title='bbox 1084 3475 1316 3531; x_wconf 79' lang='lat' dir='ltr'><strong>dictator</strong></span> <span class='ocrx_word' id='word_1_475' title='bbox 1339 3475 1616 3531; x_wconf 85' lang='lat' dir='ltr'><strong>immunis.</strong></span> 
     </span>
    </p>
   </div>
   <div class='ocr_carea' id='block_1_67' title="bbox 891 3586 1238 3643">
    <p class='ocr_par' dir='ltr' id='par_1_67' title="bbox 891 3586 1238 3643">
     <span class='ocr_line' id='line_1_67' title="bbox 891 3586 1238 3643; baseline -0.006 0"><span class='ocrx_word' id='word_1_476' title='bbox 891 3586 1120 3643; x_wconf 82' lang='lat' dir='ltr'><strong>CAPUT</strong></span> <span class='ocrx_word' id='word_1_477' title='bbox 1153 3586 1238 3642; x_wconf 82' lang='lat' dir='ltr'><strong>Vl.</strong></span> 
     </span>
    </p>
   </div>
   <div class='ocr_carea' id='block_1_68' title="bbox 590 3658 1526 3735">
    <p class='ocr_par' dir='ltr' id='par_1_68' title="bbox 590 3658 1526 3735">
     <span class='ocr_line' id='line_1_68' title="bbox 590 3658 1526 3735; baseline -0.002 -21"><span class='ocrx_word' id='word_1_478' title='bbox 590 3660 668 3714; x_wconf 83' lang='lat' dir='ltr'><strong>De</strong></span> <span class='ocrx_word' id='word_1_479' title='bbox 688 3658 868 3730; x_wconf 80' lang='lat' dir='ltr'><strong>pepuli</strong></span> <span class='ocrx_word' id='word_1_480' title='bbox 904 3660 1197 3712; x_wconf 79' lang='lat' dir='ltr'><strong>necessario</strong></span> <span class='ocrx_word' id='word_1_481' title='bbox 1227 3658 1526 3735; x_wconf 61' lang='lat' dir='ltr'><strong>commisso.</strong></span> 
     </span>
    </p>
   </div>
   <div class='ocr_carea' id='block_1_69' title="bbox 283 3738 1901 3820">
    <p class='ocr_par' dir='ltr' id='par_1_69' title="bbox 283 3738 1901 3820">
     <span class='ocr_line' id='line_1_69' title="bbox 283 3738 1901 3820; baseline 0 -15"><span class='ocrx_word' id='word_1_482' title='bbox 283 3738 287 3747; x_wconf 78' lang='grc'><em>’</em></span> <span class='ocrx_word' id='word_1_483' title='bbox 366 3750 441 3805; x_wconf 90' lang='lat' dir='ltr'><strong>De</strong></span> <span class='ocrx_word' id='word_1_484' title='bbox 490 3749 674 3820; x_wconf 89' lang='lat' dir='ltr'><strong>populi</strong></span> <span class='ocrx_word' id='word_1_485' title='bbox 717 3756 894 3803; x_wconf 89' lang='lat' dir='ltr'><strong>autem</strong></span> <span class='ocrx_word' id='word_1_486' title='bbox 933 3748 1243 3803; x_wconf 75' lang='lat' dir='ltr'><strong>necessario</strong></span> <span class='ocrx_word' id='word_1_487' title='bbox 1268 3748 1582 3813; x_wconf 89' lang='lat' dir='ltr'><strong>commisso,</strong></span> <span class='ocrx_word' id='word_1_488' title='bbox 1611 3748 1901 3819; x_wconf 81' lang='lat' dir='ltr'><strong>quomodo</strong></span> 
     </span>
    </p>
   </div>
   <div class='ocr_carea' id='block_1_70' title="bbox 302 3837 1880 3909">
    <p class='ocr_par' dir='ltr' id='par_1_70' title="bbox 302 3837 1880 3909">
     <span class='ocr_line' id='line_1_70' title="bbox 302 3837 1880 3909; baseline -0.001 -15"><span class='ocrx_word' id='word_1_489' title='bbox 302 3840 528 3894; x_wconf 87' lang='lat' dir='ltr'><strong>inultum</strong></span> <span class='ocrx_word' id='word_1_490' title='bbox 564 3839 737 3895; x_wconf 88' lang='lat' dir='ltr'><strong>soleat</strong></span> <span class='ocrx_word' id='word_1_491' title='bbox 760 3837 1050 3909; x_wconf 67' lang='lat' dir='ltr'><strong>prmtcriri,</strong></span> <span class='ocrx_word' id='word_1_492' title='bbox 1075 3837 1219 3893; x_wconf 89' lang='lat' dir='ltr'><strong>idem</strong></span> <span class='ocrx_word' id='word_1_493' title='bbox 1252 3853 1389 3907; x_wconf 88' lang='lat' dir='ltr'><strong>papa</strong></span> <span class='ocrx_word' id='word_1_494' title='bbox 1416 3837 1738 3908; x_wconf 89' lang='lat' dir='ltr'><strong>quibusdam</strong></span> <span class='ocrx_word' id='word_1_495' title='bbox 1762 3840 1880 3909; x_wconf 89' lang='lat' dir='ltr'><strong>epi-</strong></span> 
     </span>
    </p>
   </div>
   <div class='ocr_carea' id='block_1_71' title="bbox 302 3927 1881 4001">
    <p class='ocr_par' dir='ltr' id='par_1_71' title="bbox 302 3927 1881 4001">
     <span class='ocr_line' id='line_1_71' title="bbox 302 3927 1881 4001; baseline -0.003 -14"><span class='ocrx_word' id='word_1_496' title='bbox 302 3932 476 4001; x_wconf 71' lang='lat' dir='ltr'><strong>scopis</strong></span> <span class='ocrx_word' id='word_1_497' title='bbox 505 3931 572 3985; x_wconf 89' lang='lat' dir='ltr'><strong>dc</strong></span> <span class='ocrx_word' id='word_1_498' title='bbox 600 3927 914 3983; x_wconf 76' lang='lat' dir='ltr'><strong>Macedonia</strong></span> <span class='ocrx_word' id='word_1_499' title='bbox 943 3927 1010 3981; x_wconf 89' lang='lat' dir='ltr'><strong>ad</strong></span> <span class='ocrx_word' id='word_1_500' title='bbox 1038 3927 1366 3997; x_wconf 80' lang='lat' dir='ltr'><strong>interrogata</strong></span> <span class='ocrx_word' id='word_1_501' title='bbox 1417 3929 1767 3997; x_wconf 88' lang='lat' dir='ltr'><strong>respondens,</strong></span> <span class='ocrx_word' id='word_1_502' title='bbox 1804 3929 1881 3983; x_wconf 90' lang='lat' dir='ltr'><strong>ita</strong></span> 
     </span>
    </p>
   </div>
   <div class='ocr_carea' id='block_1_72' title="bbox 303 4016 1883 4087">
    <p class='ocr_par' dir='ltr' id='par_1_72' title="bbox 303 4016 1883 4087">
     <span class='ocr_line' id='line_1_72' title="bbox 303 4016 1883 4087; baseline -0.001 -12"><span class='ocrx_word' id='word_1_503' title='bbox 303 4022 489 4077; x_wconf 78' lang='lat' dir='ltr'><strong>scribit</strong></span> <span class='ocrx_word' id='word_1_504' title='bbox 514 4020 705 4075; x_wconf 88' lang='lat' dir='ltr'><strong>dicens</strong></span> <span class='ocrx_word' id='word_1_505' title='bbox 733 4036 747 4071; x_wconf 91' lang='lat'>:</span> <span class='ocrx_word' id='word_1_506' title='bbox 786 4034 805 4070; x_wconf 69' lang='grc' dir='ltr'><strong>ε</strong></span> <span class='ocrx_word' id='word_1_507' title='bbox 844 4016 1131 4072; x_wconf 84' lang='lat' dir='ltr'><strong>Provideat</strong></span> <span class='ocrx_word' id='word_1_508' title='bbox 1157 4032 1288 4087; x_wconf 85' lang='lat' dir='ltr'><strong>ergo</strong></span> <span class='ocrx_word' id='word_1_509' title='bbox 1313 4017 1530 4072; x_wconf 88' lang='lat' dir='ltr'><strong>dilectio</strong></span> <span class='ocrx_word' id='word_1_510' title='bbox 1560 4026 1760 4083; x_wconf 90' lang='lat' dir='ltr'><strong>vestra,</strong></span> <span class='ocrx_word' id='word_1_511' title='bbox 1787 4018 1883 4073; x_wconf 88' lang='lat' dir='ltr'><strong>ba-</strong></span> 
     </span>
    </p>
   </div>
   <div class='ocr_carea' id='block_1_73' title="bbox 301 4108 1883 4179">
    <p class='ocr_par' dir='ltr' id='par_1_73' title="bbox 301 4108 1883 4179">
     <span class='ocr_line' id='line_1_73' title="bbox 301 4108 1883 4179; baseline -0.003 -12"><span class='ocrx_word' id='word_1_512' title='bbox 301 4120 486 4167; x_wconf 82' lang='lat' dir='ltr'><strong>ctenus</strong></span> <span class='ocrx_word' id='word_1_513' title='bbox 515 4111 647 4165; x_wconf 87' lang='lat' dir='ltr'><strong>talia</strong></span> <span class='ocrx_word' id='word_1_514' title='bbox 697 4109 979 4173; x_wconf 81' lang='lat' dir='ltr'><strong>transisse,</strong></span> <span class='ocrx_word' id='word_1_515' title='bbox 1024 4117 1082 4165; x_wconf 90' lang='lat' dir='ltr'><strong>et</strong></span> <span class='ocrx_word' id='word_1_516' title='bbox 1126 4108 1392 4164; x_wconf 80' lang='lat' dir='ltr'><strong>advertite</strong></span> <span class='ocrx_word' id='word_1_517' title='bbox 1418 4108 1560 4178; x_wconf 92' lang='lat' dir='ltr'><strong>quod</strong></span> <span class='ocrx_word' id='word_1_518' title='bbox 1584 4109 1791 4179; x_wconf 88' lang='lat' dir='ltr'><strong>utique,</strong></span> <span class='ocrx_word' id='word_1_519' title='bbox 1824 4117 1883 4163; x_wconf 92' lang='lat' dir='ltr'><strong>ut</strong></span> 
     </span>
    </p>
   </div>
   <div class='ocr_carea' id='block_1_74' title="bbox 302 4198 1880 4269">
    <p class='ocr_par' dir='ltr' id='par_1_74' title="bbox 302 4198 1880 4269">
     <span class='ocr_line' id='line_1_74' title="bbox 302 4198 1880 4269; baseline -0.003 -10"><span class='ocrx_word' id='word_1_520' title='bbox 302 4203 496 4268; x_wconf 80' lang='lat' dir='ltr'><strong>dicitis,</strong></span> <span class='ocrx_word' id='word_1_521' title='bbox 531 4200 831 4256; x_wconf 85' lang='lat' dir='ltr'><strong>necessitas</strong></span> <span class='ocrx_word' id='word_1_522' title='bbox 877 4198 1182 4269; x_wconf 87' lang='lat' dir='ltr'><strong>imperavit,</strong></span> <span class='ocrx_word' id='word_1_523' title='bbox 1235 4199 1288 4253; x_wconf 94' lang='lat' dir='ltr'><strong>in</strong></span> <span class='ocrx_word' id='word_1_524' title='bbox 1312 4212 1449 4268; x_wconf 87' lang='lat' dir='ltr'><strong>pace</strong></span> <span class='ocrx_word' id='word_1_525' title='bbox 1480 4199 1647 4254; x_wconf 88' lang='lat' dir='ltr'><strong>etiam</strong></span> <span class='ocrx_word' id='word_1_526' title='bbox 1690 4198 1880 4255; x_wconf 85' lang='lat' dir='ltr'><strong>Eccle-</strong></span> 
     </span>
    </p>
   </div>
   <div class='ocr_carea' id='block_1_75' title="bbox 304 4290 1883 4361">
    <p class='ocr_par' dir='ltr' id='par_1_75' title="bbox 304 4290 1883 4361">
     <span class='ocr_line' id='line_1_75' title="bbox 304 4290 1883 4361; baseline -0.004 -8"><span class='ocrx_word' id='word_1_527' title='bbox 304 4298 409 4352; x_wconf 81' lang='lat' dir='ltr'><strong>sias</strong></span> <span class='ocrx_word' id='word_1_528' title='bbox 464 4294 793 4352; x_wconf 88' lang='lat' dir='ltr'><strong>constitutas</strong></span> <span class='ocrx_word' id='word_1_529' title='bbox 844 4307 950 4346; x_wconf 90' lang='lat' dir='ltr'><strong>non</strong></span> <span class='ocrx_word' id='word_1_530' title='bbox 987 4304 1144 4361; x_wconf 89' lang='lat' dir='ltr'><strong>posse</strong></span> <span class='ocrx_word' id='word_1_531' title='bbox 1191 4305 1537 4360; x_wconf 78' lang='lat' dir='ltr'><strong>praesumere.</strong></span> <span class='ocrx_word' id='word_1_532' title='bbox 1585 4290 1693 4347; x_wconf 90' lang='lat' dir='ltr'><strong>Sed</strong></span> <span class='ocrx_word' id='word_1_533' title='bbox 1741 4306 1883 4360; x_wconf 61' lang='lat' dir='ltr'><strong>saepe</strong></span> 
     </span>
    </p>
   </div>
   <div class='ocr_carea' id='block_1_76' title="bbox 304 4381 1877 4455">
    <p class='ocr_par' dir='ltr' id='par_1_76' title="bbox 304 4381 1877 4455">
     <span class='ocr_line' id='line_1_76' title="bbox 304 4381 1877 4455; baseline -0.003 -15"><span class='ocrx_word' id='word_1_534' title='bbox 304 4386 520 4451; x_wconf 86' lang='lat' dir='ltr'><strong>accidit,</strong></span> <span class='ocrx_word' id='word_1_535' title='bbox 573 4384 831 4455; x_wconf 84' lang='lat' dir='ltr'><strong>quotiens</strong></span> <span class='ocrx_word' id='word_1_536' title='bbox 868 4397 897 4435; x_wconf 90' lang='lat' dir='ltr'><strong>a</strong></span> <span class='ocrx_word' id='word_1_537' title='bbox 927 4381 1140 4452; x_wconf 90' lang='lat' dir='ltr'><strong>populis</strong></span> <span class='ocrx_word' id='word_1_538' title='bbox 1172 4388 1268 4435; x_wconf 89' lang='lat' dir='ltr'><strong>aut</strong></span> <span class='ocrx_word' id='word_1_539' title='bbox 1320 4396 1352 4436; x_wconf 86' lang='lat' dir='ltr'><strong>a</strong></span> <span class='ocrx_word' id='word_1_540' title='bbox 1402 4385 1560 4439; x_wconf 87' lang='lat' dir='ltr'><strong>turba</strong></span> <span class='ocrx_word' id='word_1_541' title='bbox 1601 4392 1877 4452; x_wconf 82' lang='lat' dir='ltr'><strong>peccatur,</strong></span> 
     </span>
    </p>
   </div>
   <div class='ocr_carea' id='block_1_77' title="bbox 303 4442 1960 4547">
    <p class='ocr_par' dir='ltr' id='par_1_77' title="bbox 303 4442 1960 4547">
     <span class='ocr_line' id='line_1_77' title="bbox 303 4442 1960 4547; baseline -0.002 -17"><span class='ocrx_word' id='word_1_542' title='bbox 303 4476 425 4547; x_wconf 85' lang='lat' dir='ltr'><strong>quia</strong></span> <span class='ocrx_word' id='word_1_543' title='bbox 452 4442 519 4529; x_wconf 36' lang='lat' dir='ltr'><strong>in,</strong></span> <span class='ocrx_word' id='word_1_544' title='bbox 561 4442 755 4530; x_wconf 67' lang='lat' dir='ltr'><strong>omnes</strong></span> <span class='ocrx_word' id='word_1_545' title='bbox 809 4442 1030 4542; x_wconf 70' lang='lat' dir='ltr'><strong>propter</strong></span> <span class='ocrx_word' id='word_1_546' title='bbox 1064 4471 1489 4538; x_wconf 88' lang='lat' dir='ltr'><strong>multitudinem,</strong></span> <span class='ocrx_word' id='word_1_547' title='bbox 1545 4442 1653 4527; x_wconf 68' lang='lat' dir='ltr'><strong>ndn</strong></span> <span class='ocrx_word' id='word_1_548' title='bbox 1704 4442 1960 4542; x_wconf 82' lang='lat' dir='ltr'><strong>potestD</strong></span> 
     </span>
    </p>
   </div>
   <div class='ocr_carea' id='block_1_78' title="bbox 304 4561 1878 4634">
    <p class='ocr_par' dir='ltr' id='par_1_78' title="bbox 304 4561 1878 4634">
     <span class='ocr_line' id='line_1_78' title="bbox 304 4561 1878 4634; baseline 0.001 -18"><span class='ocrx_word' id='word_1_549' title='bbox 304 4564 583 4630; x_wconf 88' lang='lat' dir='ltr'><strong>vindicari,</strong></span> <span class='ocrx_word' id='word_1_550' title='bbox 627 4562 855 4619; x_wconf 85' lang='lat' dir='ltr'><strong>multum</strong></span> <span class='ocrx_word' id='word_1_551' title='bbox 904 4561 1080 4617; x_wconf 84' lang='lat' dir='ltr'><strong>solere</strong></span> <span class='ocrx_word' id='word_1_552' title='bbox 1132 4562 1384 4616; x_wconf 85' lang='lat' dir='ltr'><strong>transire.</strong></span> <span class='ocrx_word' id='word_1_553' title='bbox 1412 4561 1600 4618; x_wconf 85' lang='lat' dir='ltr'><strong>Priora</strong></span> <span class='ocrx_word' id='word_1_554' title='bbox 1630 4577 1763 4634; x_wconf 88' lang='lat' dir='ltr'><strong>ergo</strong></span> <span class='ocrx_word' id='word_1_555' title='bbox 1796 4564 1878 4619; x_wconf 89' lang='lat' dir='ltr'><strong>di-</strong></span> 
     </span>
    </p>
   </div>
   <div class='ocr_carea' id='block_1_79' title="bbox 304 4652 1881 4722">
    <p class='ocr_par' dir='ltr' id='par_1_79' title="bbox 304 4652 1881 4722">
     <span class='ocr_line' id='line_1_79' title="bbox 304 4652 1881 4722; baseline 0 -13"><span class='ocrx_word' id='word_1_556' title='bbox 304 4654 560 4710; x_wconf 86' lang='lat' dir='ltr'><strong>mittenda</strong></span> <span class='ocrx_word' id='word_1_557' title='bbox 582 4654 707 4709; x_wconf 86' lang='lat' dir='ltr'><strong>dico</strong></span> <span class='ocrx_word' id='word_1_558' title='bbox 747 4654 813 4709; x_wconf 79' lang='lat' dir='ltr'><strong>de</strong></span> <span class='ocrx_word' id='word_1_559' title='bbox 833 4652 1059 4721; x_wconf 79' lang='lat' dir='ltr'><strong>judicio,</strong></span> <span class='ocrx_word' id='word_1_560' title='bbox 1085 4653 1154 4707; x_wconf 89' lang='lat' dir='ltr'><strong>de</strong></span> <span class='ocrx_word' id='word_1_561' title='bbox 1183 4653 1390 4722; x_wconf 85' lang='lat' dir='ltr'><strong>reliquo</strong></span> <span class='ocrx_word' id='word_1_562' title='bbox 1415 4654 1653 4708; x_wconf 82' lang='lat' dir='ltr'><strong>maxima</strong></span> <span class='ocrx_word' id='word_1_563' title='bbox 1678 4655 1881 4711; x_wconf 89' lang='lat' dir='ltr'><strong>sollici-</strong></span> 
     </span>
    </p>
   </div>
   <div class='ocr_carea' id='block_1_80' title="bbox 304 4742 1883 4817">
    <p class='ocr_par' dir='ltr' id='par_1_80' title="bbox 304 4742 1883 4817">
     <span class='ocr_line' id='line_1_80' title="bbox 304 4742 1883 4817; baseline 0 -17"><span class='ocrx_word' id='word_1_564' title='bbox 304 4746 485 4800; x_wconf 88' lang='lat' dir='ltr'><strong>tudine</strong></span> <span class='ocrx_word' id='word_1_565' title='bbox 547 4745 982 4817; x_wconf 72' lang='lat' dir='ltr'><strong>prazcavendum.</strong></span> <span class='ocrx_word' id='word_1_566' title='bbox 1019 4762 1038 4794; x_wconf 78' lang='grc' dir='ltr'><strong><em>ι</em></strong></span> <span class='ocrx_word' id='word_1_567' title='bbox 1066 4742 1184 4799; x_wconf 87' lang='lat' dir='ltr'><strong>Non</strong></span> <span class='ocrx_word' id='word_1_568' title='bbox 1212 4744 1360 4799; x_wconf 89' lang='lat' dir='ltr'><strong>enim</strong></span> <span class='ocrx_word' id='word_1_569' title='bbox 1410 4744 1519 4810; x_wconf 90' lang='lat' dir='ltr'><strong>hic,</strong></span> <span class='ocrx_word' id='word_1_570' title='bbox 1542 4752 1602 4798; x_wconf 90' lang='lat' dir='ltr'><strong>ut</strong></span> <span class='ocrx_word' id='word_1_571' title='bbox 1637 4745 1767 4800; x_wconf 89' lang='lat' dir='ltr'><strong>mihi</strong></span> <span class='ocrx_word' id='word_1_572' title='bbox 1804 4745 1883 4800; x_wconf 85' lang='lat' dir='ltr'><strong>vi-</strong></span> 
     </span>
    </p>
   </div>
   <div class='ocr_carea' id='block_1_81' title="bbox 302 4834 1880 4906">
    <p class='ocr_par' dir='ltr' id='par_1_81' title="bbox 302 4834 1880 4906">
     <span class='ocr_line' id='line_1_81' title="bbox 302 4834 1880 4906; baseline 0.001 -15"><span class='ocrx_word' id='word_1_573' title='bbox 302 4838 478 4904; x_wconf 87' lang='lat' dir='ltr'><strong>detur,</strong></span> <span class='ocrx_word' id='word_1_574' title='bbox 509 4838 613 4892; x_wconf 88' lang='lat' dir='ltr'><strong>iste</strong></span> <span class='ocrx_word' id='word_1_575' title='bbox 633 4836 824 4892; x_wconf 89' lang='lat' dir='ltr'><strong>doctor</strong></span> <span class='ocrx_word' id='word_1_576' title='bbox 845 4834 1175 4906; x_wconf 81' lang='lat' dir='ltr'><strong>apostolicus</strong></span> <span class='ocrx_word' id='word_1_577' title='bbox 1199 4835 1352 4901; x_wconf 90' lang='lat' dir='ltr'><strong>dicit,</strong></span> <span class='ocrx_word' id='word_1_578' title='bbox 1380 4850 1487 4891; x_wconf 84' lang='lat' dir='ltr'><strong>non</strong></span> <span class='ocrx_word' id='word_1_579' title='bbox 1513 4837 1880 4892; x_wconf 87' lang='lat' dir='ltr'><strong>necessarium</strong></span> 
     </span>
    </p>
   </div>
   <div class='ocr_carea' id='block_1_82' title="bbox 298 4925 1875 4999">
    <p class='ocr_par' dir='ltr' id='par_1_82' title="bbox 298 4925 1875 4999">
     <span class='ocr_line' id='line_1_82' title="bbox 298 4925 1875 4999; baseline 0.001 -17"><span class='ocrx_word' id='word_1_580' title='bbox 298 4944 418 4983; x_wconf 81' lang='lat' dir='ltr'><strong>esse</strong></span> <span class='ocrx_word' id='word_1_581' title='bbox 447 4927 646 4999; x_wconf 89' lang='lat' dir='ltr'><strong>populo</strong></span> <span class='ocrx_word' id='word_1_582' title='bbox 672 4943 769 4997; x_wconf 89' lang='lat' dir='ltr'><strong>pro</strong></span> <span class='ocrx_word' id='word_1_583' title='bbox 796 4925 936 4980; x_wconf 90' lang='lat' dir='ltr'><strong>male</strong></span> <span class='ocrx_word' id='word_1_584' title='bbox 961 4925 1266 4981; x_wconf 88' lang='lat' dir='ltr'><strong>commissis</strong></span> <span class='ocrx_word' id='word_1_585' title='bbox 1292 4941 1454 4996; x_wconf 86' lang='lat' dir='ltr'><strong>agere</strong></span> <span class='ocrx_word' id='word_1_586' title='bbox 1481 4927 1875 4996; x_wconf 67' lang='lat' dir='ltr'><strong>paenitentiam.</strong></span> 
     </span>
    </p>
   </div>
   <div class='ocr_carea' id='block_1_83' title="bbox 304 5016 1882 5088">
    <p class='ocr_par' dir='ltr' id='par_1_83' title="bbox 304 5016 1882 5088">
     <span class='ocr_line' id='line_1_83' title="bbox 304 5016 1882 5088; baseline -0.001 -15"><span class='ocrx_word' id='word_1_587' title='bbox 304 5019 429 5084; x_wconf 86' lang='lat' dir='ltr'><strong>Sed,</strong></span> <span class='ocrx_word' id='word_1_588' title='bbox 459 5019 586 5088; x_wconf 87' lang='lat' dir='ltr'><strong>quia</strong></span> <span class='ocrx_word' id='word_1_589' title='bbox 616 5019 672 5072; x_wconf 88' lang='lat' dir='ltr'><strong>in</strong></span> <span class='ocrx_word' id='word_1_590' title='bbox 700 5032 909 5080; x_wconf 88' lang='lat' dir='ltr'><strong>omnes,</strong></span> <span class='ocrx_word' id='word_1_591' title='bbox 945 5024 1170 5087; x_wconf 85' lang='lat' dir='ltr'><strong>propter</strong></span> <span class='ocrx_word' id='word_1_592' title='bbox 1221 5016 1619 5072; x_wconf 87' lang='lat' dir='ltr'><strong>multitudinem</strong></span> <span class='ocrx_word' id='word_1_593' title='bbox 1647 5032 1752 5071; x_wconf 91' lang='lat' dir='ltr'><strong>non</strong></span> <span class='ocrx_word' id='word_1_594' title='bbox 1785 5032 1882 5087; x_wconf 88' lang='lat' dir='ltr'><strong>po-</strong></span> 
     </span>
    </p>
   </div>
   <div class='ocr_carea' id='block_1_84' title="bbox 304 5105 1883 5181">
    <p class='ocr_par' dir='ltr' id='par_1_84' title="bbox 304 5105 1883 5181">
     <span class='ocr_line' id='line_1_84' title="bbox 304 5105 1883 5181; baseline 0.001 -17"><span class='ocrx_word' id='word_1_595' title='bbox 304 5118 407 5164; x_wconf 84' lang='lat' dir='ltr'><strong>test</strong></span> <span class='ocrx_word' id='word_1_596' title='bbox 425 5107 712 5172; x_wconf 88' lang='lat' dir='ltr'><strong>vindicari,</strong></span> <span class='ocrx_word' id='word_1_597' title='bbox 741 5107 921 5177; x_wconf 87' lang='lat' dir='ltr'><strong>priora</strong></span> <span class='ocrx_word' id='word_1_598' title='bbox 951 5106 1273 5162; x_wconf 86' lang='lat' dir='ltr'><strong>dimittenda</strong></span> <span class='ocrx_word' id='word_1_599' title='bbox 1306 5105 1549 5176; x_wconf 80' lang='lat' dir='ltr'><strong>judicio;</strong></span> <span class='ocrx_word' id='word_1_600' title='bbox 1577 5108 1644 5164; x_wconf 88' lang='lat' dir='ltr'><strong>de</strong></span> <span class='ocrx_word' id='word_1_601' title='bbox 1672 5109 1883 5181; x_wconf 89' lang='lat' dir='ltr'><strong>reliquo</strong></span> 
     </span>
    </p>
   </div>
   <div class='ocr_carea' id='block_1_85' title="bbox 304 5198 1663 5267">
    <p class='ocr_par' dir='ltr' id='par_1_85' title="bbox 304 5198 1663 5267">
     <span class='ocr_line' id='line_1_85' title="bbox 304 5198 1663 5267; baseline 0 -13"><span class='ocrx_word' id='word_1_602' title='bbox 304 5200 532 5255; x_wconf 81' lang='lat' dir='ltr'><strong>maxima</strong></span> <span class='ocrx_word' id='word_1_603' title='bbox 559 5198 924 5256; x_wconf 80' lang='lat' dir='ltr'><strong>sollicitudine</strong></span> <span class='ocrx_word' id='word_1_604' title='bbox 950 5198 1384 5267; x_wconf 61' lang='lat' dir='ltr'><strong>praecavendum,</strong></span> <span class='ocrx_word' id='word_1_605' title='bbox 1413 5214 1483 5254; x_wconf 91' lang='lat' dir='ltr'><strong>ne</strong></span> <span class='ocrx_word' id='word_1_606' title='bbox 1509 5198 1663 5254; x_wconf 85' lang='lat' dir='ltr'><strong>fiant.</strong></span> 
     </span>
    </p>
   </div>
   <div class='ocr_carea' id='block_1_86' title="bbox 902 5308 1277 5364">
    <p class='ocr_par' dir='ltr' id='par_1_86' title="bbox 902 5308 1277 5364">
     <span class='ocr_line' id='line_1_86' title="bbox 902 5308 1277 5364; baseline -0.005 0"><span class='ocrx_word' id='word_1_607' title='bbox 902 5308 1133 5364; x_wconf 74' lang='lat' dir='ltr'>CAPUT</span> <span class='ocrx_word' id='word_1_608' title='bbox 1172 5308 1277 5362; x_wconf 75' lang='lat' dir='ltr'><strong>V&#39;ll.</strong></span> 
     </span>
    </p>
   </div>
   <div class='ocr_carea' id='block_1_87' title="bbox 882 5378 1295 5449">
    <p class='ocr_par' dir='ltr' id='par_1_87' title="bbox 882 5378 1295 5449">
     <span class='ocr_line' id='line_1_87' title="bbox 882 5378 1295 5449; baseline 0.002 -16"><span class='ocrx_word' id='word_1_609' title='bbox 882 5378 962 5433; x_wconf 84' lang='lat' dir='ltr'><strong>De</strong></span> <span class='ocrx_word' id='word_1_610' title='bbox 988 5380 1295 5449; x_wconf 75' lang='lat' dir='ltr'><strong>parricidio.</strong></span> 
     </span>
    </p>
   </div>
   <div class='ocr_carea' id='block_1_88' title="bbox 371 5474 1879 5545">
    <p class='ocr_par' dir='ltr' id='par_1_88' title="bbox 371 5474 1879 5545">
     <span class='ocr_line' id='line_1_88' title="bbox 371 5474 1879 5545; baseline -0.001 -12"><span class='ocrx_word' id='word_1_611' title='bbox 371 5474 729 5534; x_wconf 85' lang='lat' dir='ltr'><strong>Parricidium</strong></span> <span class='ocrx_word' id='word_1_612' title='bbox 769 5484 949 5531; x_wconf 86' lang='lat' dir='ltr'><strong>autem</strong></span> <span class='ocrx_word' id='word_1_613' title='bbox 989 5491 1151 5545; x_wconf 89' lang='lat' dir='ltr'><strong>quam</strong></span> <span class='ocrx_word' id='word_1_614' title='bbox 1191 5476 1261 5530; x_wconf 87' lang='lat' dir='ltr'><strong>sit</strong></span> <span class='ocrx_word' id='word_1_615' title='bbox 1298 5477 1618 5533; x_wconf 87' lang='lat' dir='ltr'><strong>detestabile</strong></span> <span class='ocrx_word' id='word_1_616' title='bbox 1650 5479 1879 5544; x_wconf 88' lang='lat' dir='ltr'><strong>crimen,</strong></span> 
     </span>
    </p>
   </div>
   <div class='ocr_carea' id='block_1_89' title="bbox 291 5566 1878 5640">
    <p class='ocr_par' dir='ltr' id='par_1_89' title="bbox 291 5566 1878 5640">
     <span class='ocr_line' id='line_1_89' title="bbox 291 5566 1878 5640; baseline -0.003 -12"><span class='ocrx_word' id='word_1_617' title='bbox 291 5569 499 5640; x_wconf 78' lang='lat' dir='ltr'><strong>judicio</strong></span> <span class='ocrx_word' id='word_1_618' title='bbox 536 5567 684 5623; x_wconf 86' lang='lat' dir='ltr'><strong>facto</strong></span> <span class='ocrx_word' id='word_1_619' title='bbox 713 5567 853 5621; x_wconf 85' lang='lat' dir='ltr'><strong>inter</strong></span> <span class='ocrx_word' id='word_1_620' title='bbox 882 5566 1012 5622; x_wconf 89' lang='lat' dir='ltr'><strong>Cain</strong></span> <span class='ocrx_word' id='word_1_621' title='bbox 1043 5575 1098 5621; x_wconf 90' lang='lat' dir='ltr'><strong>et</strong></span> <span class='ocrx_word' id='word_1_622' title='bbox 1131 5566 1267 5621; x_wconf 87' lang='lat' dir='ltr'><strong>Abel</strong></span> <span class='ocrx_word' id='word_1_623' title='bbox 1307 5566 1528 5623; x_wconf 88' lang='lat' dir='ltr'><strong>fratrem</strong></span> <span class='ocrx_word' id='word_1_624' title='bbox 1564 5585 1746 5633; x_wconf 89' lang='lat' dir='ltr'><strong>suum,</strong></span> <span class='ocrx_word' id='word_1_625' title='bbox 1772 5569 1878 5624; x_wconf 86' lang='lat' dir='ltr'><strong>Do-</strong></span> 
     </span>
    </p>
   </div>
   <div class='ocr_carea' id='block_1_90' title="bbox 304 5659 1874 5736">
    <p class='ocr_par' dir='ltr' id='par_1_90' title="bbox 304 5659 1874 5736">
     <span class='ocr_line' id='line_1_90' title="bbox 304 5659 1874 5736; baseline -0.003 -14"><span class='ocrx_word' id='word_1_626' title='bbox 304 5664 482 5721; x_wconf 78' lang='lat' dir='ltr'><strong>minus</strong></span> <span class='ocrx_word' id='word_1_627' title='bbox 521 5664 634 5736; x_wconf 83' lang='lat' dir='ltr'><strong>ipse</strong></span> <span class='ocrx_word' id='word_1_628' title='bbox 675 5660 929 5728; x_wconf 81' lang='lat' dir='ltr'><strong>ostendit,</strong></span> <span class='ocrx_word' id='word_1_629' title='bbox 977 5677 1097 5715; x_wconf 89' lang='lat' dir='ltr'><strong>cum</strong></span> <span class='ocrx_word' id='word_1_630' title='bbox 1136 5661 1204 5714; x_wconf 87' lang='lat' dir='ltr'><strong>ad</strong></span> <span class='ocrx_word' id='word_1_631' title='bbox 1232 5659 1364 5715; x_wconf 85' lang='lat' dir='ltr'><strong>Cain</strong></span> <span class='ocrx_word' id='word_1_632' title='bbox 1402 5661 1730 5731; x_wconf 85' lang='lat' dir='ltr'><strong>parricidam</strong></span> <span class='ocrx_word' id='word_1_633' title='bbox 1770 5664 1874 5717; x_wconf 86' lang='lat' dir='ltr'><strong>ait:</strong></span> 
     </span>
    </p>
   </div>
   <div class='ocr_carea' id='block_1_91' title="bbox 1980 3200 3354 3270">
    <p class='ocr_par' dir='ltr' id='par_1_91' title="bbox 1980 3200 3354 3270">
     <span class='ocr_line' id='line_1_91' title="bbox 1980 3200 3354 3270; baseline -0.001 -15"><span class='ocrx_word' id='word_1_634' title='bbox 1980 3200 2438 3267; x_wconf 87' lang='lat' dir='ltr'><strong>communionem,</strong></span> <span class='ocrx_word' id='word_1_635' title='bbox 2463 3215 2529 3256; x_wconf 91' lang='lat' dir='ltr'><strong>eo</strong></span> <span class='ocrx_word' id='word_1_636' title='bbox 2552 3201 2694 3269; x_wconf 75' lang='lat' dir='ltr'><strong>quod</strong></span> <span class='ocrx_word' id='word_1_637' title='bbox 2719 3201 3077 3270; x_wconf 87' lang='lat' dir='ltr'><strong>geminavcrit</strong></span> <span class='ocrx_word' id='word_1_638' title='bbox 3105 3201 3301 3257; x_wconf 88' lang='lat' dir='ltr'><strong>scelus.</strong></span> <span class='ocrx_word' id='word_1_639' title='bbox 3337 3221 3354 3253; x_wconf 78' lang='grc' dir='ltr'><strong><em>ι</em></strong></span> 
     </span>
    </p>
   </div>
   <div class='ocr_carea' id='block_1_92' title="bbox 2592 3312 2961 3369">
    <p class='ocr_par' dir='ltr' id='par_1_92' title="bbox 2592 3312 2961 3369">
     <span class='ocr_line' id='line_1_92' title="bbox 2592 3312 2961 3369; baseline 0 -1"><span class='ocrx_word' id='word_1_640' title='bbox 2592 3312 2821 3369; x_wconf 82' lang='lat' dir='ltr'><strong>CAPUT</strong></span> <span class='ocrx_word' id='word_1_641' title='bbox 2869 3314 2961 3369; x_wconf 78' lang='lat' dir='ltr'><strong>1X.</strong></span> 
     </span>
    </p>
   </div>
   <div class='ocr_carea' id='block_1_93' title="bbox 2352 3401 3214 3475">
    <p class='ocr_par' dir='ltr' id='par_1_93' title="bbox 2352 3401 3214 3475">
     <span class='ocr_line' id='line_1_93' title="bbox 2352 3401 3214 3475; baseline 0.005 -19"><span class='ocrx_word' id='word_1_642' title='bbox 2352 3401 2427 3457; x_wconf 89' lang='lat' dir='ltr'><strong>De</strong></span> <span class='ocrx_word' id='word_1_643' title='bbox 2455 3403 2535 3458; x_wconf 81' lang='lat' dir='ltr'><strong>his</strong></span> <span class='ocrx_word' id='word_1_644' title='bbox 2562 3421 2679 3472; x_wconf 69' lang='lat' dir='ltr'><strong>quae</strong></span> <span class='ocrx_word' id='word_1_645' title='bbox 2714 3403 2956 3460; x_wconf 82' lang='lat' dir='ltr'><strong>abortum</strong></span> <span class='ocrx_word' id='word_1_646' title='bbox 2988 3406 3214 3475; x_wconf 56' lang='lat' dir='ltr'><strong>faciunt.</strong></span> 
     </span>
    </p>
   </div>
   <div class='ocr_carea' id='block_1_94' title="bbox 2050 3495 3571 3571">
    <p class='ocr_par' dir='ltr' id='par_1_94' title="bbox 2050 3495 3571 3571">
     <span class='ocr_line' id='line_1_94' title="bbox 2050 3495 3571 3571; baseline 0.005 -20"><span class='ocrx_word' id='word_1_647' title='bbox 2050 3495 2182 3551; x_wconf 79' lang='lat' dir='ltr'><strong>item</strong></span> <span class='ocrx_word' id='word_1_648' title='bbox 2223 3495 2279 3550; x_wconf 89' lang='lat' dir='ltr'><strong>in</strong></span> <span class='ocrx_word' id='word_1_649' title='bbox 2304 3496 2533 3552; x_wconf 90' lang='lat' dir='ltr'><strong>concilio</strong></span> <span class='ocrx_word' id='word_1_650' title='bbox 2562 3496 2891 3563; x_wconf 82' lang='lat' dir='ltr'><strong>Hilerdcnsi,</strong></span> <span class='ocrx_word' id='word_1_651' title='bbox 2920 3514 3043 3569; x_wconf 87' lang='lat' dir='ltr'><strong>cap.</strong></span> <span class='ocrx_word' id='word_1_652' title='bbox 3072 3500 3162 3564; x_wconf 84' lang='lat' dir='ltr'><strong>ll,</strong></span> <span class='ocrx_word' id='word_1_653' title='bbox 3193 3501 3456 3571; x_wconf 89' lang='lat' dir='ltr'><strong>scriptum</strong></span> <span class='ocrx_word' id='word_1_654' title='bbox 3485 3512 3571 3558; x_wconf 87' lang='lat' dir='ltr'><strong>est</strong></span> 
     </span>
    </p>
   </div>
   <div class='ocr_carea' id='block_1_95' title="bbox 1981 3586 3603 3663">
    <p class='ocr_par' dir='ltr' id='par_1_95' title="bbox 1981 3586 3603 3663">
     <span class='ocr_line' id='line_1_95' title="bbox 1981 3586 3603 3663; baseline 0.003 -23"><span class='ocrx_word' id='word_1_655' title='bbox 1981 3586 2049 3644; x_wconf 90' lang='lat' dir='ltr'><strong>de</strong></span> <span class='ocrx_word' id='word_1_656' title='bbox 2076 3587 2159 3642; x_wconf 91' lang='lat' dir='ltr'><strong>bis</strong></span> <span class='ocrx_word' id='word_1_657' title='bbox 2182 3603 2304 3658; x_wconf 74' lang='lat' dir='ltr'><strong>quze</strong></span> <span class='ocrx_word' id='word_1_658' title='bbox 2337 3589 2587 3643; x_wconf 89' lang='lat' dir='ltr'><strong>abortum</strong></span> <span class='ocrx_word' id='word_1_659' title='bbox 2628 3588 2853 3654; x_wconf 88' lang='lat' dir='ltr'><strong>faciunt,</strong></span> <span class='ocrx_word' id='word_1_660' title='bbox 2888 3590 2969 3644; x_wconf 85' lang='lat' dir='ltr'><strong>vel</strong></span> <span class='ocrx_word' id='word_1_661' title='bbox 2998 3601 3157 3645; x_wconf 89' lang='lat' dir='ltr'><strong>natos</strong></span> <span class='ocrx_word' id='word_1_662' title='bbox 3182 3593 3569 3663; x_wconf 80' lang='lat' dir='ltr'><strong>cxstinguunt:</strong></span> <span class='ocrx_word' id='word_1_663' title='bbox 3600 3640 3603 3645; x_wconf 42' lang='grc' dir='ltr'><strong><em>λ</em></strong></span> 
     </span>
    </p>
   </div>
   <div class='ocr_carea' id='block_1_96' title="bbox 1988 3677 3575 3751">
    <p class='ocr_par' dir='ltr' id='par_1_96' title="bbox 1988 3677 3575 3751">
     <span class='ocr_line' id='line_1_96' title="bbox 1988 3677 3575 3751; baseline 0.004 -22"><span class='ocrx_word' id='word_1_664' title='bbox 1988 3697 2007 3729; x_wconf 75' lang='grc' dir='ltr'>ι</span> <span class='ocrx_word' id='word_1_665' title='bbox 2045 3677 2109 3733; x_wconf 85' lang='lat' dir='ltr'><strong>Hi</strong></span> <span class='ocrx_word' id='word_1_666' title='bbox 2149 3694 2281 3734; x_wconf 88' lang='lat' dir='ltr'><strong>vero</strong></span> <span class='ocrx_word' id='word_1_667' title='bbox 2325 3680 2416 3749; x_wconf 89' lang='lat' dir='ltr'><strong>qui</strong></span> <span class='ocrx_word' id='word_1_668' title='bbox 2457 3680 2598 3735; x_wconf 88' lang='lat' dir='ltr'><strong>male</strong></span> <span class='ocrx_word' id='word_1_669' title='bbox 2647 3689 2939 3751; x_wconf 85' lang='lat' dir='ltr'><strong>conceptos</strong></span> <span class='ocrx_word' id='word_1_670' title='bbox 2988 3697 3051 3737; x_wconf 79' lang='lat' dir='ltr'><strong>cx</strong></span> <span class='ocrx_word' id='word_1_671' title='bbox 3113 3682 3380 3737; x_wconf 87' lang='lat' dir='ltr'><strong>adulterio</strong></span> <span class='ocrx_word' id='word_1_672' title='bbox 3427 3682 3575 3738; x_wconf 84' lang='lat' dir='ltr'><strong>fctus</strong></span> 
     </span>
    </p>
   </div>
   <div class='ocr_carea' id='block_1_97' title="bbox 1982 3768 3573 3833">
    <p class='ocr_par' dir='ltr' id='par_1_97' title="bbox 1982 3768 3573 3833">
     <span class='ocr_line' id='line_1_97' title="bbox 1982 3768 3573 3833; baseline 0.005 -13"><span class='ocrx_word' id='word_1_673' title='bbox 1982 3768 2066 3823; x_wconf 89' lang='lat' dir='ltr'><strong>vel</strong></span> <span class='ocrx_word' id='word_1_674' title='bbox 2110 3768 2287 3823; x_wconf 84' lang='lat' dir='ltr'><strong>editos</strong></span> <span class='ocrx_word' id='word_1_675' title='bbox 2332 3784 2528 3824; x_wconf 88' lang='lat' dir='ltr'><strong>necare</strong></span> <span class='ocrx_word' id='word_1_676' title='bbox 2576 3770 2903 3824; x_wconf 90' lang='lat' dir='ltr'><strong>studuerunt</strong></span> <span class='ocrx_word' id='word_1_677' title='bbox 2947 3786 2961 3825; x_wconf 89' lang='lat'><strong>:</strong></span> <span class='ocrx_word' id='word_1_678' title='bbox 3015 3769 3142 3833; x_wconf 90' lang='lat' dir='ltr'><strong>vel,</strong></span> <span class='ocrx_word' id='word_1_679' title='bbox 3190 3770 3244 3824; x_wconf 90' lang='lat' dir='ltr'><strong>in</strong></span> <span class='ocrx_word' id='word_1_680' title='bbox 3291 3772 3573 3829; x_wconf 86' lang='lat' dir='ltr'><strong>ventribus</strong></span> 
     </span>
    </p>
   </div>
   <div class='ocr_carea' id='block_1_98' title="bbox 1983 3858 3576 3931">
    <p class='ocr_par' dir='ltr' id='par_1_98' title="bbox 1983 3858 3576 3931">
     <span class='ocr_line' id='line_1_98' title="bbox 1983 3858 3576 3931; baseline 0.001 -18"><span class='ocrx_word' id='word_1_681' title='bbox 1983 3867 2215 3914; x_wconf 89' lang='lat' dir='ltr'><strong>matrum</strong></span> <span class='ocrx_word' id='word_1_682' title='bbox 2250 3858 2562 3928; x_wconf 88' lang='lat' dir='ltr'><strong>potionibus</strong></span> <span class='ocrx_word' id='word_1_683' title='bbox 2603 3859 2872 3928; x_wconf 84' lang='lat' dir='ltr'><strong>aliquibus</strong></span> <span class='ocrx_word' id='word_1_684' title='bbox 2906 3859 3225 3925; x_wconf 88' lang='lat' dir='ltr'><strong>colliserint,</strong></span> <span class='ocrx_word' id='word_1_685' title='bbox 3254 3860 3308 3914; x_wconf 90' lang='lat' dir='ltr'><strong>in</strong></span> <span class='ocrx_word' id='word_1_686' title='bbox 3341 3868 3576 3931; x_wconf 86' lang='lat' dir='ltr'><strong>utroque</strong></span> 
     </span>
    </p>
   </div>
   <div class='ocr_carea' id='block_1_99' title="bbox 1981 3949 3572 4020">
    <p class='ocr_par' dir='ltr' id='par_1_99' title="bbox 1981 3949 3572 4020">
     <span class='ocr_line' id='line_1_99' title="bbox 1981 3949 3572 4020; baseline 0.001 -17"><span class='ocrx_word' id='word_1_687' title='bbox 1981 3964 2113 4004; x_wconf 82' lang='lat' dir='ltr'><strong>scxu</strong></span> <span class='ocrx_word' id='word_1_688' title='bbox 2139 3949 2404 4005; x_wconf 86' lang='lat' dir='ltr'><strong>adulteris</strong></span> <span class='ocrx_word' id='word_1_689' title='bbox 2425 3958 2549 4019; x_wconf 88' lang='lat' dir='ltr'><strong>post</strong></span> <span class='ocrx_word' id='word_1_690' title='bbox 2578 3960 2784 4020; x_wconf 88' lang='lat' dir='ltr'><strong>septem</strong></span> <span class='ocrx_word' id='word_1_691' title='bbox 2815 3966 3082 4005; x_wconf 88' lang='lat' dir='ltr'><strong>annorum</strong></span> <span class='ocrx_word' id='word_1_692' title='bbox 3122 3950 3393 4006; x_wconf 81' lang='lat' dir='ltr'><strong>curricula</strong></span> <span class='ocrx_word' id='word_1_693' title='bbox 3422 3966 3572 4006; x_wconf 89' lang='lat' dir='ltr'><strong>com-</strong></span> 
     </span>
    </p>
   </div>
   <div class='ocr_carea' id='block_1_100' title="bbox 1982 4041 3575 4114">
    <p class='ocr_par' dir='ltr' id='par_1_100' title="bbox 1982 4041 3575 4114">
     <span class='ocr_line' id='line_1_100' title="bbox 1982 4041 3575 4114; baseline 0.001 -17"><span class='ocrx_word' id='word_1_694' title='bbox 1982 4042 2170 4097; x_wconf 87' lang='lat' dir='ltr'><strong>munio</strong></span> <span class='ocrx_word' id='word_1_695' title='bbox 2202 4041 2474 4096; x_wconf 88' lang='lat' dir='ltr'><strong>tribuatur</strong></span> <span class='ocrx_word' id='word_1_696' title='bbox 2505 4060 2519 4096; x_wconf 90' lang='lat'>:</span> <span class='ocrx_word' id='word_1_697' title='bbox 2546 4043 2621 4097; x_wconf 90' lang='lat' dir='ltr'><strong>ita</strong></span> <span class='ocrx_word' id='word_1_698' title='bbox 2648 4051 2853 4106; x_wconf 84' lang='lat' dir='ltr'><strong>tamen,</strong></span> <span class='ocrx_word' id='word_1_699' title='bbox 2881 4050 2945 4097; x_wconf 86' lang='lat' dir='ltr'><strong>ut</strong></span> <span class='ocrx_word' id='word_1_700' title='bbox 2967 4042 3119 4097; x_wconf 84' lang='lat' dir='ltr'><strong>omni</strong></span> <span class='ocrx_word' id='word_1_701' title='bbox 3166 4051 3414 4114; x_wconf 83' lang='lat' dir='ltr'><strong>tempore</strong></span> <span class='ocrx_word' id='word_1_702' title='bbox 3446 4043 3575 4098; x_wconf 74' lang='lat' dir='ltr'><strong>vita:</strong></span> 
     </span>
    </p>
   </div>
   <div class='ocr_carea' id='block_1_101' title="bbox 1981 4132 3107 4190">
    <p class='ocr_par' dir='ltr' id='par_1_101' title="bbox 1981 4132 3107 4190">
     <span class='ocr_line' id='line_1_101' title="bbox 1981 4132 3107 4190; baseline 0.001 -3"><span class='ocrx_word' id='word_1_703' title='bbox 1981 4149 2094 4188; x_wconf 74' lang='lat' dir='ltr'><strong>sua:</strong></span> <span class='ocrx_word' id='word_1_704' title='bbox 2120 4132 2337 4188; x_wconf 77' lang='lat' dir='ltr'><strong>ﬂetibus</strong></span> <span class='ocrx_word' id='word_1_705' title='bbox 2369 4141 2425 4188; x_wconf 91' lang='lat' dir='ltr'><strong>et</strong></span> <span class='ocrx_word' id='word_1_706' title='bbox 2452 4133 2742 4189; x_wconf 87' lang='lat' dir='ltr'><strong>humilitati</strong></span> <span class='ocrx_word' id='word_1_707' title='bbox 2777 4134 3052 4190; x_wconf 84' lang='lat' dir='ltr'><strong>insistant.</strong></span> <span class='ocrx_word' id='word_1_708' title='bbox 3088 4154 3107 4188; x_wconf 74' lang='grc' dir='ltr'><strong><em>ι</em></strong></span> 
     </span>
    </p>
   </div>
   <div class='ocr_carea' id='block_1_102' title="bbox 2609 4241 2947 4298">
    <p class='ocr_par' dir='ltr' id='par_1_102' title="bbox 2609 4241 2947 4298">
     <span class='ocr_line' id='line_1_102' title="bbox 2609 4241 2947 4298; baseline -0.006 0"><span class='ocrx_word' id='word_1_709' title='bbox 2609 4241 2837 4298; x_wconf 85' lang='lat' dir='ltr'><strong>CAPUT</strong></span> <span class='ocrx_word' id='word_1_710' title='bbox 2877 4243 2947 4298; x_wconf 84' lang='lat' dir='ltr'><strong>X.</strong></span> 
     </span>
    </p>
   </div>
   <div class='ocr_carea' id='block_1_103' title="bbox 1984 4331 3569 4405">
    <p class='ocr_par' dir='ltr' id='par_1_103' title="bbox 1984 4331 3569 4405">
     <span class='ocr_line' id='line_1_103' title="bbox 1984 4331 3569 4405; baseline 0.001 -19"><span class='ocrx_word' id='word_1_711' title='bbox 1984 4333 2061 4388; x_wconf 84' lang='lat' dir='ltr'><strong>De</strong></span> <span class='ocrx_word' id='word_1_712' title='bbox 2098 4334 2179 4388; x_wconf 75' lang='lat' dir='ltr'><strong>his</strong></span> <span class='ocrx_word' id='word_1_713' title='bbox 2207 4333 2297 4405; x_wconf 78' lang='lat' dir='ltr'><strong>qui</strong></span> <span class='ocrx_word' id='word_1_714' title='bbox 2334 4341 2450 4404; x_wconf 79' lang='lat' dir='ltr'><strong>post</strong></span> <span class='ocrx_word' id='word_1_715' title='bbox 2495 4348 2703 4387; x_wconf 79' lang='lat' dir='ltr'><strong>sacrum</strong></span> <span class='ocrx_word' id='word_1_716' title='bbox 2762 4331 2999 4405; x_wconf 68' lang='lat' dir='ltr'><strong>ordinent</strong></span> <span class='ocrx_word' id='word_1_717' title='bbox 3047 4331 3300 4401; x_wconf 80' lang='lat' dir='ltr'><strong>capitalia</strong></span> <span class='ocrx_word' id='word_1_718' title='bbox 3343 4331 3569 4405; x_wconf 73' lang='lat' dir='ltr'><strong>crintina</strong></span> 
     </span>
    </p>
   </div>
   <div class='ocr_carea' id='block_1_104' title="bbox 2054 4401 3568 4485">
    <p class='ocr_par' dir='ltr' id='par_1_104' title="bbox 2054 4401 3568 4485">
     <span class='ocr_line' id='line_1_104' title="bbox 2054 4401 3568 4485; baseline 0.001 -29"><span class='ocrx_word' id='word_1_719' title='bbox 2054 4401 2402 4485; x_wconf 66' lang='lat' dir='ltr'><strong>committunt,</strong></span> <span class='ocrx_word' id='word_1_720' title='bbox 2438 4413 2486 4456; x_wconf 83' lang='lat' dir='ltr'><strong>et</strong></span> <span class='ocrx_word' id='word_1_721' title='bbox 2506 4418 2683 4456; x_wconf 86' lang='lat' dir='ltr'><strong>eorum</strong></span> <span class='ocrx_word' id='word_1_722' title='bbox 2704 4401 3002 4473; x_wconf 67' lang='lat' dir='ltr'><strong>paenitentia</strong></span> <span class='ocrx_word' id='word_1_723' title='bbox 3026 4417 3117 4454; x_wconf 79' lang='lat' dir='ltr'><strong>seu</strong></span> <span class='ocrx_word' id='word_1_724' title='bbox 3144 4403 3568 4457; x_wconf 79' lang='lat' dir='ltr'><strong>excommunica-</strong></span> 
     </span>
    </p>
   </div>
   <div class='ocr_carea' id='block_1_105' title="bbox 2058 4483 2217 4527">
    <p class='ocr_par' dir='ltr' id='par_1_105' title="bbox 2058 4483 2217 4527">
     <span class='ocr_line' id='line_1_105' title="bbox 2058 4483 2217 4527; baseline 0 0"><span class='ocrx_word' id='word_1_725' title='bbox 2058 4483 2217 4527; x_wconf 80' lang='lat' dir='ltr'><strong>tione.</strong></span> 
     </span>
    </p>
   </div>
   <div class='ocr_carea' id='block_1_106' title="bbox 2059 4560 3576 4633">
    <p class='ocr_par' dir='ltr' id='par_1_106' title="bbox 2059 4560 3576 4633">
     <span class='ocr_line' id='line_1_106' title="bbox 2059 4560 3576 4633; baseline 0.001 -15"><span class='ocrx_word' id='word_1_726' title='bbox 2059 4562 2137 4618; x_wconf 89' lang='lat' dir='ltr'><strong>De</strong></span> <span class='ocrx_word' id='word_1_727' title='bbox 2166 4563 2251 4618; x_wconf 89' lang='lat' dir='ltr'><strong>bis</strong></span> <span class='ocrx_word' id='word_1_728' title='bbox 2287 4577 2418 4633; x_wconf 83' lang='lat' dir='ltr'><strong>ergo</strong></span> <span class='ocrx_word' id='word_1_729' title='bbox 2445 4562 2616 4615; x_wconf 89' lang='lat' dir='ltr'><strong>visum</strong></span> <span class='ocrx_word' id='word_1_730' title='bbox 2657 4568 2740 4615; x_wconf 92' lang='lat' dir='ltr'><strong>cst</strong></span> <span class='ocrx_word' id='word_1_731' title='bbox 2768 4560 2919 4616; x_wconf 88' lang='lat' dir='ltr'><strong>vobis</strong></span> <span class='ocrx_word' id='word_1_732' title='bbox 2948 4562 3239 4627; x_wconf 89' lang='lat' dir='ltr'><strong>conscribi,</strong></span> <span class='ocrx_word' id='word_1_733' title='bbox 3269 4563 3360 4632; x_wconf 90' lang='lat' dir='ltr'><strong>qui</strong></span> <span class='ocrx_word' id='word_1_734' title='bbox 3387 4578 3576 4621; x_wconf 84' lang='lat' dir='ltr'><strong>sacros</strong></span> 
     </span>
    </p>
   </div>
   <div class='ocr_carea' id='block_1_107' title="bbox 1985 4655 3575 4727">
    <p class='ocr_par' dir='ltr' id='par_1_107' title="bbox 1985 4655 3575 4727">
     <span class='ocr_line' id='line_1_107' title="bbox 1985 4655 3575 4727; baseline -0.001 -14"><span class='ocrx_word' id='word_1_735' title='bbox 1985 4657 2205 4713; x_wconf 86' lang='lat' dir='ltr'><strong>ordines</strong></span> <span class='ocrx_word' id='word_1_736' title='bbox 2266 4657 2520 4721; x_wconf 88' lang='lat' dir='ltr'><strong>habent;</strong></span> <span class='ocrx_word' id='word_1_737' title='bbox 2572 4656 2654 4709; x_wconf 87' lang='lat' dir='ltr'><strong>vel</strong></span> <span class='ocrx_word' id='word_1_738' title='bbox 2714 4663 2878 4719; x_wconf 86' lang='lat' dir='ltr'><strong>ante,</strong></span> <span class='ocrx_word' id='word_1_739' title='bbox 2953 4655 3036 4710; x_wconf 88' lang='lat' dir='ltr'><strong>vel</strong></span> <span class='ocrx_word' id='word_1_740' title='bbox 3096 4664 3216 4727; x_wconf 88' lang='lat' dir='ltr'><strong>post</strong></span> <span class='ocrx_word' id='word_1_741' title='bbox 3274 4657 3575 4713; x_wconf 86' lang='lat' dir='ltr'><strong>ordinatio-</strong></span> 
     </span>
    </p>
   </div>
   <div class='ocr_carea' id='block_1_108' title="bbox 1987 4746 3574 4818">
    <p class='ocr_par' dir='ltr' id='par_1_108' title="bbox 1987 4746 3574 4818">
     <span class='ocr_line' id='line_1_108' title="bbox 1987 4746 3574 4818; baseline -0.001 -11"><span class='ocrx_word' id='word_1_742' title='bbox 1987 4768 2112 4808; x_wconf 87' lang='lat' dir='ltr'><strong>nem</strong></span> <span class='ocrx_word' id='word_1_743' title='bbox 2157 4750 2554 4807; x_wconf 89' lang='lat' dir='ltr'><strong>contaminatos</strong></span> <span class='ocrx_word' id='word_1_744' title='bbox 2583 4749 2636 4802; x_wconf 91' lang='lat' dir='ltr'><strong>in</strong></span> <span class='ocrx_word' id='word_1_745' title='bbox 2667 4746 2987 4818; x_wconf 87' lang='lat' dir='ltr'><strong>capitalibus</strong></span> <span class='ocrx_word' id='word_1_746' title='bbox 3014 4749 3335 4805; x_wconf 89' lang='lat' dir='ltr'><strong>criminibus</strong></span> <span class='ocrx_word' id='word_1_747' title='bbox 3365 4765 3424 4805; x_wconf 90' lang='lat' dir='ltr'><strong>se</strong></span> <span class='ocrx_word' id='word_1_748' title='bbox 3453 4765 3574 4806; x_wconf 90' lang='lat' dir='ltr'><strong>esse</strong></span> 
     </span>
    </p>
   </div>
   <div class='ocr_carea' id='block_1_109' title="bbox 1986 4841 3571 4914">
    <p class='ocr_par' dir='ltr' id='par_1_109' title="bbox 1986 4841 3571 4914">
     <span class='ocr_line' id='line_1_109' title="bbox 1986 4841 3571 4914; baseline 0 -17"><span class='ocrx_word' id='word_1_749' title='bbox 1986 4843 2330 4914; x_wconf 70' lang='lat' dir='ltr'><strong>proﬁteantur.</strong></span> <span class='ocrx_word' id='word_1_750' title='bbox 2374 4843 2433 4897; x_wconf 84' lang='lat' dir='ltr'><strong>In</strong></span> <span class='ocrx_word' id='word_1_751' title='bbox 2457 4841 2674 4912; x_wconf 91' lang='lat' dir='ltr'><strong>quibus,</strong></span> <span class='ocrx_word' id='word_1_752' title='bbox 2705 4849 2764 4895; x_wconf 90' lang='lat' dir='ltr'><strong>ut</strong></span> <span class='ocrx_word' id='word_1_753' title='bbox 2793 4841 2922 4895; x_wconf 91' lang='lat' dir='ltr'><strong>mihi</strong></span> <span class='ocrx_word' id='word_1_754' title='bbox 2956 4841 3188 4908; x_wconf 86' lang='lat' dir='ltr'><strong>videtur,</strong></span> <span class='ocrx_word' id='word_1_755' title='bbox 3219 4843 3333 4898; x_wconf 63' lang='lat' dir='ltr'><strong>haec</strong></span> <span class='ocrx_word' id='word_1_756' title='bbox 3361 4843 3571 4898; x_wconf 85' lang='lat' dir='ltr'><strong>distan-</strong></span> 
     </span>
    </p>
   </div>
   <div class='ocr_carea' id='block_1_110' title="bbox 1987 4934 3571 5006">
    <p class='ocr_par' dir='ltr' id='par_1_110' title="bbox 1987 4934 3571 5006">
     <span class='ocr_line' id='line_1_110' title="bbox 1987 4934 3571 5006; baseline 0 -15"><span class='ocrx_word' id='word_1_757' title='bbox 1987 4939 2061 4993; x_wconf 90' lang='lat' dir='ltr'><strong>tia</strong></span> <span class='ocrx_word' id='word_1_758' title='bbox 2086 4936 2243 5006; x_wconf 83' lang='lat' dir='ltr'><strong>debet</strong></span> <span class='ocrx_word' id='word_1_759' title='bbox 2272 4950 2395 4992; x_wconf 91' lang='lat' dir='ltr'><strong>esse</strong></span> <span class='ocrx_word' id='word_1_760' title='bbox 2413 4976 2429 5002; x_wconf 94' lang='lat'><strong>,</strong></span> <span class='ocrx_word' id='word_1_761' title='bbox 2457 4944 2519 4989; x_wconf 90' lang='lat' dir='ltr'><strong>ut</strong></span> <span class='ocrx_word' id='word_1_762' title='bbox 2547 4936 2619 4997; x_wconf 89' lang='lat' dir='ltr'><strong>bi,</strong></span> <span class='ocrx_word' id='word_1_763' title='bbox 2645 4934 2736 5005; x_wconf 88' lang='lat' dir='ltr'><strong>qui</strong></span> <span class='ocrx_word' id='word_1_764' title='bbox 2774 4935 3129 5004; x_wconf 88' lang='lat' dir='ltr'><strong>deprehensi,</strong></span> <span class='ocrx_word' id='word_1_765' title='bbox 3161 4934 3248 4990; x_wconf 88' lang='lat' dir='ltr'><strong>vel</strong></span> <span class='ocrx_word' id='word_1_766' title='bbox 3278 4936 3419 5005; x_wconf 87' lang='lat' dir='ltr'><strong>capti</strong></span> <span class='ocrx_word' id='word_1_767' title='bbox 3451 4935 3571 4991; x_wconf 80' lang='lat' dir='ltr'><strong>fue-</strong></span> 
     </span>
    </p>
   </div>
   <div class='ocr_carea' id='block_1_111' title="bbox 1983 5027 3572 5101">
    <p class='ocr_par' dir='ltr' id='par_1_111' title="bbox 1983 5027 3572 5101">
     <span class='ocr_line' id='line_1_111' title="bbox 1983 5027 3572 5101; baseline -0.001 -17"><span class='ocrx_word' id='word_1_768' title='bbox 1983 5031 2096 5086; x_wconf 90' lang='lat' dir='ltr'><strong>rint</strong></span> <span class='ocrx_word' id='word_1_769' title='bbox 2130 5029 2346 5101; x_wconf 85' lang='lat' dir='ltr'><strong>publico</strong></span> <span class='ocrx_word' id='word_1_770' title='bbox 2382 5029 2436 5084; x_wconf 91' lang='lat' dir='ltr'><strong>in</strong></span> <span class='ocrx_word' id='word_1_771' title='bbox 2473 5028 2733 5100; x_wconf 75' lang='lat' dir='ltr'><strong>periurio,</strong></span> <span class='ocrx_word' id='word_1_772' title='bbox 2784 5028 2952 5094; x_wconf 85' lang='lat' dir='ltr'><strong>furto,</strong></span> <span class='ocrx_word' id='word_1_773' title='bbox 2982 5037 3146 5099; x_wconf 87' lang='lat' dir='ltr'><strong>atque</strong></span> <span class='ocrx_word' id='word_1_774' title='bbox 3190 5027 3572 5095; x_wconf 85' lang='lat' dir='ltr'><strong>fornicatione,</strong></span> 
     </span>
    </p>
   </div>
   <div class='ocr_carea' id='block_1_112' title="bbox 1983 5119 3570 5191">
    <p class='ocr_par' dir='ltr' id='par_1_112' title="bbox 1983 5119 3570 5191">
     <span class='ocr_line' id='line_1_112' title="bbox 1983 5119 3570 5191; baseline 0.001 -16"><span class='ocrx_word' id='word_1_775' title='bbox 1983 5129 2039 5175; x_wconf 91' lang='lat' dir='ltr'><strong>et</strong></span> <span class='ocrx_word' id='word_1_776' title='bbox 2065 5120 2277 5176; x_wconf 66' lang='lat' dir='ltr'><strong>caeteris</strong></span> <span class='ocrx_word' id='word_1_777' title='bbox 2308 5119 2610 5191; x_wconf 65' lang='lat' dir='ltr'><strong>huiusmodi</strong></span> <span class='ocrx_word' id='word_1_778' title='bbox 2652 5120 2973 5175; x_wconf 85' lang='lat' dir='ltr'><strong>criminibus</strong></span> <span class='ocrx_word' id='word_1_779' title='bbox 2995 5161 3010 5185; x_wconf 92' lang='lat'><strong>,</strong></span> <span class='ocrx_word' id='word_1_780' title='bbox 3048 5122 3344 5177; x_wconf 87' lang='lat' dir='ltr'><strong>secundum</strong></span> <span class='ocrx_word' id='word_1_781' title='bbox 3382 5135 3570 5176; x_wconf 90' lang='lat' dir='ltr'><strong>sacro-</strong></span> 
     </span>
    </p>
   </div>
   <div class='ocr_carea' id='block_1_113' title="bbox 1983 5211 3566 5284">
    <p class='ocr_par' dir='ltr' id='par_1_113' title="bbox 1983 5211 3566 5284">
     <span class='ocr_line' id='line_1_113' title="bbox 1983 5211 3566 5284; baseline -0.002 -18"><span class='ocrx_word' id='word_1_782' title='bbox 1983 5227 2104 5266; x_wconf 86' lang='lat' dir='ltr'><strong>rum</strong></span> <span class='ocrx_word' id='word_1_783' title='bbox 2142 5211 2424 5268; x_wconf 89' lang='lat' dir='ltr'><strong>Canonum</strong></span> <span class='ocrx_word' id='word_1_784' title='bbox 2464 5211 2729 5277; x_wconf 86' lang='lat' dir='ltr'><strong>instituta,</strong></span> <span class='ocrx_word' id='word_1_785' title='bbox 2774 5227 2803 5266; x_wconf 90' lang='lat' dir='ltr'><strong>a</strong></span> <span class='ocrx_word' id='word_1_786' title='bbox 2833 5213 3001 5284; x_wconf 84' lang='lat' dir='ltr'><strong>gradu</strong></span> <span class='ocrx_word' id='word_1_787' title='bbox 3038 5212 3257 5282; x_wconf 88' lang='lat' dir='ltr'><strong>proprio</strong></span> <span class='ocrx_word' id='word_1_788' title='bbox 3289 5213 3566 5280; x_wconf 82' lang='lat' dir='ltr'><strong>deponan-</strong></span> 
     </span>
    </p>
   </div>
   <div class='ocr_carea' id='block_1_114' title="bbox 1987 5302 3568 5374">
    <p class='ocr_par' dir='ltr' id='par_1_114' title="bbox 1987 5302 3568 5374">
     <span class='ocr_line' id='line_1_114' title="bbox 1987 5302 3568 5374; baseline -0.003 -17"><span class='ocrx_word' id='word_1_789' title='bbox 1987 5313 2110 5357; x_wconf 89' lang='lat' dir='ltr'><strong>tur:</strong></span> <span class='ocrx_word' id='word_1_790' title='bbox 2136 5303 2261 5372; x_wconf 86' lang='lat' dir='ltr'><strong>quia</strong></span> <span class='ocrx_word' id='word_1_791' title='bbox 2308 5302 2620 5358; x_wconf 88' lang='lat' dir='ltr'><strong>scandalum</strong></span> <span class='ocrx_word' id='word_1_792' title='bbox 2661 5312 2743 5359; x_wconf 92' lang='lat' dir='ltr'><strong>est</strong></span> <span class='ocrx_word' id='word_1_793' title='bbox 2769 5303 2968 5374; x_wconf 82' lang='lat' dir='ltr'><strong>pepulo</strong></span> <span class='ocrx_word' id='word_1_794' title='bbox 2994 5304 3111 5368; x_wconf 89' lang='lat' dir='ltr'><strong>Dei,</strong></span> <span class='ocrx_word' id='word_1_795' title='bbox 3142 5303 3277 5357; x_wconf 90' lang='lat' dir='ltr'><strong>tales</strong></span> <span class='ocrx_word' id='word_1_796' title='bbox 3306 5316 3568 5371; x_wconf 74' lang='lat' dir='ltr'><strong>personas</strong></span> 
     </span>
    </p>
   </div>
   <div class='ocr_carea' id='block_1_115' title="bbox 1985 5391 3570 5464">
    <p class='ocr_par' dir='ltr' id='par_1_115' title="bbox 1985 5391 3570 5464">
     <span class='ocr_line' id='line_1_115' title="bbox 1985 5391 3570 5464; baseline -0.003 -15"><span class='ocrx_word' id='word_1_797' title='bbox 1985 5408 2149 5463; x_wconf 87' lang='lat' dir='ltr'><strong>super</strong></span> <span class='ocrx_word' id='word_1_798' title='bbox 2175 5408 2234 5449; x_wconf 90' lang='lat' dir='ltr'><strong>se</strong></span> <span class='ocrx_word' id='word_1_799' title='bbox 2258 5393 2462 5464; x_wconf 89' lang='lat' dir='ltr'><strong>positas</strong></span> <span class='ocrx_word' id='word_1_800' title='bbox 2493 5394 2711 5459; x_wconf 88' lang='lat' dir='ltr'><strong>habere,</strong></span> <span class='ocrx_word' id='word_1_801' title='bbox 2744 5410 2879 5464; x_wconf 90' lang='lat' dir='ltr'><strong>quas</strong></span> <span class='ocrx_word' id='word_1_802' title='bbox 2916 5394 3058 5449; x_wconf 89' lang='lat' dir='ltr'><strong>ultra</strong></span> <span class='ocrx_word' id='word_1_803' title='bbox 3102 5393 3318 5447; x_wconf 88' lang='lat' dir='ltr'><strong>modum</strong></span> <span class='ocrx_word' id='word_1_804' title='bbox 3343 5391 3570 5446; x_wconf 82' lang='lat' dir='ltr'><strong>vitiosas</strong></span> 
     </span>
    </p>
   </div>
   <div class='ocr_carea' id='block_1_116' title="bbox 1983 5487 3566 5557">
    <p class='ocr_par' dir='ltr' id='par_1_116' title="bbox 1983 5487 3566 5557">
     <span class='ocr_line' id='line_1_116' title="bbox 1983 5487 3566 5557; baseline 0 -16"><span class='ocrx_word' id='word_1_805' title='bbox 1983 5502 2103 5543; x_wconf 90' lang='lat' dir='ltr'><strong>esse</strong></span> <span class='ocrx_word' id='word_1_806' title='bbox 2132 5496 2366 5543; x_wconf 88' lang='lat' dir='ltr'><strong>constat.</strong></span> <span class='ocrx_word' id='word_1_807' title='bbox 2404 5487 2605 5557; x_wconf 86' lang='lat' dir='ltr'><strong>Nempe</strong></span> <span class='ocrx_word' id='word_1_808' title='bbox 2641 5488 2766 5543; x_wconf 81' lang='lat' dir='ltr'><strong>inde</strong></span> <span class='ocrx_word' id='word_1_809' title='bbox 2797 5490 3085 5543; x_wconf 75' lang='lat' dir='ltr'><strong>detrahunt</strong></span> <span class='ocrx_word' id='word_1_810' title='bbox 3120 5488 3368 5543; x_wconf 86' lang='lat' dir='ltr'><strong>homines</strong></span> <span class='ocrx_word' id='word_1_811' title='bbox 3395 5487 3566 5542; x_wconf 81' lang='lat' dir='ltr'><strong>sacri-</strong></span> 
     </span>
    </p>
   </div>
   <div class='ocr_carea' id='block_1_117' title="bbox 1984 5577 3565 5648">
    <p class='ocr_par' dir='ltr' id='par_1_117' title="bbox 1984 5577 3565 5648">
     <span class='ocr_line' id='line_1_117' title="bbox 1984 5577 3565 5648; baseline 0.002 -16"><span class='ocrx_word' id='word_1_812' title='bbox 1984 5578 2108 5632; x_wconf 85' lang='lat' dir='ltr'><strong>licio</strong></span> <span class='ocrx_word' id='word_1_813' title='bbox 2138 5577 2253 5642; x_wconf 78' lang='lat' dir='ltr'><strong>Dei,</strong></span> <span class='ocrx_word' id='word_1_814' title='bbox 2293 5581 2433 5632; x_wconf 90' lang='lat' dir='ltr'><strong>sicut</strong></span> <span class='ocrx_word' id='word_1_815' title='bbox 2469 5580 2740 5648; x_wconf 86' lang='lat' dir='ltr'><strong>quondam</strong></span> <span class='ocrx_word' id='word_1_816' title='bbox 2782 5578 2904 5635; x_wconf 80' lang='lat' dir='ltr'><strong>filiis</strong></span> <span class='ocrx_word' id='word_1_817' title='bbox 2943 5578 3058 5633; x_wconf 85' lang='lat' dir='ltr'><strong>llcli</strong></span> <span class='ocrx_word' id='word_1_818' title='bbox 3099 5577 3450 5647; x_wconf 77' lang='lat' dir='ltr'><strong>peccantibus</strong></span> <span class='ocrx_word' id='word_1_819' title='bbox 3485 5578 3565 5635; x_wconf 90' lang='lat' dir='ltr'><strong>fe-</strong></span> 
     </span>
    </p>
   </div>
   <div class='ocr_carea' id='block_1_118' title="bbox 1984 5668 3564 5742">
    <p class='ocr_par' dir='ltr' id='par_1_118' title="bbox 1984 5668 3564 5742">
     <span class='ocr_line' id='line_1_118' title="bbox 1984 5668 3564 5742; baseline 0 -18"><span class='ocrx_word' id='word_1_820' title='bbox 1984 5668 2124 5726; x_wconf 86' lang='lat' dir='ltr'><strong>cisse</strong></span> <span class='ocrx_word' id='word_1_821' title='bbox 2147 5668 2398 5740; x_wconf 68' lang='lat' dir='ltr'><strong>leguntur</strong></span> <span class='ocrx_word' id='word_1_822' title='bbox 2423 5690 2434 5724; x_wconf 84' lang='lat'><strong>;</strong></span> <span class='ocrx_word' id='word_1_823' title='bbox 2463 5678 2537 5738; x_wconf 86' lang='lat' dir='ltr'><strong>et,</strong></span> <span class='ocrx_word' id='word_1_824' title='bbox 2572 5669 2795 5727; x_wconf 85' lang='lat' dir='ltr'><strong>rebelles</strong></span> <span class='ocrx_word' id='word_1_825' title='bbox 2820 5670 2943 5726; x_wconf 86' lang='lat' dir='ltr'><strong>hinc</strong></span> <span class='ocrx_word' id='word_1_826' title='bbox 2971 5677 3131 5742; x_wconf 77' lang='lat' dir='ltr'><strong>atque</strong></span> <span class='ocrx_word' id='word_1_827' title='bbox 3165 5668 3429 5726; x_wconf 86' lang='lat' dir='ltr'><strong>contrarii</strong></span> <span class='ocrx_word' id='word_1_828' title='bbox 3455 5669 3564 5726; x_wconf 69' lang='lat' dir='ltr'><strong>cxi-</strong></span> 
     </span>
    </p>
   </div>
  </div>
