3950 6184
318 262 429 331 473

961 263 1023 319 Β.
1063 263 1318 320 RABANI
1352 262 1572 321 MAURI
1608 261 1926 319 ARCIHEP.
1968 261 2279 320 MOGUN'I‘.
2322 261 2609 321 OPERUM
2643 262 2824 318 PARS
2862 262 2927 318 ll.

3490 264 3605 320 ιτς

319 385 553 444 stantes,
606 391 795 434 eorum
851 376 1034 447 pravis
1085 377 1349 449 exemplis
1402 376 1642 448 quotidie
1692 378 1907 449 pejores
1933 384 1979 441 Α
2007 376 2121 431 sive
2145 377 2359 447 pagani,
2388 377 2509 434 sive
2530 367 2721 433 Judaei.
2752 377 2865 433 Sed
2887 386 3065 434 tamen
3092 379 3361 446 omnibus,
3394 381 3600 451 quibus

319 468 475 523 fiunt.
525 466 628 535 Qui
672 476 853 523 autem
886 468 952 523 de
987 468 1262 539 praedictis
1307 468 1455 524 vitiis
1500 484 1598 539 per
1637 469 1904 526 occultam

317 558 731 625 confessionem,
752 559 891 614 mala
919 561 1018 615 abs
1043 575 1103 615 sc
1123 559 1383 615 absconse
1407 562 1695 617 commissa
1719 575 1905 616 coram

316 652 488 706 oculis
515 651 631 717 Dei,
663 658 933 720 praesente
970 650 1135 705 etiam
1178 651 1483 717 sacerdote,
1511 652 1604 721 qui
1633 652 1713 707 eis
1750 652 1907 706 indu-

316 752 503 797 cturus
543 752 628 799 est
671 743 1064 813 paenitentiam,
1110 744 1457 807 conﬁtentur,
1498 752 1554 799 et
1584 745 1904 813 semetipsos

315 837 553 903 graviter
592 836 884 905 deliquisse
928 846 1211 901 accusant,
1243 838 1288 891 si
1330 838 1603 894 veraciter
1637 839 1905 908 paenitue-

316 928 441 989 rint,
471 934 526 980 et
553 939 770 996 semper
789 924 1019 995 jejunis,
1055 936 1107 981 et
1141 928 1529 999 eleemosynas,
1557 929 1900 1000 vigiliasque,

315 1025 476 1085 atque
510 1032 695 1071 sacras
720 1018 997 1072 orationes
1025 1033 1148 1072 cum
1178 1018 1433 1089 lacrymis
1458 1034 1691 1090 purgare
1720 1028 1902 1075 certa-

311 1106 508 1159 verint.
532 1105 627 1161 llis
663 1107 830 1160 etiam
868 1107 1038 1176 gradu
1077 1116 1314 1173 servato,
1343 1122 1470 1177 spes
1496 1110 1669 1164 veniae
1696 1109 1764 1164 de
1797 1110 1905 1163 mi-

313 1195 609 1249 sericordia
637 1195 733 1250 Dei
760 1196 1122 1265 promittenda
1159 1206 1273 1259 est;
1313 1198 1405 1266 qui
1441 1212 1633 1254 omnes
1658 1199 1908 1256 homines

314 1285 429 1338 vnlt
473 1285 649 1342 salvos
687 1286 807 1342 ﬁeri
862 1294 917 1341 et
957 1288 1023 1341 ad
1066 1289 1392 1357 agnitionem
1431 1289 1678 1345 veritatis
1714 1304 1906 1360 perve-

312 1377 452 1441 nire,
498 1391 676 1447 neque
701 1387 935 1433 mortem
964 1379 1283 1449 peccatoris,
1317 1380 1413 1435 sed
1448 1387 1507 1434 ut
1558 1389 1907 1437 convertatur

314 1479 371 1525 et
399 1472 568 1525 vivat.

388 1581 523 1637 Nam
571 1585 638 1639 de
684 1583 812 1651 illis,
859 1584 952 1655 qui
1001 1585 1069 1640 ad
1115 1584 1375 1639 honorem
1416 1583 1741 1656 presbyterii
1786 1584 1906 1641 sine

312 1674 565 1729 examine
590 1676 835 1744 provecti
877 1683 1022 1740 sunt,
1056 1674 1109 1727 in
1153 1674 1385 1730 concilio
1422 1674 1661 1741 Nicmno,
1694 1691 1813 1746 cap.
1847 1676 1901 1742 9,

312 1765 618 1835 scriptum:
667 1784 686 1818 ι
731 1765 788 1821 Si
842 1767 935 1837 qui
992 1765 1291 1837 presbyteri
1340 1767 1458 1822 sine
1503 1769 1901 1823 examinatione

312 1859 556 1927 provecti
603 1864 773 1913 sunt:
805 1858 888 1913 vel
934 1872 1057 1912 eum
1092 1858 1511 1922 discuterentur,
1540 1864 1759 1927 peccata
1804 1873 1901 1913 sua

314 1949 550 2005 confessi
590 1959 735 2017 sunt,
776 1959 831 2005 et
855 1951 1101 2005 homines
1140 1958 1331 2005 contra
1359 1964 1596 2003 canones
1621 1951 1901 2014 commoti,

322 2054 516 2095 manus
555 2040 824 2096 confessis
869 2042 1148 2112 imponere
1204 2048 1567 2095 tentaverunt.
1616 2040 1774 2095 Tales
1818 2055 1904 2095 re-

320 2134 443 2204 gula
499 2148 606 2188 non
653 2133 910 2196 admittit,
960 2133 1086 2202 quia
1125 2134 1267 2203 quod
1304 2131 1779 2201 irreprebensibile
1822 2141 1909 2189 est

315 2223 594 2279 Catholica
628 2222 871 2279 defendit
892 2224 1152 2278 Ecclesia.
1188 2240 1207 2276 ι
1242 2222 1373 2278 ltem
1403 2224 1456 2276 in
1484 2221 1906 2277 Neocesareensi

316 2315 568 2381 concilio,
600 2330 722 2387 cap.
748 2316 805 2380 9,
833 2316 899 2371 de
935 2312 1022 2370 his
1068 2315 1144 2369 ita
1172 2316 1434 2384 scriptum
1465 2322 1550 2369 est
1575 2330 1588 2366 :
1624 2332 1643 2365 ι
1673 2313 1906 2385 Presby-

316 2411 404 2458 ter
441 2405 484 2460 si
528 2413 944 2476 prmoccupatus
976 2405 1244 2475 corporali
1304 2414 1533 2475 peccato
1574 2405 1906 2475 provehatur

312 2503 369 2549 et
400 2494 682 2551 confessus
730 2495 893 2551 fuerit
934 2496 1002 2550 de
1045 2510 1123 2562 se,
1153 2496 1297 2566 quod
1339 2505 1465 2551 ante
1509 2496 1906 2551 ordinationem

314 2600 468 2641 suam
514 2586 823 2657 deliquerit,
868 2586 1049 2642 oblata
1098 2602 1205 2642 non
1256 2595 1563 2651 consecret,
1592 2600 1819 2641 manens
1851 2586 1905 2641 in

312 2677 537 2746 reliquis
561 2676 752 2733 ciliciis
776 2686 997 2748 propter
1021 2679 1221 2734 bonum
1245 2679 1505 2748 studium.
1534 2677 1672 2734 Nam
1701 2678 1905 2749 reliqua

313 2776 540 2839 peccata
580 2767 824 2837 plerique
862 2767 1118 2822 dixerunt
1145 2784 1243 2838 per
1273 2783 1466 2823 manus
1507 2768 1907 2838 impositionem

315 2873 477 2931 posse
496 2856 716 2913 dimitti.
742 2857 896 2926 Quod
918 2859 963 2914 si
985 2859 1051 2914 de
1073 2874 1132 2913 se
1154 2859 1271 2927 ipso
1293 2873 1400 2913 non
1426 2857 1589 2914 fuerit
1605 2858 1904 2923 confessus,

314 2960 372 3005 ct
395 2950 549 3022 argui
579 2949 864 3005 manifeste
890 2964 998 3004 non
1027 2956 1225 3020 potest,
1254 2948 1535 3020 potestatis
1572 2963 1683 3003 sua:
1703 2947 1908 3017 judicio

319 3042 673 3112 relinquatur.
712 3060 732 3094 ι
764 3041 895 3095 item
944 3041 996 3094 in
1022 3041 1213 3096 eodem
1239 3039 1504 3108 Concilio,
1540 3056 1659 3112 cap.
1696 3041 1787 3112 l0,
1825 3041 1904 3098 si-

316 3131 432 3186 mili
481 3131 642 3186 modo
688 3131 850 3185 etiam
896 3131 1201 3185 diaconus:
1257 3148 1276 3182 (
1334 3130 1393 3186 Si
1441 3132 1631 3187 eodem
1678 3142 1904 3202 peccato

319 3223 689 3289 succubuerit,
718 3221 790 3277 ab
821 3223 1010 3277 ordine
1042 3221 1329 3276 ministerii
1353 3221 1687 3277 detrahatur.
1738 3240 1759 3275 ι

388 3337 466 3392 De
497 3335 622 3401 illis,
651 3335 743 3407 qui
786 3343 911 3405 post
948 3341 1228 3404 acceptum
1276 3334 1500 3406 gradum
1542 3334 1902 3405 peccaverint,

319 3428 481 3482 tertio
508 3426 888 3498 Apostolorum
915 3424 1136 3481 Canone
1168 3425 1242 3478 ita
1272 3424 1501 3496 legitur:
1532 3441 1551 3475 ι
1584 3424 1904 3495 Episcopus,

319 3519 622 3589 presbyter,
666 3526 758 3571 aut
800 3515 1093 3581 diaconus,
1137 3515 1229 3585 qui
1281 3513 1337 3569 in
1376 3512 1766 3580 fornicatione,
1814 3524 1907 3569 aut

318 3611 574 3681 periurio,
599 3617 694 3665 aut
719 3608 862 3664 furto
888 3618 1081 3679 captus
1109 3616 1215 3673 est,
1241 3608 1561 3678 deponatur,
1590 3623 1697 3662 non
1728 3616 1907 3663 tamen

320 3703 698 3758 communione
725 3702 988 3772 privetur.
1045 3700 1185 3755 Dicit
1233 3700 1377 3755 enim
1408 3698 1690 3770 Scriptura
1731 3717 1745 3754 :
1784 3698 1907 3755 Non

304 3793 576 3866 judicabit
599 3794 858 3850 Dominus
882 3794 967 3850 bis
998 3794 1053 3848 in
1083 3794 1135 3848 id
1162 3794 1357 3863 ipsum.
1389 3813 1408 3846 ›
1442 3792 1593 3859 Item,
1623 3792 1677 3846 in
1703 3806 1910 3849 canone

312 3886 712 3958 apostolorum,
741 3901 862 3956 cap.
895 3885 965 3940 29
991 3902 1004 3938 :
1034 3904 1052 3937 ι
1098 3883 1158 3939 Si
1186 3884 1309 3955 quis
1345 3884 1651 3954 episeOpus,
1686 3884 1906 3957 presby-

323 3989 427 4044 ter,
452 3987 545 4033 aut
570 3978 830 4032 diaconus
858 3974 1132 4044 depositus
1169 3973 1315 4042 iuste
1343 3989 1505 4044 super
1529 3976 1694 4030 certis
1720 3974 1905 4030 crimi-

322 4071 504 4135 nibus,
541 4080 708 4121 nusus
754 4064 922 4120 fuerit
969 4070 1265 4119 attrectare
1309 4064 1667 4119 ministerium
1708 4067 1909 4121 dudum

314 4161 425 4218 sibi
472 4157 842 4224 commissum,
893 4156 983 4211 hic
1020 4155 1091 4210 ab
1124 4153 1366 4210 Ecclesia
1398 4155 1613 4226 penitus
1658 4156 1910 4226 proiicia-

326 4262 433 4308 tur.
466 4271 485 4305 ι

394 4362 811 4421 Accusationem
846 4368 1027 4417 autem
1057 4359 1319 4414 adversus
1344 4356 1487 4413 sacri
1516 4356 1723 4413 ordinis
1761 4358 1910 4413 viros

2008 469 2283 523 accusatio
2309 470 2629 537 denegatur,
2664 470 2719 523 in
2746 470 2930 525 causis
2949 471 3184 540 propriis
3206 475 3499 529 accusandi
3529 475 3599 530 li-

2008 558 2183 612 centia
2211 558 2527 629 deneganda
2552 572 2660 612 non
2681 566 2780 613 est.
2816 577 2836 609 ι
2868 557 3003 613 ltem
3032 558 3084 612 in
3111 559 3323 628 eodem,
3351 578 3470 634 cap.
3496 565 3595 622 99:

2013 666 2032 700 ι
2074 648 2265 704 Testes
2314 657 2496 703 autem
2547 664 2655 703 non
2694 648 3059 704 admittendos
3102 650 3172 704 ad
3207 652 3597 720 testimonium,

2008 740 2098 807 qui
2132 755 2231 795 nec
2260 740 2327 793 ad
2358 739 2760 794 accusationem
2787 738 3000 794 admitti
3030 742 3282 811 praecepti
3312 753 3442 799 sunt
3468 763 3483 801 :
3514 746 3599 801 vel

2006 831 2172 886 etiam
2195 846 2332 902 quos
2356 831 2470 901 ipse
2494 839 2781 887 accusator
2805 830 2873 885 de
2899 830 3061 885 domo
3085 846 3183 886 sua
3207 834 3549 903 produxerit.
3575 857 3594 889 ι

2005 923 2088 978 Ad
2133 924 2501 979 testimonium
2542 935 2722 979 autem
2771 923 2916 978 intra
2946 938 3123 981 annos
3159 940 3251 980 HV
3282 926 3461 981 astatis
3488 941 3601 981 suae

2008 1028 2114 1067 non
2130 1014 2468 1069 admittatur.
2495 1013 2649 1077 item,
2677 1028 2800 1082 cm).
2823 1013 2887 1068 97
2908 1030 2923 1066 :
2952 1032 2971 1065 ι
2999 1013 3234 1080 Placuit,
3251 1016 3601 1084 quotiescun-

2007 1120 2112 1173 que
2153 1104 2366 1160 clericis
2407 1106 2477 1161 ab
2510 1105 2922 1161 accusatoribus
2967 1105 3136 1160 multa
3175 1107 3404 1162 crimina
3456 1108 3599 1176 obii—

2007 1195 2249 1261 ciuntur,
2287 1203 2343 1251 et
2387 1212 2552 1250 unum
2591 1210 2660 1250 ex
2686 1195 2794 1260 his,
2843 1195 2909 1250 de
2935 1211 3043 1265 quo
3075 1197 3227 1266 prius
3257 1198 3449 1266 egerit,
3474 1215 3602 1268 pro—

2007 1287 2136 1341 bare
2161 1302 2268 1342 non
2297 1286 2548 1352 valuerit,
2576 1287 2644 1340 ad
2675 1294 2871 1342 natura
2898 1302 3007 1342 non
3034 1286 3371 1341 admittatur.
3409 1308 3429 1340 ι

2079 1377 2157 1432 De
2185 1376 2271 1433 his
2311 1385 2514 1440 autem,
2554 1392 2787 1447 quorum
2829 1377 3040 1433 occuita
3078 1386 3206 1433 sunt
3228 1387 3470 1449 peccati,
3498 1393 3600 1433 nec

2008 1464 2292 1521 manifeste
2349 1466 2419 1521 ab
2458 1465 2641 1536 aliquo
2686 1469 2843 1538 argui
2884 1476 3108 1536 possunt
3136 1508 3152 1534 ,
3209 1469 3255 1523 si
3309 1468 3603 1523 salubriter

2007 1554 2317 1624 compuncti
2366 1569 2466 1624 pro
2512 1556 2754 1625 peccatis
2802 1555 3198 1612 confessionem
3244 1572 3433 1613 coram
3484 1560 3601 1629 epi-

2010 1663 2207 1719 scopo,
2252 1648 2366 1704 sive
2408 1649 2724 1719 presbytero
2748 1649 3127 1717 pmnitentiam
3173 1660 3357 1721 agant,
3388 1651 3603 1706 ocudte

1938 1732 1980 1791 Β
2011 1737 2234 1804 faciunt,
2261 1740 2461 1794 bonum
2506 1739 2639 1794 mihi
2664 1739 2895 1804 videtur,
2925 1749 2986 1793 ut
3013 1740 3311 1795 secundum
3348 1740 3423 1806 id,
3454 1742 3600 1812 quod

2006 1829 2112 1884 sibi
2156 1831 2433 1885 decretum
2491 1829 2654 1885 luerit
2696 1830 3064 1901 abepiscopo
3108 1830 3224 1886 sive
3249 1832 3593 1903 presbytero,

2003 1920 2379 1991 pmniteutiam
2416 1928 2581 1990 agant
2617 1935 2725 1976 non
2760 1921 2967 1989 tepide,
3005 1935 3114 1975 non
3149 1921 3327 1987 tarde,
3356 1921 3452 1976 sed
3484 1920 3600 1976 ferc-

1950 2028 1951 2031 η
2004 2017 2213 2073 venter,
2238 2018 2300 2064 et
2326 2008 2591 2074 sollicite,
2621 2024 2686 2064 ac
2727 2009 2775 2063 si
2821 2025 2883 2064 se
2907 2009 3125 2065 venit:
3157 2024 3191 2064 tt
3220 2008 3450 2065 Domino
3476 2025 3603 2080 per-

2006 2110 2279 2174 cepturos,
2310 2108 2368 2154 et
2394 2100 2625 2171 gradum
2665 2110 3080 2171 recuperaturos
3108 2100 3406 2157 conﬁdunt.
3440 2100 3599 2167 Quod

2007 2192 2170 2245 etiam
2201 2191 2263 2246 B.
2287 2190 2583 2261 Gregorius
2607 2202 2744 2261 papa
2780 2192 2834 2247 in
2858 2191 3085 2261 epistola
3111 2205 3273 2260 quam
3300 2190 3367 2244 ad
3395 2190 3604 2246 Secun-

2008 2284 2195 2346 dinum
2230 2296 2448 2338 servum
2477 2284 2573 2338 Dei
2609 2283 2879 2338 inclusum
2929 2282 3169 2352 scripsit,
3196 2282 3270 2336 ita
3295 2281 3490 2352 probat
3514 2282 3599 2336 di-

2008 2387 2179 2429 cens:
2209 2390 2229 2423 ι
2265 2372 2401 2428 Nam
2436 2381 2527 2428 tua
2565 2374 2825 2428 sanctitas
2852 2373 2979 2428 inde
3024 2388 3059 2427 θ
3087 2372 3243 2428 nobis
3291 2373 3597 2442 requisivit,

2008 2473 2067 2519 ut
2089 2464 2193 2519 sibi
2220 2463 2573 2520 rescriberem
2597 2464 2668 2518 de
2692 2462 3013 2519 βοωτάοωῆ
3040 2461 3217 2517 cilicio
3244 2471 3367 2532 post
3388 2462 3598 2532 lapsum

2008 2555 2324 2626 resurgendi
2369 2555 2741 2620 auctoritates,
2785 2555 2911 2609 dum
2958 2553 3094 2608 dicis
3127 2552 3195 2606 de
3223 2555 3327 2608 hoc
3349 2552 3600 2608 Canoucs

2008 2644 2253 2702 diversos
2279 2655 2330 2701 te
2357 2644 2571 2717 legisse,
2602 2645 2952 2714 diversasque
2978 2644 3280 2700 sententias
3304 2643 3595 2708 invenisse,

2009 2736 2146 2791 ajias
2184 2736 2520 2808 resurgendi,
2554 2734 2691 2791 alias
2730 2749 3076 2805 nequaquam
3103 2748 3282 2804 posse.
3324 2733 3460 2789 Nam
3498 2749 3598 2788 nos

2007 2825 2338 2899 generaliter
2375 2841 2407 2880 a
2436 2824 2650 2881 Nicaeus
2680 2825 3023 2895 incipientes,
3054 2824 3196 2879 lianc
3222 2839 3348 2879 eum
3376 2824 3599 2894 reliquis

2009 2928 2245 2988 quatuor
2283 2932 2627 2983 veneramur,
2656 2915 2785 2987 quia
2819 2915 2995 2985 ipsum
3038 2926 3351 2984 sequentes,
3389 2925 3599 2971 cetera

2009 3009 2065 3064 in
2092 3009 2306 3065 cunctis
2332 3007 2617 3065 sententiis
2645 3007 2928 3063 unanimes
2950 3005 3303 3062 concordant.
3333 3004 3441 3062 Nos
3468 3020 3599 3077 ergo

1931 3080 1977 3144 (ἶ
2005 3099 2372 3169 praecedentes
2428 3114 2528 3154 nos
2578 3098 2768 3154 Patres
2827 3097 3139 3166 sequimur;
3199 3097 3327 3166 quia
3377 3105 3599 3152 auctore

2006 3190 2138 3256 Deo,
2166 3190 2235 3245 ab
2262 3189 2479 3244 illorum
2501 3187 2749 3245 doctrina
2787 3202 2897 3243 non
2923 3186 3312 3242 diseordamus.
3349 3184 3395 3239 A
3423 3185 3602 3254 capite

2006 3280 2193 3351 itaque
2230 3279 2552 3351 incipientes
2592 3294 2764 3349 usque
2804 3278 2858 3332 in
2899 3286 3151 3347 quartum
3203 3276 3393 3332 altaris
3438 3277 3603 3331 mini-

2006 3378 2177 3425 strum
2208 3371 2349 3424 hanc
2386 3366 2618 3422 formam
2646 3367 2971 3423 servandam
3000 3366 3398 3437 cognoscimus,
3435 3373 3494 3419 ut
3520 3364 3602 3418 si-

2007 3471 2101 3516 cut
2146 3460 2415 3515 minorem
2461 3458 2636 3527 major
2686 3458 2946 3528 praecedit
2994 3457 3048 3511 iu
3086 3457 3313 3522 honore,
3343 3456 3417 3510 ita
3444 3463 3501 3511 et
3544 3456 3602 3510 in

2008 3552 2273 3607 crimine:
2318 3559 2374 3606 et
2402 3566 2563 3620 quem
2613 3548 2787 3617 maior
2820 3548 3065 3617 sequitur
3101 3545 3278 3616 culpa,
3330 3546 3504 3616 major
3547 3546 3602 3600 ei

2007 3642 2313 3711 implicetur
2338 3640 2567 3695 vindicta
2597 3656 2610 3694 :
2634 3648 2692 3695 et
2728 3639 2808 3693 sie
2832 3647 3019 3709 postea
3047 3636 3371 3707 poenitentia
3408 3636 3601 3690 creda-

2009 3743 2100 3789 tur
2128 3732 2404 3788 l‘ructuosa
2428 3747 2572 3789 esse.
2613 3732 2753 3800 Quid
2792 3731 2941 3786 enim
2989 3731 3212 3799 prodest
3243 3730 3479 3784 triticum
3509 3742 3601 3783 se-

2008 3826 2242 3891 minare,
2270 3834 2327 3880 et
2351 3822 2587 3880 fructum
2632 3823 2780 3879 illius
2805 3836 2915 3878 non
2938 3821 3228 3891 colligere?
3255 3829 3351 3876 aut
3378 3821 3598 3875 dotnuut

2009 3918 2306 3982 instruere,
2335 3924 2392 3971 et
2431 3914 2539 3971 illic
2569 3930 2677 3970 non
2712 3912 2999 3971 habitare?
3029 3912 3157 3968 Post
3195 3911 3413 3983 dignam
3447 3903 3599 3966 enim

2008 4005 2437 4062 satisfactionem
2473 4004 2748 4060 credimus
2793 4016 2953 4073 posse
2994 4000 3171 4056 redire
3197 4002 3266 4055 ad
3309 4002 3596 4067 honorem,

2008 4097 2277 4169 propheta
2304 4096 2521 4152 dicente
2546 4112 2558 4149 :
2591 4112 2610 4147 ι
2647 4093 2899 4163 Nunquid
2930 4092 3023 4163 qui
3046 4091 3192 4148 cadit
3217 4106 3324 4146 nou
3354 4090 3596 4161 adjiciet,

2009 4198 2070 4243 ut
2111 4188 2393 4259 resurgat?
2431 4205 2451 4240 ι
2507 4183 2680 4259 (Psal.
2715 4185 2829 4257 ιι..)
2892 4185 2958 4239 Et
2987 4201 3001 4239 :
3036 4203 3055 4237 ε
3091 4176 3193 4250 Qui
3228 4196 3452 4241 aversus
3488 4190 3597 4248 est,

2015 4299 2034 4333 α
2081 4296 2193 4336 non
2234 4278 2585 4336 revertatur?
2633 4275 2770 4350 (let.
2810 4276 2955 4351 vui.)
2990 4295 3009 4329 ι
3059 4276 3204 4332 Idem
3247 4278 3603 4347 etpeccatori

2018 4392 2037 4424 ι
2083 4372 2160 4427 ait
2196 4396 2211 4425 ι
2254 4390 2273 4423 r
2318 4371 2377 4426 lu
2416 4385 2740 4443 quacunque
2783 4369 2872 4425 die
2916 4383 3211 4424 conversus
3248 4367 3599 4439 ingemueris,

321 4457 480 4514 lacile
517 4470 625 4513 non
662 4454 1045 4525 recipiendam,
1076 4450 1171 4506 sed
1197 4451 1347 4521 prius
1373 4464 1593 4505 causam
1624 4449 1907 4522 diligenter
1934 4434 1989 4495 Ῐ)
2017 4480 2037 4514 ι
2081 4461 2263 4516 salvus
2292 4434 2450 4517 eris:
2473 4478 2493 4514 ,
2535 4434 2675 4531 (ιειιξ
2707 4457 2861 4531 χχι.)
2882 4456 3038 4513 unde
3077 4465 3135 4513 οι
3162 4434 3447 4512 Psalmis“;
3485 4458 3598 4512 ait;

322 4546 760 4613 examinandam,
783 4552 840 4601 et
866 4553 1054 4616 postea
1081 4541 1345 4613 judicium
1392 4540 1738 4598 inferendum
1762 4542 1906 4612 Apo-

323 4637 497 4694 stolus
525 4639 703 4702 docet,
736 4636 982 4692 scribens
1013 4636 1079 4688 ad
1110 4634 1453 4689 Timotheum
1483 4652 1495 4687 :
1545 4651 1563 4685 r
1593 4632 1907 4690 Accusatio-

329 4748 348 4781 ι
397 4742 545 4792 nem,
573 4724 769 4795 inquit,
798 4722 1055 4779 adversus
1088 4722 1461 4793 presbyterum
1505 4737 1611 4778 non
1656 4722 1906 4793 recipias,

332 4838 352 4872 ι
398 4818 508 4874 nisi
553 4814 654 4872 sub
688 4811 894 4870 duobus
933 4822 1028 4867 aut
1081 4813 1254 4868 tribus
1310 4814 1560 4869 testibus.
1616 4812 1909 4870 Peccantcs

333 4929 353 4962 ι
398 4922 581 4966 coram
641 4903 893 4961 omnibus
948 4917 1151 4976 argue,
1212 4911 1272 4958 ut
1321 4904 1503 4960 ueteri
1556 4914 1761 4962 metum
1812 4907 1909 4962 ha-

320 5020 352 5056 ~t
396 5001 578 5057 beant.
615 5016 635 5052 ι

398 5111 596 5181 Quales
623 5116 804 5165 autem
827 5105 931 5179 ipsi
955 5113 1122 5163 testes
1148 5119 1271 5164 esse
1296 5105 1551 5174 debeant,
1575 5107 1633 5162 in
1654 5106 1912 5163 Africano

320 5207 558 5267 concilio
583 5202 980 5267 manifestatur,
1003 5200 1116 5267 ubi,
1141 5216 1261 5271 cap.
1285 5199 1319 5255 6
1347 5210 1403 5255 et
1426 5200 1494 5255 l5
1522 5202 1594 5257 ita
1616 5201 1909 5272 scriptum:

329 5321 356 5354 με
390 5297 600 5356 Placuit
628 5304 688 5352 ut
713 5310 903 5352 omnes
946 5293 1091 5351 servi
1128 5292 1212 5348 vel
1248 5292 1452 5364 proprii
1477 5292 1656 5350 liberti
1701 5293 1771 5348 ad
1817 5308 1913 5350 ac-

322 5390 664 5446 cusationem
708 5401 817 5441 non
859 5383 1217 5439 admittuntur
1257 5405 1271 5437 ι
1314 5382 1400 5437 vel
1425 5398 1631 5448 omnes,
1679 5399 1819 5455 quos
1844 5386 1914 5441 ad

321 5480 635 5537 accusanda
658 5477 875 5551 publica
902 5476 1133 5533 crimina
1174 5476 1320 5548 leges
1348 5476 1561 5547 publice
1586 5493 1693 5533 non
1719 5477 1917 5533 admit-

329 5579 477 5637 tunt,
502 5586 691 5628 omnes
715 5569 952 5626 infamiae
994 5567 1221 5624 maculis
1242 5568 1469 5639 aspersi,
1510 5577 1567 5623 et
1596 5569 1910 5635 histriones,

328 5679 403 5719 ac
428 5663 845 5736 turpitudinibus
870 5662 1126 5736 subjecta:
1150 5677 1413 5733 pet-some.
1450 5661 1696 5718 lberctici
1726 5662 1908 5729 etiam,

2019 4572 2039 4607 ι
2084 4553 2192 4610 Cor
2233 4554 2492 4609 mundum
2539 4566 2667 4608 crea
2714 4553 2769 4607 in
2818 4549 3090 4615 meDcus,
3124 4557 3181 4605 et
3213 4551 3463 4621 spiritum
3515 4566 3602 4605 rc-

2021 4665 2040 4699 t
2084 4656 2229 4704 ctum
2277 4648 2473 4702 innova
2543 4646 2597 4702 in
2660 4645 2962 4702 visceribus
3011 4643 3164 4698 meis.
3228 4643 3309 4698 Ne
3350 4645 3601 4715 projlclas

2021 4759 2041 4793 ι
2086 4755 2196 4805 me,
2233 4758 2253 4792 ι
2282 4748 2390 4796 etc.
2422 4738 2596 4813 (Psal.
2628 4741 2707 4812 ι..)

2078 4852 2098 4886 ‹
2144 4832 2282 4888 Dum
2311 4832 2455 4888 enim
2482 4831 2622 4901 petit
2656 4846 2726 4886 ne
2750 4830 3067 4902 projiciatur
3096 4828 3378 4900 prolapsus
3404 4828 3595 4895 culpa:

2013 4926 2250 4982 alienam
2298 4923 2495 4994 quippe
2554 4937 2673 4989 rex,
2732 4921 2893 4977 simul
2942 4930 3001 4977 et
3043 4921 3309 4991 propheta
3357 4920 3600 4987 rapuisse

2013 5031 2240 5073 uxorem
2282 5030 2364 5081 se,
2410 5014 2658 5085 expavit;
2707 5014 2972 5085 propheta
3015 5012 3288 5068 indicante
3335 5009 3599 5079 ﬂagitium

2013 5122 2193 5174 suum,
2222 5106 2597 5177 paenitentiam
2639 5119 2807 5177 agens
2842 5103 3082 5160 addidit:
3119 5101 3303 5159 Redde
3336 5102 3469 5157 mihi
3507 5102 3598 5157 lm-

2016 5201 2193 5256 titiam
2240 5200 2496 5255 salutaris
2540 5198 2641 5265 tui,
2671 5204 2728 5253 et
2761 5196 2956 5269 spiritu
3005 5192 3291 5266 principali
3338 5191 3599 5248 conﬁrma

2020 5309 2127 5349 me.
2161 5292 2218 5348 Si
2246 5293 2393 5348 enim
2418 5292 2530 5347 Deo
2561 5289 2779 5361 dignam
2807 5287 3185 5359 paenitentiam
3224 5301 3330 5340 non
3359 5283 3596 5350 fecisset,

2021 5402 2362 5458 nequaquam
2416 5384 2537 5441 aliis
2578 5383 2897 5457 przedicaret
2923 5400 2937 5437 :
2962 5382 3177 5438 Docebo
3226 5381 3441 5452 iniquos
3488 5379 3599 5433 vias

2024 5490 2161 5535 tuas.
2195 5480 2337 5535 Dum
2375 5479 2521 5534 enim
2568 5484 2792 5549 peccata
2824 5491 2921 5531 sua
2982 5476 3260 5545 prospexit
3303 5474 3594 5545 propheta,

2023 5572 2278 5627 mundata
2341 5585 2439 5639 per
2485 5567 2859 5638 paenitentiam
2887 5606 2899 5628 ,
2937 5581 3046 5621 non
3096 5565 3364 5620 dubitavit
3407 5561 3597 5635 prndi-

2023 5683 2120 5719 ran
2146 5666 2193 5718 '.n
2242 5661 2509 5731 castigare
2556 5658 2731 5713 aliena
2768 5675 2778 5710 z
2814 5666 2868 5712 ct
2896 5658 2996 5721 sic,
3030 5654 3356 5712 sacrificium
3403 5655 3471 5711 de
3514 5667 3598 5709 so-
