3950 6184
324 228 427 285 ιη

1684 234 2248 296 WTENTIALE.

3500 255 3604 310 6³78

326 349 558 420 metipso
605 343 807 405 olerre
850 348 1073 414 studuit,
1109 364 1232 405 cum
1277 349 1490 407 dicebat
1519 368 1534 406 :
1564 349 1910 416 Sacrificium
1941 358 1992 417 Α
2015 354 2165 415 mino
2200 352 2541 412 illuminante
2576 358 2908 427 correxerit,
2949 375 3057 418 non
3094 362 3396 433 prlvabitur
3423 369 3602 425 indul-

325 437 437 497 Dco
462 438 694 509 spiritus
720 438 1136 495 contribulatus.
1178 458 1195 493 ι

397 548 417 583 ι
455 529 531 585 At
557 530 664 586 ista
705 527 1014 586 sufﬁcerent
1057 548 1070 584 :
1115 530 1213 584 sed
1250 531 1426 585 omnis
1471 533 1768 600 sententia,
1804 548 1914 605 quo

321 623 441 695 plus
466 638 645 679 sacrae
678 621 974 695 Scriptura:
994 623 1316 677 testimoniis
1344 624 1718 693 conﬁrmatur,
1739 642 1804 683 eo
1827 626 1911 683 fa-

321 717 481 777 cilius
524 717 786 774 creditur.
812 717 889 772 De
932 718 1036 773 hoc
1076 716 1219 772 enim
1242 718 1506 788 propheta
1553 719 1672 774 ait:
1719 737 1739 771 ι
1776 720 1913 778 Nolo

325 827 346 861 ι
378 816 617 865 mortem
662 808 984 879 peccatoris,
1031 808 1125 863 sed
1171 809 1341 879 magis
1383 818 1443 864 ut
1471 819 1817 867 convertatur
1856 821 1914 868 et

324 919 345 953 ο
377 901 547 957 vivat.
597 919 619 955 ι
656 899 873 972 (Each.
916 899 1098 971 XVIII.)
1141 900 1219 956 De
1264 901 1367 955 hoc
1401 902 1752 972 peccantibus
1779 902 1912 959 dici-

320 1001 412 1048 tur
453 1009 470 1045 :
517 990 782 1047 Peccator
825 990 880 1044 in
923 1003 1244 1060 quacunque
1288 990 1376 1046 die
1417 1005 1713 1047 conversus
1761 992 1912 1064 inge-

318 1081 541 1147 muerit,
580 1094 771 1135 omnes
810 1079 1124 1148 iniquitates
1165 1077 1283 1147 ejus
1328 1080 1383 1134 in
1428 1080 1754 1137 oblivionem
1801 1092 1909 1136 tra-

319 1170 533 1224 dentur.
583 1168 638 1224 Si
684 1168 829 1224 enim
872 1167 1199 1239 Redemptor
1227 1177 1413 1224 noster
1450 1179 1762 1240 peccatores
1798 1188 1906 1226 non

317 1260 568 1330 perdere,
615 1259 710 1315 sed
754 1258 1030 1314 vivificare
1073 1259 1244 1325 venit,
1294 1259 1348 1315 in
1397 1259 1668 1317 oblivione
1710 1262 1905 1320 delicta

317 1351 657 1423 peccantium
714 1350 1079 1421 derclinquit;
1143 1351 1265 1422 quis
1314 1350 1594 1408 hominum
1646 1354 1904 1411 condem-

317 1443 498 1500 nanda
545 1450 816 1506 reservet,
861 1458 985 1498 cum
1033 1442 1326 1513 Apostolus
1362 1444 1553 1500 dicat:
1592 1462 1631 1496 ι-
1663 1444 1723 1501 Si
1762 1447 1907 1504 Deus

311 1532 595 1601 iustificat,
620 1534 745 1603 quis
770 1541 854 1590 est
878 1533 969 1603 qui
999 1534 1355 1590 condemnet?
1381 1554 1400 1587 ι
1437 1533 1611 1607 (Rom.
1643 1537 1783 1609 vin.)
1821 1538 1906 1594 Ad

313 1624 518 1696 fontem
540 1622 926 1681 misericordiae
951 1633 1304 1690 revertentes,
1330 1625 1696 1697 evangelicum
1724 1628 1904 1698 profe-

2013 445 2209 517 gentia:
2260 460 2507 513 munere,
2554 450 2683 518 quia
2735 452 2894 518 Dens,
2952 454 3093 510 sicut
3143 472 3243 528 per
3284 463 3602 532 prophetam

2013 536 2182 603 dicit,
2232 552 2339 592 non
2388 538 2506 593 vult
2560 550 2791 607 mortem
2847 548 3184 614 peccatoris,
3236 561 3497 619 quantum
3546 568 3606 612 ut

2012 634 2317 682 revertatur
2363 642 2395 682 a
2449 630 2535 684 via
2580 646 2678 687 sua
2727 632 2897 699 mala,
2952 644 3008 691 et
3055 637 3201 693 vivat
3252 642 3431 697 anima
3481 660 3598 700 sua.

2011 715 2399 774 Verumtamen
2426 719 2605 775 nullus
2634 721 2909 778 hominum
2939 726 3100 784 debet
3127 730 3228 785 sub
3251 746 3349 799 spe
3387 734 3601 790 miseri-

2010 808 2209 863 cordia:
2254 809 2347 864 Dei
2381 809 2435 864 in
2465 811 2577 866 suis
2604 812 2807 868 diutius
2841 832 3123 876 remanere
3166 824 3430 889 peccatis,
3478 839 3601 879 cum

2009 905 2066 952 et
2092 897 2147 952 in
2184 898 2301 969 ipso
2327 914 2556 969 corpore
2588 917 2749 958 nemo
2783 904 2911 961 velit
2937 908 3039 963 sub
3067 923 3163 978 spe
3189 908 3385 966 futurae
3411 912 3603 967 salutis

2009 984 2212 1042 diutius
2246 998 2532 1058 aegrotare.
2575 991 2735 1046 Tales
2776 994 2943 1059 enim,
2986 997 3076 1066 qui
3118 998 3187 1053 ab
3226 1001 3602 1070 iniquitatibus

2008 1077 2262 1132 recedere
2304 1078 2602 1151 negligant,
2642 1090 2696 1137 et
2735 1083 2838 1138 sibi
2879 1085 2946 1140 de
2972 1100 3038 1141 eo
3061 1089 3271 1142 veniam
3313 1096 3601 1160 repromit-

2010 1175 2152 1231 tunt,
2194 1183 2581 1241 nonnunquam
2622 1172 2698 1226 ita
2741 1175 3147 1243 prtevcniuntur
3184 1183 3468 1250 repentino
3504 1184 3600 1238 Dei

2008 1256 2216 1324 furore,
2248 1270 2308 1313 ut
2350 1275 2451 1314 nec
2475 1263 2845 1319 conversionis
2874 1274 3104 1336 tempus.
3146 1283 3249 1324 nec
3276 1270 3597 1326 beneﬁcium

2009 1350 2345 1407 remissionis
2380 1351 2677 1411 inveniant.
2716 1355 2840 1411 ldeo
2875 1372 3311 1430 unumquemque
3350 1371 3594 1417 nostrum

2007 1449 2193 1499 sancta
2234 1442 2514 1514 Scriptura
2540 1455 2841 1514 praemonet
2865 1447 3052 1504 dicens
3084 1466 3097 1502 :
3137 1468 3154 1501 ι
3193 1448 3269 1505 Ne
3297 1453 3599 1509 tardaveris

2011 1550 2030 1584 ι
2064 1535 2305 1590 converti
2343 1535 2411 1589 ad
2449 1536 2753 1593 Dominum.
2790 1556 2809 1589 ι
2844 1538 2911 1592 Ει
2943 1553 2958 1593 :
2995 1558 3015 1590 ς
3048 1538 3126 1594 Ne
3159 1539 3376 1597 diii‘eras
3404 1543 3470 1598 de
3509 1544 3599 1599 die

2011 1644 2030 1678 ι
2064 1626 2120 1681 in
2159 1626 2302 1683 diem
2324 1667 2338 1693 ,
2375 1627 2554 1683 subito
2590 1629 2734 1683 enim
2775 1630 2959 1685 veniet
2996 1631 3076 1685 ira
3114 1631 3258 1701 ejus;
3297 1652 3317 1686 ι
3351 1642 3449 1690 et:
3485 1654 3505 1688 ι
3537 1636 3593 1691 lu

315 1732 499 1773 ramus
523 1716 848 1772 sententiam
876 1715 1029 1787 (Luc.
1062 1716 1174 1788 xv).
1207 1734 1226 1768 ι
1264 1716 1529 1773 Gaudium
1560 1729 1643 1775 est
1671 1719 1899 1791 angelis,
1936 1710 1977 1769 Β
2010 1735 2030 1769 r
2064 1726 2309 1790 tempore
2330 1720 2584 1776 vindicta:
2604 1722 2878 1792 disperdet
2902 1732 2973 1778 te.
3003 1744 3023 1778 ι
3049 1724 3191 1780 Dicit
3214 1727 3377 1787 etiam
3399 1727 3460 1782 Β.
3493 1728 3595 1784 Da-

318 1825 338 1861 t
370 1807 571 1878 inquit,
600 1822 764 1878 super
804 1824 910 1863 uno
949 1814 1233 1877 peccatore
1271 1808 1643 1878 paenitentiam
1686 1818 1899 1882 agente,

318 1914 338 1948 ι
370 1911 536 1969 quam
560 1910 725 1965 supra
753 1895 1048 1967 nonaginta
1084 1910 1275 1951 novem
1298 1897 1480 1968 justis,
1508 1898 1601 1968 qui
1628 1913 1736 1954 non
1763 1898 1902 1953 imii—

316 2005 337 2038 c
366 1997 498 2058 gent
537 1988 890 2058 poenitentia;
928 2008 947 2041 ι
993 1997 1051 2043 et
1093 2003 1249 2045 ovem
1278 1990 1564 2059 perditam,
1604 1991 1898 2063 nonaginta

309 2094 505 2136 novem
538 2094 645 2134 non
669 2078 978 2137 errantibus
1007 2079 1229 2146 relictis,
1273 2079 1500 2136 humero
1523 2082 1592 2138 ad
1630 2082 1772 2139 ovile
1812 2099 1907 2140 rea

309 2170 568 2240 portavit.
616 2169 675 2225 Si
712 2170 832 2227 ovis
870 2185 1063 2227 errans
1092 2178 1214 2240 post
1245 2169 1608 2227 inventionem
1648 2170 1716 2228 ad
1757 2173 1900 2230 ovile

307 2267 652 2330 reportatur;
693 2275 794 2316 cur
831 2260 933 2316 istc
967 2270 1090 2330 post
1133 2261 1508 2330 pmnitentiam
1543 2263 1613 2319 ad
1643 2262 1899 2319 Ecclesiae

308 2350 669 2409 ministerium
704 2367 819 2408 non
850 2353 1165 2408 revocetur?
1196 2351 1334 2419 Quid
1374 2361 1460 2409 est
1501 2368 1631 2426 ergo
1677 2356 1897 2425 gravius

306 2443 525 2499 carnale
552 2443 809 2500 delictum
849 2443 1159 2508 admittere,
1190 2444 1308 2499 sine
1334 2458 1444 2515 quo
1481 2445 1654 2514 parati
1686 2443 1894 2517 [βου-ιε,

305 2534 486 2609 pauci]
526 2535 908 2601 inveniuntur;
947 2542 1042 2588 aut
1069 2533 1236 2588 tilium
1278 2532 1374 2589 Dei
1403 2533 1641 2589 timendo
1663 2534 1896 2605 negare?

305 2627 363 2684 In
400 2644 514 2699 quo
552 2637 794 2700 peccato,
840 2628 1015 2699 ipsum
1057 2627 1121 2683 Β.
1150 2625 1373 2684 Petrum
1415 2626 1715 2698 principem
1752 2628 1894 2697 Apo-

306 2721 591 2787 stolorum,
636 2721 706 2776 ad
745 2720 899 2792 cujus
941 2734 1086 2776 nunc
1126 2732 1326 2789 corpus
1371 2718 1576 2787 indigni
1619 2717 1891 2786 sedemus,

306 2814 517 2885 lapsum
544 2828 666 2870 esse
691 2812 1091 2885 cognoscimus,
1126 2812 1220 2868 sed
1261 2818 1384 2881 post
1410 2809 1753 2881 negationem
1778 2824 1894 2879 ptu-

306 2906 534 2963 nitentia
563 2914 746 2961 secuta
770 2911 877 2969 est,
923 2911 980 2960 et
1026 2911 1151 2974 post
1177 2899 1548 2973 ptenitentiam
1578 2898 1892 2955 misericor-

305 2997 394 3054 dia
422 2998 571 3063 data,
596 2997 723 3068 quia
753 2995 904 3051 illum
931 2994 1001 3050 ab
1029 2991 1351 3064 Apostolatu
1390 3005 1499 3047 non
1542 2989 1762 3060 dejecit,
1798 2989 1891 3061 qui

304 3098 429 3145 ante
456 3089 633 3158 ipsum
662 3101 862 3158 negare
889 3084 1158 3157 praedixit.

379 3199 401 3234 ι
435 3180 561 3238 Tibi
589 3182 723 3245 haec,
754 3180 830 3235 fili
855 3179 1203 3244 charissim,
1235 3179 1378 3236 dicta
1407 3175 1710 3244 suﬁciant,
1742 3183 1804 3232 ut
1828 3175 1892 3231 il-

305 3273 437 3339 lum,
481 3285 643 3342 quem
685 3270 954 3341 conspicis
997 3271 1192 3327 delicta
1236 3269 1365 3326 ﬂetu
1408 3269 1612 3335 delere,
1658 3258 1717 3323 in
1762 3283 1893 3324 con-

304 3371 494 3435 spectu
514 3362 813 3419 divinitatis
847 3377 954 3417 non
981 3360 1195 3417 dubites
1235 3360 1662 3417 miscricordiam
1693 3373 1888 3415 conse-

304 3455 418 3525 qui,
458 3454 589 3525 quia
633 3453 840 3507 nullum
880 3459 1200 3522 peccantem
1243 3465 1395 3506 reum
1438 3464 1594 3525 suum
1639 3448 1891 3519 despicit,

303 3522 396 3617 qui
425 3522 713 3617 peccantes
740 3559 841 3600 suo
864 3544 1125 3616 sanguine
1152 3522 1614 3599 redimere'venit.
1649 3560 1669 3594 ι

372 3641 513 3699 Hinc
532 3640 698 3696 etiam
724 3637 787 3692 Β.
814 3638 1148 3709 Augustinus
1171 3637 1241 3693 ad
1261 3635 1481 3692 Petrum
1509 3635 1797 3691 diaconum
1821 3633 1890 3692 de

303 3732 410 3789 ﬁde
447 3732 694 3789 scribens
736 3730 851 3785 ait:
884 3747 905 3781 ι
942 3727 1103 3785 Omni
1144 3727 1349 3784 homini
1395 3726 1450 3781 iu
1488 3725 1594 3781 hac
1628 3725 1740 3779 vita
1767 3738 1893 3780 esse

304 3831 481 3894 potest
506 3821 652 3877 utilis
694 3819 1048 3891 paenitentia,
1077 3833 1240 3889 quam
1285 3831 1609 3888 quocunque
1648 3823 1892 3886 tempore

303 3915 467 3969 homo
494 3910 692 3982 egerit,
721 3907 1019 3981 quamlibet
1044 3908 1282 3977 iniquus,
1306 3905 1603 3976 quamlibet
1629 3919 1886 3971 annosus,

305 4003 350 4059 si
378 4017 445 4058 ex
484 4009 600 4057 toto
638 3998 1032 4055 renuntiaverit
1070 3996 1310 4068 peccatis
1337 3994 1649 4066 praeteritis,
1691 4000 1747 4047 et
1788 4008 1889 4065 pro

303 4096 384 4151 eis
411 4095 465 4149 in
498 4101 789 4164 conspectu
826 4091 944 4157 Dei,
972 4105 1077 4146 non
1112 4088 1285 4145 solum
1310 4086 1579 4158 corporis,
1600 4086 1699 4142 sed
1721 4086 1886 4142 etiam

303 4185 483 4241 cordis
505 4184 773 4256 lacrymas
800 4181 1022 4247 fuderit,
1061 4188 1115 4236 et
1155 4182 1420 4234 malorum
1452 4193 1677 4249 operum
1704 4192 1889 4233 macu-

303 4275 405 4341 las,
430 4274 589 4331 bonis
623 4273 878 4344 operibus
913 4271 1120 4327 diluere
1140 4270 1443 4336 curaverit;
1474 4268 1716 4324 omnium
1756 4283 1887 4339 pee-

303 4374 542 4420 catorum
572 4363 960 4434 indulgentiam
988 4376 1115 4416 mox
1140 4360 1380 4417 habebit.
1417 4359 1533 4415 Hoc
1556 4359 1702 4416 enim
1730 4359 1887 4414 nobis

2004 1809 2090 1865 vid
2118 1828 2132 1864 :
2169 1829 2188 1862 ι
2223 1810 2394 1866 llodie
2431 1812 2479 1867 si
2504 1828 2691 1867 vocem
2726 1812 2843 1882 ejus
2875 1815 3187 1881 audieritis,
3226 1817 3391 1872 nolite
3423 1819 3592 1874 obdu-

2009 1919 2028 1953 ι
2065 1916 2189 1957 rare
2211 1903 2375 1958 corda
2401 1911 2599 1957 vestra.
2631 1925 2650 1954 ι
2680 1903 2779 1958 Cui
2806 1919 3021 1973 quoque
3049 1904 3112 1958 B.
3140 1906 3341 1962 Paulus
3366 1924 3593 1964 concor-

2000 1995 2094 2051 dat
2121 1995 2206 2051 bis
2233 1995 2415 2053 verbis
2447 2014 2460 2051 :
2499 2014 2519 2048 ι
2552 1996 2767 2062 Videte,
2797 1997 3016 2063 fratres,
3046 2013 3113 2053 ne
3142 1999 3281 2054 forte
3305 2000 3377 2054 sit
3411 2003 3463 2056 in
3495 2002 3595 2056 ali-
3690 2074 3695 2079 ι

2006 2101 2026 2134 ι
2060 2098 2166 2153 quo
2192 2092 2431 2139 vestrum
2473 2100 2570 2141 eor
2608 2085 2808 2140 malum
2849 2086 3241 2143 incredulitatis
3279 2090 3592 2146 discedendi

2005 2192 2023 2226 ι
2061 2191 2089 2230 a
2117 2175 2226 2231 Deo
2253 2176 2375 2231 vivo
2405 2194 2418 2228 :
2453 2177 2548 2232 sed
2573 2176 2937 2233 adhortamini
2968 2180 3325 2248 vosmetipsos
3351 2197 3449 2250 per
3478 2183 3591 2237 sin-

2004 2282 2023 2317 t
2057 2265 2211 2336 gulos
2237 2266 2375 2333 dies,
2413 2268 2584 2323 donec
2610 2268 2772 2324 hodie
2797 2270 3230 2339 cognominatur,
3268 2280 3325 2327 ut
3360 2289 3466 2327 non
3494 2273 3592 2329 ob-

2003 2373 2022 2406 ι
2057 2356 2282 2413 duretur
2310 2358 2431 2426 quis
2454 2373 2521 2412 ex
2558 2359 2712 2414 vobis
2746 2358 2957 2415 fallacia
2992 2361 3220 2430 peccati.
3256 2383 3275 2414 ›
3312 2360 3590 2419 Obdurato

1996 2447 2160 2518 igitur
2193 2447 2361 2504 corde
2386 2449 2538 2514 vivit,
2579 2450 2673 2519 qui
2708 2465 2769 2505 se
2806 2465 2913 2505 non
2953 2453 3253 2519 convertit,
3290 2454 3591 2523 desperans

1994 2539 2062 2593 de
2086 2537 2417 2610 indulgentia
2454 2549 2823 2609 peccatorum.
2865 2540 3011 2607 Sive,
3049 2542 3141 2612 qui
3177 2542 3256 2597 sic
3281 2544 3590 2599 miscricor-

1993 2630 2139 2687 diam
2175 2631 2271 2686 Dei
2309 2638 2516 2701 sperat,
2558 2639 2618 2687 ut
2650 2646 2821 2703 usque
2862 2633 2919 2687 in
2950 2632 3116 2687 furem
3145 2633 3266 2688 vita:
3306 2634 3588 2703 praesentis

1992 2721 2051 2779 in
2074 2736 2297 2776 suorum
2322 2721 2683 2791 perversitate
2708 2720 2997 2776 criminum
3028 2730 3322 2776 remaneat.
3353 2722 3587 2779 Proinde

1992 2815 2280 2887 diligentes
2319 2815 2751 2871 misericordiam
2798 2813 2926 2880 Dei,
2977 2822 3384 2885 metuentesque
3422 2815 3586 2885 justi-

1994 2906 2145 2973 tiam,
2172 2922 2273 2963 nec
2291 2905 2357 2961 de
2381 2906 2700 2963 remissione
2724 2913 3069 2975 peccatorum
3090 2907 3458 2975 desperenus,
3483 2922 3586 2962 nec

1992 3012 2371 3055 remaneamus
2394 2996 2448 3052 in
2471 2997 2748 3067 peccatis:
2779 2997 3015 3053 scientes
3056 2997 3183 3067 quia
3220 2997 3311 3051 illa
3336 2998 3578 3052 omnium

1918 3075 1965 3138 C
1995 3088 2384 3157 bominum,‘si
2421 3088 2602 3145 debita
2640 3087 2711 3145 sit
2747 3097 3004 3143 exactura
3040 3087 3268 3158 mquitas
3293 3086 3581 3158 juStissimi

1988 3180 2207 3256 judicia,
2251 3196 2377 3251 quae
2407 3196 2514 3236 non
2560 3180 2828 3235 dimiserit
2868 3179 3240 3235 misericordia
3271 3178 3580 3234 clementis-

1991 3273 2116 3329 simi
2140 3273 2501 3342 redemptoris
2527 3272 2550 3325 ?
2586 3270 2740 3326 Sicut
2760 3271 2904 3325 enim
2933 3270 3304 3327 misericordia
3334 3270 3577 3340 suscipit,

1991 3361 2329 3432 absolvitque
2360 3376 2682 3426 conversos;
2716 3361 2793 3415 ita
2822 3359 3036 3430 justitia
3074 3363 3250 3431 rapiet
3293 3370 3349 3416 et
3394 3362 3581 3431 puniet

1989 3456 2301 3513 obduratos.
2332 3455 2402 3510 Hi
2438 3461 2586 3537 sunt‘
2608 3453 2726 3524 qui,
2751 3462 3039 3523 peccantes
3076 3454 3129 3508 in
3165 3452 3423 3523 Spiritum
3455 3468 3582 3508 san-

1988 3557 2162 3612 ctum,
2190 3561 2365 3619 neque
2387 3546 2447 3602 in
2468 3547 2573 3603 hoc
2590 3545 2788 3602 axiculo
2813 3560 2986 3614 neque
3014 3545 3072 3599 in
3100 3543 3280 3599 futuro
3305 3544 3579 3599 remissio-

1988 3654 2117 3695 nem
2145 3637 2411 3707 sccipient
2437 3645 2803 3708 peccatorum.
2846 3632 2981 3688 Nam
3016 3641 3073 3688 et
3100 3633 3167 3688 de
3200 3633 3305 3688 hoc
3340 3631 3579 3688 lsidorus

1989 3729 2325 3801 Hispalensis
2351 3728 2635 3798 episcopus
2661 3727 2730 3781 ad
2756 3724 3162 3796 inquisitionem
3196 3722 3431 3779 Masonis
3464 3722 3577 3794 epi-

1988 3819 2138 3889 scopi
2176 3819 2253 3873 ita
2298 3816 2517 3881 scribit,
2546 3817 2774 3872 dicens:
2812 3834 2831 3867 ‹
2869 3814 3071 3871 Verum
3109 3811 3251 3869 αι]οά
3289 3823 3579 3882 sequentur

1987 3907 2312 3966 venerabilis
2338 3907 2651 3963 fraternitas
2683 3914 2770 3964 tua
2797 3903 3050 3970 innotuit,
3077 3903 3218 3957 nulla
3246 3911 3330 3958 est
3357 3903 3410 3957 in
3433 3904 3579 3974 ejus-

1989 4001 2134 4056 modi
2171 3997 2454 4054 sententiis
2495 3997 2837 4052 decretorum
2883 3994 3169 4050 diversitas
3208 3993 3577 4066 intelligenda,

1988 4090 2134 4162 quod
2156 4089 2283 4145 alibi
2313 4088 2532 4159 legitur,
2571 4087 2626 4141 in
2670 4086 2821 4157 lapsu
2852 4084 3121 4157 corporali
3160 4084 3575 4139 restaurandum

1988 4182 2212 4238 honoris
2238 4181 2463 4254 gradum
2493 4187 2620 4251 post
2651 4178 3053 4249 pmnitentiam;
3087 4174 3219 4233 alibi
3244 4186 3365 4247 post
3392 4176 3577 4246 hujus-

1989 4274 2133 4329 modi
2163 4271 2449 4338 delictum,
2478 4285 2817 4341 nequaquam
2850 4267 3210 4339 reparandum
3244 4265 3451 4336 antiqui
3488 4281 3576 4320 or-

1990 4366 2133 4425 dinis
2161 4365 2435 4421 meritum.
2480 4362 2606 4418 llaec
2644 4362 2789 4416 enim
2829 4359 3116 4416 diversitas
3157 4357 3261 4413 hoc
3305 4358 3465 4412 modo
3495 4358 3576 4413 di-

304 4456 563 4512 Dominus
588 4454 903 4526 prophetico
930 4452 1143 4522 eloquio
1172 4452 1462 4523 promittit,
1500 4452 1688 4507 dicens
1719 4467 1733 4506 :
1770 4468 1789 4501 ι
1824 4450 1881 4504 Si
1914 4451 1962 4511 D
1987 4457 2297 4527 stinguitur.
2356 4455 2480 4510 Illos
2537 4454 2685 4509 enim
2734 4451 2804 4507 ad
2852 4450 3111 4521 pristinos
3159 4447 3318 4505 cilicii
3375 4449 3577 4520 gradus

310 4564 328 4598 ι
361 4532 654 4604 conversus
690 4543 885 4610 fuerit,
912 4552 968 4599 et
1006 4543 1360 4614 ingemuerit,
1390 4542 1571 4598 salvus
1604 4543 1731 4597 erit.
1766 4560 1785 4594 ι
1819 4540 1887 4595 Ει

304 4637 408 4694 alio
436 4637 557 4693 loco
582 4634 784 4692 dicitur
812 4652 826 4689 :
863 4653 880 4685 ι
915 4634 1048 4700 Fili,
1077 4632 1346 4704 peccasti,
1383 4647 1491 4687 non
1534 4631 1759 4700 adjicias
1788 4632 1888 4686 ilc-

308 4747 328 4779 ι
362 4743 504 4793 rum,
530 4727 627 4782 sed
651 4727 719 4781 de
746 4724 1032 4796 praeteritis
1053 4725 1368 4795 deprecare,
1392 4730 1452 4776 ut
1478 4721 1575 4777 tibi
1604 4721 1888 4778 dimittan-

310 4838 326 4869 ι
364 4828 471 4874 tur.
505 4837 526 4873 ι
564 4817 849 4888 Nunquam
872 4825 1017 4874 esset
1048 4816 1294 4888 peccanti
1331 4815 1532 4871 indicta
1557 4830 1663 4885 pro
1695 4830 1887 4887 pecea—

304 4911 371 4967 tis
398 4911 723 4981 deprecatio,
753 4911 800 4966 si
828 4908 1140 4981 deprecanti
1165 4923 1276 4965 non
1304 4914 1450 4964 esset
1476 4907 1730 4964 remissio
1757 4921 1885 4964 con-

302 5002 559 5059 cedenda.
599 5001 658 5057 Si
683 5002 851 5058 etiam
887 5000 1206 5072 pmnitentia
1241 5010 1591 5072 peccatorum
1634 4999 1884 5069 prodest,

303 5091 348 5146 si
372 5107 490 5147 eam
520 5091 576 5146 in
620 5091 861 5147 Ecclesia
892 5091 1158 5148 catholica
1181 5092 1302 5162 quis
1326 5097 1515 5164 gerat,
1541 5090 1632 5146 cui
1659 5089 1803 5144 Deus
1831 5088 1886 5142 in

300 5200 530 5255 persona
554 5186 612 5241 Β.
642 5186 786 5241 Petri
811 5185 1037 5256 apostoli
1071 5185 1294 5257 ligandi,
1317 5184 1673 5256 solvendique
1699 5180 1889 5237 tribuit

301 5288 622 5351 potestatem
663 5282 889 5337 dicens:
923 5282 1052 5348 Quae
1094 5282 1397 5351 alligaveris
1441 5294 1610 5350 super
1649 5287 1883 5342 terram,

302 5381 457 5428 erunt
482 5373 645 5445 ligata
672 5381 729 5428 et
756 5372 811 5427 in
836 5373 1020 5439 cmlis;
1066 5382 1141 5437 et,
1171 5388 1290 5443 qua:
1316 5370 1548 5426 solveris
1577 5383 1742 5439 super
1774 5376 1884 5423 ter-

304 5479 437 5528 ram,
467 5474 628 5520 erunt
651 5465 824 5520 soluta
852 5472 907 5518 et
936 5464 990 5519 in
1019 5463 1193 5518 cretis.
1230 5481 1249 5514 ι

368 5554 429 5610 ln
454 5570 777 5625 quacunque
814 5555 977 5628 igitur
1017 5557 1178 5610 homo
1215 5559 1372 5609 aetate
1409 5567 1601 5607 verum
1638 5559 1886 5622 peccato-

306 5660 426 5709 rum
450 5660 675 5706 suorum
696 5647 1066 5718 pmnitcntiam
1095 5645 1290 5716 egerit,
1316 5654 1371 5700 et
1399 5644 1566 5700 vitam
1595 5658 1748 5699 suam
1776 5642 1881 5698 Do-

1986 4547 2163 4602 rcdire
2204 4560 2377 4600 canon
2419 4543 2698 4615 prmeipit,
2739 4556 2877 4611 quos
2922 4538 3257 4612 poenitentiae
3299 4542 3577 4610 prmcessit

1986 4636 2305 4694 satisfactio.
2347 4635 2418 4691 At
2454 4644 2675 4707 contra,
2718 4633 2774 4689 bi
2809 4633 2902 4704 qui
2944 4648 3119 4703 neque
3155 4647 3185 4687 a
3230 4632 3359 4687 vitio
3388 4646 3576 4688 corru-

1987 4728 2190 4800 ptionis
2221 4729 2620 4785 emendantur:
2653 4735 2814 4797 atque
2849 4726 2955 4781 hoc
2992 4724 3167 4795 ipsum
3199 4723 3414 4779 carnale
3450 4738 3576 4793 pec-

1990 4826 2207 4885 catum,
2251 4817 2396 4889 quod
2442 4816 2769 4882 admittunt,
2815 4816 2978 4870 etiam
3022 4815 3297 4870 vindicare
3340 4813 3575 4883 quadam

1988 4911 2365 4983 superstitiosa
2409 4908 2715 4964 temeritate
2755 4907 3023 4973 nituntur,
3057 4922 3161 4963 nec
3203 4907 3428 4978 gradum
3468 4904 3577 4959 uti-

1987 5018 2097 5073 que
2137 4999 2379 5067 bonoris,
2424 5012 2528 5054 nec
2569 4998 2799 5070 gratiam
2845 4997 3240 5054 communionis
3280 4994 3568 5066 recipiunt.

1987 5094 2131 5165 Ergo
2152 5093 2230 5148 ita
2260 5098 2351 5148 est
2370 5089 2670 5146 dirimenda
2694 5097 2925 5159 utraque
2947 5087 3240 5151 sententia,
3268 5094 3328 5140 ut
3347 5098 3571 5140 necesse

1986 5183 2059 5238 sit
2093 5182 2212 5239 illos
2242 5180 2537 5238 restaurari
2583 5180 2639 5235 in
2683 5179 2804 5235 loco
2851 5178 3097 5243 honoris,
3126 5176 3219 5246 qui
3250 5190 3349 5245 per
3389 5173 3562 5245 paeni-

1985 5276 2212 5330 tentiam
2239 5273 2737 5331 reconciliationem
2771 5276 3087 5327 meruerunt
3106 5267 3300 5324 divinae
3332 5264 3566 5334 pietatis.

1984 5362 2091 5433 Hi,
2132 5380 2237 5421 nec
2275 5364 2567 5431 immerito,
2612 5372 3017 5432 consequuntur
3052 5360 3257 5429 adepta:
3294 5355 3583 5426 dignitatis

1988 5466 2189 5513 statum
2207 5497 2223 5523 ,
2248 5458 2341 5528 qui
2367 5472 2464 5527 per
2485 5454 2916 5513 emendationem
2941 5447 3272 5522 pmnitcutize
3299 5460 3571 5515 recepisse

1986 5558 2287 5606 noscuntur
2309 5551 2435 5606 vitae
2466 5547 2782 5604 remedium.
2814 5544 2868 5598 ld
2895 5543 3038 5597 enim
3079 5554 3148 5594 ne
3180 5539 3319 5592 forte
3347 5536 3418 5591 sit
3453 5551 3569 5592 nta-

1987 5642 2069 5712 gis
2105 5639 2447 5711 ambiguum,
2483 5638 2661 5695 divina
2697 5631 3037 5692 auctoritatis
3065 5627 3332 5686 sententia
3366 5626 3568 5683 confit-
