3950 6184
291 271 397 327 479

917 269 978 325 τί.
1013 269 1279 327 ‘RABANI
1317 268 1539 325 MAURI
1579 267 1902 325 ARCIIIEP.
1945 266 2253 328 MOGUNT.
2298 268 2583 328 OPERUM
2621 271 2804 329 PARS
2841 273 2906 329 ll.

3476 275 3576 332 480

295 398 491 444 metor.
536 386 788 441 Ezechiel
830 385 974 439 enim
1006 377 1283 455 propheta
1314 384 1417 438 sub
1458 392 1588 453 typo
1629 382 1886 452 prtevari-
1916 387 1957 444 Α
1989 384 2147 439 annis
2172 383 2475 455 projicitur.
2512 386 2643 450 Ubi,
2675 396 2795 458 post
2824 388 3266 445 emundationem
3294 389 3578 456 vitiorum,

292 480 469 536 cautis
514 477 847 532 Hierusalem
897 476 1133 530 ostendit
1175 483 1292 543 post
1348 473 1680 543 paenitentia;
1729 473 1891 528 satis-

293 574 617 635 factionem,
667 571 953 640 pristinum
1006 568 1301 622 restaurari
1350 569 1614 622 honorem
1667 582 1826 636 posse
1871 580 1886 619 :

291 662 657 725 Confundere,
684 678 717 716 o
741 660 900 724 Juda,
926 667 981 713 et
1001 668 1156 729 porta
1183 658 1532 729 ignominiam
1560 667 1728 712 tuam.
1767 679 1786 711 ι
1825 659 1892 714 Et

291 764 416 825 post
440 752 754 824 paululum:
792 770 810 802 ‹
848 752 914 804 Et
938 761 1013 815 tu,
1047 750 1246 820 inquit,
1278 758 1333 806 et
1360 750 1483 804 filiae
1518 759 1621 805 tum
1664 753 1891 807 reverti-

290 848 422 902 mini
462 846 530 900 ab
568 845 854 913 iniquitate
888 852 1091 898 vestra.
1133 843 1287 910 Quod
1326 844 1497 909 dixit,
1536 843 1885 911 confundere,

289 936 523 991 ostendit
561 942 685 1003 post
724 933 1057 989 confusionis
1099 941 1155 986 et
1206 932 1601 1005 deprecationis
1628 949 1764 1004 opus
1793 935 1886 989 de-

288 1028 417 1082 bere
447 1040 770 1096 quemquam
801 1027 1143 1090 erubescere,
1172 1033 1227 1079 et
1249 1040 1350 1095 pro
1379 1026 1631 1081 admissis
1667 1026 1886 1081 sceleri-

286 1117 389 1171 bus
425 1116 785 1171 verecundam
831 1114 1061 1169 frontem
1109 1116 1257 1170 humi
1303 1125 1632 1187 prostratam
1671 1117 1886 1172 demer-

288 1225 416 1281 gere
449 1224 546 1279 pro
577 1226 662 1273 eo,
695 1210 838 1279 quod
876 1210 1093 1281 dignum
1126 1206 1461 1265 confusionis
1497 1207 1888 1278 perpetraverit

286 1319 439 1371 Opus.
473 1302 676 1356 Deinde
700 1303 979 1372 prteccpit,
1006 1310 1065 1356 ut
1092 1310 1272 1372 portet
1301 1301 1651 1371 ignominiam
1678 1299 1888 1369 deposi-

288 1394 452 1447 tionis
483 1409 625 1457 suae,
662 1394 849 1464 lugens
880 1410 1001 1448 cum
1036 1394 1355 1459 humilitate,
1383 1393 1525 1462 quod
1562 1393 1886 1463 peccaverit,

288 1483 476 1551 sicque
523 1483 767 1537 revocari
815 1483 1111 1538 secundum
1145 1482 1484 1552 prophetam
1532 1481 1599 1535 ad
1649 1481 1887 1551 priorem

288 1583 488 1630 statum
518 1577 739 1647 poterit.
778 1597 797 1629 ι

359 1664 489 1718 Item
519 1664 755 1721 Joannes
784 1665 1114 1737 evangelista
1157 1666 1347 1735 angelo
1386 1666 1583 1737 Ephesi
1628 1666 1886 1723 Ecclesia:

1993 476 2118 542 loci,
2139 478 2254 533 sive
2283 478 2526 549 pristinze
2550 480 2829 550 dignitatis
2860 475 3085 552 recipiet
3117 483 3393 539 meritum.
3425 482 3580 553 Ecce,

1994 570 2044 624 in
2067 580 2327 640 quantum
2349 570 2512 635 valui,
2536 572 2751 626 concilii
2780 573 3078 645 Ancyrani,
3104 575 3381 645 antiquam
3405 576 3580 647 plane,

1990 670 2045 716 et
2085 662 2298 732 plenam
2335 663 2717 718 auctoritatem
2751 664 2851 737 [et]
2883 666 3211 720 sententiam
3244 667 3416 723 sacris
3442 669 3585 723 testi-

1992 752 2190 806 moniis
2229 752 2537 822 explanavi,
2581 754 2873 809 ostendens
2917 769 3042 807 eum
3090 768 3247 825 posse
3293 758 3584 811 restaurari

1990 843 2210 911 proprio
2242 844 2481 909 honore,
2518 845 2607 914 qui
2653 858 2750 915 per
2788 846 3120 914 ptenilcntitc
3160 845 3582 901 satisfactionem

1989 935 2141 989 novit
2176 936 2394 1004 propria
2436 935 2633 990 delicta
2674 934 2890 991 deﬂere.
2940 936 3073 990 Eum
3112 952 3243 991 vero
3278 954 3386 991 non
3430 954 3585 1007 posse

1989 1026 2306 1090 restaurari,
2341 1027 2431 1095 qui
2468 1041 2570 1081 nec
2599 1026 2766 1097 luget,
2796 1041 2916 1095 qua:
2946 1028 3076 1098 agit,
3106 1037 3160 1081 et
3188 1028 3437 1098 lugenda,
3471 1029 3586 1084 sine

1990 1115 2098 1171 ullo
2127 1118 2331 1187 pudore
2362 1116 2659 1188 religionis,
2690 1118 2771 1171 vel
2802 1117 2998 1172 timore
3030 1117 3194 1172 divini
3218 1119 3405 1187 judicii
3434 1137 3583 1174 com-

1990 1207 2177 1261 mittit.
2217 1227 2235 1258 ι
2275 1206 2563 1277 Hucu5que
2595 1206 2852 1261 Isidorus.

2058 1298 2391 1370 Augustinus
2418 1300 2485 1353 ad
2512 1298 2850 1354 Bonifacium
2884 1318 2896 1354 :
2938 1318 2957 1351 ‹
2996 1299 3098 1366 Ut,
3139 1300 3347 1370 inquit,
3393 1300 3443 1352 in
3482 1301 3583 1355 Ec-

1988 1390 2151 1445 clesia
2177 1392 2501 1456 sanciretur,
2528 1407 2596 1446 ne
2621 1392 2903 1461 quisquam
2936 1399 3058 1461 post
3087 1391 3313 1463 alicujus
3341 1393 3585 1445 criminis

1987 1482 2360 1553 pmnitcntiam
2400 1481 2714 1537 clericatum
2746 1483 3008 1552 accipiat,
3041 1482 3127 1537 vel
3166 1484 3231 1537 ad
3270 1482 3583 1537 clericatum

1989 1576 2199 1638 redeat,
2235 1575 2319 1628 vel
2356 1574 2409 1629 in
2458 1574 2714 1630 clericatu
2758 1582 3004 1640 maneat,
3056 1590 3164 1630 non
3208 1574 3587 1645 desperatione

1988 1664 2363 1737 indulgentim,
2401 1664 2495 1719 sed
2532 1664 2710 1735 rigore
2752 1662 2951 1719 factum
2982 1663 3310 1735 disciplinm,
3343 1664 3585 1733 alioquin

287 1755 430 1810 inter
464 1765 658 1811 c:etera
694 1757 869 1812 simile
895 1756 1151 1827 quiddam
1181 1758 1373 1813 scribit
1401 1776 1414 1812 :
1454 1777 1473 1808 ι
1511 1758 1717 1814 Memor
1744 1767 1882 1821 esto,
1918 1745 1960 1803 Β
1987 1765 2178 1812 contra
2202 1755 2381 1811 claves
2408 1755 2664 1810 Ecclesize
2692 1754 2849 1809 datas
2878 1755 3267 1825 disputaretur,
3295 1756 3361 1810 de
3389 1757 3586 1826 quibus

292 1863 310 1896 ι
349 1845 556 1914 inquit,
604 1848 745 1902 umle
791 1848 1079 1913 cecideris,
1130 1856 1186 1904 et
1230 1864 1327 1919 age
1375 1850 1782 1920 paenitentiam,
1829 1862 1884 1905 ct

292 1952 311 1987 ι
348 1937 521 2005 prima
544 1951 707 2007 opera
738 1937 822 1993 fae
854 1957 867 1993 :
898 1938 1135 2008 alioquin
1167 1942 1378 1996 veniam
1410 1941 1543 2007 tibi,
1574 1949 1631 1996 et
1655 1943 1883 1997 movebo

293 2044 312 2076 ι
350 2027 732 2081 candelabrum
773 2036 924 2083 tuum
963 2028 1031 2083 de
1072 2028 1192 2083 loco
1234 2028 1370 2097 eius.
1405 2048 1423 2081 ι
1460 2029 1516 2085 In
1552 2031 1742 2101 angelo
1778 2030 1881 2085 Ec-

287 2118 465 2173 clesia:
499 2120 844 2189 praepositum
878 2121 1094 2191 utique,
1127 2121 1181 2176 id
1210 2130 1292 2176 est
1327 2123 1667 2178 sacerdotem
1696 2130 1882 2178 osten-

288 2208 393 2271 dit,
420 2208 575 2279 juxta
612 2208 932 2266 Malachiam
956 2251 970 2275 ,
1001 2211 1093 2280 qui
1124 2211 1255 2266 dicit
1284 2229 1298 2265 :
1334 2230 1353 2264 ι
1391 2211 1553 2268 Labia
1591 2213 1887 2269 sacerdotis

293 2317 312 2350 ι
347 2301 657 2356 custodiunt
698 2302 1002 2369 scientiam,
1047 2310 1103 2357 et
1151 2303 1321 2373 legem
1366 2305 1662 2373 exquirunt
1688 2305 1753 2360 de
1792 2321 1888 2361 ore

294 2408 313 2440 ι
347 2390 485 2460 ejus,
514 2392 640 2461 quia
670 2392 891 2463 angelus
933 2394 1143 2448 Domini
1188 2396 1526 2450 exercituum
1554 2406 1655 2451 est.
1692 2415 1710 2448 ι
1742 2396 1888 2451 Prte-

287 2480 498 2548 positus
529 2495 659 2551 ergo
697 2481 882 2551 lapsus
918 2483 974 2537 in
1008 2483 1198 2537 vitium
1227 2499 1326 2554 per
1348 2484 1733 2555 evangelistam
1766 2500 1886 2540 mo-

288 2580 467 2636 netur,
492 2581 552 2626 ut
578 2588 789 2628 memor
818 2574 910 2640 sit,
940 2576 1083 2630 unde
1111 2576 1396 2641 ceciderit,
1426 2586 1482 2632 et
1511 2577 1887 2647 paenitentiam

286 2671 417 2729 agat
446 2679 460 2717 :
495 2672 552 2717 et
591 2665 764 2734 prima
803 2664 966 2720 faciat
999 2681 1185 2735 opera,
1214 2675 1273 2721 ut
1309 2683 1416 2723 non
1452 2677 1735 2724 moveatur
1759 2684 1889 2725 can-

288 2754 567 2810 delabrum
610 2756 749 2826 ejus.
789 2757 922 2813 Nam
969 2760 1351 2816 candelabrum
1394 2761 1605 2834 angeli,
1642 2763 1888 2818 doctrina

288 2845 661 2914 sacerdotalis,
688 2847 772 2901 vel
816 2848 988 2905 honor
1016 2853 1320 2920 potestatis,
1359 2869 1520 2924 quem
1561 2863 1760 2925 gestat,
1807 2855 1891 2910 ln-

288 2940 567 3011 telligitur,
606 2942 761 3013 juxta
794 2946 936 3016 quod
981 2948 1242 3018 scriptum
1276 2962 1361 3005 est
1400 2951 1541 3021 apud
1581 2950 1886 3007 Samuelem

286 3031 341 3086 in
380 3034 724 3092 damnatione
759 3036 877 3093 Heli
917 3055 930 3093 :
976 3038 1130 3095 Oculi
1173 3042 1294 3113 ejus
1335 3043 1739 3115 caligaverant,
1786 3060 1886 3100 nec

284 3131 498 3192 poterat
525 3126 706 3181 videre
732 3126 1004 3183 lucernam
1035 3131 1149 3193 Dei,
1189 3141 1482 3205 antequam
1513 3136 1885 3207 exstinguere-

290 3221 397 3267 tur.
443 3214 687 3270 Lucerna
733 3219 929 3290 quippe
971 3221 1067 3276 Dei
1114 3222 1322 3291 fuerat,
1370 3227 1586 3296 quando
1624 3227 1886 3299 dignitate

288 3306 608 3361 sacerdotali
637 3306 863 3376 pollens,
891 3308 1114 3381 justitiae
1148 3313 1395 3371 claritate
1425 3314 1685 3387 fulgebat,
1721 3331 1881 3387 quam

287 3397 613 3452 exstinctam
661 3398 920 3468 propheta
967 3404 1192 3467 asserit,
1223 3404 1349 3459 dum
1394 3404 1464 3460 ob
1498 3393 1704 3461 scelera
1748 3405 1887 3460 lilio—

288 3502 431 3552 rum,
477 3487 777 3543 sacerdotis
818 3498 1177 3559 potestatem,
1228 3494 1656 3565 meritorumque
1701 3495 1885 3550 lumen

290 3578 492 3633 amisit.
526 3578 919 3634 Candelabrum
958 3595 1109 3652 ergo,
1150 3583 1263 3638 sive
1303 3583 1524 3639 lucerna
1567 3583 1881 3649 sacerdotis,

287 3684 409 3740 qum
440 3669 814 3742 intelliguntur
842 3672 1172 3729 charismata
1202 3673 1457 3743 honoris,
1490 3684 1617 3731 tunc
1645 3676 1881 3747 penitus,

281 3760 435 3831 juxta
483 3759 776 3829 Joannem,
823 3764 1202 3836 exstinguitur,
1254 3775 1309 3823 et
1350 3776 1616 3835 movetur,
1666 3768 1884 3838 quando

287 3858 409 3920 post
461 3850 643 3907 delicti
693 3866 880 3908 casum
932 3855 1178 3925 neglecta
1227 3858 1584 3928 paenitentia,
1647 3859 1881 3916 admissa

288 3942 495 3997 scelera
525 3942 953 3998 non—deﬂentur.
996 3945 1109 4001 Non
1138 3949 1282 4001 enim
1312 3948 1479 4004 dixit:
1514 3949 1621 4005 Pro
1648 3964 1714 4005 eo
1739 3947 1883 4020 quod

287 4030 555 4096 cecidisti,
599 4032 829 4087 movebo
872 4035 1261 4090 candelabrum
1304 4045 1454 4092 tuum
1496 4039 1564 4094 de
1602 4039 1719 4095 loco
1759 4055 1877 4095 suo.

288 4121 430 4192 Ergo
453 4137 723 4193 quemque
748 4126 1091 4196 prtepositum
1121 4138 1459 4196 peccantem,
1490 4130 1533 4185 si
1562 4132 1883 4201 prtevenerit

286 4214 605 4282 poenitentia
632 4215 844 4282 delicti,
878 4216 1063 4287 utique
1090 4227 1349 4288 sequetur
1382 4228 1438 4275 et
1477 4221 1680 4275 meriti.
1724 4222 1789 4275 Et
1828 4222 1879 4275 in

286 4306 597 4362 Proverbiis
643 4308 905 4379 scriptum
951 4317 1035 4365 est
1077 4325 1092 4364 :
1139 4328 1158 4361 ι
1202 4309 1305 4376 Qui
1350 4310 1632 4366 abscondit
1675 4311 1881 4367 scelera

1988 1849 2190 1905 dictum
2230 1854 2313 1902 est
2359 1864 2372 1901 :
2426 1861 2546 1916 quae
2592 1846 2860 1901 solveritis
2908 1860 3072 1917 super
3119 1855 3357 1913 terram,
3410 1846 3583 1902 soluta

1987 1944 2148 1994 erunt
2174 1946 2229 1992 et
2256 1938 2310 1991 in
2337 1936 2494 1992 caalo.
2526 1935 2663 2002 Sed,
2697 1953 2765 1991 ne
2794 1935 3021 1991 forsitan
3048 1937 3115 1991 de
3143 1936 3463 1992 criminibus
3490 1953 3585 2007 spe

1988 2028 2211 2084 honoris
2253 2026 2609 2082 ecclesiastici
2660 2027 3026 2082 intumescens
3072 2027 3306 2092 animus,
3353 2025 3584 2097 superbe

1987 2128 2175 2191 ageret
2202 2118 2603 2189 paenitentiam,
2632 2119 2976 2173 severissime
3007 2118 3225 2189 placuit,
3254 2126 3377 2190 post
3402 2129 3583 2173 actam

1987 2212 2054 2265 de
2079 2209 2304 2265 crimine
2333 2209 2623 2264 damnabili
2671 2210 3043 2281 pmoitentiam
3063 2251 3079 2278 ,
3110 2227 3269 2266 nemo
3306 2211 3379 2267 sit
3417 2211 3580 2266 cleri-

1988 2317 2107 2366 cus,
2134 2308 2194 2354 ut
2218 2301 2593 2371 desperatione
2619 2300 2933 2371 temporalis
2959 2301 3279 2367 altitudinis,
3312 2301 3582 2355 medicina

1987 2393 2169 2447 verior
2207 2401 2262 2446 et
2307 2392 2481 2463 major
2518 2401 2665 2447 esset
2690 2393 3030 2449 humilitatis.
3063 2393 3198 2449 Nam
3232 2402 3286 2449 et
3312 2393 3480 2448 David
3517 2394 3585 2449 de

1987 2482 2305 2539 criminibus
2328 2481 2625 2538 mortiferis
2650 2484 2761 2554 egit
2790 2484 3183 2555 ptenitcntiam,
3217 2495 3271 2539 et
3317 2491 3495 2539 tamen
3529 2484 3582 2538 in

1989 2575 2194 2629 honore
2222 2588 2320 2628 suo
2346 2572 2676 2643 permansit;
2710 2574 2804 2629 sed
2833 2590 2938 2629 non
2965 2574 3087 2629 ideo
3117 2589 3448 2645 supervacua
3478 2588 3580 2642 pu-

1988 2666 2152 2721 tanda
2196 2672 2279 2720 est
2310 2664 2578 2736 posterior
2610 2663 2914 2736 diligentia,
2950 2666 3076 2735 qui,
3125 2665 3211 2720 ubi
3258 2665 3416 2721 saluti
3447 2666 3583 2721 nihil

1988 2755 2397 2820 detrahebatur,
2427 2754 2719 2808 humilitati
2749 2754 2953 2825 aliquid
2981 2755 3328 2820 addiderunt,
3356 2771 3463 2826 quo
3494 2772 3582 2809 sa-

1988 2847 2074 2902 lus
2098 2846 2265 2901 tutius
2294 2844 2622 2912 muniretur;
2656 2846 2867 2915 experti
2896 2847 3059 2901 credo
3088 2846 3392 2917 aliquorum
3427 2849 3585 2902 fictas

1986 2935 2358 3009 ptenitentias,
2393 2950 2493 3005 per
2518 2933 2796 2991 all'ectatas
2840 2936 3105 2990 honorum
3152 2936 3439 3006 potentias.
3472 2936 3581 2991 Co-

1990 3035 2123 3098 gunt
2155 3026 2298 3081 enim
2331 3027 2575 3082 invenire
2613 3028 2810 3085 multas
2841 3029 3139 3085 medicinas
3166 3030 3459 3086 multorum
3484 3048 3582 3086 cx-

1987 3119 2287 3189 perimenta
2314 3119 2647 3174 morborum.
2685 3139 2704 3172 ι

2054 3210 2114 3265 In
2144 3211 2375 3267 concilio
2414 3210 2708 3277 llerdensi,
2749 3227 2869 3282 cap.
2919 3212 2972 3277 5,
3018 3212 3086 3268 de
3128 3213 3215 3268 his
3256 3212 3345 3283 qui
3387 3213 3589 3269 altario

1985 3303 2318 3368 deserviunt,
2347 3302 2392 3358 si
2424 3302 2602 3357 subito
2628 3303 2809 3358 carnis
2833 3302 3122 3374 fragilitate
3150 3304 3476 3369 corruerint,
3501 3304 3581 3357 ita

1985 3394 2245 3465 scriptum
2276 3401 2359 3449 est
2390 3410 2403 3447 :
2444 3412 2463 3446 ι
2508 3393 2572 3448 lli
2608 3409 2739 3448 vero
2766 3394 2858 3465 qui
2884 3394 3078 3449 altario
3107 3395 3381 3461 serviunt,
3409 3395 3453 3449 si
3481 3411 3578 3450 su-

1982 3487 2096 3542 bito
2121 3485 2296 3542 ﬂenda
2327 3486 2510 3556 carnis
2549 3485 2843 3556 fragilitate
2883 3487 3216 3553 corruerint,
3259 3496 3314 3541 et
3348 3486 3583 3542 Domino

1984 3577 2327 3649 reSpiciente,
2378 3577 2541 3648 digne
2588 3578 2969 3648 ptenituerint,
3021 3579 3095 3632 ita
3145 3586 3204 3632 ut
3250 3577 3581 3633 mortiﬁcata

1982 3682 2239 3737 corpore,
2288 3666 2468 3722 cordis
2517 3667 2736 3722 contriti
2782 3668 3111 3723 sacrificium
3158 3668 3269 3725 Deo
3312 3670 3578 3735 oﬂ'erant,

1982 3765 2198 3811 maneat
2236 3757 2290 3811 in
2321 3764 2588 3827 potestate
2622 3756 2908 3829 Episcopi,
2936 3759 3019 3814 vel
3052 3761 3325 3816 veraciter
3344 3760 3579 3817 afﬂictos

1982 3866 2089 3906 non
2122 3850 2213 3904 ditt
2244 3850 2596 3920 suspendere,
2646 3850 2728 3905 vel
2771 3851 3070 3906 desidiosus
3118 3852 3399 3921 prolixiori
3447 3861 3581 3908 tem-

1981 3954 2113 4012 pore
2142 3940 2211 3994 ab
2248 3939 2504 3995 Ecclesia:
2534 3955 2764 4011 corpore
2808 3956 3126 4013 segregare;
3167 3944 3237 3998 ita
3272 3953 3484 4011 tamen,
3517 3955 3577 3999 ut

1982 4032 2026 4087 si
2064 4030 2363 4086 ciliciorum
2401 4045 2621 4086 suorum
2654 4031 2769 4086 loca
2803 4032 3102 4099 retineant,
3136 4048 3241 4088 non
3264 4035 3481 4104 possint
3508 4036 3576 4090 ad

1982 4123 2171 4178 altiora
2213 4121 2387 4178 officia
2430 4123 2658 4178 ulterius
2698 4124 3025 4193 promoveri.
3071 4126 3225 4192 Quod
3265 4126 3331 4192 si,
3382 4127 3579 4182 iterato

1980 4213 2126 4269 velut
2154 4228 2317 4269 canes
2346 4213 2413 4269 ad
2440 4214 2700 4269 vomitum
2744 4215 2951 4269 reversi
2983 4215 3212 4280 fuerint,
3261 4232 3370 4271 non
3402 4219 3577 4273 solum

1980 4305 2241 4377 dignitate
2264 4305 2422 4361 olilcii
2449 4314 2699 4370 careant,
2731 4306 2826 4362 sed
2862 4308 3026 4361 etiam
3059 4316 3304 4364 sanctam
3332 4324 3578 4365 commu-

293 4415 310 4445 ι
349 4412 475 4463 sua,
516 4413 624 4454 non
658 4398 955 4472 dirigetur;
1013 4402 1102 4473 qui
1141 4402 1422 4458 confessus
1463 4402 1625 4457 fuerit
1663 4412 1718 4458 et
1754 4404 1880 4458 reli-
1906 4441 1958 4501 Ι)
1983 4401 2222 4465 nionem,
2253 4415 2358 4454 non
2384 4399 2487 4455 nisi
2518 4401 2570 4453 in
2599 4400 2767 4465 exitu,
2800 4402 3119 4472 percipiant.
3157 4421 3176 4455 ›

291 4508 308 4538 ι
342 4490 521 4558 qnerit
556 4506 616 4546 ea
638 4531 653 4556 ,
704 4492 1130 4549 miscricordiam
1169 4502 1546 4564 consequetur.
1586 4513 1604 4547 ›
1653 4494 1788 4549 Nam
1824 4505 1881 4551 et

285 4579 494 4650 ipsum,
535 4583 679 4652 quod
726 4600 992 4639 canonum
1025 4602 1252 4641 censura
1296 4595 1418 4655 post
1444 4602 1521 4640 vn
1568 4601 1741 4641 annos
1786 4603 1875 4641 re-

285 4687 469 4727 meare
516 4673 869 4743 ptenitentem
919 4677 971 4729 in
1019 4686 1219 4732 statum
1267 4677 1555 4747 pristinum
1598 4678 1875 4748 praecepit,

284 4777 392 4815 non
433 4763 536 4817 hoc
563 4760 824 4817 electione
857 4766 1055 4834 proprii
1084 4767 1293 4821 arbitrii
1332 4768 1504 4823 sancti
1544 4767 1756 4833 Patres,
1784 4768 1877 4823 sed

285 4851 463 4921 potius
486 4866 551 4906 cx
573 4842 837 4906 sententia
862 4853 1027 4908 divini
1044 4855 1233 4923 judicii
1255 4866 1572 4913 sanxerunt.
1592 4858 1726 4912 Nam
1748 4858 1878 4927 legi-

283 4950 374 4996 tur
402 4942 546 5012 quod
579 4956 733 4997 soror
772 4941 950 4997 Aaron
993 4943 1182 5010 Maria,
1225 4948 1352 5001 dum
1381 4948 1756 5004 obdurationis
1783 4949 1879 5004 ad-

283 5049 474 5089 versus
513 5033 728 5103 Moysen
766 5034 1083 5090 incurrisset
1123 5037 1410 5103 delictum,
1447 5038 1593 5095 illico
1626 5040 1877 5111 stigmate

282 5128 445 5199 leprm
472 5127 690 5199 perfusa
716 5137 819 5184 est.
851 5128 1093 5200 Cumque
1128 5140 1334 5199 peteret
1367 5132 1579 5203 Moyses
1602 5143 1662 5189 ut
1689 5149 1876 5188 emun-

282 5222 525 5286 daretur,
557 5220 813 5292 praecepit
836 5236 955 5276 eam
986 5222 1243 5276 Dominus
1270 5233 1425 5278 extra
1452 5234 1632 5280 castra
1661 5241 1735 5279 vn
1765 5226 1874 5280 die-

283 5313 382 5369 bus
412 5313 624 5384 egredi,
669 5322 724 5369 et
758 5321 879 5385 post
915 5314 1354 5370 emundationem
1392 5331 1580 5372 rursus
1609 5317 1662 5371 in
1693 5328 1870 5372 casm:

282 5404 517 5458 admitti.
568 5404 736 5459 Maria
775 5418 907 5475 ergo
946 5419 1104 5459 soror
1146 5404 1350 5470 Aaron,
1398 5422 1527 5462 caro
1559 5406 1875 5478 intelligitur

282 5494 603 5559 sacerdotis,
633 5512 755 5566 qua:
793 5496 919 5550 dum
967 5496 1232 5565 superbire
1262 5497 1440 5551 dedita
1483 5498 1870 5554 sordidissimis

281 5584 688 5654 corruptionum
717 5587 981 5657 contagiis
1018 5586 1335 5650 maculatur,
1379 5597 1531 5643 extra
1568 5598 1748 5644 castra
1788 5604 1873 5644 se-

284 5682 430 5745 ptem
465 5674 676 5744 diebus,
707 5686 763 5733 et
788 5688 939 5736 extra
975 5680 1256 5751 collegium
1287 5689 1485 5737 sancta:
1514 5680 1769 5737 Ecclesia:
1798 5697 1868 5737 vn

2052 4491 2184 4547 Item
2220 4493 2271 4547 in
2304 4492 2533 4549 concilio
2562 4492 3003 4563 Carthaginensi,
3033 4510 3153 4565 cap.
3184 4493 3275 4559 37,
3311 4496 3573 4568 scriptum

1981 4593 2064 4639 est
2093 4600 2108 4639 :
2140 4583 2291 4651 Quod
2336 4583 2633 4654 presbyteri
2680 4591 2734 4638 et
2773 4583 3003 4647 diaconi,
3050 4584 3105 4639 in
3138 4585 3386 4655 graviore
3417 4585 3573 4656 culpa

1980 4675 2232 4740 convicti,
2261 4691 2451 4730 manus
2482 4674 2877 4745 impositioncm
2909 4683 3165 4744 tanquam
3208 4675 3329 4729 laici
3373 4690 3575 4746 nequa-

1980 4779 2142 4835 quam
2166 4764 2482 4835 suscipiant.
2506 4762 2707 4819 Contra
2731 4762 3003 4818 firmatum
3026 4773 3107 4819 cst
3131 4779 3145 4816 :
3174 4763 3265 4830 Ut,
3290 4765 3336 4819 si
3357 4766 3575 4834 quando

1979 4856 2261 4927 presbyter
2288 4856 2371 4911 vel
2398 4856 2655 4911 diaconus
2690 4855 2743 4909 in
2780 4854 2958 4926 aliqua
2988 4857 3237 4926 graviore
3262 4856 3418 4927 culpa
3445 4873 3574 4913 con-

1977 4944 2108 4998 victi
2139 4943 2369 5009 fuerint,
2398 4943 2467 4999 ob
2497 4960 2657 5014 quam
2688 4960 2782 5000 eos
2816 4960 2847 4997 a
2890 4944 3190 5000 ministerio
3233 4938 3456 5003 necesse
3491 4956 3575 5004 est

1979 5034 2275 5099 removeri,
2305 5049 2411 5088 non
2440 5038 2519 5089 eis
2550 5050 2741 5089 manus
2772 5043 3024 5104 tanquam
3060 5037 3449 5106 paenitentibus
3474 5039 3571 5092 im-

1976 5132 2229 5195 ponatur,
2253 5125 2337 5180 vel
2366 5133 2622 5196 tanquam
2654 5123 2900 5180 fidelibus
2927 5125 3080 5181 laicis
3107 5145 3120 5180 :
3152 5144 3324 5197 neque
3350 5128 3569 5200 permit-

1978 5217 2197 5271 tendum
2245 5231 2386 5281 esse,
2432 5224 2492 5271 ut
2536 5217 2854 5288 rebaptizati
2904 5218 2970 5271 ad
3014 5218 3303 5275 clericatus
3341 5221 3565 5293 gradum

1975 5314 2411 5375 promoveantur.

2592 5399 2821 5457 CAPUT
2858 5400 2951 5455 XI.

1976 5489 2052 5545 De
2070 5490 2379 5561 presbyteris
2397 5491 2487 5563 qui
2505 5508 2694 5545 uxores
2713 5501 3045 5561 acceperunt,
3064 5496 3138 5545 vel
3159 5490 3402 5561 fornicati
3423 5503 3564 5547 sunt.

2046 5581 2178 5637 Item
2209 5583 2276 5638 de
2298 5583 2627 5654 presbyteris
2652 5583 2742 5652 qui
2785 5597 2985 5638 uxores
3010 5583 3316 5653 acceperint
3345 5581 3433 5637 vel
3458 5581 3566 5639 for-

1973 5677 2137 5733 nicati
2183 5687 2328 5745 sunt,
2357 5676 2409 5731 in
2450 5677 2681 5733 concilio
2702 5675 3160 5744 Neoczcsarecnsi,
3194 5689 3315 5746 cap.
3345 5674 3402 5742 5,
3431 5672 3566 5731 scri-
