3950 6184
260 305 352 362 181

1618 294 2182 353 Ροεκιτιςκτμωῑ.

3430 302 3536 358 483

260 429 404 487 ptum
427 421 514 469 est
542 431 555 465 :
590 430 610 462 ι
643 410 955 481 Presbyter,
992 410 1034 464 si
1068 424 1293 465 uxorem
1333 407 1625 477 acceperit,
1656 408 1725 461 ab
1762 422 1849 463 or-
1877 411 1923 469 Α
1954 406 2233 461 nitentium
2253 445 2267 469 ,
2307 404 2730 477 religionemque
2756 421 2866 462 sua:
2891 408 3240 476 professionis
3263 411 3446 481 obliti,
3474 420 3541 471 ad

258 507 378 561 dine
407 505 746 574 deponatur;
785 502 829 555 si
869 516 996 554 vero
1028 499 1322 554 fornicatus
1350 498 1545 562 fuerit,
1577 506 1671 551 aut
1699 497 1852 552 adul-

258 594 446 650 terium
496 590 922 662 perpetraverit,
979 588 1210 659 amplius
1260 587 1386 658 pelli
1433 587 1627 651 debet,
1680 594 1737 641 et
1781 586 1852 641 ad

255 682 629 757 paenitentiam
660 680 851 751 redigi.
894 699 911 729 ›

322 773 458 829 Item
485 788 553 827 ex
584 771 820 825 decretis
848 768 1138 822 Innocentii
1170 784 1340 839 papae,
1370 783 1490 837 cap.
1517 767 1588 824 26
1618 785 1631 823 :
1667 786 1685 819 α
1719 768 1852 824 Pro-

252 875 436 936 pterea
463 861 608 933 quod
636 862 887 933 dignum,
918 867 973 913 et
1008 860 1261 929 pudicum
1280 902 1295 925 ,
1333 869 1387 915 et
1414 860 1700 916 honestum
1729 869 1813 916 est
1831 901 1845 925 ,

255 969 439 1012 tenere
471 954 695 1010 omnino
727 951 969 1008 Ecclesia
996 950 1151 1005 debet
1184 969 1197 1004 :
1230 959 1288 1005 ut
1315 950 1641 1006 Sacerdotes
1667 960 1722 1006 et
1749 951 1851 1006 Le-

253 1049 374 1103 vitae
399 1062 526 1102 cum
552 1044 815 1100 uxoribus
848 1043 961 1097 suis
995 1057 1102 1096 non
1129 1050 1362 1107 coeant,
1394 1039 1522 1111 quia
1561 1043 1847 1099 ministerii

252 1136 557 1207 quotidiani
605 1132 1020 1188 necessitatibus
1057 1142 1409 1202 occupantur.
1457 1132 1728 1203 Scriptum
1767 1143 1851 1190 est

251 1227 395 1280 enim
423 1239 440 1279 :
465 1223 651 1278 Sancti
681 1230 877 1287 estote,
909 1222 1035 1292 quia
1061 1237 1159 1293 ego
1192 1232 1412 1278 sanctus
1438 1239 1553 1278 sum
1588 1224 1849 1281 Dominus

253 1319 395 1371 Deus
420 1323 621 1370 vester.
671 1312 804 1367 Nam
834 1313 1027 1383 priscis
1059 1314 1392 1383 temporibus
1423 1315 1489 1369 de
1518 1316 1717 1385 templo
1752 1316 1846 1372 Dei

250 1409 565 1464 sacerdotes
590 1422 734 1462 anno
766 1406 899 1460 vicis
928 1420 1039 1459 suae
1071 1422 1175 1460 non
1199 1406 1580 1473 discedebant;
1617 1409 1757 1463 sicut
1782 1409 1849 1463 de

249 1498 513 1555 Zacharia
546 1497 776 1567 legimus
806 1514 819 1549 :
852 1510 953 1551 nec
978 1496 1196 1550 domum
1231 1511 1383 1551 suam
1411 1498 1631 1551 omnino
1661 1505 1851 1567 tange—

249 1594 411 1654 bant,
460 1589 655 1659 quibus
685 1587 873 1657 utique
907 1593 1129 1656 propter
1169 1586 1369 1641 sobolis
1411 1586 1844 1652 successionem,

247 1680 435 1735 uxoris
463 1694 592 1735 usus
624 1676 799 1732 fuerat
842 1676 1137 1742 relaxatus,
1169 1676 1293 1745 quia
1325 1690 1392 1731 ex
1435 1675 1539 1730 alia
1583 1676 1749 1741 tribu,
1791 1684 1847 1731 et

1953 496 2236 552 smcularia
2260 495 2590 559 relabuntur,
2634 497 2836 566 placuit
2867 512 2962 552 eos
2989 514 3020 552 a
3048 503 3428 558 communione
3454 519 3544 559 sn-

1952 586 2142 657 speudi
2192 594 2247 641 et
2302 585 2372 639 ab
2413 586 2653 641 omnium
2684 588 3073 643 catholicorum
3102 592 3366 648 conviviis
3391 608 3546 664 sepa-

1952 676 2083 729 rari.
2130 674 2282 742 Quod
2330 676 2375 729 si
2419 684 2542 745 post
2586 675 2957 742 interdictum,
2998 693 3122 732 eum
3162 694 3228 735 eo
3256 680 3543 752 quisquam

1948 767 2354 838 prmsumpserit
2396 767 2747 832 manducare,
2776 775 2831 822 et
2869 767 2983 837 ipse
3007 772 3388 827 communione
3424 774 3542 843 pri-

1949 866 2127 913 vetur.
2169 877 2187 911 ι
3394 861 3398 866 ’

2018 953 2074 1008 ln
2120 952 2350 1007 concilio
2396 951 2676 1017 Toletano,
2728 966 2846 1023 cap.
2892 953 3006 1008 55:
3057 972 3077 1005 ‹
3114 953 3431 1026 Quicunque
3476 973 3540 1013 ex

1949 1044 2296 1101 sarcutaribns
2322 1043 2652 1112 accipientes
2677 1044 3049 1113 paenitentiam
3085 1060 3144 1101 se
3168 1049 3540 1113 totonderunt,

1946 1145 2003 1192 et
2041 1152 2230 1190 rursus
2271 1133 2393 1188 laici
2434 1134 2856 1203 pmvaricantes
2894 1134 3072 1189 effecti
3114 1144 3261 1201 sunt,
3297 1152 3544 1208 comprev

1948 1228 2103 1283 hensi
2135 1227 2201 1281 ab
2238 1226 2491 1296 episc0po
2532 1240 2651 1290 suo,
2684 1227 2749 1279 ad
2786 1227 3194 1296 penitentiam,
3229 1244 3295 1284 ex
3323 1245 3427 1299 qua
3457 1246 3545 1286 re-

1949 1327 2251 1381 cesserunt,
2287 1326 2630 1371 revocentur.
2674 1316 2825 1383 Quod
2855 1316 2899 1371 si
2942 1317 3106 1387 aliqui
3149 1333 3248 1388 per
3274 1322 3543 1389 pmnitcn-

1949 1410 2082 1465 tiam
2112 1408 2497 1465 irrevocabiles
2528 1417 2681 1472 sunt,
2704 1422 2825 1469 .nec
2861 1408 3119 1463 admoniti
3164 1418 3540 1476 revertuntur;

1948 1509 2133 1571 postea
2177 1515 2362 1555 coram
2410 1497 2653 1554 Ecclesia
2701 1499 3049 1553 anathemate
3092 1500 3537 1561 condemnentur.

1946 1608 2055 1647 non
2079 1592 2239 1646 aliter
2259 1606 2421 1661 quam
2450 1590 2505 1645 hi
2534 1590 2625 1658 qui
2667 1589 2877 1644 detonsi
2907 1604 2936 1642 a
2960 1591 3276 1659 parentibus
3299 1589 3541 1656 fuerunt,

1948 1691 2041 1737 aut
2067 1690 2257 1752 sponte
2284 1696 2401 1745 sua,
2431 1680 2648 1735 amissis
2681 1679 2997 1749 parentibus
3033 1695 3093 1735 se
3126 1681 3271 1750 ipsos
3296 1680 3575 1752 religioni’

246 1780 444 1841 praeter
493 1785 560 1824 ex
613 1767 821 1823 semine
868 1765 1080 1832 Aaron,
1133 1767 1199 1821 ad
1249 1765 1613 1821 sacerdotium
1664 1766 1845 1822 nullus
1877 1759 1920 1817 Β
1948 1772 2297 1837 devoverunt,
2330 1777 2385 1825 et
2425 1778 2613 1840 postea
2654 1769 2969 1824 saecularem
3010 1769 3254 1825 habitum
3290 1785 3544 1841 sumpse-

248 1864 423 1917 fuerat
457 1867 760 1932 praeceptus
802 1857 1090 1923 accedere;
1123 1865 1327 1926 quanto
1360 1855 1535 1927 magis
1578 1856 1622 1911 si
1657 1871 1841 1911 sacer-

245 1954 428 2016 dotes,
475 1950 560 2005 vel
607 1949 818 2015 levitxe,
864 1947 1179 2019 pudicitiam
1220 1946 1287 2001 ex
1356 1947 1442 2002 die
1489 1946 1846 2001 ordinationis

244 2058 355 2097 sua:
388 2055 611 2097 servare
636 2039 851 2104 debent,
882 2038 1078 2109 quibus
1102 2037 1189 2092 vel
1225 2038 1603 2100 sacerdotium,
1628 2036 1712 2092 vel
1742 2036 1845 2091 mi—

244 2136 531 2191 nisterium
578 2133 695 2188 sine
740 2131 1083 2187 successione
1127 2139 1231 2186 est.
1276 2129 1386 2185 Nec
1426 2130 1666 2201 praeterit
1706 2130 1842 2196 dies,

244 2238 351 2293 quo
398 2221 486 2277 vel
532 2220 817 2277 sacrificiis
867 2220 1097 2285 divinis,
1150 2218 1233 2275 vel
1275 2220 1617 2290 baptismatis
1668 2218 1846 2275 oliicio

248 2312 400 2388 [non]
434 2320 652 2383 vacent.
685 2310 842 2379 Nam,
871 2310 917 2365 si
946 2309 1144 2365 Paulus
1169 2310 1238 2365 ad
1262 2309 1572 2364 Corinthios
1601 2310 1846 2366 scribens

247 2408 362 2461 ait:
401 2425 422 2458 ι
461 2404 743 2461 Abstinete
769 2417 864 2457 vos
889 2402 959 2456 ad
983 2409 1215 2472 tempus,
1259 2410 1320 2456 ut
1363 2401 1570 2456 vacetis
1609 2401 1843 2456 orationi

256 2517 275 2549 ι
308 2497 362 2568 (ι
387 2494 513 2551 Cor.
547 2495 664 2566 vn),
702 2512 722 2545 ι
753 2500 810 2548 et
834 2492 938 2547 hoc
959 2492 1147 2562 utique
1175 2491 1328 2546 laicis
1348 2490 1642 2562 praecepit:
1675 2489 1843 2545 multo

249 2588 421 2658 magis
459 2585 793 2650 sacerdotes,
825 2583 1025 2652 quibus
1064 2590 1118 2636 et
1161 2581 1374 2646 orandi,
1405 2588 1459 2636 et
1503 2579 1843 2635 sacrificandi

244 2679 445 2749 iugiter
490 2675 724 2731 ollicium
771 2682 877 2739 est,
924 2686 1139 2742 semper
1180 2671 1381 2728 debent
1425 2673 1496 2727 ab
1537 2671 1843 2743 hujusmodi

249 2769 522 2826 consortio
550 2768 845 2823 abstinere.
877 2765 1003 2833 Qui,
1029 2767 1073 2820 si
1101 2763 1502 2820 contaminatus
1529 2762 1690 2819 fuerit
1718 2779 1843 2819 car-

249 2862 353 2918 nali
396 2858 859 2931 concupiscentia,
903 2873 1012 2927 qno
1040 2856 1247 2928 pudore
1274 2854 1359 2910 vel
1387 2853 1700 2911 sac'riflcare
1734 2852 1844 2910 for-

246 2955 388 3011 sitan
413 2952 701 3023 usurpabit
731 2968 744 3004 :
778 2958 872 3004 aut
898 2965 1004 3019 qua
1029 2947 1395 3014 conscientia,
1431 2962 1607 3018 quove
1646 2946 1843 3002 merito

243 3043 490 3101 exaudiri
516 3058 576 3099 se
600 3041 795 3104 credit,
832 3056 955 3095 cum
987 3039 1189 3094 dictum
1219 3040 1329 3094 sit:
1368 3056 1386 3090 ι
1422 3038 1613 3094 Omnia
1642 3037 1841 3093 munda

251 3154 268 3186 ι
304 3133 557 3198 mundis;
603 3129 968 3201 coinquinatis
1007 3136 1188 3183 autem
1231 3136 1289 3183 et
1348 3126 1653 3183 inﬁdelibus
1705 3126 1841 3182 nihil
1868 3107 1913 3169 Ο

252 3241 271 3273 ι
309 3231 394 3277 est
422 3222 702 3275 mundum.
740 3238 761 3272 ›

315 3312 452 3368 Item
481 3325 549 3366 ex
579 3309 815 3365 decretis
840 3307 1037 3364 Leonis
1061 3321 1235 3378 papae,
1262 3321 1383 3377 cap.
1417 3306 1503 3373 17,
1528 3304 1791 3374 scriptum
1823 3323 1838 3360 :

250 3423 267 3454 ι
304 3402 418 3458 Lex
449 3400 797 3457 continentiae
837 3399 1026 3454 eadem
1061 3409 1147 3453 est
1172 3396 1362 3452 altaris
1403 3394 1689 3460 ministris,
1724 3409 1845 3464 qua:

245 3494 517 3564 episcOpis
569 3502 734 3563 atque
776 3491 1151 3562 presbyteris:
1183 3490 1427 3560 quicum
1471 3494 1658 3543 essent
1700 3485 1840 3550 laici,

246 3589 363 3640 sive
399 3584 651 3647 lectores,
694 3581 841 3636 licite
870 3588 926 3634 et
965 3594 1162 3635 uxores
1199 3579 1421 3643 ducere,
1452 3585 1510 3631 et
1545 3575 1681 3630 tilios
1719 3589 1848 3645 pro-

248 3690 438 3731 creare
465 3681 794 3745 potuerunt;
821 3672 915 3727 sed
937 3686 1058 3725 cum
1082 3677 1447 3741 pervenerunt
1468 3668 1536 3723 ad
1561 3667 1845 3737 praedictos

246 3766 470 3837 gradus,
501 3765 667 3834 coepit
690 3764 773 3818 eis
817 3778 924 3817 non
967 3761 1153 3826 licere,
1194 3759 1337 3830 quod
1367 3758 1535 3814 licuit.
1586 3758 1846 3821 Unde,-et

248 3860 316 3911 de
358 3854 588 3919 carnali,
640 3853 734 3908 ﬁat
779 3851 1060 3923 spirituale
1093 3850 1418 3921 coniugium.
1464 3848 1690 3919 Oportet
1727 3863 1842 3913 eos,

250 3963 349 4003 nec
383 3947 660 4003 dimittere
686 3961 907 4005 uxores.
935 3955 990 4000 et
1017 3943 1171 4014 quasi
1205 3958 1311 3997 non
1338 3943 1595 4007 habeant,
1637 3941 1717 3995 sic
1750 3942 1845 3995 ha-

249 4047 457 4109 bentes,
504 4060 613 4116 quo
642 4053 700 4101 et
733 4042 881 4098 salva
928 4042 999 4097 sit
1040 4040 1283 4096 charitas
1327 4037 1742 4101 connubiorum,
1791 4043 1849 4089 et

250 4144 423 4191 cesset
450 4135 697 4205 operatio
725 4133 1058 4203 nuptiarum.
1092 4149 1111 4182 ι

321 4227 457 4281 Item
489 4226 544 4279 in
584 4222 996 4295 Carthaginiensi
1042 4220 1292 4284 concilio,
1325 4233 1444 4288 cap.
1472 4216 1565 4281 25,
1596 4215 1849 4270 Aurelius

251 4319 543 4389 episcopus
567 4317 740 4371 dixit:
772 4333 791 4365 ι
825 4314 1109 4379 Addimus,
1135 4310 1333 4366 fratres
1354 4307 1678 4364 cbarissimi.
1704 4306 1850 4361 Plve-

256 4418 425 4474 terea,
459 4423 584 4462 cum
613 4405 683 4462 de
716 4404 1075 4476 quorumdam
1106 4402 1426 4457 clericorum
1445 4441 1460 4464 ,
1489 4398 1740 4469 quamvis
1767 4397 1847 4452 le-

254 4511 495 4564 ctorum,
525 4513 654 4568 erga
684 4513 883 4552 uxores
919 4495 1168 4566 proprias
1207 4493 1595 4548 incontinentis
1641 4489 1847 4545 refera-

256 4599 377 4657 tur,
406 4589 614 4661 placuit
649 4587 794 4658 quod
831 4594 885 4640 et
923 4584 1152 4639 diversis
1189 4581 1435 4638 conciliis
1470 4579 1851 4635 confirmatum

255 4691 335 4737 est
369 4700 382 4736 :
417 4679 769 4744 Subdiaconi,
800 4677 892 4748 qui
921 4692 1074 4731 sacra
1104 4673 1359 4745 mysteria
1389 4678 1763 4735 contrectant,
1796 4677 1852 4724 et

256 4773 509 4836 diaconi,
554 4782 611 4825 et
653 4768 986 4842 presbyteri,
1037 4767 1131 4822 sed
1175 4771 1231 4818 ct
1274 4762 1511 4833 episcopi
1556 4762 1851 4817 secundum

255 4866 506 4935 priorum
549 4870 785 4925 statuta,
816 4860 981 4915 etiam
1015 4860 1085 4913 ab
1114 4856 1375 4912 uxoribus
1415 4870 1475 4911 se
1512 4854 1850 4918 abstineant,

258 4963 318 5007 ut
360 4961 620 5022 tanquam
667 4967 772 5007 non
814 4950 1080 5013 habentes
1104 4945 1565 5003 esse-videantur.
1611 4942 1767 5011 Quod
1806 4941 1855 4997 si

260 5056 369 5098 non
409 5042 674 5107 fecerint,
713 5042 783 5096 ab
820 5038 1193 5096 ecclesiastico
1232 5046 1615 5092 removeantur
1655 5034 1854 5089 otiicio.

261 5132 501 5188 Caeteros
526 5143 709 5186 autem
734 5131 958 5186 clericos
984 5128 1052 5182 ad
1088 5128 1193 5183 hoc
1221 5142 1328 5182 non
1362 5126 1504 5197 cogi,
1534 5125 1635 5179 nisi
1682 5133 1858 5178 matu-

264 5222 395 5277 riori
426 5231 605 5277 aetate.
644 5242 664 5274 ι
1080 5218 1101 5239 '

865 5319 1093 5376 carm
1124 5300 1245 5372 ‘xu.

442 5412 519 5468 De
548 5413 629 5467 Itis
654 5412 764 5479 qui,
793 5411 1144 5481 pituita-utinm
1176 5407 1445 5471 violantes,
1477 5420 1685 5460 rursum

850 5490 1279 5552 prwvancantur.

338 5597 396 5653 ln
417 5597 652 5654 concilio
675 5596 987 5659 Aureliano,
1019 5609 1139 5664 cap.
1169 5592 1223 5653 7,
1257 5591 1519 5661 scriptum
1545 5589 1616 5644 'de
1652 5588 1737 5644 bis
1764 5591 1856 5658 qui

268 5689 642 5760 pmoitentiam
668 5688 872 5745 violant
900 5705 913 5740 :
952 5705 971 5737 ‹
1008 5684 1071 5739 ili
1104 5699 1250 5748 vero,
1279 5682 1371 5753 qui
1408 5689 1714 5750 susceptam
1741 5696 1852 5750 pte-

1874 4457 1928 4516 D

1944 1871 2091 1916 runt.
2140 1860 2305 1915 [idem
2332 1875 2361 1913 a
2398 1859 2678 1915 sacerdote
2704 1858 3048 1927 deprehensi,
3085 1859 3152 1914 ad
3180 1859 3387 1915 cultum
3417 1859 3548 1915 reli-

1943 1952 2138 2025 gionis,
2170 1959 2293 2008 acta
2336 1952 2489 2021 prius
2528 1950 2867 2020 poenitentia,
2910 1959 3254 2005 revocentur.
3293 1950 3447 2018 Quod
3490 1951 3540 2008 si

1944 2043 2144 2100 reverti
2173 2058 2282 2099 non
2307 2050 2557 2112 possunt,
2584 2050 2846 2112 apostata:
2871 2042 3234 2101 anathematis
3258 2043 3543 2098 sententia:

1944 2133 2317 2203 subjiciantur.
2349 2131 2482 2200 Qua:
2514 2131 2691 2186 forma
2728 2132 3036 2187 servabitur
3075 2132 3239 2188 etiam
3278 2132 3334 2187 in
3366 2132 3544 2191 viduis

1943 2225 2349 2297 virginibusque
2375 2223 2568 2288 sacris,
2616 2238 2680 2279 ac
2706 2222 3096 2294 paenitentibus
3137 2221 3378 2289 feminis,
3418 2237 3543 2294 qua:

1943 2313 2414 2371 sanctimonialem
2441 2313 2683 2368 habitum
2719 2313 3053 2369 induerunt:
3091 2321 3146 2368 et
3176 2322 3366 2385 postea
3387 2354 3401 2381 ,
3445 2321 3542 2368 aut

1943 2414 2150 2461 vestem
2176 2410 2541 2467 mutaverunt,
2574 2410 2668 2458 aut
2693 2403 2760 2456 ad
2786 2402 3004 2473 nuptias
3037 2402 3386 2477 transierunt.
3421 2419 3440 2454 ο

2013 2493 2093 2547 Ex
2123 2492 2355 2547 decretis
2402 2490 2583 2547 Siricii
2614 2506 2788 2562 papae,
2824 2506 2943 2561 cap.
2976 2492 3043 2546 10
3074 2510 3089 2545 :
3126 2509 3146 2544 ι
3181 2493 3256 2548 De
3299 2492 3382 2548 his
3410 2502 3540 2548 vero

1944 2599 2050 2639 non
2080 2583 2374 2652 incongrue
2409 2583 2627 2639 dilectio
2664 2592 2753 2637 tua
2793 2582 3159 2653 Apostolicam
3201 2582 3386 2638 sedem
3414 2596 3539 2638 cre-

1944 2674 2080 2730 didit
2127 2672 2531 2738 consulendam,
2577 2673 2669 2742 qui
2713 2682 2834 2728 acta
2886 2672 3229 2744 poenitentia,
3278 2680 3538 2744 tauquam

1944 2781 2108 2821 canes
2145 2780 2209 2821 ac
2247 2778 2370 2821 sues
2396 2764 2464 2819 ad
2491 2764 2725 2819 vomitus
2747 2762 3027 2832 pristinos,
3058 2771 3113 2817 et
3135 2762 3416 2817 volutabra
3448 2776 3537 2817 re-

1945 2857 2194 2922 deuntes,
2218 2864 2274 2910 ct
2300 2855 2504 2910 militia:
2531 2854 2823 2925 cingulum,
2859 2862 2915 2927 et
2952 2853 3189 2908 lubricas
3215 2853 3538 2924 voluptates,

1943 2955 1999 3002 et
2025 2959 2165 3000 nova
2188 2943 2461 3015 conjugia,
2488 2951 2544 2997 et
2573 2942 2833 2997 iuhibitos
2866 2942 3042 2997 denuo
3068 2940 3378 3012 appetivere
3405 2955 3537 2996 con-

1943 3034 2179 3101 cubitus,
2211 3047 2440 3103 quorum
2468 3029 2766 3102 professam
2796 3031 3267 3095 incontinentiam,
3296 3029 3541 3102 generati

1943 3133 2066 3198 post
2092 3124 2487 3180 absolutionem
2531 3123 2626 3177 ﬁlii
2669 3123 2976 3193 prodidere.
3028 3123 3102 3176 De
3129 3121 3324 3191 quibus
3350 3121 3535 3185 etiam,

1945 3220 2070 3290 quia
2099 3218 2386 3290 suffugium
2433 3232 2541 3273 non
2590 3217 2792 3272 habent
2834 3215 3155 3285 ptenitendi,
3199 3215 3253 3269 id
3286 3214 3540 3269 duximus

1944 3310 2387 3375 decernendum,
2442 3318 2503 3362 ut
2562 3307 2677 3363 sola
2735 3308 2875 3361 intra
2942 3306 3239 3361 Ecclesiam
3295 3303 3541 3360 fidelibus

1943 3401 2190 3457 oratione
2232 3397 2556 3469 junguntur.
2575 3412 2745 3454 sacra:
2784 3397 3165 3468 mysteriorum
3212 3394 3538 3460 celebritati,

1944 3493 2191 3563 quamvis
2221 3506 2328 3546 non
2358 3502 2692 3555 mereantur,
2728 3489 2999 3545 intersint.
3026 3490 3073 3542 Δ
3111 3487 3407 3544 Βοωὶιιίοω
3439 3501 3539 3542 au-

1947 3592 2054 3638 tem
2095 3596 2293 3637 mensa:
2322 3580 2569 3639 convivio
2596 3588 2970 3651 segregentur,
3006 3586 3069 3632 ut
3104 3578 3206 3633 hac
3232 3576 3423 3632 saltem
3454 3575 3539 3631 di-

1945 3678 2229 3733 strictione
2259 3675 2521 3747 correpti,
2543 3683 2598 3730 et
2629 3674 2729 3744 ipsi
2758 3674 2812 3728 in
2836 3689 2895 3728 se
2921 3688 3016 3727 sua
3040 3678 3220 3727 errata
3248 3670 3552 3741 castigent,‘

1945 3776 2003 3824 et
2043 3768 2167 3823 aliis
2211 3766 2516 3837 exemplum
2567 3765 2828 3829 tribuant,
2874 3771 3141 3834 quatenus
3184 3761 3252 3816 ab
3289 3760 3543 3817 obscenis

1947 3860 2334 3930 cupiditatibus
2372 3858 2736 3914 retrahuntur.
2778 3855 2984 3923 Quibus
3015 3862 3230 3919 tamen,
3261 3853 3383 3923 quia
3416 3866 3542 3907 car-

1948 3951 2056 4005 nali
2101 3950 2394 4022 fragilitate
2442 3950 2709 4011 cecidere,
2767 3947 2963 4001 viatico
3006 3960 3250 4012 munere,
3299 3959 3424 4000 cum
3470 3943 3541 4000 ad

1949 4040 2117 4096 Deum
2146 4041 2412 4110 eruperint
2442 4039 2733 4109 proﬁcisci,
2763 4054 2860 4108 per
2885 4036 3281 4092 communionis
3308 4035 3539 4107 gratiam

1947 4132 2196 4193 volumus
2217 4131 2509 4187 subveniri.
2540 4131 2712 4198 Quam
2742 4129 2997 4194 formam,
3026 4138 3081 4183 et
3101 4129 3246 4183 circa
3267 4128 3540 4195 mulieres,

1950 4240 2070 4293 qua:
2101 4239 2161 4279 se
2203 4231 2327 4293 post
2368 4221 2741 4292 pmuiteutiain
2786 4221 2983 4275 talibus
3022 4219 3406 4290 pollutionibus
3443 4218 3540 4272 de-

1949 4317 2258 4382 vinxerunt,
2290 4314 2610 4370 servandam
2639 4327 2760 4367 esse
2782 4324 3086 4367 censemus.
3118 4328 3136 4361 ι
3169 4308 3301 4363 Item
3331 4308 3383 4361 in
3412 4322 3544 4361 con-

1952 4408 2076 4464 cilio
2097 4406 2422 4471 Arelatensi,
2454 4421 2575 4475 cap.
2608 4404 2667 4458 tl
2705 4419 2721 4456 :
2757 4422 2775 4454 ι
2815 4401 3166 4475 Pmuitentes,
3196 4412 3318 4469 qua:
3346 4396 3542 4453 defun-

1952 4509 2042 4554 cto
2072 4498 2189 4552 viro
2214 4497 2338 4552 aliis
2374 4497 2578 4551 nubere
2620 4491 3065 4561 prmsumpserint
3090 4529 3105 4554 ,
3146 4487 3233 4543 vel
3269 4497 3541 4558 suspecta,

1951 4589 2038 4643 vel
2072 4586 2358 4642 interdicta
2401 4583 2789 4642 familiaritate,
2823 4595 2946 4636 cum
2975 4591 3235 4633 extraneo
3275 4575 3380 4650 [se]
3417 4575 3546 4646 jun-

1955 4678 2153 4742 xerint,
2193 4692 2319 4735 cum
2362 4675 2552 4730 eodem
2593 4672 2664 4726 ab
2709 4669 2962 4725 Ecclesia:
3003 4667 3190 4722 limine
3230 4675 3541 4723 arceantur.

1954 4766 2081 4822 Haec
2108 4766 2274 4822 etiam
2304 4765 2371 4820 de
2399 4763 2517 4818 viro
2537 4763 2591 4816 in
2614 4758 2934 4830 pmoitentia
2963 4758 3166 4829 placuit
3188 4758 3486 4813 observari.
3522 4778 3539 4809 ι

2553 4895 2780 4952 CAPUT
2817 4894 2952 4950 XIII.

1959 5014 2112 5081 Quod
2147 5009 2506 5085 paenitentibus
2546 5010 2601 5063 in
2631 5025 2775 5063 cana
2806 5007 3019 5063 Domini
3048 5007 3115 5061 sit
3159 5005 3544 5061 remittendum.

2028 5125 2159 5180 Item
2191 5140 2256 5180 ex
2282 5122 2518 5181 decretis
2543 5121 2839 5176 lnnocentii
2866 5134 3040 5189 papze,
3063 5134 3182 5189 cap.
3209 5117 3261 5182 7,
3286 5117 3544 5185 scriptum

1960 5227 2042 5273 est
2071 5234 2084 5272 :
2126 5236 2145 5269 ι
2180 5217 2256 5270 De
2292 5215 2678 5286 paenitentibus
2711 5222 2891 5268 autem
2929 5213 3043 5282 qui,
3076 5212 3190 5267 sive
3240 5225 3304 5265 ex
3336 5209 3547 5276 gravio-

1962 5310 2111 5366 ribus
2156 5308 2492 5371 commissis,
2540 5307 2656 5362 sive
2708 5321 2775 5362 ex
2827 5304 3118 5360 levioribus
3171 5300 3543 5371 ptenitentiam

1960 5407 2205 5471 egerunt,
2253 5400 2299 5454 si
2347 5399 2491 5453 nulla
2535 5396 2825 5451 intervenit
2860 5393 3144 5465 aegritudo,
3176 5406 3208 5445 v
3250 5388 3383 5443 feria
3418 5395 3546 5439 ante

1960 5491 2165 5546 Pascha
2190 5490 2271 5545 cis
2301 5488 2715 5552 remittendum,
2756 5486 3011 5540 Romana:
3041 5480 3292 5536 Ecclesia:
3312 5492 3542 5532 consue-

1962 5582 2090 5637 tudo
2126 5582 2482 5636 demonstrat.
2523 5579 2791 5634 tlaeterum
2835 5578 2903 5633 de
2949 5574 3187 5643 pondere
3229 5567 3547 5624 :estimando

1961 5673 2300 5740 delictorum,
2337 5673 2634 5729 sacerdotis
2671 5677 2756 5726 est
2791 5668 3055 5739 judicare,
3096 5672 3158 5720 ut
3198 5660 3439 5718 attendat
3476 5658 3547 5713 ad
