3950 6184
327 249 431 311 485

1688 254 2252 318 PfENITENTIALE.

3499 280 3606 337 £86

326 382 422 437 pus
447 365 643 423 deﬁnit
671 366 745 420 ita
771 366 996 422 dicens:
1029 384 1048 419 ι
1083 367 1186 436 Qui
1206 365 1573 450 jurmucntum
1602 369 1655 423 in
1685 369 1912 424 ecclesia
1943 376 1988 433 Α
2090 372 2243 439 Item,
2265 372 2334 429 de
2353 373 2558 431 eisdem
2580 376 2632 430 in
2666 376 2877 433 concilii
2912 380 3336 451 Aurelianensis,
3370 401 3491 460 cap.
3514 394 3602 461 l4,

325 457 542 524 fecerit,
574 465 671 511 aut
714 456 770 511 in
811 457 1123 528 Evangelio,
1172 458 1288 513 sive
1331 459 1385 513 in
1427 458 1671 528 reliquiis
1699 467 1915 514 sancto-

326 562 439 601 rum
460 587 478 613 ,
515 561 597 602 vn
633 561 850 602 annos:
884 547 974 601 alii
1008 545 1255 616 judicant
1287 563 1365 601 XI.
1408 547 1466 603 Si
1495 563 1627 603 vero
1667 549 1720 603 ia
1752 564 1913 604 manu

322 639 585 710 episcopi,
616 648 712 694 aut
734 640 1058 711 presbyteri,
1102 639 1189 696 vel
1231 640 1468 703 diaconi,
1515 653 1608 695 seu
1654 642 1709 696 in
1753 657 1916 698 cruce

321 729 492 800 posita
522 737 868 795 consecrata,
912 745 1083 784 unum
1126 745 1327 785 annum
1380 731 1672 800 pte‘nitest;
1723 730 1811 785 alii
1837 747 1911 787 vu

321 836 491 875 annos
514 820 783 892 iudicant.
810 821 877 875 Et
903 821 958 875 in
985 835 1148 876 cruce
1167 835 1273 876 non
1296 830 1634 886 consecrata,
1668 838 1681 875 ι
1712 837 1912 877 annum

319 912 615 980 poeniteat,
644 910 732 967 vel
764 925 843 966 τη
883 925 1132 976 menses,
1165 921 1227 965 ut
1260 909 1350 965 alii
1382 910 1645 980 iudicant.
1680 912 1788 979 Qui
1819 928 1914 968 au-

320 1011 426 1058 tem
454 1003 713 1059 seductas
755 1003 1034 1073 ignorans,
1068 1010 1124 1059 et
1165 1011 1353 1073 postea
1398 1006 1697 1075 cognoscit,
1745 1022 1910 1061 unum

319 1108 541 1160 annum,
585 1092 673 1148 vel
720 1101 832 1149 tres
867 1093 1314 1164 quadragesimas
1358 1094 1638 1164 pteuiteat.
1684 1094 1744 1150 Si
1788 1096 1912 1167 quis

319 1191 539 1238 mactus
579 1197 681 1253 pro
730 1182 971 1253 qualibet
1018 1183 1368 1248 necessitate,
1418 1191 1527 1238 tres
1558 1184 1909 1255 quadragesio

319 1288 453 1338 mas,
483 1272 572 1327 alii
602 1287 775 1328 annos
798 1280 910 1329 tres
940 1290 954 1327 :
987 1288 1154 1327 unum
1181 1287 1249 1328 ex
1276 1273 1363 1328 his
1391 1272 1447 1327 in
1474 1288 1614 1343 pane
1651 1282 1709 1329 et
1744 1290 1907 1346 aqua,

318 1379 376 1422 ut
401 1368 496 1422 alii
525 1368 795 1439 judicent.
824 1368 958 1424 item
982 1367 1303 1438 periurium,
1337 1385 1396 1424 Ill
1425 1385 1597 1426 annos
1622 1372 1905 1441 pmaiteat.

318 1461 416 1529 Qui
451 1462 765 1532 suspicatur
787 1464 932 1532 quod
975 1463 1224 1534 periurus
1261 1465 1315 1519 in
1356 1462 1726 1533 juramentum
1752 1464 1907 1519 duci-

316 1563 423 1620 tur,
472 1555 566 1611 sed
612 1564 796 1611 tanien
838 1570 936 1626 per
978 1570 1301 1612 consensum
1342 1555 1514 1626 jurat,
1561 1558 1696 1613 duos
1737 1572 1908 1612 annos

311 1644 601 1714 pmoiteat;
651 1646 746 1701 sed
790 1646 916 1716 quia
966 1646 1019 1700 in
1065 1646 1252 1702 multis
1284 1647 1418 1703 locis
1445 1649 1514 1703 ab
1556 1648 1643 1703 his
1674 1647 1768 1718 qui
1813 1662 1908 1718 per

2015 465 2278 536 scriptum
2306 475 2389 546 est
2421 487 2433 522 :
2471 486 2491 519 ‹
2526 468 2605 524 Ne
2632 468 2803 526 frater
2828 487 2991 543 super
3014 482 3189 529 torum
3219 476 3456 535 defuncti
3494 480 3606 537 fra-

2017 554 2116 609 tris
2142 558 2435 625 ascendat;
2478 575 2546 617 ne
2570 560 2857 632 quisquam
2886 564 3086 619 amissa
3116 556 3286 621 uxore
3316 571 3489 625 sorori
3514 587 3611 626 au-

2015 645 2142 702 deat
2174 663 2233 703 se
2258 650 2488 706 sociare.
2528 651 2683 719 Quod
2712 653 2755 708 si
2782 653 3003 720 fecerit,
3041 655 3112 711 ab
3135 658 3500 715 ecclesiastica
3522 662 3609 717 di-

2014 741 2300 799 strictione
2328 741 2575 798 feriatur.
2606 764 2632 798 θ

2083 830 2238 897 Item,
2269 831 2339 887 de
2382 832 2572 888 iisdem
2608 834 2663 888 in
2718 836 2948 892 concilio
2998 837 3283 905 llerdensi,
3337 857 3457 912 cap.
3520 844 3605 899 ιε

2020 938 2039 970 ‹
2075 917 2176 986 Qui
2221 935 2282 976 se
2342 922 2535 978 incesti
2586 925 2882 993 pollutione
2931 929 3352 995 commaculant,
3384 931 3608 1001 placuit,

2013 1024 2294 1082 quousque
2322 1012 2376 1066 iu
2425 1013 2544 1082 ipso
2570 1014 2890 1071 daestando
2915 1025 2971 1072 et
3000 1016 3188 1074 illicito
3213 1020 3396 1075 carnis
3419 1031 3612 1076 contu-

2013 1098 2202 1154 bernio
2228 1111 2601 1170 perseverant,
2650 1119 2822 1172 usque
2846 1104 2915 1158 ad
2957 1105 3181 1175 missam
3222 1115 3430 1163 tantum
3456 1118 3610 1165 cate-

2013 1188 2402 1245 chumenorum
2432 1189 2487 1243 in
2516 1190 2747 1246 ecclesia
2800 1176 3189 1260 permittuntur
3218 1212 3231 1248 :
3263 1210 3385 1250 cum
3414 1198 3611 1266 quibus

2005 1275 2120 1345 jam
2146 1293 2246 1332 nec
2268 1278 2449 1333 cibum
2474 1294 2691 1357 sumere
2714 1282 2803 1335 ulli
2822 1281 3270 1350 Christianorum,
3295 1286 3435 1342 sicut
3453 1287 3604 1357 Apo-

2013 1368 2187 1425 stolus
2210 1369 2396 1439 jussit,
2428 1378 2662 1440 oportet.
2695 1391 2735 1423 ι.

2083 1459 2211 1513 item
2236 1458 2303 1514 de
2336 1461 2423 1515 his
2453 1460 2506 1515 in
2530 1463 2816 1532 Ancyrano
2843 1463 3098 1530 concilio,
3129 1479 3248 1534 cap.
3276 1466 3348 1520 2'5
3376 1485 3391 1520 :
3420 1486 3440 1519 ι
3478 1466 3608 1535 Qui-

2011 1547 2133 1602 dam
2165 1562 2419 1617 sponsam
2444 1549 2676 1615 habens,
2709 1566 2954 1607 sororem
3000 1553 3121 1624 ejus
3148 1555 3385 1620 violavit,
3413 1561 3606 1630 etgra-

2009 1645 2190 1700 vidam
2222 1646 2462 1711 tradidit,
2493 1648 2838 1716 postmodum
2871 1648 3250 1719 desponsatam
3299 1651 3404 1708 sibi
3450 1653 3610 1710 duxit

310 1734 594 1789 avaritiam
624 1742 859 1790 terrena)
880 1736 1242 1805 possessionis
1271 1746 1329 1791 et
1369 1738 1724 1793 ecclesiastici
1751 1738 1900 1792 ordi-
1932 1727 1979 1786 Β
2007 1751 2252 1792 uxorem.
2281 1737 2374 1791 illa
2407 1753 2555 1804 vero,
2581 1753 2703 1808 quae
2731 1747 2985 1809 corrupta
3011 1749 3117 1807 est,
3142 1742 3338 1813 laqueo
3379 1759 3438 1799 se
3477 1759 3602 1814 per-

311 1829 656 1899 nis’pretiam
684 1830 837 1895 dant,
867 1838 927 1885 ut
975 1837 1313 1886 terrenarum
1356 1847 1541 1887 rerum
1585 1832 1690 1887 sibi
1738 1833 1906 1886 abon-

307 1919 549 1975 dantiam
583 1922 707 1977 inde
733 1922 1049 1993 acquirunt,
1091 1938 1234 1994 saepe
1265 1922 1561 1994 periurium
1590 1923 1652 1978 ﬁt
1685 1924 1790 1979 illis
1813 1925 1904 1995 ιιιιί

308 2010 410 2066 hoc
435 2012 696 2067 seandalo
724 2012 1087 2084 decipiuntur,
1119 2012 1325 2081 justum
1354 2023 1438 2069 est
1464 2023 1526 2068 ut
1553 2012 1658 2069 illis
1685 2014 1778 2085 qui
1804 2014 1907 2068 hoc

305 2100 540 2169 faciunt,
579 2102 827 2158 condicta
855 2103 1097 2159 vindicta
1125 2104 1475 2160 retri‘buatur.
1507 2104 1642 2160 Nam
1680 2105 1749 2162 de
1788 2106 1908 2161 tal-

303 2193 403 2248 bus
432 2193 508 2247 ita
532 2201 795 2248 statutum
812 2201 909 2250 est
936 2194 990 2249 in
1020 2194 1337 2251 canonibus.
1375 2214 1395 2248 ι

900 2305 1127 2362 CAPUT
1165 2307 1310 2362 XIX.

303 2391 378 2446 De
411 2392 667 2466 episcopis
702 2395 810 2481 sine
836 2398 1148 2481 presbyteris
1172 2400 1262 2481 qm:
1297 2416 1390 2481 per
1422 2401 1648 2481 pretium
1677 2402 1901 2473 gradum

721 2476 768 2519 et
802 2467 1073 2522 ecclesiam
1108 2467 1481 2540 aconisierunt.

368 2554 425 2608 In
463 2556 672 2626 synodo
693 2557 1007 2623 Rhemensi,
1029 2575 1150 2630 cap.
1173 2559 1266 2626 2i,
1291 2561 1553 2632 scriptum
1570 2571 1658 2618 est
1682 2581 1697 2618 :
1728 2582 1749 2615 ς
1770 2562 1903 2631 Qui-

300 2659 513 2715 cunque
546 2648 831 2718 presbyter
870 2664 968 2719 per
1007 2651 1265 2720 pretium,
1297 2652 1523 2722 gradum
1563 2654 1895 2723 acquisierit,

302 2738 620 2807 deponatur.
654 2759 673 2791 ›
700 2740 776 2793 Ex
803 2740 1034 2798 concilio
1055 2741 1456 2807 Aurelianensi,
1487 2758 1608 2814 cap.
1643 2743 1747 2798 l0:
1777 2763 1795 2795 ι
1830 2744 1901 2800 Ut

300 2829 478 2884 milies
496 2831 784 2901 presbyter
808 2832 877 2887 od
898 2833 1182 2887 introitum
1203 2832 1450 2889 ecclesiae
1474 2834 1631 2887 sauia
1650 2833 1840 2889 donet.
1872 2855 1891 2887 ι

299 2920 352 2975 ln
389 2921 624 2977 concilio
666 2922 967 2979 Turonensi
989 2964 1004 2989 ,
1041 2924 1155 2979 sive
1196 2923 1616 2997 Moguntinensi,
1648 2940 1770 2994 cap.
1804 2924 1893 2990 15,

298 3011 558 3081 scripturn
588 3021 684 3067 est
715 3029 729 3067 :
768 3031 788 3063 ι
824 3013 1145 3083 Quicunque
1188 3015 1473 3084 presbyter
1516 3028 1613 3084 per
1656 3014 1893 3084 uetiam

2007 1825 2161 1880 emit.
2175 1825 2398 1892 Omnes,
2416 1828 2506 1896 qui
2522 1824 2785 1895 ejusmodi
2808 1828 2934 1884 facti
2962 1828 3181 1885 fuerunt
3200 1833 3425 1899 conscii,
3450 1851 3493 1888 χ·
3506 1849 3603 1889 an-

2007 1933 2107 1973 nos
2133 1918 2186 1971 in
2230 1918 2605 1987 paenitentiam
2653 1919 2986 1990 redigantur,
3032 1923 3330 1979 secundum
3367 1939 3607 1983 canones

2006 2010 2349 2065 constitutos.
2389 2028 2409 2061 ι
2441 2010 2501 2066 ln
2528 2012 2763 2067 decretis
2788 2012 2970 2068 Siricii
2992 2028 3167 2084 papae,
3194 2030 3245 2070 e.
3270 2014 3342 2073 ις
3371 2034 3389 2067 ι
3416 2014 3607 2077 Omni-

2007 2103 2182 2159 uodis
2206 2104 2582 2172 prohibemus,
2612 2120 2682 2160 ne
2728 2105 2852 2175 quis
2885 2121 3139 2177 sponsam
3184 2107 3414 2165 alterius
3441 2109 3609 2165 diruat

2008 2209 2256 2260 πνοι-θαι,
2285 2194 2415 2265 quia
2455 2193 2545 2249 illa
2585 2195 2912 2259 benedictio,
2945 2212 3108 2266 quam
3141 2206 3390 2270 nupturae
3416 2215 3603 2256 sacer-

2006 2285 2374 2355 dosimpuuit,
2405 2285 2549 2354 apud
2587 2284 2775 2340 fideles
2803 2285 3083 2354 cujusdam
3118 2288 3394 2357 sacrilegii
3430 2290 3607 2346 instar

2002 2382 2127 2439 est,
2192 2374 2238 2428 si
2289 2373 2393 2428 ulla
2455 2375 2888 2445 trangressione
2940 2376 3190 2432 violetur.
3243 2378 3606 2448 Desponsatas

2002 2464 2227 2534 puellas,
2251 2473 2307 2520 et
2330 2479 2442 2533 pne
2466 2465 2587 2519 aliis
2612 2475 2819 2535 raptas,
2840 2464 3050 2536 placuit
3076 2468 3195 2522 erui
3239 2470 3294 2522 et
3317 2469 3396 2524 eis
3425 2468 3600 2537 reddi,

2002 2553 2200 2624 quibus
2241 2562 2369 2608 ante
2398 2554 2616 2610 fuerant
2660 2555 3024 2625 desponsam,
3047 2557 3212 2613 etiam
3238 2557 3284 2613 si
3310 2558 3394 2615 eis
3422 2575 3453 2613 a
3479 2576 3604 2630 rap-

2004 2655 2074 2701 to:
2090 2647 2209 2702 ibus
2231 2647 2312 2701 vis
2350 2646 2497 2701 illata
2530 2647 2859 2703 constiterit.
2895 2667 2936 2701 ι.

2072 2735 2148 2791 De
2195 2737 2279 2791 bis
2305 2752 2425 2807 quo:
2455 2736 2664 2793 duobus
2710 2736 2969 2793 fratribus
3012 2739 3318 2809 nupseriat,
3365 2740 3453 2795 vel
3500 2744 3595 2811 qui

2000 2827 2137 2883 duas
2187 2842 2402 2883 sorores
2444 2843 2643 2883 uxores
2675 2832 3004 2897 acceperint,
3052 2830 3110 2883 in
3160 2828 3603 2889 Neocaesaream

1999 2918 2251 2985 concilio,
2276 2932 2399 2989 cap.
2431 2918 2489 2985 2,
2520 2919 2598 2974 ita
2626 2919 2833 2979 dictum
2856 2929 2943 2975 est
2971 2937 2984 2974 :
3020 2938 3041 2971 ι
3070 2919 3286 2988 Mulier,
3313 2921 3359 2978 si
3379 2922 3601 2987 duobus

2001 3009 2259 3067 fratribus
2292 3010 2558 3079 nupserit,
2596 3009 2883 3081 abjiciatur
2907 3026 3080 3082 usque
3103 3013 3172 3067 ad
3216 3022 3467 3069 mortem.
3495 3014 3599 3069 νε-

298 3103 584 3158 ecclesinm
604 3103 777 3158 fuerit
804 3104 1050 3173 adeptus,
1079 3104 1392 3160 omnimodo
1414 3105 1737 3174 deportatis,
1764 3118 1899 3174 quo-
1925 3084 1973 3151 C
2007 3110 2312 3156 rumtamen
2345 3101 2400 3155 iu
2431 3102 2579 3157 exim
2601 3111 2822 3172 proin:
2849 3103 3301 3170 miscricordiam,
3320 3103 3370 3159 si
3392 3106 3601 3174 promi-

299 3197 442 3250 niam
469 3205 527 3251 et
562 3195 655 3251 ilic
680 3205 871 3252 contra
905 3196 1289 3253 ecclesiasticae
1326 3195 1899 3268 regulaedisciplinm

298 3301 459 3358 agere
490 3287 845 3358 dignoscitur.
885 3287 1022 3342 item
1053 3295 1109 3343 et
1135 3287 1225 3341 ille
1252 3288 1571 3357 deponatur,
1603 3288 1695 3358 qui
1730 3286 1896 3340 alium

296 3378 677 3447 [resliyterum
714 3377 958 3448 legitime
1000 3377 1067 3431 ad
1108 3378 1399 3433 ecclesiam
1422 3377 1731 3432 ordinatum
1751 3417 1767 3442 ,
1798 3390 1898 3447 per

295 3470 582 3536 pecuniam
605 3469 890 3540 expulerit,
924 3483 1155 3539 eamque
1181 3469 1282 3524 sibi
1306 3469 1489 3524 taliter
1516 3469 1893 3535 vindicaverit,

294 3558 441 3628 quod
467 3557 658 3612 vitium
695 3558 802 3614 late
850 3558 1106 3613 diffusum
1146 3572 1363 3615 Sittium
1389 3558 1567 3615 studio
1590 3560 1892 3615 θιηωὰιυ-

254 3716 261 3726 ,
294 3650 420 3705 dum
464 3658 571 3706 est.
618 3649 870 3720 Idemque
917 3650 1349 3705 interdicendum
1395 3651 1611 3723 videtur
1654 3650 1889 3717 clericis,

295 3740 409 3794 sive
451 3740 637 3807 laicis,
684 3755 754 3796 ne
797 3741 921 3810 quis
967 3739 1190 3795 cuilibet
1231 3741 1553 3812 presbytero
1596 3751 1895 3811 praesumat

296 3830 425 3886 dare
465 3832 756 3889 ecclesiam
799 3833 917 3888 sine
960 3831 1179 3887 licentia
1220 3841 1273 3888 et
1311 3847 1589 3889 consensu
1650 3834 1888 3905 episcopi

296 3921 398 3977 sui.
436 3943 458 3977 ι
1663 3907 1672 3916 ’

902 4012 1131 4071 CAPUT
1166 4013 1291 4067 XX.

299 4104 374 4159 De
421 4107 629 4160 incestis
681 4106 1164 4178 conjunctionibus,
1221 4115 1270 4160 et
1310 4122 1377 4162 oe
1418 4122 1478 4161 eo
1520 4108 1612 4178 qui
1666 4107 1887 4178 ﬁliolam

576 4193 730 4231 suam
758 4176 833 4231 vel
861 4187 1085 4233 matrem
1117 4176 1327 4231 duxerit
1355 4176 1595 4233 uxorem.

365 4288 441 4344 De
501 4289 721 4344 incestis
772 4298 954 4343 autem
1010 4287 1485 4357 conjunctionibus
1543 4291 1599 4345 in
1657 4293 1887 4349 concilio

294 4381 610 4452 Agathensi,
660 4397 783 4452 cap.
828 4382 917 4447 (il,
964 4381 1041 4436 ita
1090 4381 1352 4453 scriptum
1399 4391 1485 4439 est
1529 4401 1544 4437 :
1596 4401 1615 4435 ι
1661 4384 1887 4441 luceat-is

297 4474 557 4546 conjugiis
590 4473 725 4529 nihil
760 4488 985 4543 prorsus
1020 4473 1193 4529 venia:
1218 4487 1584 4541 reservamus,
1624 4474 1737 4529 nisi
1762 4491 1885 4531 cum

298 4563 619 4619 adulterium
673 4564 1017 4633 separatione
1071 4563 1404 4618 sanaverint.
1465 4563 1705 4620 lncestos
1757 4582 1886 4621 vero

296 4652 438 4708 nullo
474 4651 711 4723 coniugii
748 4652 966 4706 nomine
1002 4653 1323 4719 censendos,
1361 4667 1497 4722 quos
1536 4653 1699 4709 etiam
1735 4655 1883 4711 desi-

294 4759 457 4815 gnaro
485 4744 759 4799 funestum
794 4752 910 4809 est,
938 4745 1037 4799 bos
1069 4759 1189 4800 esse
1217 4759 1523 4801 censemus.
1557 4744 1616 4800 Si
1644 4747 1765 4816 quis
1794 4763 1882 4804 re-

295 4835 471 4893 lictam
501 4837 711 4901 fratris,
736 4851 855 4906 qua:
880 4850 1018 4907 pene
1047 4835 1198 4907 prius
1224 4850 1381 4892 soror
1402 4837 1717 4905 exstiterat,
1756 4854 1881 4895 car-

295 4928 397 4983 nali
423 4926 805 4998 conjunctione
838 4926 1146 4992 violaverit;
1194 4927 1239 4982 si
1279 4926 1401 4996 quis
1444 4926 1629 4983 fratris
1666 4944 1880 5001 germa-

294 5033 415 5074 nam
443 5022 672 5074 umrem
712 5019 1016 5089 acceperit;
1065 5019 1111 5075 si
1151 5020 1274 5089 quis
1316 5034 1604 5076 novercam
1634 5020 1881 5087 duxerit;

294 5111 335 5165 si
366 5112 489 5183 quis
515 5112 856 5168 consobrina:
883 5126 944 5167 se
975 5126 1088 5168 suae
1124 5112 1444 5177 sociaverit,
1474 5113 1618 5182 quod
1644 5112 1715 5167 ita
1743 5128 1880 5183 pne-

286 5203 427 5259 senti
456 5211 702 5275 tempore
727 5204 1094 5275 prohibemus,
1132 5214 1193 5260 ut
1220 5219 1301 5268 ea,
1329 5219 1451 5274 quae
1480 5212 1605 5260 sunt
1628 5216 1753 5260 ante
1782 5222 1883 5262 nos

294 5295 601 5359 constituta,
625 5310 739 5350 non
769 5295 1145 5351 dissolvamus.
1179 5294 1234 5350 Si
1265 5296 1387 5365 quis
1418 5294 1619 5352 relicta:
1647 5296 1730 5352 vel
1759 5295 1882 5352 ﬁlia:

294 5384 540 5439 avunculi
582 5385 870 5451 miscetur,
932 5393 1024 5439 aut
1077 5385 1250 5454 patris
1288 5384 1446 5451 filim,
1490 5384 1575 5440 vel
1621 5385 1880 5456 privignae

295 5489 400 5529 suae
450 5475 740 5531 concubitu
788 5475 1081 5547 polluitur;
1137 5490 1269 5533 sane
1324 5476 1521 5545 quibus
1570 5474 1879 5546 coniunctio

294 5565 473 5621 illicita
503 5566 861 5631 interdicitur,
902 5566 1179 5623 habebunt
1223 5566 1443 5622 ineundi
1486 5565 1728 5624 melioris
1749 5582 1879 5624 con-

292 5653 417 5726 iugii
444 5656 768 5713 libertatem.
805 5676 825 5708 ι

2002 3192 2153 3258 serit,
2187 3193 2329 3263 quod
2359 3193 2506 3248 facta
2550 3193 2868 3259 incolumis,
2901 3194 3055 3265 cilius
3086 3194 3290 3268 [hujus]
3336 3205 3426 3252 est
3462 3212 3599 3253 con-

1992 3282 2295 3353 junctionis
2318 3282 2497 3339 vincla
2521 3282 2803 3349 dissolvat,
2830 3282 3067 3339 fructum
3096 3286 3434 3355 poenitentia:
3460 3302 3595 3342 con-

1997 3382 2277 3444 sequatur.
2299 3374 2455 3442 Quod
2480 3375 2527 3430 si
2557 3374 2816 3431 defecerit
2832 3376 2938 3440 vir,
2966 3384 3062 3431 aut
3091 3378 3283 3432 mulier
3306 3378 3361 3433 in
3393 3379 3593 3435 talibus

1997 3467 2241 3538 ntqitiis,
2290 3465 2680 3549 diﬁicilisserit
2728 3466 3049 3537 partientis
3100 3469 3156 3523 iu
3211 3470 3326 3524 vita
3375 3485 3594 3540 perma-

1997 3558 2167 3612 nenti.
2204 3575 2225 3608 ι

2065 3649 2196 3705 hem
2222 3648 2289 3703 de
2316 3648 2403 3703 his
2432 3647 2525 3717 qui
2568 3647 2778 3704 duabus
2814 3647 3094 3704 sororibus
3137 3648 3476 3720 wpulautur,
3524 3652 3583 3707 in

1994 3742 2295 3797 Elibertiuo
2341 3741 2573 3797 concilio
2611 3756 2732 3811 cap.
2761 3740 2852 3806 61,
2904 3742 2984 3796 ira
3029 3742 3294 3814 scriptum
3322 3752 3445 3799 est:
3474 3762 3493 3795 ι
3529 3744 3589 3801 Si

1994 3831 2117 3901 quis
2158 3840 2281 3900 post
2309 3832 2525 3886 obitum.
2548 3831 2736 3887 uxoris
2775 3847 2904 3898 suae,
2937 3847 3180 3888 amorem
3212 3833 3333 3903 ejus
3374 3835 3593 3891 (luserit

1994 3938 2240 3988 uxorem,
2272 3933 2331 3978 et
2358 3926 2471 3992 ipsa
2498 3922 2663 3979 metit
2690 3924 2884 3991 fidelis,
2915 3924 3339 3995 quinquenium
3372 3941 3405 3980 a
3426 3942 3583 3982 cem-

1991 4017 2255 4085 m'uuione
2292 4016 2497 4086 placuit
2527 4017 2826 4083 abstinere,
2864 4016 2969 4072 nisi
3012 4016 3155 4072 forte
3181 4018 3421 4073 velocius
3468 4019 3589 4076 dari

1991 4122 2179 4179 parem
2206 4109 2504 4164 necessitas
2531 4111 2770 4179 coegerit
2805 4109 3157 4165 infirmitatis.
3188 4109 3323 4166 item
3367 4112 3434 4167 de
3461 4128 3588 4167 mu-

1991 4200 2143 4264 liere,
2171 4212 2294 4268 quae
2322 4199 2459 4254 duos
2486 4196 2684 4255 fratres
2708 4200 2873 4254 sumit
2897 4199 3169 4270 coniugio,
3202 4199 3254 4253 in
3284 4200 3589 4257 canonibus

1990 4288 2208 4344 Martini
2254 4289 2490 4359 episcopi
2543 4288 2666 4361 [sic
2712 4288 3056 4361 scriptum];
3096 4288 3154 4343 Si
3198 4290 3326 4359 quia
3383 4291 3581 4347 mlier

1990 4383 2127 4437 duos
2150 4380 2377 4446 fratres;
2401 4390 2517 4446 aut,
2534 4382 2579 4437 si
2603 4382 2726 4450 quis
2742 4382 2878 4435 duas
2900 4395 3117 4435 sorores
3137 4381 3372 4448 duxerit,
3388 4399 3419 4437 a
3434 4398 3586 4439 com-

1990 4473 2249 4528 munione
2275 4471 2601 4541 abjiciantur
2630 4487 2801 4540 usque
2829 4471 2897 4526 ad
2927 4478 3178 4525 mortem.
3209 4470 3268 4525 ln
3297 4483 3472 4528 morte
3499 4476 3583 4530 eis

1991 4563 2305 4618 communio
2324 4572 2549 4632 propter
2574 4561 3001 4616 misericordiam
3027 4561 3204 4617 detur.
3237 4562 3293 4617 Si
3323 4577 3455 4619 vero
3483 4580 3579 4620 su-

1988 4650 2325 4721 pervirerint
2368 4650 2750 4705 communione
2793 4659 3034 4721 accepta,
3063 4658 3121 4704 et
3148 4652 3225 4705 de
3256 4653 3581 4712 infirmitate

1989 4742 2385 4807 convaluerint,
2438 4749 2601 4811 agam
2647 4740 2857 4811 plenam
2915 4743 3301 4813 painiteutiam-
3337 4755 3581 4817 tempore

1988 4833 2302 4887 constituto.
2329 4831 2437 4897 Qui
2458 4831 2591 4885 duas
2614 4831 2668 4885 iu
2694 4832 3003 4903 coniugium
3036 4848 3254 4889 sorores
3280 4838 3581 4906 acceperit,

1986 4920 2071 4976 vel
2115 4920 2283 4975 filiam
2330 4919 2535 4985 fratris,
2561 4919 2799 4975 clericus
2826 4936 2948 4976 esse
2992 4937 3105 4977 non
3150 4925 3366 4993 potatis.
3403 4927 3479 4981 De
3508 4942 3578 4981 eo

1986 5027 2139 5077 vero,
2173 5013 2319 5084 quod
2346 5013 2689 5084 interrogasti
2719 5028 2733 5067 :
2761 5012 2819 5068 Si
2864 5014 2978 5081 ille,
3007 5017 3103 5085 qui
3150 5017 3375 5073 filiolam
3399 5033 3572 5084 suani,

1984 5117 2148 5172 quam
2174 5104 2241 5158 de
2265 5116 2422 5158 sacro
2451 5102 2599 5157 fonte
2624 5103 2978 5172 baptismatis
3016 5107 3277 5175 suscepit,
3296 5116 3365 5161 et
3392 5106 3460 5161 de
3484 5122 3573 5172 eo,

1984 5193 2076 5264 qui
2116 5195 2408 5250 concubuit
2451 5209 2575 5249 cum
2608 5204 2907 5251 commatrc
2947 5212 3043 5252 sua
3075 5196 3364 5266 spirituali,
3400 5206 3458 5249 et
3503 5195 3573 5250 de

1988 5285 2079 5340 illo
2123 5285 2213 5355 qui
2242 5285 2410 5340 filiam
2442 5301 2597 5341 stam
2622 5287 2985 5357 baptizatum,
3022 5296 3081 5342 et
3106 5287 3261 5356 cujus
3284 5299 3423 5340 uxor
3446 5301 3570 5341 eum

1988 5378 2055 5434 de
2085 5377 2233 5433 fonte
2248 5378 2508 5447 suscepit,
2540 5387 2726 5449 postea
2748 5380 2813 5432 .in
2862 5378 2954 5432 tali
2980 5377 3325 5447 copulatione
3342 5390 3569 5446 perma-

1988 5485 2117 5527 nere
2138 5469 2395 5539 possent?
2420 5471 2645 5525 omnino
2664 5469 2913 5525 illicitum
2934 5484 3061 5525 esse
3082 5468 3407 5539 judims.
3426 5466 3570 5523 Nam

1986 5563 2040 5617 in
2065 5560 2296 5617 concilio
2320 5558 2736 5631 Moguntineusi,
2760 5575 2878 5631 cap.
2894 5557 3288 5626 55,detalibus
3302 5558 3567 5628 scriptam

1984 5661 2068 5707 est
2097 5670 2111 5706 :
2145 5651 2333 5708 Nullus
2356 5653 2634 5723 proprium
2663 5651 2853 5717 filium,
2880 5659 2975 5707 aut
3001 5651 3171 5707 ﬁliam
3197 5648 3566 5720 amur
