3950 6184
305 296 405 353 487

941 291 1002 364 Β..
1050 286 1301 343 liAUANl
1341 284 1562 340 MAUlil
1599 282 1920 340 ARCHIEP.
1965 280 2273 337 MOGUNT.
2315 279 2597 336 OPERUM
2640 278 2820 334 PARS
2858 279 2918 333 ll.

3479 282 3580 335 £88

306 407 542 463 tismatis
587 400 877 472 suscipiat;
926 414 1024 453 nec
1078 398 1294 452 filiolam
1320 435 1334 459 ,
1389 409 1490 450 nec
1537 401 1889 450 commatrem
1922 397 1967 456 Α
1995 407 2221 462 cyrano,
2251 407 2369 462 cap.
2410 392 2493 454 l7,
2527 391 2788 459 scriptum
2814 400 2900 446 est
2929 409 2940 443 :
2966 410 2984 442 ι
3013 388 3070 445 Si
3099 389 3255 459 cuius
3276 407 3411 447 uxor
3439 393 3587 446 adul-

307 514 459 554 snam
492 495 750 565 suscipiat
778 507 1032 555 uxorem;
1063 504 1162 543 nec
1190 488 1356 551 illam,
1383 486 1541 557 cujus
1575 485 1765 549 filium,
1801 493 1896 537 aut

308 589 472 642 filiam
496 587 563 639 ad
592 582 1055 640 confirmationem
1084 578 1320 634 duxerit.
1353 576 1454 632 Ubi
1487 585 1667 632 autem
1691 574 1893 629 factum

309 679 490 740 fuerit,
516 681 855 745 separentur.
889 691 906 723 ι

379 768 506 822 item
535 766 587 819 in
614 763 816 834 synodo
840 760 1259 830 Moguntincnsi,
1282 775 1331 813 c.
1361 757 1462 814 56;
1492 776 1510 808 ι
1530 755 1587 811 Si
1611 756 1896 825 quisquam

308 861 521 912 viduam
558 853 1049 917 uxorem'duxerit,
1071 862 1127 906 et
1153 863 1339 921 postea
1371 865 1496 904 cum
1542 849 1771 902 tiliastra
1798 862 1895 902 sua

308 950 603 1003 fornicatus
628 946 807 1009 fuerit,
834 960 929 999 seu
960 944 1169 998 duabus
1199 940 1476 996 sororibus
1504 940 1780 1009 nupserit;
1804 947 1899 993 aut

306 1041 481 1107 siqua
508 1037 715 1092 duobus
764 1035 1021 1089 fratribus
1055 1032 1322 1102 nupserit,
1354 1047 1449 1085 seu
1484 1046 1607 1085 cum
1649 1038 1802 1101 patre
1842 1039 1899 1084 et

308 1130 451 1194 filio;
483 1129 619 1182 tales
665 1128 1040 1197 copulationes
1080 1123 1528 1178 anathematizari
1573 1130 1630 1177 et
1666 1120 1895 1192 disiungi

305 1220 667 1289 pnecipimus,
700 1234 799 1272 nec
829 1232 1064 1286 unquam
1095 1216 1327 1285 amplius
1355 1214 1606 1286 coniugio
1634 1214 1895 1283 copulari,

310 1311 404 1364 sed
447 1310 546 1364 sub
573 1323 765 1380 magna
795 1306 1134 1361 districtione
1162 1304 1297 1358 ﬁeri.
1341 1303 1512 1371 Quam
1561 1303 1896 1367 detestabile,

306 1408 359 1453 et
381 1414 543 1469 quam
569 1396 908 1453 exsecrabile
935 1395 1111 1449 scelus
1139 1395 1209 1449 sit
1239 1394 1528 1462 unicuique
1566 1391 1898 1457 Christiano,

307 1489 526 1544 filiolam
547 1503 701 1542 suam
722 1486 823 1542 sibi
849 1487 918 1540 ad
942 1486 1217 1540 libidinem
1235 1484 1409 1554 iungi,
1435 1492 1667 1539 testatur
1689 1484 1747 1536 S.
1764 1481 1900 1538 Gre—

306 1581 490 1652 gorius
515 1594 651 1651 papa
679 1580 733 1632 in
759 1577 997 1646 Dialogis
1027 1577 1158 1639 suis,
1181 1576 1274 1629 ubi
1298 1574 1466 1630 refert
1491 1574 1778 1643 quemdam
1803 1574 1901 1628 ho-

308 1672 509 1725 minem
539 1677 923 1737 eonstuprasse
972 1666 1195 1720 filiolam
1227 1680 1403 1729 suam,
1428 1674 1486 1719 et
1512 1665 1683 1719 tribus
1711 1665 1900 1720 diebus

2000 494 2171 539 terata
2194 484 2312 547 fuit,
2338 483 2422 538 vel
2445 485 2489 538 si
2520 484 2634 553 ipse
2657 484 2983 539 adulterium
3006 485 3361 551 commiserit,
3388 502 3460 540 vn
3492 485 3590 539 aii-

1998 575 2082 629 nis
2106 575 2159 629 in
2184 574 2501 644 paenitentia
2522 575 2805 644 completis
2824 584 3039 644 oportet
3057 590 3152 630 eos
3172 577 3586 646 perfectionem,

1997 667 2293 722 secundum
2321 666 2584 735 pristinos
2609 667 2831 737 gradus,
2857 666 3138 735 consequi.
3177 685 3196 717 ι

2065 757 2198 812 item
2225 757 2280 811 in
2304 755 2560 811 Africano
2583 757 2834 820 concilio,
2864 771 2985 825 cap.
3015 757 3104 821 69,
3132 756 3199 811 de
3227 755 3314 809 his
3340 754 3431 823 qui
3455 771 3590 809 uso-

2000 863 2107 911 ηε,
2139 856 2233 900 aut
2270 861 2390 916 qua:
2419 847 2564 902 viros
2612 847 2912 911 dimittunt,
2961 858 3017 900 ut
3062 855 3317 901 maneant
3364 847 3464 910 sic,
3514 848 3591 901 ita

1997 940 2255 1010 scriptum
2286 947 2411 992 est:
2449 957 2466 989 ι
2497 938 2723 1003 Placuit,
2768 953 2827 992 ut
2873 938 3169 992 secundum
3217 939 3588 1007 evangelicum

1997 1041 2054 1087 et
2102 1031 2452 1103 apostolicam
2504 1031 2862 1102 disciplinam,
2910 1041 2969 1086 ut
3015 1049 3189 1102 neque
3218 1036 3475 1090 dimissus
3520 1037 3590 1090 ab

2000 1136 2190 1184 uxore,
2223 1136 2324 1176 nec
2368 1120 2590 1175 dimissa
2617 1137 2647 1174 a
2675 1122 2881 1176 marito
2907 1122 3061 1177 alteri
3091 1123 3467 1195 coniungatur,
3492 1125 3591 1180 sed

1999 1213 2073 1266 ita
2101 1220 2343 1275 maneat,
2371 1219 2427 1265 ut
2459 1210 2673 1265 sibimet
2704 1212 3138 1268 reconcilientur.
3171 1214 3347 1281 Quod,
3380 1215 3426 1269 si
3454 1231 3588 1270 oon-

2001 1301 2341 1370 tempserint,
2380 1299 2446 1354 ad
2474 1302 2845 1370 paenitentiam
2881 1304 3214 1373 redigantur.
3249 1325 3268 1357 ο

2068 1391 2200 1447 Item
2246 1392 2298 1445 in
2329 1392 2563 1446 decretis
2591 1392 2886 1448 Innocentii
2934 1410 3105 1465 papm,
3134 1395 3302 1469 [cap.]
3333 1397 3425 1459 24.
3456 1400 3593 1453 scri-

1999 1494 2149 1553 ptum
2178 1491 2265 1538 est
2290 1483 2433 1552 quod
2462 1483 2563 1537 viri
2589 1499 2711 1537 cum
2739 1486 2997 1541 adulteris
3018 1486 3233 1542 feminis
3259 1503 3363 1543 non
3392 1505 3594 1545 conve-

2001 1573 2154 1626 niant
2181 1590 2192 1624 :
2224 1591 2242 1622 (
2278 1572 2343 1625 Ει
2390 1571 2521 1627 illud
2557 1572 2923 1629 desideratum
2967 1584 3051 1629 est
3105 1577 3232 1632 sciri
3264 1593 3404 1632 :cur
3438 1595 3592 1633 com.

2003 1670 2341 1717 mumcantes
2365 1662 2464 1717 viri
2516 1679 2638 1719 cum
2665 1665 2925 1722 adulteris
2959 1683 3064 1723 non
3092 1669 3441 1734 conveniant,
3464 1686 3592 1726 cum

304 1768 638 1815 reservatum
688 1774 811 1814 esse
852 1758 920 1812 ad
965 1757 1396 1814 satisfactionem
1443 1758 1762 1827 pmnitendi.
1793 1756 1899 1813 Sed
1929 1747 1976 1806 Β
2003 1764 2190 1809 contra
2212 1769 2412 1808 uxores
2434 1755 2487 1809 in
2510 1757 2784 1811 consortio
2810 1757 3177 1813 adulterorum
3199 1759 3443 1815 virorum
3469 1777 3593 1815 ma-

305 1850 397 1905 ille
420 1851 606 1915 miser,
635 1865 861 1920 sperans
888 1860 1170 1919 peccatum
1194 1865 1352 1904 suum
1378 1858 1472 1904 aut
1512 1850 1680 1905 latere
1706 1850 1894 1916 Deum,

307 1952 401 1997 aut
424 1943 682 1998 oblivioni
728 1943 1158 1998 misericorditer
1184 1945 1391 2009 datum,
1446 1943 1683 2012 neglexit
1721 1946 1899 2014 paeni-

306 2037 530 2092 tentiam
559 2050 739 2106 agere,
771 2038 865 2091 sed
911 2052 1018 2091 non
1054 2037 1211 2107 longe
1254 2046 1376 2107 post
1402 2037 1699 2092 miserabili
1727 2046 1901 2092 morte

305 2133 590 2195 correptus
639 2126 969 2194 exspiravit,
1031 2127 1106 2180 ita
1160 2134 1218 2180 ut
1261 2126 1566 2196 sepulcrum
1614 2127 1731 2197 ejus
1778 2127 1901 2197 igne

306 2221 736 2269 consumeretur.
769 2214 826 2269 ln
873 2215 977 2270 hoc
1001 2230 1164 2285 opere
1204 2216 1457 2287 apparuit
1495 2216 1779 2272 ineffabilis
1806 2217 1900 2271 Dei

306 2304 613 2369 clementia,
640 2318 760 2373 qua:
789 2305 964 2374 ipsum
993 2305 1268 2362 hominem
1315 2321 1598 2362 reservare
1632 2306 1803 2363 voluit
1830 2306 1901 2363 ad

308 2396 719 2466 indulgentiam,
749 2397 793 2451 si
824 2397 913 2452 ille
950 2414 1056 2453 non
1086 2399 1326 2454 tardaret
1355 2401 1620 2455 converti.
1658 2419 1677 2452 ι

375 2486 508 2540 Item
537 2487 591 2540 in
637 2482 843 2557 synodo
870 2487 1264 2559 Moguntincnsi
1301 2490 1369 2545 de
1394 2490 1614 2546 incestis
1636 2489 1901 2563 coniugiis

307 2576 569 2648 scriptum
595 2585 679 2632 est
710 2595 724 2631 :
755 2595 774 2629 ι
814 2578 871 2634 Si
896 2579 1019 2649 quis
1046 2578 1344 2637 fornicatus
1390 2579 1556 2636 fuerit
1601 2596 1723 2638 cum
1768 2585 1903 2639 dua-

306 2666 408 2722 bus
429 2666 729 2734 sororibus,
756 2668 840 2723 vel
869 2684 992 2724 cum
1028 2685 1260 2726 noverca
1285 2687 1402 2737 sua,
1435 2672 1518 2728 vel
1546 2689 1669 2729 cum
1713 2690 1902 2731 sorore

306 2770 422 2821 sua,
452 2756 539 2812 vel
568 2772 691 2812 cum
719 2759 884 2814 amita
904 2774 1025 2825 sua,
1049 2761 1164 2816 sive
1195 2777 1317 2815 cum
1343 2770 1633 2817 matertera
1665 2778 1781 2827 sua,
1814 2762 1901 2817 vel

305 2861 428 2902 cum
480 2847 590 2903 filia
619 2850 800 2919 patrui
846 2851 952 2915 sui,
981 2851 1096 2906 sive
1144 2851 1394 2908 avunculi
1445 2855 1549 2920 sui,
1597 2854 1680 2908 vel
1722 2856 1902 2910 amitae

307 2953 439 3005 suae,
472 2939 590 2995 sive
637 2947 943 2996 matertera:
987 2957 1121 3008 suae,
1172 2943 1258 2998 vel
1311 2959 1434 2999 cum
1484 2952 1643 3015 nepte
1672 2959 1787 3009 sua,
1812 2944 1900 3000 vel

308 3043 433 3083 cum
456 3040 753 3088 commatre
772 3046 891 3097 sua,
906 3031 992 3087 vel
1014 3047 1138 3088 cum
1160 3032 1321 3089 ﬁliola
1342 3050 1458 3101 sua,
1480 3051 1641 3105 quam
1663 3036 1731 3091 de
1753 3034 1898 3092 fonte

304 3117 648 3189 baptismatis
684 3121 944 3193 suscepit,
968 3121 1052 3177 vel
1095 3132 1222 3177 ante
1262 3123 1574 3195 episcopum
1602 3125 1669 3178 ad
1701 3124 1898 3180 conﬁr-

304 3208 599 3264 nationem
632 3211 824 3276 tenuit,
857 3211 942 3266 vel
968 3211 1145 3282 siqua
1170 3212 1365 3267 mulier
1405 3213 1567 3268 simili
1599 3214 1757 3270 modo
1782 3214 1898 3269 for—

306 3298 484 3354 nicata
537 3299 1036 3358 fuerit:abstineat
1090 3318 1150 3359 se
1196 3304 1267 3358 ab
1320 3305 1657 3375 ingressione
1706 3306 1899 3361 domus

306 3385 403 3443 Dei
431 3404 576 3445 anno
598 3406 723 3455 uno,
754 3400 810 3445 et
836 3393 1025 3446 eodem
1071 3408 1214 3449 anno
1243 3395 1346 3450 nisi
1398 3396 1550 3450 festis
1600 3396 1814 3461 diebus,
1842 3405 1900 3453 et

304 3480 596 3551 precipuis
618 3479 972 3546 solummodo,
998 3497 1155 3553 pane,
1183 3492 1239 3539 et
1263 3500 1424 3554 aqua,
1453 3492 1508 3540 et
1536 3486 1648 3541 sale
1677 3495 1893 3555 utatur;

312 3585 463 3626 arma
494 3572 816 3643 pugnatoria
842 3588 950 3627 non
992 3573 1161 3641 ferat;
1193 3577 1440 3630 osculum
1476 3576 1606 3631 nulli
1630 3577 1894 3645 prmbeat;

307 3662 634 3719 sacrificium
655 3664 756 3719 nisi
780 3678 881 3734 pro
899 3665 1096 3720 viatico
1118 3666 1339 3721 minime
1359 3675 1554 3721 sumat.
1579 3665 1690 3722 Sex
1704 3668 1898 3722 deinde

306 3756 464 3812 annis
491 3756 825 3827 ingrediatur
847 3757 1064 3812 domum
1095 3758 1210 3823 Dei,
1241 3759 1335 3814 sed
1363 3758 1640 3825 carnibus,
1666 3768 1721 3814 et
1753 3759 1893 3825 vino,

307 3861 374 3902 ac
417 3847 592 3902 sicera
642 3848 866 3904 minime
897 3857 1103 3912 utatur,
1150 3850 1255 3906 nisi
1305 3850 1462 3907 festis
1505 3852 1897 3923 praecipuisque

309 3937 516 3993 diebus.
542 3936 620 3992 De
643 3937 812 3991 armis
837 3952 986 4002 vero,
1015 3938 1100 3993 vel
1142 3940 1349 4003 osculo,
1376 3942 1490 3996 sive
1510 3943 1800 4009 sacrificio,
1824 3944 1898 3999 si-

309 4035 398 4081 cut
424 4039 586 4095 supra
609 4025 815 4080 dictum
845 4033 952 4091 est,
981 4026 1162 4081 faciat.
1188 4028 1382 4084 Postea
1411 4046 1539 4086 vero
1568 4032 1778 4088 duobus
1800 4049 1898 4087 an-

309 4115 417 4180 nis,
443 4114 661 4185 quando
685 4129 851 4170 carne
877 4115 1130 4181 vescitur,
1169 4133 1197 4171 a
1237 4127 1368 4189 potu
1395 4120 1564 4186 omni,
1589 4122 1681 4189 qui
1720 4130 1898 4192 potest

309 4205 602 4271 inebriare,
627 4220 687 4261 se
708 4206 1003 4261 contineat.
1028 4207 1199 4273 Quem
1230 4216 1437 4276 potum,
1468 4209 1515 4264 si
1546 4209 1759 4276 biberit,
1790 4227 1896 4266 non

308 4311 472 4352 carne
494 4296 756 4363 vescitur,
779 4296 983 4368 absque
1012 4298 1307 4368 praecipuis
1350 4299 1503 4354 festis
1531 4299 1740 4356 diebus.
1768 4300 1897 4356 Inde

307 4402 478 4457 usque
502 4387 570 4442 ad
609 4387 814 4443 obitum
844 4403 1023 4455 suum,
1058 4389 1162 4443 nisi
1193 4388 1468 4459 praedictis
1504 4387 1658 4444 festis
1683 4391 1890 4455 diebus,

308 4492 339 4530 a
359 4492 523 4532 carne
550 4477 834 4534 abstineat.
869 4478 1003 4534 Tres
1031 4479 1298 4549 legitimas
1325 4478 1487 4535 ferias
1509 4480 1562 4534 in
1589 4482 1735 4535 omni
1758 4483 1885 4538 heb~

309 4566 553 4631 domada,
610 4576 665 4622 et
708 4575 818 4623 tres
861 4570 1302 4641 quadragesimus
1356 4571 1408 4624 in
1463 4585 1605 4625 anno
1656 4571 1893 4643 legitime

309 4657 597 4712 custodiat.
629 4658 706 4711 De
741 4659 908 4713 armis
948 4675 1093 4724 vero,
1119 4661 1258 4715 sicut
1293 4660 1408 4729 iam
1434 4660 1638 4716 dictum
1679 4672 1780 4726 est,
1812 4662 1892 4718 fa-

309 4747 437 4813 ciat,
487 4756 542 4804 et.
593 4764 865 4819 nunquam
895 4751 1141 4823 coniugio
1188 4755 1487 4824 copuletur.
1532 4754 1659 4810 llaec
1701 4757 1890 4812 eadem

310 4838 629 4911 pmnitentia
652 4839 974 4909 imponenda
999 4850 1083 4897 est
1116 4845 1423 4913 parricidis,
1450 4845 1531 4901 vel
1572 4844 1888 4914 fratricidis,

312 4930 396 4986 vel
419 4930 866 5001 consanguineis;
894 4946 1015 4996 nec,
1055 4932 1158 4988 nisi
1183 4949 1249 4987 ex
1294 4935 1398 5000 bis,
1442 4936 1535 5003 qui
1557 4945 1766 5006 sponte,
1791 4952 1888 5007 per

312 5020 574 5084 fraudem,
605 5026 660 5074 et
684 5019 966 5074 avaritiam
996 5021 1268 5076 hominem
1308 5023 1588 5079 innoxium
1609 5012 1909 5092 occidunt,-

311 5109 454 5180 quod
473 5107 772 5164 'l'lteodisca
793 5107 975 5177 lingua
1003 5110 1301 5165 mordicum
1323 5111 1539 5168 dicitur.
1575 5130 1595 5164 ι

907 5223 1134 5278 CAPUT
1166 5224 1304 5279 XXI.

578 5293 657 5349 De
685 5294 766 5350 his
791 5295 881 5365 qui
915 5294 1233 5349 adulterium
1266 5297 1614 5352 committunt.

380 5384 712 5442 Adulterium
760 5395 938 5441 autem
987 5400 1092 5440 non
1137 5386 1310 5442 solum
1360 5386 1448 5441 lex
1488 5388 1741 5453 damnat,
1790 5388 1883 5445 sed

310 5474 474 5529 etiam
499 5474 807 5547 evangelica
826 5475 1121 5529 auctoritas
1145 5476 1366 5531 omnino
1392 5474 1509 5530 fieri
1535 5485 1702 5532 vetat.
1734 5478 1886 5532 Unde

310 5568 365 5614 et
391 5563 563 5617 sancti
603 5563 812 5633 Patres,
843 5565 1151 5635 magisterio
1178 5566 1385 5622 caelesti
1431 5566 1643 5632 imbuti,
1673 5568 1740 5622 de
1782 5568 1886 5623 hoc

312 5648 442 5721 quid
465 5657 790 5713 servandum
816 5657 888 5713 sit
914 5666 1231 5714 sanxerunt.
1270 5657 1405 5713 Nam
1434 5657 1489 5712 in
1512 5658 1743 5715 concilio
1772 5658 1884 5713 An-

2001 1862 2132 1903 nere
2178 1848 2494 1903 videantur?
2525 1849 2651 1903 dum
2687 1863 2848 1918 super
2888 1848 2991 1905 hoc
3039 1848 3347 1905 Christiana
3399 1852 3595 1922 religio

2001 1938 2324 1994 adulterium
2355 1939 2410 1993 in
2437 1948 2665 2008 utroque
2687 1954 2817 1993 sexu
2848 1940 2964 2008 pari
2996 1940 3205 1994 ratione
3244 1940 3593 2006 condemnet,

2001 2029 2096 2084 sed
2125 2028 2272 2083 viros
2298 2044 2425 2084 suos
2454 2029 2711 2085 mulieres
2737 2045 2843 2086 non
2868 2029 3025 2085 facile
3048 2029 3116 2083 de
3139 2030 3407 2087 adulterio
3431 2046 3597 2087 accu-

2002 2127 2144 2173 sant.
2175 2116 2292 2173 Non
2338 2119 2483 2174 enim
2528 2120 2728 2175 habent
2761 2120 2982 2176 latentia
3020 2129 3241 2191 peccata
3269 2122 3592 2178 vindictam.

2002 2204 2117 2260 Viri
2146 2216 2326 2262 autem
2374 2208 2597 2264 liberius
2626 2224 2825 2266 uxores
2850 2210 3122 2267 adulteras
3151 2212 3292 2283 apud
3335 2214 3598 2269 sacerdo-

2003 2304 2084 2354 tes
2113 2297 2326 2354 deferre
2348 2308 2768 2365 consueverunt,
2792 2309 2847 2356 et
2871 2302 2992 2356 ideo
3018 2302 3233 2371 prodito
3254 2316 3444 2357 earum
3476 2302 3596 2358 cri-

2000 2392 2148 2448 mine
2176 2392 2483 2448 communio
2529 2392 2841 2463 denegatur.
2874 2393 3124 2449 Virorum
3160 2402 3340 2449 autem
3385 2392 3598 2448 latente

2011 2482 2322 2549 commisso,
2353 2498 2458 2537 non
2492 2482 2648 2536 facile
2681 2482 2876 2553 aliquis
2897 2499 2962 2538 ex
2993 2484 3390 2553 suspicionibus
3418 2485 3594 2537 absti-

2003 2586 2179 2632 netur.
2207 2577 2308 2645 Qui
2336 2577 2520 2646 utique
2544 2577 2914 2638 submovetur.
2937 2577 2981 2632 si
3011 2576 3126 2645 ejus
3153 2577 3414 2647 ﬂagitium
3438 2577 3597 2632 dete-

2002 2677 2181 2740 gatur.
2205 2667 2340 2724 Cum
2370 2684 2498 2738 ergo
2536 2684 2699 2724 causa
2725 2683 2824 2738 par
2850 2669 2939 2735 sit,
2975 2669 3243 2723 interdum
3267 2667 3594 2739 probatione

2002 2773 2269 2825 cessante,
2300 2760 2551 2815 vindictae
2584 2760 2722 2816 ratio
2750 2760 3104 2831 conquiescit.
3136 2779 3156 2813 ι

2068 2852 2201 2907 Item
2228 2852 2283 2906 in
2316 2848 2433 2918 eius
2459 2865 2611 2921 papae
2643 2851 2875 2907 decretis
2901 2865 3019 2920 cap.
3048 2850 3139 2917 27,
3170 2851 3430 2921 scriptum
3453 2859 3548 2907 est
3576 2869 3591 2906 :

2007 2963 2026 2997 ι
2060 2944 2136 2999 De
2159 2944 2245 2998 his
2289 2943 2453 2999 etiam
2493 2941 2779 3012 requisivit
2814 2941 3030 2997 dilectio
3062 2950 3177 3007 tua,
3209 2942 3301 3011 qui
3352 2942 3598 2998 interve-

2002 3036 2184 3091 niente
2211 3034 2435 3104 repudio
2474 3033 2566 3090 alii
2611 3049 2670 3090 se
2699 3033 3045 3089 matrimonio
3073 3032 3413 3104 c0pnlarunt,
3447 3049 3597 3104 quos

2002 3127 2058 3183 in
2084 3136 2315 3197 utraque
2341 3137 2497 3198 parte
2527 3126 2800 3183 adulteros
2822 3141 2944 3182 esse
2968 3126 3312 3183 manifestum
3339 3136 3444 3193 est,
3469 3129 3591 3199 qui,

2001 3218 2121 3275 viro
2144 3217 2231 3274 vel
2256 3232 2427 3273 uxore
2459 3218 2697 3283 vivente,
2741 3217 2989 3288 quamvis
3022 3216 3370 3273 dissociatum
3403 3218 3596 3274 videa-

2001 3320 2091 3364 tur
2115 3325 2236 3366 esse
2278 3307 2606 3380 coniugium,
2637 3309 2705 3364 ad
2752 3308 2913 3363 aliam
2946 3308 3194 3379 copulam
3237 3308 3591 3365 festinarunt.

1998 3399 2187 3470 Neque
2230 3409 2455 3469 possunt
2503 3399 2731 3454 adulteri
2778 3414 2885 3453 non
2918 3400 3112 3465 videri,
3164 3400 3219 3454 in
3265 3407 3502 3465 tantum,
3531 3410 3595 3457 ut

1998 3489 2162 3546 etiam
2182 3490 2264 3545 ita:
2287 3505 2556 3560 personm,
2576 3490 2773 3559 quibus
2795 3489 2930 3544 tales
2955 3488 3225 3557 coniuncti
3249 3499 3396 3553 sunt,
3419 3492 3590 3546 etiam

1997 3579 2322 3635 adulterium
2372 3580 2709 3636 commisisse
2743 3579 3045 3644 videantur,
3096 3579 3392 3635 secundum
3453 3581 3592 3637 illud

1996 3670 2142 3737 quod
2174 3668 2403 3747 legimus
2429 3668 2483 3721 in
2514 3666 2803 3738 Evangelio
2832 3686 2845 3721 :
2878 3686 2896 3718 ι
2930 3666 3030 3734 Qui
3068 3667 3333 3723 dimiserit
3357 3685 3591 3726 uxorem

1997 3774 2153 3814 suam
2186 3766 2243 3813 et
2276 3758 2489 3813 duxerit
2530 3756 2713 3822 aliam,
2746 3757 3068 3823 merebatur,
3097 3766 3154 3812 et
3179 3757 3269 3827 qui
3302 3758 3590 3815 dimissam

1997 3847 2229 3914 duxerit,
2279 3848 2599 3903 nimcliatur.
2641 3847 2710 3902 Et
2739 3848 2859 3905 ideo
2907 3864 3096 3905 omnes
3141 3852 3589 3908 acommunionc

1996 3933 2361 3991 abstinendus.
2418 3936 2494 3991 De
2538 3937 2855 4007 parentibus
2899 3947 3101 4005 autem,
3153 3949 3209 3995 et
3262 3942 3590 4012 prepinquis

1996 4042 2208 4093 eorum,
2243 4027 2372 4082 nihil
2407 4027 2513 4083 tale
2538 4028 2700 4083 statui
2730 4037 2929 4099 potest,
2959 4030 3063 4086 nisi
3100 4046 3453 4089 succensores
3478 4035 3588 4090 illi-

1996 4116 2087 4173 citi
2115 4119 2370 4174 consortii
2402 4117 2569 4173 fuisse
2590 4118 2927 4190 detegantur.
2963 4140 2983 4173 ι

2066 4207 2121 4262 In
2153 4208 2382 4263 concilio
2410 4223 2623 4279 quoque
2670 4210 2985 4277 Elibertino,
3016 4227 3134 4283 cap.
3161 4213 3212 4279 9,
3244 4214 3313 4270 de
3361 4213 3585 4270 feminis

1995 4314 2115 4368 qum
2158 4298 2430 4354 adulteros
2459 4300 2681 4355 maritos
2709 4301 3045 4370 reliquerint,
3074 4312 3128 4357 et
3181 4305 3301 4359 aliis
3342 4306 3581 4372 nubunt,

1996 4390 2252 4460 scriptum
2284 4399 2367 4445 est
2394 4407 2407 4442 :
2448 4409 2465 4441 ι
2501 4389 2720 4445 Femina
2754 4391 2945 4457 ﬁdelis,
2976 4408 3095 4463 qua:
3118 4395 3423 4450 adulterum
3456 4414 3584 4452 ma-

1996 4481 2161 4534 ritum
2212 4479 2512 4550 reliquerit,
2540 4488 2595 4535 ct
2638 4480 2731 4534 alii
2780 4483 2954 4545 nubit,
2985 4485 3350 4552 prohibeatur,
3382 4504 3453 4542 ne
3482 4490 3585 4543 du-

1993 4582 2100 4625 rat.
2138 4570 2194 4625 Si
2232 4572 2466 4635 duxerit,
2510 4588 2614 4627 non
2663 4573 2813 4643 prius
2854 4577 3082 4643 accipiat
3114 4580 3579 4649 commu.—.io;zem,

1994 4664 2097 4717 nisi
2145 4677 2304 4730 quem
2336 4661 2571 4731 reliquit,
2595 4662 2661 4717 de
2689 4663 2885 4719 smculo
2934 4669 3146 4731 exierit,
3181 4670 3279 4723 nisi
3313 4669 3451 4724 forte
3480 4688 3581 4726 ue-

1993 4752 2221 4807 cessitas
2254 4752 2584 4806 infirmitatis
2612 4751 2949 4822 compulerit.
2984 4775 3001 4804 ι

2565 4863 2793 4920 CAPUT
2844 4864 3005 4920 XXII.

2457 4932 2532 4987 De
2550 4935 2631 4988 liis
2652 4936 2741 5005 qui
2763 4937 3103 4990 tuaac/mnum

2059 5028 2192 5083 Item
2233 5027 2304 5082 de
2337 5026 2562 5081 concilio
2608 5026 2924 5092 Elibertino,
2955 5042 3075 5096 cap.
3106 5028 3197 5092 5t),
3233 5029 3298 5085 de
3344 5033 3577 5088 mmchis

1989 5119 2247 5188 scriptum
2274 5125 2364 5172 est
2395 5135 2408 5170 :
2445 5135 2463 5167 ε
2500 5115 2874 5173 Subdiaconos
2920 5133 3013 5173 eos
3060 5119 3298 5173 ordinari
3340 5137 3448 5175 non
3479 5121 3575 5177 dc—

1989 5209 2137 5272 bere,
2185 5207 2361 5277 quiin
2411 5204 2771 5261 adolescentia
2804 5222 2898 5262 sua
2942 5208 3141 5263 fuerint
3187 5210 3463 5264 mmchati.
3495 5212 3574 5267 Eo

1988 5301 2132 5370 quod
2179 5297 2524 5370 postmodum
2567 5312 2663 5367 per
2696 5299 3091 5369 subreptionem
3141 5302 3209 5354 ad
3257 5301 3573 5356 ulteriorem

1988 5391 2209 5463 gradum
2237 5389 2468 5444 forsitan
2501 5390 2978 5455 promovebantur.
3009 5390 3108 5455 Qui
3140 5399 3318 5444 autem
3361 5400 3487 5446 sunt
3516 5391 3572 5447 in

1991 5489 2227 5547 tempore
2256 5478 2535 5547 praeterito
2558 5478 2816 5542 ordinati,
2840 5488 3211 5534 amoveantur.
3242 5497 3262 5531 ο

2060 5569 2188 5623 item
2217 5569 2272 5623 in
2301 5570 2494 5624 eodem
2538 5569 2782 5634 concilio,
2829 5585 2947 5639 cap.
2981 5570 3069 5634 51,
3120 5570 3186 5626 de
3214 5568 3572 5625 adolescenti-

1989 5660 2089 5715 bus
2129 5660 2217 5727 qui
2263 5670 2383 5729 post
2430 5659 2704 5715 lavacrum
2742 5661 3096 5725 moehantur,
3146 5660 3404 5731 scriptum
3438 5667 3555 5715 est:
