3950 6184
212 304 291 357 ὀΒθ
1516 290 2052 347 ΡυῖςΝιτΕΝΤΙΑιΕ

3314 299 3416 352 αι’ἷύ

213 409 596 463 ιΑιίοΙῡδςριιεθε
641 404 732 475 qui
758 412 875 473 post
910 403 1066 455 fidem
1108 401 1307 455 lavacri
1348 416 1386 453 s.
1411 400 1598 453 lzitaris
1623 400 1741 453 fue-
1770 409 1818 465 Α
1846 400 2096 463 dissolvi,
2143 411 2343 470 quanto
2385 405 2554 475 magis
2595 405 2694 459 ista
2731 404 3065 474 pollicitatio,
3093 422 3255 474 quam
3300 424 3421 463 cum

207 504 293 557 rint
331 498 588 559 mmchati,
620 512 745 551 cum
792 496 1045 550 duxerint
1080 509 1300 559 uxores,
1340 504 1461 548 acta
1505 494 1743 564 legitima

208 588 494 658 preuitentia,
518 584 724 654 placuit
758 584 826 637 ad
864 582 1297 637 communionem
1328 597 1422 636 eos
1453 581 1684 635 admitti.
1718 600 1737 633 ι

261 678 369 731 Item
394 676 441 729 in
467 676 659 730 eodem
689 674 937 738 concilio,
981 689 1100 743 cap.
1130 674 1220 738 47,
1245 674 1309 726 de
1352 687 1416 726 eo
1464 672 1575 740 qui.
1613 688 1744 724 uxo-

208 780 293 819 rein
333 765 542 827 habens,
575 762 776 832 seepius
824 761 1147 822 mmchatur,
1195 761 1453 829 scriptum
1481 768 1562 813 cst
1593 777 1605 811 :
1638 778 1655 807 α
1687 757 1742 813 Si

208 857 302 927 quis
343 855 505 909 ﬁdelis
542 855 754 909 habens
801 868 1043 916 uxorem,
1082 868 1189 906 non
1225 851 1411 915 semel,
1456 851 1550 905 sed
1606 866 1746 919 εωρο

208 948 332 1001 fuerit
357 946 674 1011 marebatus,
708 946 762 998 in
794 944 955 1000 ﬁnem
990 944 1179 997 mortis
1206 951 1289 999 est
1323 942 1744 997 conveniendus.

208 1039 323 1105 Quod
356 1039 395 1092 si
423 1052 480 1091 se
507 1037 824 1106 promiserit
846 1045 1207 1100 cessaturum,
1255 1036 1409 1089 detur
1437 1035 1485 1088 ci
1509 1050 1749 1088 commu-

211 1130 291 1182 uio.
317 1128 367 1181 Si
406 1127 761 1181 resuscitatus
805 1142 992 1182 rursus
1024 1126 1347 1188 mmchatur,
1372 1123 1572 1193 placuit
1609 1122 1746 1177 ulte-

210 1222 294 1274 rius
313 1236 407 1273 non
438 1219 621 1273 ludere
647 1233 773 1272 eum
799 1219 864 1275 de
889 1217 1265 1272 communione
1289 1216 1458 1285 pacis.
1492 1232 1510 1264 ι

734 1332 961 1389 CAPUT
1000 1331 1164 1386 XXIII

206 1422 264 1477 De
288 1423 547 1493 uirginibus
582 1422 697 1478 Deo
732 1425 979 1487 sacratis,
1018 1424 1120 1477 sire
1154 1422 1508 1483 sa'culan'bus,
1537 1423 1583 1475 si
1620 1437 1747 1475 inm-

819 1493 1103 1547 citaverint.

258 1584 367 1638 Item
390 1584 438 1637 in
469 1582 705 1637 concilio
735 1582 943 1646 eodem,
975 1596 1093 1650 cap.
1125 1578 1209 1643 l3,
1236 1591 1302 1634 de
1330 1580 1625 1650 virginibus
1656 1594 1746 1634 sa-

204 1675 336 1729 rratis
357 1676 608 1746 scriptum
639 1682 729 1729 est
755 1691 768 1728 :
801 1693 819 1724 ‹
844 1672 901 1728 Si
933 1674 1321 1729 inmchaveriut
1362 1673 1600 1743 virgines
1631 1687 1750 1741 quae

1848 490 1957 545 Deo
1985 492 2206 561 pepigit,
2237 493 2370 546 solvi
2398 494 2514 549 sine
2566 496 2801 551 vindicta
2848 495 3002 568 [non]
3046 492 3423 567 poteritiNam

1849 581 1892 634 si
1926 579 2213 650 Apostolus
2242 583 2382 647 illas,
2408 600 2526 653 quin
2555 600 2584 637 a
2610 587 2886 655 proposito
2915 587 3196 643 viduitatis
3220 587 3426 644 disces-

1846 678 2055 734 serunt,
2086 671 2297 726 dixerat
2336 674 2533 727 habere
2566 672 2984 735 damnationem,
3026 676 3151 745 quia
3197 677 3429 746 primam

1848 757 2006 811 ﬁdem
2062 759 2270 815 irritam
2337 761 2614 823 fecerunt,
2664 771 2868 832 quanto
2923 764 3102 833 potius
3152 765 3426 835 virgines.

1848 862 1967 916 qua:
2006 849 2204 917 prioris
2253 852 2625 921 promissionis
2681 852 2839 907 fidem
2884 851 3133 925 frangere
3176 864 3304 909 sunt
3339 872 3430 909 co-

1851 932 2027 994 natae!
2065 960 2082 992 ι

2415 1031 2641 1087 CAPUT
2680 1032 2845 1087 Χλγ.

1853 1118 1925 1172 lle
1949 1121 2169 1189 Itisbquw
2199 1124 2332 1174 inter
2355 1139 2409 1175 se
2436 1123 2783 1189 fornicamur,
2807 1133 2855 1176 et
2882 1122 2947 1177 de
2990 1124 3070 1175 his
3106 1139 3222 1193 qua:
3250 1140 3419 1177 semen

1922 1193 2145 1243 virorum
2166 1209 2377 1244 suorum
2400 1210 2491 1261 pro
2509 1193 2721 1245 libidine
2744 1193 2855 1246 cibo
2874 1193 2948 1247 vel
2969 1195 3112 1262 potui
3135 1197 3368 1247 miscent.

1921 1277 1996 1331 De
2029 1277 2239 1332 feminis
2262 1295 2380 1347 quae
2415 1280 2556 1333 inter
2599 1296 2655 1334 se
2688 1278 3024 1334 fornicantur
3052 1281 3106 1334 in
3138 1280 3424 1351 Ancyram

1847 1365 2077 1419 concilio
2102 1366 2359 1435 scriptum
2388 1376 2497 1421 est:
2525 1388 2540 1417 ι
2564 1367 2621 1421 Si
2644 1368 2835 1423 mulier
2855 1384 2977 1423 cum
3001 1369 3226 1424 muliere
3256 1369 3424 1425 fornis

1849 1463 1970 1507 cata
1996 1454 2182 1520 fuerit,
2211 1470 2383 1509 annos
2433 1473 2485 1511 Ill
2522 1458 2800 1525 pmuiteat.
2839 1478 2857 1509 ι
2890 1458 3019 1512 item
3048 1476 3060 1511 :
3091 1476 3109 1509 ι
3148 1458 3205 1513 Si
3235 1460 3427 1514 mulier

1849 1557 2000 1597 more
2041 1542 2415 1599 fornicationis
2454 1548 2521 1600 ad
2550 1547 2776 1602 alteram
2805 1548 3161 1618 coniunxerit,
3197 1558 3307 1606 tres
3335 1566 3428 1605 an-

1850 1646 1970 1696 nos,
2000 1633 2140 1686 sicut
2184 1632 2495 1698 fornicator,
2544 1637 2821 1705 pmniteat.
2858 1637 2949 1693 Sic
2989 1648 3044 1693 et
3074 1639 3163 1693 illa
3189 1654 3310 1709 quae
3339 1654 3422 1694 se-

202 1781 247 1818 re
272 1766 364 1820 Deo
389 1727 727 1828 dicaverunt,
756 1764 800 1818 si
840 1772 1055 1833 pactum
1083 1761 1417 1833 perdiderint
1448 1727 1746 1832 uvirginita-
1778 1751 1820 1808 Β
1852 1738 1973 1833 μέθη
1994 1739 2113 1833 fw
2134 1739 2216 1833 ξυξ
2244 1742 2296 1778 ¹¹¹
2327 1727 2447 1833 “li”
2470 1741 2728 1833 “l's‘ffnfv
2756 1736 2817 1781 υι
2843 1728 2967 1833 ίξιάθ
2989 1728 3110 1831 ᾩῙυε
3137 1730 3255 1799 eius
3277 1745 3425 1833 εξηοο

203 1858 274 1921 tis,
299 1866 443 1924 atque
463 1856 651 1910 eidem
680 1854 887 1909 libidini
920 1852 1251 1908 inservieiint
1283 1893 1299 1916 ,
1324 1867 1427 1907 non
1454 1850 1748 1921 intelligen-

201 1955 265 2000 ιω
290 1945 402 2015 quid
422 1945 732 2008 amiserint,
761 1943 963 2013 placuit
997 1957 1097 1997 nec
1125 1942 1178 1996 in
1208 1942 1367 1995 linem
1405 1941 1486 1995 eis
1515 1939 1745 1994 dandam

200 2050 293 2090 esse
317 2034 771 2090 communionem.
799 2032 952 2099 Quod
976 2032 1021 2086 si
1067 2031 1233 2086 semel
1268 2044 1537 2101 persuasa:
1560 2030 1628 2084 ad
1667 2030 1737 2083 in-

203 2125 312 2179 ﬁrmi
336 2125 576 2196 corporis
611 2124 739 2178 vitia
790 2123 972 2193 lapsae,
1025 2132 1265 2193 tempore
1312 2121 1437 2176 vitae
1464 2136 1594 2186 sum,
1640 2121 1734 2175 hu-

195 2214 389 2282 iusmodi
436 2215 660 2270 femina:
685 2215 895 2285 egerint
939 2212 1329 2283 ptenitentiam,
1360 2219 1420 2266 ut
1446 2211 1752 2265 abstineant

200 2318 247 2356 se
268 2318 293 2356 a
316 2304 475 2368 coitu,
505 2301 719 2373 placuit
745 2316 839 2356 eas
873 2301 925 2354 in
953 2300 1113 2354 linem
1154 2300 1583 2354 communionem
1611 2297 1747 2353 acci-

200 2408 301 2463 pere
324 2396 534 2449 debere.
569 2412 588 2444 ι

254 2483 388 2546 item,
414 2484 463 2537 in
490 2483 690 2537 eodem
721 2482 786 2536 de
814 2480 1110 2551 virginibus
1148 2479 1511 2543 saecularibus,
1542 2479 1587 2534 si
1617 2492 1749 2535 mm-

200 2576 339 2630 diata:
359 2576 555 2630 fuerint
585 2591 638 2629 ει
670 2575 917 2644 Virgines
938 2591 1055 2643 qua:
1080 2573 1441 2644 virginitatem
1463 2586 1617 2626 suam
1638 2587 1746 2627 mm

200 2671 540 2735 custodierint,
572 2669 618 2724 si
662 2668 877 2723 eosdem
927 2667 1017 2736 qui
1061 2680 1156 2720 eas
1182 2665 1538 2729 violaverunt,
1586 2666 1751 2721 duxe-

200 2762 288 2814 rint
308 2769 358 2815 et
384 2760 658 2815 tenuerint
685 2759 926 2823 maritos,
950 2772 1015 2812 eo
1034 2757 1175 2827 quod
1206 2756 1348 2812 solas
1370 2757 1585 2826 nuptias
1630 2756 1747 2811 vio-

198 2853 436 2917 laverunt,
480 2859 609 2922 post
644 2865 843 2904 annum
884 2849 999 2903 sine
1046 2846 1362 2919 pmuitentia
1413 2846 1746 2902 reconciliari

197 2942 451 2996 debebunt.
481 2941 585 2997 Vel
634 2940 681 2995 si
727 2939 860 2993 alios
907 2936 1255 3009 cognoverint
1299 2937 1462 3002 viros,
1496 2952 1561 2992 eo
1607 2936 1751 3008 quod

199 3034 448 3089 iitmciiatze
491 3035 626 3092 sint.
673 3030 874 3100 placuit
918 3036 1041 3098 post
1083 3028 1434 3097 quinquennii
1485 3036 1748 3097 tempora,

1849 1832 1962 1871 rem
1985 1817 2234 1887 accipiat,
2259 1818 2538 1886 poeniteat.
2582 1817 2773 1874 Mulier
2802 1820 2938 1886 sola,
2969 1820 3016 1876 si
3044 1836 3166 1877 eum
3208 1837 3268 1878 se
3306 1824 3422 1893 ipsa

1848 1904 2047 1959 coitum
2074 1905 2291 1971 habeat,
2326 1915 2436 1961 tres
2456 1922 2627 1962 annos
2655 1908 2933 1979 pteniteat.
2973 1927 2993 1961 ι

2409 2010 2649 2073 ΟΑΡυΤ
2674 2018 2861 2075 XXVI.

1974 2084 2048 2139 De
2075 2086 2155 2140 his
2179 2087 2268 2157 qui
2291 2102 2346 2141 se
2363 2088 2641 2158 gentilibus
2664 2091 2739 2143 vel
2759 2089 2966 2145 ludatis
2985 2092 3298 2162 junxerunt.

1917 2177 2048 2232 Item
2091 2178 2158 2233 de
2198 2179 2285 2233 his
2323 2193 2444 2248 quae
2482 2195 2542 2235 se
2566 2180 2854 2249 gentilibus
2894 2182 2976 2237 vel
3018 2182 3426 2251 .ludaaisjunxe-

1849 2276 2000 2336 runt,
2021 2271 2075 2324 in
2102 2272 2333 2326 concilio
2365 2272 2661 2328 Arelatensi
2709 2274 2971 2344 scriptum
3011 2284 3096 2330 est
3125 2293 3141 2329 :
3173 2294 3192 2326 ι
3226 2277 3426 2332 Puellae

1850 2361 2033 2417 ﬁdeles
2054 2377 2174 2432 quae
2194 2363 2485 2433 gentilsbus
2499 2366 2819 2435 junguntur,
2843 2366 3041 2436 placuit
3068 2377 3128 2422 ut
3149 2368 3424 2437 aliquanto

1851 2461 2093 2525 tempore
2112 2470 2144 2510 a
2166 2457 2545 2512 communione
2572 2467 2906 2528 separentur.
2939 2476 2959 2511 ι

1916 2546 2049 2603 Item
2090 2549 2145 2602 in
2179 2548 2412 2604 concilio
2450 2548 2766 2614 Elibcrtino,
2802 2564 2923 2617 cap.
2952 2549 3041 2615 78,
3069 2550 3134 2604 de
3178 2550 3424 2607 ﬁdelibus

1848 2637 2169 2710 coniugatis,
2199 2638 2245 2693 si
2288 2654 2411 2693 cum
2441 2638 2621 2693 Iudaea
2657 2639 2741 2692 vel
2789 2639 2972 2708 gentili
3011 2622 3421 2703 moechaverint,

1849 2729 2107 2799 scriptum
2145 2742 2162 2782 :
2193 2748 2213 2781 ι
2250 2728 2308 2784 Si
2350 2730 2474 2799 quis
2510 2729 2704 2794 fidelis,
2749 2730 2955 2785 habens
3003 2746 3247 2794 uxorem,
3301 2747 3423 2787 eum

1848 2818 2030 2874 Judzea
2056 2820 2140 2874 vel
2160 2820 2343 2890 gentili
2362 2818 2525 2874 fuerit
2547 2820 2869 2885 moechatus,
2886 2835 2915 2873 a
2937 2820 3319 2876 communione
3337 2836 3429 2875 ar—

1849 2923 2058 2967 ceatur.
2084 2910 2238 2978 Quod
2281 2910 2329 2964 si
2361 2911 2498 2965 alius
2536 2925 2657 2964 eam
2705 2910 2940 2976 duxerit,
2982 2920 3104 2981 post
3128 2913 3427 2982 quinquen-

1851 3007 2023 3071 nium,
2066 3013 2187 3060 aeta
2230 3004 2466 3075 legitima
2510 3004 2846 3074 pmnitentia,
2891 3004 3092 3075 poterit
3134 3005 3427 3062 Dominica:

199 3132 298 3177 acta
321 3122 556 3194 legitima
582 3096 935 3191 ptehitentia,
963 3096 1171 3172 admitti
1199 3096 1292 3171 eas
1321 3119 1388 3173 ad
1416 3096 1750 3172 communio-

1864 3096 2217 3150 :oimnunioni
2246 3096 2460 3150 sociari.
2494 3115 2513 3148 ι

199 3228 323 3266 nem.
360 3233 374 3264 ι

257 3304 374 3359 Item
401 3306 452 3360 in
505 3302 736 3359 concilio
776 3301 1084 3373 Ancyram,
1132 3315 1251 3371 cap.
1300 3299 1355 3365 9,
1403 3301 1469 3354 de
1503 3300 1588 3354 bis
1636 3315 1750 3367 (μιαν

200 3395 539 3465 virginitatem
566 3394 821 3464 professae
844 3402 986 3458 sunt,
1026 3399 1082 3446 et
1110 3393 1176 3445 de
1210 3391 1293 3445 bis
1321 3405 1440 3459 qua:
1472 3391 1573 3444 sub
1604 3405 1755 3444 soro-

200 3485 263 3539 ris
278 3487 453 3540 habitu
477 3501 602 3541 cum
622 3485 889 3554 aliquibus
907 3492 1329 3546 commorantur,
1353 3480 1609 3550 scriptum
1631 3487 1714 3534 est
1737 3496 1750 3532 :

204 3595 219 3624 ι
249 3577 511 3648 Quotquot
539 3577 903 3646 virginitatem
931 3575 1304 3644 promittentes
1325 3574 1530 3628 irritam
1553 3571 1758 3627 faciunt

198 3668 542 3733 sponsionem,
584 3667 725 3720 inter
775 3665 1017 3734 bigamos
1061 3671 1456 3733 computentur.
1510 3661 1756 3733 Virgines

204 3766 381 3822 autem,
403 3772 523 3827 quae
546 3767 797 3826 tanquam
823 3770 1035 3811 sorores
1076 3769 1199 3808 cum
1228 3753 1360 3808 viris
1387 3752 1633 3809 habitare
1660 3768 1754 3807 vo—

200 3847 320 3912 lunt,
346 3848 412 3901 ab
432 3864 615 3903 eorum
643 3845 913 3901 consortio
938 3844 1302 3914 prohibemus.
1334 3862 1353 3896 ι

737 3959 962 4015 CAPUT
1000 3958 1187 4014 XXIV.

200 4049 269 4103 De
289 4052 367 4105 his
401 4053 489 4124 qui
505 4070 573 4124 se
595 4051 760 4105 sacris
803 4050 1082 4124 t'irginilius
1105 4050 1355 4124 sociant;_
1378 4058 1425 4104 et
1453 4048 1517 4103 de
1543 4048 1760 4119 uirgini-

494 4123 589 4176 bus
620 4138 723 4175 non
751 4119 948 4182 velatis,
975 4119 1020 4173 si
1054 4121 1436 4173 moechaverint.

262 4234 314 4287 In
333 4234 559 4289 decretis
583 4231 782 4288 Gclasii
806 4244 974 4306 papae,
1006 4243 1125 4298 cap.
1158 4229 1251 4295 20,
1275 4230 1341 4284 de
1371 4227 1456 4283 his
1476 4226 1567 4298 qui
1596 4240 1655 4282 se
1677 4240 1761 4280 sa-

198 4324 297 4376 cris
338 4323 636 4394 virginibus
677 4321 905 4383 sociant,
935 4319 1194 4388 scriptum
1221 4327 1305 4374 est
1336 4336 1348 4372 :
1391 4338 1408 4369 ‹
1446 4317 1757 4387 Virginibus

199 4418 355 4471 sacris
384 4425 585 4472 temere
627 4429 686 4468 se
709 4410 968 4482 quosdam
1018 4411 1227 4466 sociare
1261 4409 1633 4480 cognovimus,
1680 4407 1760 4462 di—
1790 4432 1834 4490 ί)

199 4517 363 4562 ratum
392 4509 498 4563 Deo
517 4505 870 4576 propositum,
898 4504 1100 4558 incesta
1128 4502 1351 4566 ftedera,
1393 4500 1760 4569 sacrilegaque

202 4598 439 4660 miscere,
464 4612 599 4667 quos
628 4595 872 4664 protinus
899 4608 1109 4662 mquum
1158 4601 1243 4647 est
1270 4607 1300 4645 a
1338 4606 1491 4645 sacra
1522 4604 1761 4644 commu-

200 4687 348 4742 nione
386 4688 644 4742 detrudi:
675 4695 731 4740 et
775 4684 878 4740 nisi
909 4699 1007 4754 per
1052 4681 1320 4752 publicam
1374 4681 1763 4749 prohatamque

202 4777 560 4842 pteuitentiam
579 4776 800 4832 omnino
821 4791 925 4829 non
944 4772 1131 4840 recipi.
1149 4770 1218 4823 At
1237 4771 1322 4825 his
1342 4770 1594 4823 viaticum
1616 4778 1762 4823 certe

202 4867 260 4920 de
287 4869 479 4922 sarculo
509 4867 932 4927 transeuntibus,
964 4864 1009 4917 si
1040 4872 1217 4917 tamen
1260 4860 1631 4930 pocuituerint,
1657 4875 1762 4913 non

203 4965 436 5024 negetur.
469 4975 489 5009 ι

264 5047 411 5107 item,
443 5048 495 5100 in
519 5045 753 5101 decretis
777 5042 1070 5098 lnnoccntii
1095 5056 1265 5111 papm,
1296 5054 1414 5108 cap.
1442 5038 1535 5104 20,
1566 5038 1631 5092 de
1660 5037 1768 5091 vir-

203 5138 407 5203 ginibus
450 5153 557 5193 non
589 5136 797 5200 velatis,
844 5135 888 5188 si
942 5134 1293 5197 deviaverint,
1343 5131 1602 5199 scriptum
1633 5137 1717 5181 est
1751 5145 1764 5180 :

208 5246 225 5278 ι
254 5229 341 5285 liae
364 5246 494 5285 vero
518 5243 637 5300 quae
665 5227 890 5280 necdum
920 5240 1076 5280 sacro
1097 5222 1362 5277 velamine
1385 5229 1558 5281 teetze,
1585 5227 1763 5272 tamen

203 5319 252 5372 in
294 5320 565 5391 pmposito
593 5316 837 5386 virginali
865 5329 1075 5383 semper
1122 5327 1179 5366 se
1229 5310 1616 5365 simulaverunt
1643 5323 1765 5376 per-

205 5425 433 5472 manere,
485 5410 609 5463 licet
650 5407 839 5461 velata:
886 5420 988 5458 non
1043 5404 1169 5464 sint,
1201 5401 1245 5455 si
1276 5400 1413 5453 forte
1463 5397 1760 5466 nupseriut,

205 5501 283 5555 his
309 5500 512 5571 agenda
550 5499 827 5569 aliquanto
862 5504 1101 5563 tempore
1146 5492 1456 5563 pmnitentia
1507 5499 1609 5553 est,
1637 5488 1759 5557 quia

203 5590 413 5659 sponsio
439 5605 625 5644 earum
670 5604 699 5641 a
749 5587 972 5641 Domino
1019 5584 1314 5639 tenebatur.
1369 5580 1501 5634 Nam
1547 5579 1590 5633 si
1624 5580 1765 5631 inter

204 5679 440 5735 homines
469 5679 604 5736 solet
654 5678 804 5731 bona;
854 5676 971 5727 fidei
1008 5682 1315 5727 contractus
1367 5670 1506 5724 nulla
1555 5670 1763 5723 ratione

592 5768 859 5825 Pnnoa.
907 5769 1032 5825 CX.

2388 3207 2614 3262 CAPUT
2659 3207 2869 3263 XXVII.

2149 3277 2224 3330 De
2244 3278 2324 3331 his
2348 3279 2435 3347 qui
2465 3294 2582 3330 cum
2611 3278 2813 3331 Judmis
2838 3291 3133 3338 vescuntur.

1924 3369 2054 3424 Item
2077 3370 2131 3423 in
2152 3369 2380 3424 concilio
2406 3368 2702 3423 Elibcrtino
2740 3368 2810 3423 de
2841 3371 3165 3426 Christianis
3187 3375 3277 3442 qui
3305 3388 3428 3429 cum

1851 3459 2053 3516 Judzeis
2077 3466 2368 3515 vescuntur
2402 3461 2662 3528 scriptum
2691 3469 2776 3515 est
2802 3480 2815 3514 :
2848 3481 2867 3511 ι
2897 3462 2954 3515 Si
3003 3479 3133 3517 vero
3163 3466 3285 3534 quis
3319 3466 3431 3520 cle—

1854 3553 2017 3631 ricus,
2049 3553 2133 3607 vel
2165 3552 2359 3615 ﬁdelis,
2386 3568 2508 3606 cum
2531 3551 2728 3607 Judscis
2756 3553 2932 3607 cibum
2979 3558 3288 3623 sumpserit,
3315 3558 3429 3627 pla-

1854 3645 1967 3699 cuit
1989 3660 2112 3699 eum
2138 3659 2170 3698 ει
2207 3645 2584 3698 communione
2609 3644 2894 3709 abstineri,
2931 3654 2989 3699 ut
3018 3646 3210 3700 debeat
3242 3664 3429 3703 emun-

1855 3736 1991 3789 dari.
2024 3753 2043 3786 ο

1925 3825 2055 3879 item
2099 3825 2153 3878 in
2190 3823 2420 3879 concilio
2448 3823 2723 3888 Toletano,
2768 3840 2887 3894 cap.
2925 3827 3008 3890 14,
3056 3828 3317 3898 scriptum
3365 3832 3435 3885 di-

1855 3914 2093 3971 Jndzeis:
2122 3935 2141 3966 ι
2164 3913 2496 3986 Suggerente
2538 3915 2789 3980 concilio,
2812 3916 2863 3970 id
2887 3918 3307 3988 gloriosissimus
3337 3920 3430 3975 do-

1859 4006 2036 4060 minus
2076 4015 2261 4061 nOSter
2304 4006 2604 4061 canonibus
2640 4005 2802 4061 inseri
2842 4009 3117 4079 praecepit,
3145 4017 3204 4064 ut
3232 4008 3432 4066 Judteis

1859 4112 1964 4150 non
2007 4095 2167 4150 liceat
2209 4095 2410 4150 habere
2454 4109 2666 4160 uxores,
2716 4094 2799 4150 Vel
2841 4098 3201 4163 concubinas,
3258 4116 3435 4169 neque

1861 4187 2187 4257 mancipium
2231 4185 2598 4243 Christianum
2652 4188 2703 4240 in
2743 4203 2870 4241 usus
2920 4191 3165 4259 pr0prios
3208 4205 3431 4261 compa—

1861 4294 2012 4343 rare;
2041 4278 2134 4333 sed
2157 4276 2314 4341 ﬁlios,
2342 4279 2434 4349 qui
2463 4294 2529 4334 ex
2562 4278 2654 4332 tali
2685 4278 2934 4347 conjugio
2956 4279 3068 4332 nati
3103 4288 3247 4344 sunt,
3281 4296 3435 4336 assu—

1863 4369 2084 4423 mendos
2102 4383 2222 4423 esse
2255 4367 2323 4421 ad
2345 4368 2689 4437 baptismum.
2722 4366 2869 4419 Nulla
2893 4365 3064 4421 oliicia
3093 4367 3307 4436 publica
3338 4384 3433 4425 eos

1862 4478 1995 4532 opus
2029 4471 2114 4517 est
2138 4477 2315 4531 agere,
2344 4476 2444 4529 per
2471 4475 2592 4530 qua:
2620 4459 2700 4513 eis
2732 4473 2877 4512 occa:
2898 4459 2948 4512 io
2987 4461 3292 4529 praebeatur
3318 4477 3433 4530 poc—

1863 4569 1989 4608 nam
2018 4551 2342 4608 Christianis
2371 4549 2589 4605 inferre.
2637 4546 2693 4600 Si
2742 4546 2833 4615 qui
2864 4562 2991 4602 vero
3036 4547 3325 4605 Christiani
3365 4554 3431 4606 ab

1862 4643 1941 4696 eis
1969 4641 2229 4697 Judaismi
2265 4640 2368 4693 ritu
2413 4637 2663 4693 maculati
2710 4647 2854 4701 sunt,
2884 4638 2968 4692 vel
3005 4638 3166 4693 etiam
3197 4640 3431 4697 circnm-

1866 4730 1980 4793 cisi,
2008 4746 2113 4783 non
2142 4728 2349 4783 reddito
2376 4727 2570 4796 pretio,
2602 4726 2668 4779 ad
2695 4725 2999 4782 libertatem
3030 4734 3085 4783 et
3119 4728 3433 4800 religionem

1868 4818 2090 4873 redeant
2110 4817 2492 4872 Christianum.
2526 4833 2543 4864 ›

2392 4928 2615 4985 CAPUT
2657 4926 2884 4982 XXVlli.

1959 5025 2036 5080 De
2062 5026 2141 5080 his
2165 5025 2250 5094 qui
2276 5037 2486 5074 uxorem
2515 5021 2669 5073 simul
2692 5032 2736 5072 et
2766 5019 3103 5072 concubinam
3136 5020 3341 5073 habent.

1936 5117 2068 5170 item
2105 5116 2171 5169 de
2211 5112 2293 5166 his
2336 5110 2428 5179 qui
2473 5126 2695 5165 uxorem
2744 5109 2965 5173 habent,
2994 5109 3037 5162 si
3082 5109 3432 5163 concubinam

1867 5205 2174 5267 habuerint,
2217 5204 2267 5255 in
2299 5199 2528 5255 concilio
2554 5199 2833 5263 Toletano,
2875 5214 2994 5269 cap.
3050 5200 3135 5263 l7,
3178 5198 3431 5266 scriptum

1866 5303 1949 5349 est
1983 5312 1995 5348 :
2028 5313 2046 5344 ‹
2074 5293 2130 5347 Si
2156 5292 2277 5361 quis
2302 5291 2505 5343 habens
2530 5304 2750 5342 uxorem
2796 5289 2985 5352 fidelis,
3008 5288 3051 5342 si
3084 5286 3431 5342 concubinam

1866 5386 2078 5447 habent,
2118 5399 2222 5436 non
2252 5381 2629 5435 communicet.
2652 5380 2916 5433 Caeterum
2956 5379 3000 5431 is
3020 5378 3113 5446 qui
3144 5393 3247 5430 non
3274 5374 3437 5428 habet

1865 5492 2112 5540 uxorem,
2141 5484 2195 5528 et
2220 5489 2318 5545 pro
2344 5488 2513 5526 uxore
2543 5472 2897 5526 concubinam
2929 5470 3109 5533 habet,
3136 5484 3168 5521 a
3194 5482 3422 5521 commu-

1867 5574 2028 5626 nione
2052 5587 2157 5625 non
2184 5567 2490 5637 repellatur,
2521 5576 2725 5620 tantum
2766 5573 2825 5617 ut
2854 5563 3011 5616 unius
3051 5557 3311 5619 mulieris,
3340 5565 3430 5611 aut

1864 5662 2075 5729 uxoris,
2101 5671 2190 5717 ant
2219 5659 2554 5723 concubium,
2593 5665 2652 5711 ut
2697 5656 2743 5709 ei
2793 5653 3073 5723 placuerit,
3107 5645 3419 5716 sit‘conjun-

2967 5740 3033 5796 [6
