3950 6184
361 327 369 335 ,
409 254 507 310 ιςη

1048 256 1108 309 Β.
1150 256 1403 311 llABANl
1445 255 1659 312 MAURl
1696 255 2018 310 ARCIIIEP.
2062 256 2368 312 MOGUNT.
2412 256 2696 315 OPERUM
2733 257 2914 312 PARS
2955 257 3016 312 ll.

3579 266 3604 317 ί
3614 266 3679 321 SB

412 371 587 423 ctione
615 376 922 423 contentus.
948 367 1094 423 Alias
1124 384 1253 423 vero
1281 369 1484 433 vivens,
1509 367 1795 437 al-jiciatur
1824 368 1994 423 donec
2023 375 2067 433 Α
2099 371 2344 424 videatur
2364 371 2644 437 omissum,
2674 373 2819 440 quod
2842 374 3075 427 maxime
3112 372 3266 426 fidem
3296 376 3579 431 catholica:
3608 395 3690 433 re-

411 456 622 513 dcsinat
640 464 696 512 et
724 457 790 512 ad
816 458 1189 528 paenitentiam
1221 466 1544 512 revertatur.
1577 477 1596 511 ι

970 546 1199 601 CAPUT
1229 546 1420 601 XXIX.

642 616 719 670 De
743 616 1035 686 eonjugatis
1058 617 1147 688 qui
1175 618 1365 671 nubere
1392 635 1495 672 non
1522 629 1761 689 possunt.

482 708 632 776 Quod
675 715 855 761 autem
901 708 1243 779 interrogasti
1287 709 1353 764 de
1384 710 1469 763 his
1513 710 1605 779 qui
1649 711 1995 765 matrimonio

413 800 681 871 conjuncti
703 808 847 865 sunt,
880 807 934 854 et
966 800 1170 855 nubere
1200 817 1304 856 non
1330 810 1556 871 possunt
1580 821 1593 855 :
1617 803 1661 857 si
1696 803 1781 856 ille
1810 803 1993 867 aliam,

412 890 493 943 vel
535 889 621 942 illa
664 887 826 942 alium
859 889 1055 944 ducere
1095 888 1303 959 possit?
1345 905 1450 943 non
1496 906 1619 945 cum
1651 894 1993 955 auctoritate,

2099 458 2308 530 ligionis
2334 461 2518 526 instat,
2544 462 2686 531 quod
2724 462 2887 531 aliqui
2933 462 3011 516 Sti
3043 463 3249 527 clerici,
3277 464 3387 518 sive
3429 466 3553 521 laici
3578 478 3692 523 stu-

2097 551 2221 605 dent
2251 553 2515 621 auguriis,
2561 562 2614 607 et
2661 553 2761 607 sub
2791 553 3010 607 nomine
3058 552 3183 607 ﬁcto
3227 554 3523 624 religionis,
3554 573 3690 628 quas

2094 651 2403 698 sanctorum
2440 653 2614 699 sortes
2641 644 2988 699 divinationis
3023 645 3305 699 scientiam
3345 647 3689 723 profitentur,

2095 741 2187 787 aut
2212 750 2656 804 quarumeunque
2685 738 3076 806 scripturarum
3119 736 3476 807 inspectione.
3507 738 3689 794 futura

2098 823 2440 892 promittunt.
2471 824 2582 879 Hoc
2610 825 2919 895 quicunque
2965 826 3195 881 clericus
3225 826 3307 880 vel
3338 827 3509 885 laicus
3536 830 3689 885 dete-

2098 922 2218 968 ctus
2246 913 2407 968 fuerit
2432 915 2514 968 vel
2542 916 2840 980 consulere,
2875 917 2957 971 vel
2992 917 3208 981 docere,
3234 918 3301 973 ab
3331 919 3573 975 Ecclesia
3598 921 3694 975 ha-

412 981 506 1036 sed
545 982 611 1033 de
630 981 985 1049 quorumdam
1014 981 1229 1034 statutis
1267 981 1670 1049 respondemus,
1706 983 1758 1036 in
1803 983 1999 1052 quibus
2098 1004 2293 1058 1mm.
2319 1004 2631 1060 exigamus.
2666 1026 2683 1055 ,

410 1073 667 1142 scriptum
699 1081 819 1127 est:
851 1090 868 1122 ι
899 1070 996 1125 Vir
1025 1081 1077 1127 et
1109 1073 1321 1137 mulier,
1354 1074 1397 1127 si
1424 1089 1482 1128 se
1519 1072 1860 1141 coniunxerit
1888 1090 1996 1128 ma-

413 1161 686 1225 trimonio,
717 1168 771 1214 et
811 1168 994 1230 postea
1022 1161 1219 1214 dixerit
1258 1162 1452 1215 mulier
1491 1162 1558 1217 de
1581 1163 1700 1218 viro
1725 1164 1867 1231 quod
1894 1179 2003 1217 non

411 1252 580 1322 possit
604 1252 654 1305 ei
683 1253 885 1307 nubere
913 1264 960 1316 α,
988 1251 1032 1306 si
1065 1259 1245 1320 potest
1281 1254 1512 1323 probare
1548 1269 1646 1324 per
1682 1251 1889 1323 justum
1921 1255 2000 1308 in-

416 1343 635 1407 ilicium,
658 1343 802 1411 quod
825 1356 1009 1396 verum
1035 1342 1126 1405 sit,
1155 1343 1385 1412 accipiat
1407 1342 1590 1397 alium.
1621 1361 1639 1395 ι

980 1432 1208 1487 CAPUT
1253 1432 1417 1486 XXX.

419 1525 492 1581 De
532 1525 611 1579 his
638 1540 755 1594 qua:
802 1535 1124 1579 menstruum
1172 1526 1478 1594 sanguinem
1518 1524 1637 1580 aliis
1676 1525 1730 1579 in
1770 1526 1882 1579 cibo
1924 1525 2003 1579 vel

481 1606 604 1665 potu
627 1595 788 1659 dant;
817 1605 865 1649 et
889 1596 954 1647 de
982 1596 1061 1648 Itis
1091 1596 1180 1663 qui
1204 1596 1461 1655 maqicam
1490 1605 1655 1649 artem
1684 1595 2003 1651 divinatione

483 1675 530 1718 et
559 1666 782 1735 augurio
811 1665 1105 1718 observant.

2655 1095 2884 1153 CAPUT
2936 1098 3145 1153 XXXII.

2309 1184 2387 1239 De
2414 1186 2494 1238 Itis
2519 1189 2615 1256 qui
2662 1187 2993 1256 fornicamur
3016 1190 3468 1245 irrationabiliter.

2173 1274 2302 1327 Item
2333 1275 2384 1328 in
2416 1278 2703 1347 Ancyrano
2749 1278 3002 1344 concilio,
3035 1296 3152 1350 cap.
3191 1282 3279 1343 15,
3327 1283 3588 1354 scriptum
3615 1294 3694 1338 es‘

2104 1365 2169 1419 de
2202 1366 2285 1419 his
2310 1366 2401 1435 qui
2442 1367 2905 1434 irrationabiliter,
2955 1370 3005 1423 id
3052 1380 3137 1425 est
3166 1388 3286 1425 eum
3328 1374 3616 1443 pecoribus
3643 1383 3699 1427 et

2102 1457 2376 1521 masculis,
2422 1456 2757 1513 fornicantur
2789 1478 2802 1513 :
2835 1478 2854 1509 ι
2892 1459 3167 1531 Quotquot
3209 1471 3336 1517 ante
3376 1464 3697 1534 vigesimum

2104 1546 2280 1601 mtatis
2325 1561 2525 1601 annum
2557 1548 2665 1603 tale
2707 1548 2912 1604 crimen
2957 1552 3348 1615 commiserint,
3392 1569 3480 1607 xvi
3525 1569 3700 1609 annos

2108 1645 2225 1692 aeta
2270 1638 2588 1707 pmnitentia
2643 1641 3077 1696 communionem
3130 1652 3445 1697 mereantur
3491 1646 3698 1698 oratio-

485 1758 562 1812 De
591 1730 678 1811 his
703 1756 888 1821 etiam,
921 1771 1084 1826 super
1105 1756 1300 1824 quibus
1339 1757 1709 1826 interrogas“,
1740 1759 1792 1814 id
1830 1766 1916 1813 es,
1940 1759 2005 1814 de
2036 1732 2081 1791 Β
2110 1745 2258 1784 num.
2290 1730 2489 1784 Deinde
2532 1731 2902 1826 quinquennio
2930 1733 2997 1826 in
3024 1734 3140 1826 Altae
3178 1734 3563 1789 communione
3603 1735 3699 1826 du-

415 1847 503 1901 illa
527 1845 728 1902 femina
755 1861 875 1915 qua:
896 1853 1234 1900 menstruum
1259 1848 1576 1918 sanguinem
1608 1838 1763 1903 suum
1788 1848 2007 1903 miscuit

416 1939 540 1994 cibo
574 1937 659 1992 vel
696 1937 866 2007 potui,
898 1945 955 1991 et
989 1937 1139 1992 dedit
1170 1938 1286 1992 viro
1331 1955 1446 2003 suo,
1481 1948 1543 1994 ut
1580 1940 1920 2006 comederet;
1953 1948 2009 1995 et

416 2045 537 2099 quae
566 2043 750 2084 semen
780 2028 880 2082 viri
921 2028 1004 2083 sui
1028 2028 1081 2082 in
1115 2039 1243 2099 potu
1270 2029 1440 2096 bibit;
1470 2039 1526 2087 ct
1563 2030 1633 2085 de
1671 2046 1757 2096 ea,
1784 2046 1903 2100 qua:
1927 2040 2007 2086 te-

416 2128 557 2174 stam
599 2119 833 2174 hominis
857 2118 1155 2175 combussit
1183 2119 1314 2190 igni,
1364 2129 1418 2174 et
1450 2120 1568 2174 viro
1612 2135 1711 2176 suo
1739 2121 1882 2176 dedit
1910 2134 2008 2191 pro

420 2210 733 2267 infirmitate
754 2209 1006 2266 vitanda:
1034 2211 1178 2279 quali
1204 2211 1521 2281 paenitentia
1545 2211 1655 2267 sint
1679 2211 2009 2282 plcctendae?

421 2300 494 2357 Ut
517 2300 672 2357 nobis
711 2300 947 2365 videtur,
996 2300 1087 2355 tali
1129 2301 1397 2356 sententia
1436 2300 1665 2357 feriendi
1695 2311 1838 2368 sunt,
1869 2303 2012 2358 sicut

419 2389 562 2461 magi
612 2397 670 2443 et
697 2389 878 2454 arioli,
911 2389 1003 2459 qui
1043 2390 1307 2460 magicam
1349 2398 1521 2445 artem
1561 2391 1867 2447 exercuisse
1912 2406 2010 2447 no-

329 2483 339 2491 ’
371 2531 373 2535 ,
421 2492 667 2539 scuntur.
696 2482 829 2536 Nam
861 2483 927 2537 de
961 2482 1064 2547 his,
1092 2482 1185 2553 qui
1229 2483 1495 2553 magicam
1525 2491 1699 2538 artem
1728 2493 2009 2551 exercent,

419 2586 474 2631 et
520 2575 744 2646 auguria
795 2575 1099 2640 attendunt,
1151 2583 1206 2629 et
1251 2575 1641 2631 divinationem
1688 2578 2007 2643 observant,

421 2664 689 2722 Theodori
709 2664 1100 2734 archiepiscopi
1133 2664 1630 2736 gentis.Anglorum
1658 2666 2008 2721 constitutio-

424 2771 523 2812 nes
549 2757 828 2820 habemus,
859 2756 913 2809 in
944 2756 1141 2825 quibus
1174 2755 1433 2824 scripturn
1471 2764 1591 2811 est:
1628 2775 1646 2807 ι
1678 2756 1779 2823 Qui
1823 2756 2012 2811 inuno-

425 2848 501 2900 lat
519 2844 800 2901 daemoniis
827 2846 881 2898 in
906 2845 1169 2908 minimis,
1191 2861 1357 2900 unum
1376 2862 1579 2900 annum
1602 2847 1892 2914 paeniteat;
1917 2847 2010 2915 qui

423 2953 556 2993 vero
583 2938 637 2991 in
659 2938 891 3007 magnis,
922 2952 953 2989 x
982 2951 1154 2991 annos
1187 2937 1461 3007 pmniteat.
1494 2937 1682 2992 Mulier
1710 2939 1758 2992 si
1786 2954 1891 3009 qua
1917 2955 2010 3008 po-

425 3033 506 3088 nit
526 3031 689 3087 tiliam
709 3045 860 3086 suam
889 3045 1051 3100 supra
1074 3038 1297 3095 tectum,
1314 3030 1398 3085 vel
1426 3030 1478 3084 in
1501 3030 1799 3096 fornacem,
1812 3048 1911 3101 pro
1931 3047 2012 3087 sa-

427 3124 596 3178 nitate
610 3120 799 3187 febris,
813 3136 886 3177 vn
901 3137 1072 3178 annos
1084 3122 1359 3192 pmniteat.
1377 3121 1479 3189 Qui
1493 3123 1685 3179 ardere
1704 3122 1833 3178 facit
1844 3138 2010 3194 grana

426 3214 519 3270 ubi
543 3222 786 3269 mortuus
802 3222 904 3278 est,
920 3214 1023 3268 hoc
1044 3230 1143 3284 pro
1154 3215 1385 3270 sanitate
1409 3215 1702 3270 viventium
1720 3224 1775 3271 et
1796 3215 2008 3284 domus,

426 3321 459 3358 v
489 3319 658 3359 annos
688 3304 969 3374 paeniteat.
999 3303 1056 3358 Si
1081 3303 1273 3358 mulier
1300 3304 1689 3361 incantationes
1708 3306 1791 3361 vel
1811 3306 2011 3362 divina-

427 3397 600 3452 tiones
629 3396 838 3460 fecerit,
858 3411 1022 3450 unum
1055 3410 1279 3461 annum,
1305 3395 1387 3450 vel
1414 3404 1525 3451 tres
1545 3396 2006 3467 quadragesimas,

423 3486 507 3541 vel
534 3503 601 3541 XI.
624 3486 758 3551 dies,
784 3486 939 3555 juxta
974 3486 1290 3567 qualitatem
1313 3486 1503 3557 culpae,
1528 3487 1807 3556 pteniteat.
1841 3506 1860 3540 ι

496 3576 574 3633 De
623 3577 724 3632 hoc
769 3576 821 3630 in
856 3576 1084 3631 concilio
1132 3576 1440 3646 Aneyrano,
1492 3592 1612 3647 cap.
1640 3577 1731 3642 22,
1759 3578 1958 3633 dicitur
1990 3596 2004 3631 :

430 3685 449 3716 ι
482 3665 583 3733 Qui
609 3665 855 3736 auguria,
879 3665 1143 3734 auspicia,
1178 3666 1293 3721 sive
1332 3666 1564 3729 somnia,
1596 3665 1681 3720 vel
1727 3666 2010 3723 divinatio-

427 3771 524 3811 nes
563 3756 828 3824 quaslibet
863 3755 1158 3809 secundum
1202 3770 1381 3809 mores
1410 3755 1647 3826 gentium
1694 3756 2003 3819 observant,

427 3853 520 3899 aut
551 3846 605 3899 in
653 3845 841 3899 domos
868 3859 995 3898 suas
1019 3845 1323 3914 hujusmodi
1365 3846 1611 3901 homines
1641 3846 1918 3912 inducunt,
1950 3847 2004 3901 in

426 3936 775 4006 exquirendis
799 3935 977 4003 aliqua
1003 3944 1120 3989 arte
1149 3935 1423 4000 ntalellcis,
1455 3945 1547 3991 aut
1582 3946 1643 3991 ut
1669 3938 1858 3994 domos
1879 3953 2007 3999 suas

430 4027 687 4090 lustrent;
714 4024 792 4090 hi,
817 4024 862 4078 si
890 4024 958 4078 de
981 4024 1127 4080 clero
1149 4033 1294 4089 sunt,
1309 4025 1659 4095 abjieiantur;
1684 4028 1727 4081 si
1754 4043 1884 4084 vero
1908 4044 2008 4084 sa:-

429 4115 659 4180 culares,
700 4113 1068 4184 quinquennio
1110 4113 1429 4183 pcnniteant.
1462 4114 1561 4180 Qui
1608 4116 1785 4171 cibum
1815 4118 2007 4174 immo-

429 4208 596 4263 latum
624 4204 942 4269 comederit,
969 4211 1024 4258 et
1061 4203 1252 4271 deinde
1281 4202 1560 4259 confessus
1604 4204 1786 4269 fuerit,
1824 4221 2005 4262 sacer-

402 4301 526 4375 .dos
567 4298 912 4355 considerare
941 4295 1101 4351 debet
1137 4309 1443 4366 personam,
1476 4295 1530 4348 in
1576 4311 1679 4366 qua
1722 4305 1898 4363 :etate,
1925 4299 2007 4355 vel

428 4391 695 4462 quomodo
720 4390 960 4452 edoctus,
989 4394 1085 4441 aut
1117 4384 1347 4456 qualiter
1372 4385 1679 4454 contigerit,
1707 4394 1764 4441 et
1788 4387 1863 4441 ita
1905 4404 2006 4443 au-

428 4483 655 4538 ctoritas
689 4478 1038 4535 sacerdotalis
1076 4478 1222 4533 circa
1272 4476 1545 4533 infirmum
1591 4476 1921 4542 moderetur,
1951 4488 2006 4534 et

432 4573 484 4626 in
511 4571 655 4626 omni
677 4570 994 4641 poenitentia
1020 4582 1254 4637 semper,
1271 4574 1326 4621 et
1344 4564 1740 4622 confessionem
1762 4568 2003 4632 omnino,

433 4664 486 4717 in
512 4670 769 4732 quantum
793 4661 935 4715 Deus
972 4658 1227 4728 adjuvare
1254 4658 1519 4729 dignetur,
1545 4672 1670 4714 cum
1693 4657 1839 4713 omni
1879 4658 2005 4713 dili-

431 4751 610 4822 gentia
636 4755 1007 4804 conservetur.
1043 4767 1062 4799 ι

999 4833 1226 4893 CAPUT
1249 4837 1443 4891 XXXI.

820 4908 897 4963 De
921 4908 1176 4977 sortilegis
1206 4916 1251 4961 et
1288 4908 1600 4976 auguribus.

487 5002 618 5057 Item
646 5001 699 5055 in
722 5002 947 5056 concilio
968 5001 1259 5070 Agathensi
1312 5000 1379 5055 de
1420 5001 1689 5072 sortilegis
1718 5001 1800 5057 vel
1843 5018 2007 5074 augu-

432 5100 571 5153 rium
599 5095 953 5149 servantibus.
987 5095 1249 5163 scriptum
1278 5104 1396 5150 est:
1429 5114 1447 5145 ι
1480 5095 1558 5149 Ne
1586 5096 1651 5151 de
1684 5109 1750 5150 eo
1780 5093 2010 5151 fortasse

498 5246 527 5276 ι
554 5233 609 5288 Id
633 5240 738 5295 est,
768 5230 1013 5302 copulam
1042 5230 1310 5302 carnalem
1343 5231 1562 5285 habere.

498 5306 527 5345 ιι
552 5303 674 5359 Haec
700 5301 862 5358 verba
892 5301 1071 5355 addita
1114 5301 1327 5354 fuerant
1351 5303 1417 5354 ad
1450 5301 1746 5359 marginem
1770 5301 1837 5354 ab
1862 5316 2008 5355 ama-

429 5376 637 5440 uuensi,
672 5374 865 5429 deinde
892 5371 976 5426 vel
1006 5387 1034 5425 a
1067 5370 1376 5435 Stewartio,
1412 5371 1491 5423 vel
1537 5370 1664 5435 alio,
1701 5372 1754 5424 in
1801 5380 2002 5425 textum

429 5444 649 5499 inserta.
696 5443 839 5499 Vidit
874 5442 1141 5503 Baluzius,
1174 5440 1254 5493 vir
1299 5448 1469 5494 acuta:
1510 5442 1678 5504 naris,
1722 5440 1809 5494 illa
1850 5455 2001 5493 men-

428 5522 534 5567 tem
568 5514 774 5569 Rabam
817 5514 1093 5566 evidenter
1117 5511 1459 5578 impugnare;
1492 5510 1715 5578 ideoque
1746 5512 2006 5577 expunxit

428 5597 596 5653 usque
639 5585 706 5638 ad
743 5582 947 5637 verba:
982 5582 1264 5653 superﬂua
1305 5590 1378 5653 est
1417 5579 1719 5653 Ituju_smodi
1764 5582 1999 5653 quwstjo.

430 5646 542 5704 Non
566 5653 865 5725 refragatur
893 5654 1006 5723 ipse
1034 5646 1303 5707 Mallillon.
1339 5650 1389 5705 in
1421 5646 1625 5718 ptmfat.
1657 5646 1793 5703 Suec}
1822 5665 1871 5701 tv
1904 5648 2001 5703 Be-

2109 1829 2310 1885 rantes,
2356 1830 2484 1876 tunc
2529 1822 2743 1876 demmn
2777 1821 3068 1876 oblationis
3111 1831 3450 1877 sacramenta
3490 1824 3702 1878 contin-

2108 1920 2255 1981 gant.
2284 1910 2615 1966 Discutiatur
2651 1912 2762 1965 vita
2792 1926 3003 1975 eorum,
3037 1912 3214 1982 qualis
3260 1921 3501 1982 tempore
3525 1916 3700 1983 poeni-

2110 2000 2309 2055 tudinis
2331 2000 2619 2065 exstiterit,
2646 2009 2701 2055 et
2722 2001 2796 2054 ita
2821 2002 3246 2057 misericordiam
3276 2013 3697 2073 consequantur.

2109 2089 2259 2155 Quod
2314 2089 2359 2143 si
2410 2086 2805 2160 inexplebiliter
2851 2089 2934 2144 his
2984 2089 3191 2145 haesere
3237 2092 3575 2155 criminibus,
3635 2094 3703 2147 ad

2108 2182 2369 2252 agendam
2410 2182 2784 2252 paenitentiam
2833 2181 3097 2252 prolixius
3143 2191 3352 2254 tempus
3402 2184 3700 2238 insumant.

2109 2273 2383 2342 Quotquot
2426 2280 2603 2327 autem
2640 2281 2761 2343 post
2812 2289 2879 2327 xx
2925 2288 3098 2328 annos
3124 2274 3317 2339 aetatis,
3362 2289 3559 2330 uxores
3607 2276 3703 2328 ha-

2108 2361 2320 2427 bentes,
2350 2362 2404 2416 in
2446 2362 2550 2416 hoc
2573 2372 2797 2431 peccato
2822 2361 3055 2433 prolapsi
3087 2372 3229 2429 sunt,
3263 2379 3368 2418 xxv
3399 2380 3573 2418 annos
3594 2380 3705 2433 pte-

2109 2453 2388 2507 nitcntiam
2417 2462 2660 2522 agentes,
2691 2454 2759 2507 ad
2785 2454 3048 2508 oration-is
3095 2455 3531 2510 communionem
3563 2456 3703 2509 reci—

2106 2544 2345 2615 piantur.
2391 2544 2449 2599 In
2495 2559 2625 2613 qua,
2672 2545 3044 2615 quinquennio
3076 2546 3353 2612 durantes,
3384 2556 3514 2600 tunc
3553 2546 3705 2602 obla-

2111 2633 2272 2688 tionis
2297 2642 2637 2689 sacrarnenta
2676 2635 2997 2705 percipiant.
3030 2635 3183 2702 Quod
3209 2637 3254 2690 si
3293 2648 3348 2690 et
3373 2652 3572 2691 uxores
3600 2638 3703 2692 ha-

2109 2728 2316 2791 bentes,
2339 2735 2392 2781 et
2415 2727 2858 2783 transcendentes
2882 2723 3388 2799 quinquagesimum
3410 2731 3587 2784 attatis
3610 2745 3703 2783 ano

2110 2834 2259 2883 num,
2287 2818 2360 2872 ita
2400 2818 2748 2888 deliquerint,
2795 2820 2863 2876 ad
2903 2820 3107 2875 exitum
3153 2821 3277 2875 vitae
3305 2823 3702 2879 communionis

2110 2908 2338 2978 gratiam
2367 2918 2787 2978 consequantur.
2825 2929 2843 2961 ι

2183 2999 2314 3054 Item
2342 3000 2396 3054 in
2422 3000 2611 3055 eodem
2644 3002 2907 3068 concilio,
2938 3019 3057 3074 cap.
3101 3004 3169 3059 16
3197 3024 3209 3059 :
3245 3023 3263 3055 ι
3295 3005 3402 3061 Eos
3435 3007 3527 3076 qui
3559 3008 3703 3061 irra-

2039 3084 2083 3146 C
2116 3090 2443 3145 tionabiliter
2468 3092 2735 3160 vixerint,
2768 3102 2824 3148 et
2853 3096 2905 3149 in
2945 3095 3095 3166 lepra
3122 3094 3256 3164 justi
3286 3097 3533 3153 criminis
3564 3099 3705 3153 alios

2112 3181 2431 3251 polluerint,
2469 3184 2727 3252 prchepit
2769 3196 2955 3240 sancta
2983 3185 3219 3255 synodus
3255 3186 3396 3242 inter
3419 3200 3516 3242 eos
3542 3198 3707 3240 orare

2112 3274 2205 3341 qui
2226 3272 2417 3343 spiritu
2443 3273 2819 3342 periclitantur
2846 3275 3141 3330 immundo.
3185 3304 3203 3337 ι

2654 3363 2882 3420 CAPUT
2919 3363 3155 3419 XXXIII.

2677 3456 2754 3510 De
2784 3456 3123 3511 eucharistia.

2183 3550 2335 3618 Quod
2353 3558 2530 3604 autem
2556 3550 2949 3620 interrogastis,
2966 3558 3146 3604 utrum
3173 3550 3535 3615 Eucharistia,
3551 3563 3675 3622 post
3688 3585 3712 3594 -

2109 3657 2269 3711 quam
2291 3641 2640 3705 consumitur,
2662 3641 2792 3695 etin
2814 3655 3084 3695 secessum
3106 3642 3372 3696 emittitur
3391 3642 3539 3698 mare
3559 3645 3702 3698 alio-

2109 3748 2229 3788 rum
2264 3733 2538 3797 ciborum,
2571 3733 2766 3787 iterum
2804 3733 2988 3787 redeat
3026 3733 3082 3786 in
3114 3742 3362 3787 naturam
3390 3735 3699 3804 pristinam,

2108 3838 2270 3893 quam
2300 3821 2566 3876 habuerat
2592 3830 2882 3894 antequam
2914 3822 2965 3876 in
2998 3822 3155 3876 altari
3187 3833 3623 3879 consecraretur.

2179 3912 2231 3985 [δ
2262 3912 2366 3967 Ista
2392 3912 2658 3967 sententia
2688 3913 2965 3967 contraria
2988 3922 3071 3967 est
3097 3915 3378 3969 sententiis
3400 3914 3703 3970 Clementis

2107 4016 2279 4072 papm,
2310 4010 2365 4056 et
2402 4000 2633 4055 aliorum
2662 4002 2952 4056 multorum
2983 4012 3291 4058 sanctorum
3323 4004 3563 4070 Patrum,
3603 4007 3702 4075 qui

2109 4092 2296 4146 dicunt
2314 4106 2510 4161 corpus
2536 4091 2746 4146 Domini
2776 4108 2881 4148 non
2906 4108 3028 4147 cum
3067 4094 3280 4149 caeteris
3316 4096 3702 4152 communibus

2109 4183 2246 4237 cibis
2282 4199 2377 4253 per
2423 4184 2756 4253 aqualiculos
2785 4185 2835 4239 in
2864 4200 3134 4241 secessum
3173 4186 3358 4259 mitti.]
3411 4187 3698 4259 Supertlua

2108 4282 2190 4328 est
2206 4274 2523 4344 «lutjusmodi
2552 4274 2798 4343 qumstio,
2829 4290 2951 4329 cum
2993 4276 3106 4346 ipse
3134 4276 3385 4332 Salvator
3420 4279 3620 4334 dixerit
3642 4282 3699 4333 in

2110 4363 2399 4434 Evangelio
2431 4381 2444 4416 :
2474 4381 2493 4413 ι
2525 4364 2695 4419 Omne
2735 4365 2882 4433 quod
2926 4365 3092 4419 intrat
3134 4367 3187 4420 in
3232 4383 3317 4431 os,
3358 4367 3413 4421 in
3447 4378 3698 4423 ventrem

2032 4442 2084 4500 D
2115 4471 2133 4503 ‹
2167 4453 2314 4507 vadit
2342 4461 2396 4508 et
2442 4454 2494 4506 in
2524 4468 2797 4507 secessum
2824 4453 3090 4509 emittitur
3132 4453 3369 4527 (Matth).
3404 4469 3421 4502 ι
3495 4455 3698 4512 Sacra—

2111 4553 2351 4598 mentum
2382 4555 2404 4583 ο
2434 4545 2678 4614 corporis
2719 4553 2776 4598 et
2814 4546 3115 4613 sanguinis,
3163 4546 3215 4601 id
3259 4546 3391 4601 estsl
3432 4562 3498 4602 ex
3536 4550 3698 4602 rebus

2108 4634 2409 4690 visibilibus
2455 4643 2511 4689 et
2549 4635 2918 4705 corporalibus
2962 4637 3277 4702 conficitur;
3318 4638 3412 4691 sed
3449 4638 3699 4692 invisibi-

2109 4728 2217 4783 lem
2248 4738 2358 4782 tam
2393 4729 2635 4799 corporis
2685 4744 2847 4798 quam
2882 4728 3075 4782 animm
3102 4727 3266 4781 etlicit
3308 4728 3697 4783 sanctiﬁcatio-

2114 4833 2234 4872 nem
2268 4817 2365 4890 [et]
2397 4819 2643 4873 salutem.
2695 4820 2824 4885 Qua:
2851 4827 2934 4872 est
2961 4819 3103 4873 enim
3140 4821 3278 4872 ratio
3317 4827 3375 4871 ut
3404 4819 3508 4873 hoc
3547 4818 3694 4887 quod

2115 4912 2388 4967 stomacho
2428 4911 2704 4981 digeritur,
2733 4921 2787 4965 et
2826 4912 2877 4964 in
2921 4925 3193 4965 secessum
3221 4921 3244 4949 ο
3273 4910 3564 4975 emittitur,
3596 4910 3705 4965 ite-

2108 5019 2230 5057 rum
2256 5004 2306 5056 in
2331 5011 2529 5056 statum
2558 5003 2841 5071 pristinum
2869 5003 3073 5067 redeat,
3104 5017 3229 5056 cum
3252 5000 3428 5055 nullus
3451 5001 3555 5056 hoc
3586 5017 3693 5055 un-

2111 5109 2273 5163 quam
2302 5092 2416 5146 fieri
2439 5107 2559 5147 esse
2585 5094 2913 5147 ass-eruerit?

2113 5224 2334 5279 nedicti.
2363 5224 2422 5277 Β.

2183 5306 2206 5365 ξ
2235 5296 2288 5347 1η
2311 5295 2496 5349 codice
2519 5293 2790 5349 Mabillon.
2824 5294 3018 5365 legitur
3042 5314 3055 5349 :
3085 5294 3481 5350 Sacramentum
3504 5311 3648 5364 ergo.

2177 5363 2204 5403 ἀ
2236 5365 2482 5419 Βθιθιιόιη
2514 5365 2614 5437 illa:
2640 5381 2820 5429 voces,
2847 5363 2898 5417 id
2918 5436 2921 5437 ν
2943 5376 3041 5431 est,
3071 5383 3189 5437 qua:
3218 5368 3414 5421 desunt
3461 5368 3512 5420 in
3557 5363 3692 5420 eod.

2109 5450 2211 5489 ms.
2238 5444 2292 5488 et
2320 5450 2536 5487 sensum
2562 5435 2856 5489 invertunt.
2885 5436 3020 5489 Msa.

2109 5575 2148 5628 Τ
2182 5505 2617 5628 eleutlcxﬁAgton.
2639 5506 2817 5561 Faurii
2838 5507 3006 5572 addit,
3024 5515 3078 5559 ut
3096 5517 3308 5561 stercus.
3332 5504 3469 5561 Ilus.
3490 5504 3692 5558 Annal.

2156 5608 2173 5628 .
2274 5591 2365 5628 .n.
2430 5583 2456 5626 2
2500 5612 2515 5627 .

2156 5608 2173 5628 .
2202 5575 2289 5640 tv,
2315 5591 2365 5643 υ.
2391 5575 2515 5627 628.
