3950 6184
189 342 285 398 495

1368 332 1721 387 (ΣΟΜΜΕΝΤ.
1763 331 1829 386 IN
1870 328 2319 385 EZECIIIEI.E.\I.

3356 318 3458 372 401

252 454 391 509 Nam
422 453 647 523 quidam
689 466 879 521 nuper,
909 449 974 503 de
1004 450 1120 518 ipso
1152 457 1491 502 sacramento
1533 446 1776 516 corporis
1808 456 1851 509 Α
1886 467 1902 497 ι
1942 461 2067 499 vere
2092 456 2176 499 est
2219 445 2391 507 cibus,
2423 452 2477 495 et
2515 442 2734 512 sanguis
2763 454 2915 494 meus
2948 451 3076 492 vere
3119 445 3203 491 est
3225 444 3401 506 potus.
3440 456 3460 487 ο

187 559 240 602 et
263 544 548 616 sanguinis
580 541 792 596 Domini
846 554 951 594 non
994 539 1095 591 rite
1122 536 1438 601 sentientes,
1480 535 1734 589 dixerunt
1765 553 1777 588 :

193 635 301 691 Hoc
330 634 510 703 ipsum
551 644 751 698 corpus
776 641 824 692 ε,
851 635 908 681 et
940 627 1252 697 sanguinem
1289 626 1520 689 Domini,
1547 625 1692 694 quod
1719 625 1783 679 de

192 724 353 779 Maria
408 720 636 792 Virgine
674 727 863 772 natum
902 723 1007 793 est,
1058 723 1113 769 et
1148 715 1200 768 in
1240 731 1347 783 quo
1376 715 1488 782 ipse
1527 714 1784 769 Dominus

192 828 381 887 passus
403 818 492 867 est
516 810 572 864 in
612 822 794 871 cruce,
829 815 884 861 et
930 805 1230 860 resurrexit
1271 806 1337 859 de
1367 804 1613 874 sepulcro
1638 804 1780 856 δη...

194 904 274 959 cui
322 901 502 957 errori
541 906 803 969 quantum
841 897 1136 967 potuimus,
1183 896 1249 949 ad
1285 894 1492 963 Egilum
1534 894 1782 948 abbatem

195 994 513 1056 scribentes,
540 991 607 1045 de
650 1005 877 1059 corpore
908 988 1025 1057 ipso
1050 986 1180 1056 quid
1210 1002 1336 1041 vere
1365 984 1689 1040 credendum
1718 984 1788 1039 sit

196 1085 530 1154 aperuimus.
573 1082 716 1137 Dicit
758 1081 901 1136 enim
948 1082 1012 1134 dc
1037 1093 1266 1150 corpore
1302 1090 1356 1133 et
1399 1078 1659 1148 sanguine
1690 1091 1789 1131 suo

197 1175 308 1244 ipse
340 1172 608 1226 Dominus
630 1172 683 1224 in
711 1170 1039 1238 Evangelio:
1076 1187 1095 1220 ι
1132 1169 1244 1239 Ego
1268 1183 1388 1222 sum
1430 1167 1586 1237 panis
1612 1168 1787 1230 vivus,

204 1284 220 1314 ι
253 1263 347 1332 qui
380 1263 452 1316 de
498 1261 640 1316 caelo
678 1260 967 1325 descendi;
1008 1260 1053 1314 si
1099 1259 1224 1327 quis
1272 1258 1678 1312 manducaverit
1720 1272 1788 1311 ex

204 1373 221 1404 ι
255 1353 359 1406 hoc
390 1365 557 1420 pane,
581 1350 729 1404 vivet
756 1350 808 1409 in
843 1358 1126 1403 aeternum.
1154 1348 1298 1403 Caro
1334 1349 1479 1402 enim
1507 1363 1629 1401 mea
1665 1363 1792 1403 vere

206 1462 224 1494 ι
252 1450 343 1496 est
357 1440 542 1503 cibus,
562 1448 619 1494 et
644 1439 866 1507 sanguis
886 1454 1041 1493 meus
1062 1454 1188 1493 vere
1207 1446 1291 1493 est
1316 1449 1491 1507 potus.
1516 1438 1617 1504 Qui
1641 1453 1793 1492 man-

208 1551 225 1583 ι
262 1530 432 1585 ducat
479 1542 656 1583 meam
693 1542 937 1591 carnem,
969 1536 1027 1582 et
1070 1527 1205 1582 bibit
1233 1542 1411 1582 meum
1452 1526 1790 1597 sanguinem,

207 1640 226 1672 ι
262 1618 429 1675 habet
453 1618 618 1672 vitam
641 1626 921 1671 aeternam.
961 1636 979 1668 ι
1010 1616 1160 1671 Hanc
1186 1632 1316 1686 ergo
1357 1616 1523 1670 vitam
1555 1632 1660 1670 non
1694 1616 1792 1670 ha-

205 1714 316 1774 bet,
347 1708 446 1780 qui
478 1708 630 1763 illum
661 1722 853 1777 panem
886 1723 992 1762 non
1023 1708 1333 1770 manducat,
1363 1721 1460 1760 nec
1486 1706 1646 1760 istum
1671 1722 1796 1760 san-

1885 538 2018 593 Cum
2040 537 2184 591 enim
2210 536 2330 591 cibo
2358 545 2413 589 et
2437 545 2562 606 potu
2613 533 2661 588 id
2692 542 2946 604 appetant
2977 530 3243 591 homines,
3278 537 3339 582 ut
3361 544 3469 582 non

1886 629 2148 692 esuriant,
2183 641 2356 695 neque
2392 626 2609 691 sitiant,
2641 625 2744 680 hoc
2772 625 3039 679 veraciter
3078 636 3186 675 non
3225 628 3468 690 praestat,

1887 719 1989 773 nisi
2019 718 2118 772 iste
2150 718 2302 771 cibus
2324 725 2378 771 et
2399 726 2573 786 potus,
2600 716 2689 783 qui
2716 730 2809 769 eos
2832 730 2860 767 a
2885 714 3081 783 quibus
3109 711 3340 768 sumitur
3366 710 3471 763 im—

1889 808 2142 861 mortales
2171 817 2223 860 et
2257 806 2691 875 incorruptibiles
2723 804 2884 869 facit;
2915 804 2967 857 id
2991 812 3074 858 est
3098 802 3331 857 societas
3358 802 3468 871 ipsa

1888 906 2220 963 sanctorum,
2237 896 2323 948 ubi
2342 912 2443 965 pax
2461 897 2583 959 erit,
2599 904 2652 949 et
2671 896 2847 949 unitas
2861 895 3015 965 plena
3032 903 3196 962 atque
3208 892 3470 963 perfecta.

2427 1007 2655 1062 CAPUT
2692 1006 2929 1061 XXXIV.

2192 1090 2214 1116 ε
2249 1078 2323 1131 De
2348 1079 2667 1133 restitutione
2697 1077 2889 1131 Ebonis
2919 1080 3162 1148 episcopi.
3180 1071 3215 1122 Ὦ

1963 1178 2035 1229 De
2071 1176 2270 1229 Ebonis
2299 1182 2478 1230 autem
2514 1172 2835 1227 Rhemensis
2862 1172 3096 1241 episcopi
3138 1170 3474 1240 depositione

1894 1274 2056 1334 atque
2084 1265 2425 1320 restitutione
2457 1278 2562 1317 non
2609 1277 2829 1317 necesse
2854 1277 2979 1341 esse
3017 1261 3227 1316 aestimo
3255 1269 3359 1313 tuae
3388 1260 3473 1314 in-

1896 1358 2243 1428 terrogationi
2268 1358 2614 1426 respondere.
2636 1354 2860 1408 Videant
2888 1354 2962 1408 illi
2984 1355 3076 1424 qui
3105 1355 3206 1409 hoc
3225 1362 3473 1424 egerunt,

1894 1459 2073 1501 utrum
2107 1446 2252 1515 juste
2297 1463 2364 1500 an
2417 1446 2614 1515 injuste
2655 1446 2756 1513 hoc
2796 1444 3042 1499 fecerint.
3074 1444 3206 1513 Ego,
3245 1443 3371 1497 dum
3424 1443 3475 1495 ia

1894 1542 2203 1611 episcopatu
2255 1538 2643 1610 Moguntiensis
2680 1537 2936 1591 Ecclesia:
2979 1536 3229 1605 indignus
3276 1536 3478 1589 consti-

1895 1638 2046 1684 tutus
2075 1644 2215 1691 sum,
2248 1628 2427 1683 inveni
2455 1643 2578 1680 eum
2610 1627 2663 1681 in
2690 1625 3070 1680 Hiltineshaim
3096 1624 3124 1664 ἀ
3155 1627 3208 1679 in
3238 1623 3476 1677 Saxonia

1894 1719 2254 1791 episeopalem
2282 1720 2465 1774 sedem
2501 1720 2722 1774 habere.
2769 1718 2876 1772 Nec
2911 1734 3034 1772 eum
3067 1718 3314 1787 prohibui
3343 1733 3481 1786 pra:-

205 1802 422 1873 ευίηθω
445 1800 603 1855 Ml)“-
627 1798 764 1852 Νθπι
792 1798 936 1853 mam
978 1798 1327 1867 temporalem
1358 1798 1519 1852 Vitam
1562 1797 1678 1851 Sine
1702 1796 1794 1852 ίηο
1828 1801 1868 1860 Β
1898 1813 2030 1866 sulis
2049 1812 2282 1867 cilicium
2309 1826 2517 1881 gerere,
2548 1811 2674 1880 quia
2695 1810 2898 1873 audivi,
2927 1810 2994 1862 ab
3019 1808 3324 1879 Apostolica
3353 1809 3482 1862 sctle

207 1894 457 1949 homines
494 1901 769 1960 utcunque
812 1890 866 1944 in
914 1890 1017 1945 hoc
1065 1889 1263 1943 smculo
1299 1888 1500 1943 habere
1548 1895 1792 1957 possunt,

205 1985 293 2055 qui
337 2000 448 2038 non
493 1990 621 2038 sunt
648 1997 747 2052 per
790 1982 949 2037 tidem
998 1981 1051 2035 in
1096 1996 1321 2053 corpore
1349 1981 1504 2050 ejus;
1537 1990 1796 2034 aeternam

208 2090 332 2129 vero
359 2088 666 2142 nunquam,
713 2087 833 2141 quae
861 2071 1065 2126 sanctis
1089 2070 1445 2140 promittitur.
1489 2069 1569 2123 Ne
1614 2080 1798 2123 autem

207 2176 464 2239 putarent
491 2168 572 2222 sic
597 2167 650 2221 in
678 2167 783 2221 isto
807 2167 929 2221 cibo
959 2175 1013 2221 et
1033 2174 1180 2236 potu,
1209 2181 1368 2234 quem
1399 2165 1689 2220 carnaliter
1709 2180 1799 2219 su-

211 2271 380 2325 munt,
406 2270 463 2315 et
491 2260 844 2331 spiritualiter
868 2276 975 2314 non
1001 2260 1323 2331 intelligunt,
1349 2261 1401 2314 in
1430 2260 1534 2315 fide
1557 2261 1799 2330 promitti

209 2353 373 2407 vitam
414 2360 675 2407 aeternam
705 2370 720 2405 :
751 2360 829 2416 ut,
861 2351 953 2420 qui
987 2366 1110 2405 eam
1134 2359 1433 2416 sumerent,
1469 2365 1569 2405 nec
1596 2351 1797 2416 anima,

211 2458 308 2498 nec
346 2457 581 2512 corpore
622 2452 983 2507 morerentur,
1033 2443 1159 2497 huic
1186 2442 1499 2512 cogitationi
1551 2443 1802 2511 dignatus

210 2542 291 2588 est
326 2547 644 2588 occurrere.
693 2531 825 2586 Nam
876 2547 998 2587 cum
1038 2532 1286 2596 dixisset,
1320 2523 1338 2581 ἆ
1369 2530 1471 2597 Qui
1513 2532 1801 2586 manducat

215 2647 233 2678 ε
263 2641 488 2682 carnem
519 2642 719 2693 meam,
757 2636 813 2682 et
840 2627 974 2681 bibit
1021 2643 1199 2681 meum
1252 2627 1587 2698 sanguinem,
1640 2627 1804 2682 babet

217 2738 236 2772 ι
270 2720 442 2776 vitam
470 2728 755 2785 aeternam,
786 2740 804 2772 ι
834 2720 1088 2775 continuo
1111 2719 1340 2789 subjecit
1363 2728 1417 2774 et
1448 2719 1582 2774 dixit
1604 2739 1617 2773 :
1640 2738 1659 2770 ἰ
1688 2718 1801 2788 Ego

215 2828 235 2863 ι
270 2809 616 2865 resuscitabo
642 2824 764 2865 eum
789 2810 841 2864 in
872 2811 1167 2865 novissimo
1208 2811 1314 2875 die,
1354 2829 1372 2862 ι
1409 2819 1467 2864 ιιι
1496 2809 1687 2865 habeat
1715 2810 1801 2864 in-

214 2900 392 2964 terim,
440 2899 736 2953 secundum
773 2900 1045 2971 spiritum,
1089 2902 1254 2955 vitam
1301 2909 1581 2957 atternam.
1613 2901 1670 2955 In
1701 2916 1801 2956 no-

213 2988 436 3044 vissimo
459 3002 591 3059 ergo
621 2988 732 3050 die.
754 2990 969 3059 quando
1004 2992 1184 3045 anima
1211 2992 1580 3061 incorruptum
1607 3006 1803 3062 corpus

213 3081 490 3151 suscipiet,
529 3092 659 3136 tunc
690 3084 864 3137 anima
908 3091 961 3138 et
980 3098 1176 3154 corpus
1208 3083 1576 3155 cujuscunque
1606 3085 1801 3151 sancti,

213 3173 267 3228 in
313 3189 484 3228 unum
533 3173 774 3240 sociata,
820 3174 1093 3230 habebunt
1138 3176 1305 3231 vitam
1345 3185 1626 3242 aeternam,
1675 3177 1801 3246 quia

213 3265 528 3319 adunantur
556 3264 717 3319 simul
739 3273 903 3335 caput
924 3274 978 3320 et
1001 3267 1265 3328 membra,
1288 3274 1343 3321 et
1375 3266 1455 3322 sic
1484 3276 1652 3320 totum
1682 3283 1801 3322 cor-

213 3370 314 3426 pus
339 3354 545 3411 Christi
590 3357 845 3428 gaudebit
880 3358 933 3411 in
968 3368 1304 3428 perpetuum.
1330 3358 1468 3414 Caro
1508 3360 1649 3413 enim
1682 3374 1801 3414 mea

286 3500 315 3530 ι
339 3488 475 3543 Cod.
504 3489 630 3543 Ant.
658 3489 836 3545 Faurii
866 3492 1032 3557 addit,
1057 3510 1183 3547 esse.
1218 3493 1355 3546 Mm.

290 3558 680 3631 l>Lacuna_hic
724 3564 894 3615 estin
944 3578 1044 3615 ms.
1093 3564 1389 3631 exemplari
1435 3564 1661 3626 Canisii,
1711 3564 1804 3618 sed

218 3629 298 3681 sic
323 3643 444 3682 eam
472 3628 698 3699 replevit
729 3631 976 3686 lialuzius
998 3650 1012 3684 :
1039 3632 1175 3686 idem
1196 3628 1305 3686 esse
1330 3636 1466 3703 quod
1496 3632 1721 3686 sumitur
1741 3634 1805 3686 de

222 3786 1553 3818 m

1560 3797 1953 3806 ψ

1899 1904 1950 1956 in
1975 1903 2150 1957 locum
2173 1919 2328 1957 suum
2368 1890 2672 1956 restitutum
2699 1916 2837 1957 esse.
2883 1900 3080 1970 Sicque
3106 1902 3172 1955 ad
3208 1899 3368 1954 finem
3404 1901 3485 1952 vi-

1896 2001 1965 2047 ta:
1995 1993 2048 2047 in
2074 2009 2172 2048 suo
2192 1990 2367 2048 ofﬁcio
2394 1992 2671 2047 remansit.
2700 1991 3034 2061 Rogantibus
3057 1998 3237 2045 autem
3261 1990 3486 2059 quibus-

1897 2084 2018 2139 dam
2070 2084 2348 2148 fratribus,
2390 2083 2681 2137 Hincmaro
2710 2083 2964 2152 episcopo
3008 2080 3346 2153 [libemensi]
3376 2095 3482 2133 nu-

1896 2188 1995 2242 per
2026 2189 2124 2244 pro
2152 2174 2253 2227 hoc
2283 2173 2399 2243 ipso
2425 2172 2712 2242 epistolam
2732 2172 2927 2235 direxi,
2954 2171 3080 2241 quia
3121 2169 3300 2224 audivi
3334 2168 3482 2230 eum,

1900 2265 2019 2319 illos
2064 2279 2201 2334 quos
2234 2264 2347 2317 Ebo
2375 2273 2497 2333 post
2526 2262 2973 2318 restauratidnem
3005 2275 3158 2314 suam
3197 2274 3487 2315 consecra-

1892 2354 1999 2421 vit,
2044 2368 2074 2407 a
2121 2353 2439 2408 sacerdotali
2472 2360 2636 2422 atque
2669 2339 2904 2405 clericali
2951 2349 3129 2405 cilicio
3167 2351 3483 2404 removisse.

1900 2440 2187 2511 Postquam
2218 2450 2398 2497 autem
2451 2442 2581 2500 mihi
2629 2442 2751 2495 inde
2776 2455 3089 2511 responsum
3121 2448 3487 2510 opportunum

1902 2535 2169 2589 redditum
2202 2533 2384 2597 fuerit,
2413 2534 2510 2588 tibi
2548 2534 2799 2587 intimare
2828 2532 3048 2587 curabo.

1971 2625 2097 2680 Haec
2128 2624 2289 2696 igitur
2314 2624 2431 2686 tibi,
2464 2632 2649 2678 sancte
2675 2623 2864 2682 frater.
2887 2623 3039 2692 juxta
3069 2622 3486 2693 postulationem

1904 2727 2052 2773 tuam
2080 2718 2147 2772 ad
2176 2717 2532 2785 interrogata,
2559 2723 2823 2785 quanutm
2851 2713 3117 2783 aegritudo
3144 2711 3345 2767 infirmi
3373 2729 3488 2767 cor-

1902 2809 2053 2882 poris
2074 2808 2176 2863 mei
2200 2809 2433 2873 sinebat,
2463 2817 2519 2861 et
2547 2789 2903 2864 commoditas
2932 2807 3191 2876 temporis
3220 2807 3487 2876 permisit,

1898 2902 2051 2973 juxta
2095 2908 2403 2955 sanctorum
2455 2914 2724 2954 canonum
2782 2899 3025 2953 instituta
3074 2909 3129 2954 et
3175 2910 3489 2954 sanctorum

1904 2993 2122 3047 Patrum
2170 2993 2489 3057 sententias,
2540 2993 2867 3062 respondere
2910 2992 3116 3046 curavi.
3156 2992 3237 3046 Tu
3285 3000 3486 3057 autem,

1905 3085 1995 3153 qui
2021 3099 2209 3154 sospes
2233 3099 2315 3150 es,
2341 3092 2397 3139 et
2424 3084 2715 3138 multorum
2746 3084 3006 3139 librorum
3049 3085 3259 3155 copiam
3300 3084 3493 3155 acqui-

1831 3144 1875 3206 ς
1911 3193 2030 3232 rere
2059 3187 2115 3233 et
2153 3178 2333 3248 legere
2357 3162 2522 3242 vales,
2555 3178 2599 3231 si
2641 3177 2768 3246 quid
2796 3176 2988 3231 melius
3015 3183 3070 3230 et
3109 3144 3493 3246 congruentius

1910 3270 2151 3323 invenire
2174 3269 2400 3338 poteris.
2416 3283 2547 3322 mea:
2574 3268 2823 3337 parvitati
2849 3268 2901 3321 in
2926 3266 3203 3338 epistulari
3222 3265 3494 3337 scriptura

1912 3360 2161 3413 intimare
2188 3374 2292 3413 non
2315 3360 2574 3427 graveris.

1909 3494 2089 3547 altari.
2119 3492 2180 3545 Β.

1983 3576 2002 3597 ε’
2042 3563 2165 3617 llaec
2193 3562 2373 3616 addita
2403 3571 2529 3617 sunt
2550 3562 2935 3617 Pwnitentiali.
2963 3561 3024 3614 Β.

1980 3633 2004 3670 ά
2037 3631 2203 3703 Vulgo
2230 3631 2571 3686 llildcshenn.

1962 3793 3485 3818 m‘mw—“ﬁ

804 3944 1378 4058 ΒΕΔΤῘ
1453 3947 2192 4058 ΒΔΒΔΝῙ
2267 3946 2887 4060 ΜΔΠΒῙ

950 4156 1334 4215 FULDENSIS
1371 4155 1665 4213 ABBATIS
1702 4156 1791 4211 ET
1829 4154 2214 4213 MOGUNTINI
2250 4154 2768 4215 ARCHIEPISCOPI

427 4333 1930 4467 COMMENTARIORUM
2028 4342 2189 4465 IN
2282 4304 3295 4470 EZECHIELEM

1307 4570 1517 4631 LIBRI
1566 4570 1895 4632 VIGINTI.
1945 4571 2186 4649 (ANNO
2228 4573 2394 4652 8&2.)

1661 4740 2042 4750 .———_—-—-__

1077 4844 1408 4901 EPISTULA
1452 4844 1777 4901 LOTIIARII
1819 4846 2129 4903 AUGUSTI
2163 4847 2255 4902 AD
2293 4846 2644 4903 RABANUM.

1712 4992 2005 5006 ~—

288 5056 520 5152 lnclvtus
551 5060 881 5152 ortbodoxus
912 5062 1220 5121 Lortumus
1250 5067 1519 5139 Augustus
1554 5088 1653 5126 suo
1694 5073 1799 5125 ΠΑ-
1828 5076 1876 5135 D
1906 5072 2049 5141 loqui
2080 5086 2185 5125 non
2225 5069 2430 5134 valent;
2459 5085 2649 5126 omnes
2695 5074 2919 5144 expetit,
2946 5078 3225 5134 universos
3273 5081 3485 5152 invitat,

214 5163 352 5205 nso
386 5148 580 5204 Mutuo
603 5151 851 5205 salutem.

288 5238 623 5293 Desideranti
659 5242 789 5296 mihi
827 5252 920 5299 tuo
947 5245 1182 5315 alloquio
1210 5250 1380 5304 mutui
1415 5250 1642 5306 reddere
1671 5252 1804 5307 allo-

217 5326 328 5393 quii
356 5327 555 5393 cilicia,
584 5331 786 5401 vulgari
837 5336 1064 5389 tumultu
1113 5339 1267 5394 cassis
1306 5342 1524 5397 auribus
1564 5344 1801 5398 circum-

218 5427 428 5485 septus,
446 5418 708 5475 facundia:
733 5424 925 5479 horror
946 5436 1114 5491 arcet,
1131 5427 1320 5491 fateor,
1338 5434 1480 5500 cogit
1501 5433 1803 5488 dilectionis

219 5510 411 5571 ardor,
443 5518 501 5564 et
546 5515 903 5583 praerogativo
947 5518 1204 5590 suffragio
1252 5523 1488 5576 deLitum
1536 5526 1801 5593 persolvo.

220 5599 325 5654 Dat
364 5602 509 5657 vires
542 5604 707 5659 animi
735 5607 972 5664 charitas
1000 5611 1190 5666 diffusa
1225 5614 1315 5666 Dei
1344 5633 1355 5666 :
1381 5616 1620 5685 suggerit
1659 5617 1803 5670 enim

220 5688 385 5745 who
414 5688 763 5762 loquentibus
795 5696 1005 5767 illisque
1030 5700 1191 5754 donat
1216 5703 1377 5757 edere
1407 5719 1683 5758 sermones
1713 5705 1803 5773 qui

1911 5172 1958 5216 et
2005 5162 2110 5215 illis
2154 5161 2390 5215 occurrit
2427 5162 2677 5217 aetatibus
2712 5178 2832 5233 qua:
2873 5176 2997 5220 vota
3026 5169 3205 5223 dicere
3251 5187 3356 5226 non
3396 5192 3485 5229 sa-

1906 5253 2076 5320 piunt.
2100 5251 2355 5305 Absentia
2380 5263 2568 5306 nostra
2592 5252 2917 5309 desiderium
2935 5265 3085 5311 tuum
3098 5274 3204 5313 non
3225 5271 3489 5325 eoarctet.

1906 5342 2049 5413 quod
2094 5343 2339 5411 quamvis
2384 5358 2674 5412 corporeus
2722 5345 2974 5401 induetur
3000 5347 3204 5420 [Forte,
3236 5354 3488 5423 negetur]

1907 5440 2172 5502 aspectus,
2199 5433 2605 5502 amplitudinem
2647 5436 2842 5491 mentis
2871 5437 3147 5492 oculorum
3187 5439 3336 5494 visus
3380 5457 3486 5494 non

1908 5535 2243 5597 coangustat,
2273 5526 2315 5579 si
2346 5527 2523 5580 subito
2554 5528 2815 5581 translatu
2845 5530 3053 5597 rapitur
3077 5530 3128 5583 in
3156 5531 3368 5598 animo;
3394 5535 3488 5587 sed

1909 5617 2109 5682 ingenti
2140 5616 2492 5685 amplitudine
2539 5619 2800 5687 Spatians,
2825 5619 3122 5673 absentiam
3151 5618 3489 5688 co‘rporalent

1909 5705 2130 5775 Spiritali
2170 5715 2521 5775 reprzesentat
2564 5706 2739 5762 oilicio
2769 5728 2779 5760 :
2808 5708 3074 5776 quomodo
3102 5724 3233 5777 pure
3260 5711 3487 5781 diligent-
