1975 3092
223 142 272 170 £95

542 146 571 173 Β.
593 148 716 175 ΠᾹΒᾹΝΙ
736 149 843 176 MAURl
865 149 1022 177 ARClllEP.
1047 149 1201 178 MOGUNT.
1219 151 1360 180 OPERIIM
1380 153 1470 181 PARS
1490 154 1521 181 ll.

1804 155 1855 184 £95

223 202 288 229 tium
304 206 393 229 vestes
405 201 516 230 affectus
530 204 693 238 peregrinari
705 204 773 240 (sic).
788 205 821 231 Et
833 205 891 232 ideo
905 205 1010 240 llagita-
1027 211 1049 240 Α
1064 207 1210 240 invenitur,
1226 209 1258 236 ad
1274 209 1361 236 locum
1374 218 1459 245 usque
1474 211 1596 238 Threnos
1611 212 1700 239 ﬁnitos
1722 220 1784 239 cum
1797 222 1856 240 ora.

222 254 282 273 mus
296 251 326 274 ut
340 247 501 274 desiderium
514 252 559 274 tuo
577 248 603 274 in
616 249 698 275 corde
716 253 807 276 nostra
822 249 854 276 de
867 251 1011 284 praesentia

221 292 318 319 crebro
332 296 469 326 augeatur;
483 296 509 318 et
534 296 561 319 lu
588 300 603 319 a
628 299 774 328 conspectu
790 299 835 321 tuo
851 303 902 322 non
918 296 1011 330 procul

221 336 368 372 elongatus,
378 337 467 364 animo
477 336 574 364 devoto
590 338 616 364 in
632 342 678 366 tuo
691 346 798 373 semper
813 347 934 372 manens,
947 348 1012 368 eun~

220 382 395 416 ctipotentem
406 382 548 409 Dominum
560 383 764 418 infatigabiliter
785 385 909 413 obsecret
923 391 1011 413 vestra

220 428 327 455 assidua
353 427 497 463 ﬂagitatio,
520 434 611 457 nostra
637 438 686 465 pro
712 431 896 460 incolumitate
916 433 1009 466 animi,

220 472 340 508 conjugis
352 474 498 509 prolisque,
512 480 540 502 ut
556 483 678 511 represso
692 477 775 510 luctu,
788 486 918 506 concesso
928 487 1011 514 regno

218 519 297 545 simul
312 527 373 546 cum
387 521 465 548 bonis
484 521 605 550 lietemur
617 532 624 550 :
638 532 750 559 regnum
769 530 810 552 est
826 526 898 552 enim
913 533 1011 561 regno—

218 573 270 600 que
285 567 376 593 saaculi
398 567 476 602 longe
497 570 680 603 praestantius,
696 570 740 597 ubi
753 570 809 605 jam
832 579 884 598 non
905 572 1011 599 adversi

218 612 319 646 aliquid
334 613 464 648 contingit
475 615 545 642 unde
557 623 673 643 maerore
686 616 823 652 allligaris,
839 618 884 644 sed
900 619 1010 650 perenni

218 658 316 692 gaudio
329 659 476 687 exsultabis
489 669 495 686 :
508 660 559 687 hoc
568 661 697 695 judicium
714 666 755 689 est
771 670 862 689 verum
880 664 913 690 ad
928 664 1011 690 victo—

219 703 341 737 riamque
352 709 518 738 perventum.
535 706 585 732 Alii
598 706 741 734 conferunt
750 715 782 735 ex
795 708 937 736 devotione
949 708 1010 736 ﬁdei

219 757 274 776 suae
287 757 370 784 parva
392 751 433 777 vel
451 760 558 787 magna,
573 757 600 779 tu
619 753 774 781 conclusisti
790 755 944 782 muneribus
957 756 1010 783 tuis

220 797 297 824 nobis
304 797 449 825 maximum
457 798 553 825 librum
561 799 635 826 ducis
643 799 799 827 nobilissimi
806 800 868 827 Jesu
876 801 958 834 Nave,
965 802 1009 836 qui

219 847 311 877 typum
326 843 381 869 veri
397 844 468 878 regis
481 845 572 871 :L-terni
591 844 653 871 Jesu
673 844 772 872 Christi
794 846 963 880 praeferebat,
980 851 1008 874 ut

217 886 307 913 Jesum
321 888 481 915 comitemur
494 891 601 922 armati,
613 898 662 917 nec
676 890 754 918 aliter
768 891 800 918 ad
814 893 1006 926 capessendam

216 932 357 960 victoriam
378 934 498 961 valemus
518 935 661 968 accedere,
677 936 728 963 nisi
749 937 862 964 Domino
879 937 1006 964 virtutum

217 977 410 1005 adhtcreamus.
423 978 574 1013 Optandum
586 988 649 1007 vero
657 981 734 1008 nobis
743 986 795 1014 est,
807 986 835 1009 et
841 982 910 1009 votis
920 983 1006 1009 omni-

216 1022 266 1050 bus
280 1023 458 1055 ambiendum,
474 1025 524 1052 sub
535 1025 579 1051 tali
594 1026 722 1059 magistro
739 1026 878 1054 victricem
892 1028 1006 1055 tolerare

217 1067 340 1095 militiam
358 1069 536 1104 peragendam
560 1070 695 1104 triumpho
710 1071 790 1098 illius.
814 1070 876 1098 Hzec
889 1076 930 1098 est
943 1079 1007 1107 ergo

218 1113 304 1140 forma
330 1114 452 1141 certandi
476 1116 708 1150 consummatique
734 1124 829 1143 cursus
854 1117 1006 1144 obtinenda:

217 1158 346 1190 victoriae,
361 1166 420 1194 quae
437 1163 465 1186 et
478 1159 590 1186 formam
615 1164 727 1188 terrente
744 1161 905 1189 conditionis
928 1169 1005 1189 exsu-

216 1209 304 1238 perat,
318 1209 346 1231 et
368 1204 437 1232 ultra
451 1205 623 1239 corpulentia:
642 1205 796 1233 facultatem
816 1206 902 1241 gratia
923 1207 1005 1234 divini

217 1248 333 1284 Spiritus
352 1250 473 1286 erigitur.
497 1250 673 1278 Beatitudinis
696 1256 747 1279 tute
767 1252 909 1286 promissio
930 1256 958 1279 et
971 1252 1005 1279 de

216 1294 314 1321 divinis
326 1294 386 1321 aliis
398 1294 474 1322 libris
486 1296 628 1330 expositio.
640 1299 669 1322 ut
679 1299 800 1330 perlator
812 1296 889 1323 nobis
903 1295 1003 1328 retulit,

216 1340 358 1374 quaerenda
373 1340 449 1367 nobis
463 1340 505 1367 via
518 1345 574 1373 est,
591 1346 618 1368 et
633 1342 671 1368 sic
689 1349 840 1376 quaeramus
853 1347 880 1367 ut
897 1341 938 1368 siti
957 1349 1004 1368 no-

216 1389 278 1411 stra:
292 1393 344 1412 non
360 1385 467 1413 dill‘eras
486 1385 599 1413 Genesis
622 1387 726 1413 initium
747 1386 807 1414 libri
828 1395 912 1421 usque
936 1387 1003 1413 viam

216 1429 280 1464 ligni
292 1430 349 1457 vita:
365 1430 512 1457 secundum
528 1431 624 1457 littere
647 1439 764 1463 sensum,
781 1437 793 1450 α
809 1430 908 1465 jungas
929 1438 1002 1465 opes,

217 1475 310 1507 facies,
320 1476 471 1504 voluntates
496 1480 555 1503 tuas
576 1484 636 1504 cum
655 1477 742 1509 Bedat,
763 1477 826 1504 dum
849 1478 918 1511 quod
936 1477 1005 1504 alter

216 1520 386 1554 desideravit,
403 1526 515 1556 uterque
530 1522 658 1556 proﬁciat
675 1522 798 1550 Jeremiat
815 1530 963 1556 sermones,
975 1523 1001 1550 in

1065 250 1147 282 tione,
1166 259 1229 287 rogo
1244 257 1273 279 ut
1290 253 1405 287 spiritali
1419 262 1499 282 sensu
1511 262 1640 290 exponas.
1655 256 1779 283 Ezechiel
1793 265 1855 285 vero

1063 297 1090 323 iu
1105 296 1197 323 ultima
1213 297 1327 331 visione,
1341 299 1375 326 ab
1389 306 1421 327 eo
1436 299 1496 327 loco
1512 300 1539 327 in
1551 308 1605 335 quo
1618 308 1693 336 papae
1706 302 1856 330 beatissimi

1063 340 1183 376 Gregorii
1206 343 1323 371 homilize
1344 346 1530 377 terminantur,
1546 354 1631 381 usque
1647 347 1681 373 ad
1702 347 1784 375 ﬁnem
1799 356 1856 382 pro-

1062 387 1169 421 plietire,
1190 388 1216 414 in
1232 396 1285 423 qua
1303 390 1387 417 nostri
1412 391 1565 426 interpretis
1587 400 1683 420 sensus
1706 393 1785 428 juxta
1810 402 1856 421 ann

1063 439 1164 467 agogen
1179 433 1320 466 rimantur,
1332 435 1413 462 etiam
1428 436 1546 463 ethicam
1556 444 1636 471 quam
1651 438 1799 472 quierimus
1812 443 1854 465 tua

1062 477 1169 513 largitio
1191 480 1303 514 aperiat.
1330 480 1458 515 Appende
1472 482 1603 510 beneﬁcia
1617 491 1787 519 quteeunque
1804 484 1856 512 lar-

1062 524 1139 558 giris,
1154 526 1320 560 :equatisque
1335 527 1456 554 lancibus
1476 535 1506 554 ea
1525 536 1585 562 qua:
1599 529 1777 556 redhibentur
1791 537 1855 557 exa-

1063 569 1145 595 mina.
1163 569 1191 596 Si
1207 574 1310 604 partem
1327 572 1470 605 receperis,
1489 572 1599 600 habebis
1616 573 1642 600 in
1658 574 1769 601 residuo
1781 575 1854 602 debi-

1064 619 1164 646 torem;
1181 615 1204 641 si
1217 619 1301 642 totum
1315 617 1432 643 creditor
1444 624 1503 644 esse
1516 618 1630 650 desiisti,
1645 623 1745 652 quanto
1759 619 1853 646 melius

1061 663 1104 685 est
1117 663 1260 693 utrumque
1275 660 1430 695 prospicere
1451 662 1521 695 quod
1541 665 1569 688 et
1587 666 1686 689 sortem
1711 662 1816 697 repleat
1826 668 1853 689 et

1061 710 1171 730 usuram
1193 704 1368 738 multiplicet,
1390 705 1461 732 aliud
1478 706 1503 732 in
1519 706 1645 740 prmsenti
1656 726 1663 738 ,
1679 706 1753 734 aliud
1768 707 1796 733 in
1814 706 1854 733 fu-

1061 754 1122 776 turo
1140 750 1210 784 quod
1228 750 1317 784 perire
1336 758 1389 778 non
1408 752 1503 785 possit.
1519 751 1619 783 Placet,
1636 752 1759 787 inquam,
1774 753 1851 779 habi-

1061 795 1126 823 tatio
1147 800 1192 822 tua
1207 796 1296 828 nobis,
1311 797 1332 823 si
1348 798 1465 824 creditur
1478 798 1511 824 ab
1521 799 1593 825 omni
1606 797 1736 831 jactantia
1752 798 1850 825 aliena.

1060 841 1123 868 Plus
1146 841 1218 868 enim
1246 841 1400 868 interiorem
1431 842 1565 869 hominem
1592 843 1692 870 rustica
1719 843 1852 869 montium

1023 885 1045 914 Β
1059 886 1186 918 solitudo,
1201 894 1281 921 quam
1300 887 1397 922 regalis
1410 887 1517 914 urbium
1531 888 1701 922 pulchritudo
1717 888 1850 918 delectat;

1059 931 1103 958 ubi
1120 931 1191 958 nulla
1214 931 1320 958 liventis
1338 932 1437 958 invidia
1460 932 1632 967 tranquillum
1655 937 1750 966 pectus
1772 933 1850 960 hilari

1057 976 1187 1003 mentitur
1210 976 1319 1008 intuitu,
1346 984 1395 1004 nec
1420 976 1503 1004 fucati
1533 978 1666 1004 sermonis
1691 978 1851 1004 adumbraui

1057 1020 1194 1048 blanditiis
1218 1022 1315 1049 artiﬁci
1335 1023 1437 1049 scelere
1460 1026 1552 1049 mutua
1569 1023 1717 1050 iabricatur
1739 1023 1848 1050 astutia.

1056 1065 1136 1093 Juvat
1149 1067 1268 1094 animum
1282 1068 1411 1102 quidquid
1426 1068 1531 1102 adjacet
1541 1068 1634 1095 obtutu
1648 1068 1777 1095 interiore
1790 1076 1851 1102 per—

1056 1112 1277 1139 currerezmodo
1300 1113 1333 1139 de
1354 1113 1493 1147 profundis
1514 1112 1606 1140 oculos
1632 1113 1749 1145 elevare,
1772 1113 1851 1140 modo

1057 1152 1195 1190 despicere
1210 1156 1342 1183 convallia
1354 1157 1387 1184 de
1402 1157 1537 1192 supernis,
1550 1161 1678 1191 tantoque
1692 1156 1851 1192 ﬂagrantius

1056 1201 1089 1228 ad
1111 1201 1205 1228 altiora
1225 1202 1396 1236 protendere,
1413 1206 1514 1237 quanto
1527 1202 1650 1237 cupidius
1667 1203 1701 1229 ad
1717 1202 1771 1228 alta
1790 1210 1850 1236 per-

1056 1246 1167 1273 venerit.
1183 1246 1247 1274 Vale
1263 1247 1289 1273 in
1304 1247 1427 1279 Domino,
1442 1252 1469 1274 et
1483 1251 1617 1275 memento
1628 1247 1788 1282 petitionum
1803 1255 1850 1274 no-

1055 1296 1174 1318 strarum
1198 1299 1257 1326 qua:
1280 1292 1388 1319 inserta:
1410 1297 1473 1319 sunt
1490 1292 1516 1319 in
1536 1292 1640 1319 duabus
1662 1292 1805 1327 epistolis,
1820 1296 1849 1318 ut

1055 1335 1163 1363 solertia
1177 1339 1221 1362 tua
1237 1336 1337 1363 tribuat
1350 1336 1420 1371 quod
1434 1337 1585 1371 benignitas
1600 1336 1676 1370 petit,
1693 1340 1721 1362 ut
1736 1340 1848 1370 propter

1055 1381 1258 1407 diuturnitatem
1281 1381 1420 1415 temporis,
1436 1381 1534 1408 obnixe
1556 1381 1744 1416 imploramus,
1760 1389 1776 1407 a
1791 1388 1847 1408 mo-

1054 1426 1192 1453 deratione
1206 1425 1339 1452 tarditatis
1353 1426 1483 1452 memoria
1498 1429 1542 1452 tua
1557 1433 1610 1452 non
1625 1425 1755 1452 discedat.
1776 1424 1848 1452 Duas

1055 1471 1102 1498 tibi
1123 1471 1251 1505 epistolas
1265 1471 1336 1503 misi,
1347 1479 1461 1506 quarum
1477 1479 1528 1498 una
1547 1476 1589 1498 est
1603 1470 1713 1506 legenda
1731 1474 1846 1502 tantum,

1054 1513 1111 1540 haec
1124 1520 1189 1540 vero
1200 1513 1285 1541 altera
1298 1517 1325 1540 et
1340 1513 1464 1548 legenda,
1480 1518 1507 1540 et
1520 1514 1547 1540 in
1561 1513 1628 1540 libro
1641 1512 1730 1548 operis
1744 1513 1782 1540 tui
1798 1520 1847 1539 an-

216 1565 312 1599 quibus
328 1566 417 1601 magni
439 1567 593 1601 interpretis
617 1567 774 1603 Hieronymi
793 1568 925 1604 expositio
949 1576 1003 1596 non

1057 1558 1215 1593 teponenda.

251 1627 263 1641 ι
282 1621 368 1649 Locus
380 1627 534 1658 corruptus.

889 1771 1175 1806 ΡΒΛΕῈΑΊῚΟ

660 1855 705 1882 Al)
725 1855 935 1884 PIUEDICTUM
955 1856 1138 1884 PRINClPEM
1159 1857 1362 1885 RESCRIPTA.

253 1966 362 1994 Domino
382 1966 554 1992 serenissimo
568 1971 593 1992 et
607 1966 831 1993 excellentissimo
845 1967 999 2001 imperatori

216 2013 353 2039 Lornamo
362 2011 493 2046 Augusto,
505 2011 639 2044 “annos,
652 2013 778 2040 minimus
791 2021 928 2040 servorum
941 2013 999 2046 Dei,

214 2061 341 2084 ietcrnam
358 2056 384 2082 in
399 2056 506 2083 Christo
520 2060 594 2090 optat
606 2056 730 2083 salutem.

250 2102 382 2135 Quantum
398 2109 445 2128 vos
466 2101 548 2128 animi
564 2101 615 2128 mei
638 2101 749 2128 intentio
762 2101 864 2137 diligat,
879 2102 949 2129 Deus
961 2105 999 2129 te-

213 2151 261 2177 stis
282 2154 337 2181 est;
353 2149 414 2184 quia
428 2153 455 2175 et
475 2149 518 2175 hic
532 2148 608 2175 vobis
629 2156 734 2183 semper
751 2156 878 2182 prospera
894 2149 998 2179 adesse,

212 2200 239 2222 et
252 2196 278 2222 in
291 2194 380 2222 futura
397 2194 450 2221 vita
471 2198 573 2221 aeterna
598 2194 668 2220 bona
693 2194 838 2220 succedere
857 2193 998 2225 desidero;

212 2246 238 2268 et
253 2242 303 2269 lioc
315 2248 363 2268 oro
375 2240 482 2268 assidue
494 2244 523 2267 ut
534 2240 724 2274 omnipotentis
738 2239 784 2266 Dei
800 2239 940 2266 clementia
956 2239 1000 2266 hic

213 2296 259 2314 vos
271 2296 285 2314 a
301 2280 407 2314 cunctis
429 2288 551 2314 hostibus
577 2290 712 2321 protectos
727 2286 770 2313 diu
789 2290 877 2313 servet
900 2285 1001 2312 incolu-

213 2341 284 2364 mes,
303 2337 331 2359 et
354 2333 379 2359 in
406 2340 487 2366 regno
508 2332 611 2359 cazlesti
634 2332 714 2358 simul
734 2339 795 2358 cum
817 2331 917 2358 sanctis
945 2331 1000 2358 suis

212 2383 318 2404 :etcrnat
333 2377 507 2404 beatitudinis
531 2377 629 2404 eﬁiciat
650 2377 804 2412 participes.
830 2376 905 2404 Unde
918 2376 999 2403 etiam

213 2423 376 2450 voluntatem
400 2423 485 2449 habeo
505 2423 581 2457 juxta
604 2424 759 2457 petitionctn
782 2427 899 2450 vestram
914 2427 942 2449 et
958 2430 1001 2449 sc-

213 2469 329 2496 cuudum
345 2472 465 2495 tenorem
480 2468 598 2502 cpistola:
617 2476 697 2502 quam
721 2468 785 2495 mihi
803 2468 922 2499 misistis,
939 2472 1001 2495 voto

214 2519 302 2541 vestro
322 2512 493 2544 satisfacere,
510 2518 537 2539 et
557 2513 685 2547 quidquid
701 2514 726 2540 in
742 2513 838 2540 studiis
863 2520 1000 2540 sacrarum

214 2560 362 2586 litterarum
384 2558 425 2585 vel
440 2558 598 2585 tractatibus
619 2558 770 2585 divinarum
789 2557 999 2592 Scripturarum,

213 2605 302 2632 divina
326 2604 412 2639 gratia
435 2603 579 2638 largiente,
607 2603 730 2630 laborare
752 2608 880 2637 potuero,
905 2608 1001 2630 vestra:

213 2649 361 2683 pnesentia:
374 2647 542 2683 potissimum
561 2647 676 2681 dirigere
688 2656 694 2673 :
708 2652 736 2674 ut
749 2648 871 2675 habeatis
887 2648 960 2679 illud,
976 2651 1002 2674 et

213 2694 293 2720 simul
306 2701 368 2721 cum
382 2693 479 2720 vestris
499 2692 611 2719 eruditis
626 2693 781 2720 doctoribus
804 2693 999 2724 examinantes,

214 2739 341 2773 quidquid
355 2739 391 2766 ibi
404 2738 560 2766 inveneritis
575 2739 641 2765 bene
653 2742 680 2764 et
690 2746 806 2773 congrue
818 2738 929 2769 dictum,
944 2737 1001 2771 cjns

214 2787 306 2821 gratia:
320 2788 371 2816 hoc
384 2787 516 2822 deputctis
530 2794 543 2812 a
556 2794 608 2820 quo
624 2791 665 2813 est
677 2794 756 2813 omne
768 2786 880 2817 bonum;
895 2786 916 2812 si
937 2786 1000 2820 quid

217 2841 278 2859 \cro
292 2834 368 2861 aliter
380 2842 460 2868 quam
485 2833 573 2867 regula
590 2832 710 2860 veritatis
726 2832 820 2859 doceat
834 2832 868 2858 ibi
885 2832 999 2866 positum

1052 1965 1128 1993 vobis
1141 1966 1271 1998 videatur,
1284 1966 1336 1994 hoc
1356 1968 1437 1993 etiam
1453 1966 1520 1994 mihi
1533 1967 1611 1994 citius
1627 1967 1752 1995 intimare
1765 1976 1844 1996 cure

1052 2011 1095 2043 tis,
1113 2016 1141 2038 ut
1154 2017 1199 2039 aut
1212 2020 1331 2039 errorem
1349 2020 1436 2039 meum
1450 2013 1592 2048 corrigam,
1607 2017 1653 2040 alit
1663 2013 1685 2040 si
1700 2014 1844 2041 obscurius

1051 2057 1152 2084 dictum
1165 2057 1210 2090 sit,
1223 2057 1328 2092 planius
1341 2058 1438 2085 dicam.
1455 2057 1500 2085 Sic
1514 2058 1585 2086 enim
1599 2058 1700 2085 laboris
1715 2059 1767 2085 mei
1785 2058 1842 2086 fru-

1050 2107 1124 2130 ctum
1139 2111 1297 2138 consequar,
1314 2104 1335 2130 si
1351 2104 1402 2130 illis
1419 2104 1491 2130 utilis
1512 2105 1565 2130 erit
1580 2104 1625 2138 qui
1646 2111 1678 2131 eo
1692 2105 1730 2131 uti
1751 2105 1843 2139 elege-

1051 2149 1113 2175 rint.
1131 2148 1206 2181 Quod
1220 2153 1309 2177 autem
1323 2150 1349 2176 in
1365 2149 1476 2184 epistola
1491 2153 1578 2176 vestra
1595 2149 1773 2184 subjunxistis
1786 2155 1843 2177 tres

1051 2194 1194 2228 petitiones
1216 2195 1294 2221 simul
1320 2195 1453 2229 ponendo,
1476 2195 1525 2222 hoc
1549 2198 1599 2226 est,
1625 2199 1655 2221 ut
1680 2195 1842 2221 historicum

1051 2247 1159 2266 sensum
1177 2240 1202 2266 in
1216 2240 1326 2267 exordio
1346 2240 1458 2267 Genesis
1478 2240 1552 2267 vobis
1567 2239 1752 2273 explanarem,
1767 2243 1794 2266 ct
1810 2240 1844 2266 de

1052 2290 1167 2312 tractatu
1182 2286 1252 2312 beati
1266 2285 1418 2320 Hieronymi
1435 2285 1460 2312 in
1475 2284 1621 2312 Jeremiam
1639 2285 1801 2319 prophetam
1815 2285 1843 2311 id

1051 2332 1121 2366 quod
1134 2336 1194 2366 post
1207 2337 1312 2359 sextum
1331 2331 1428 2358 librum
1443 2326 1617 2365 expositionis
1629 2331 1687 2365 ejus
1706 2338 1793 2364 usque
1807 2331 1844 2357 ad

1052 2377 1130 2403 linem
1145 2381 1229 2404 restat
1250 2377 1412 2411 supplet-em,
1428 2376 1478 2404 feci
1492 2380 1621 2410 quantum
1638 2377 1722 2410 potui.
1739 2376 1773 2402 Et
1794 2383 1845 2402 cx-

1052 2423 1210 2457 positionem
1234 2423 1261 2449 iu
1286 2422 1382 2449 librum
1406 2422 1519 2449 Genesis
1536 2422 1664 2453 condens,
1680 2428 1789 2448 sensum
1814 2422 1843 2448 in

1051 2476 1083 2496 eo
1108 2469 1264 2496 historicum
1291 2476 1340 2496 nec
1366 2476 1419 2495 non
1435 2473 1462 2495 et
1485 2468 1657 2502 allegoricum
1681 2468 1844 2502 opportunis

1052 2515 1116 2542 locis
1128 2515 1204 2549 juxta
1221 2519 1374 2541 sanctorum
1389 2513 1498 2540 Patrum
1519 2513 1690 2545 documenta,
1707 2517 1845 2546 quantum

1052 2559 1117 2585 satis
1130 2559 1241 2590 credidi,
1256 2558 1407 2593 explanavi.
1432 2558 1460 2584 Si
1475 2558 1535 2592 quis
1547 2561 1637 2584 autem
1650 2556 1753 2591 majora
1767 2565 1846 2591 qun:-

1053 2609 1103 2637 rat,
1119 2605 1189 2640 legat
1207 2605 1290 2632 libros
1308 2604 1382 2631 beati
1400 2603 1540 2639 Augustini
1556 2603 1589 2630 de
1606 2603 1703 2630 Genesi
1719 2603 1752 2629 ad
1768 2602 1845 2629 litte-

1052 2658 1108 2677 ram
1122 2671 1128 2682 ,
1157 2655 1185 2677 ct
1205 2650 1240 2677 ibi
1263 2649 1427 2676 suilloienter
1449 2648 1539 2675 omnia
1562 2647 1682 2682 exposita
1708 2647 1844 2674 inveniet.

1053 2696 1253 2730 Expositionem
1266 2704 1330 2722 vero
1342 2696 1368 2722 in
1380 2694 1675 2729 Jcremiam,quantum
1689 2701 1722 2720 ex
1735 2699 1848 2720 sancto-

1053 2750 1109 2768 rum
1125 2742 1233 2768 Patrum
1250 2742 1392 2768 sentcntiis
1405 2741 1573 2775 explanatam
1590 2740 1690 2771 inveni,
1706 2743 1732 2766 et
1755 2747 1848 2773 quan-

1052 2790 1106 2813 tum
1128 2794 1160 2812 rx
1186 2787 1293 2820 proprio
1309 2794 1388 2813 sensu
1403 2785 1535 2819 conjicere
1556 2785 1641 2816 valui,
1653 2784 1708 2818 jam
1722 2784 1802 2811 vobis
1818 2785 1848 2811 in

1052 2833 1142 2867 viginti
1168 2833 1242 2859 libris
1262 2831 1483 2865 comprehensum
1509 2830 1655 2857 transmisi.
1679 2829 1757 2862 Quod
1777 2837 1849 2857 vero
