3950 6184
262 342 366 401 497

1236 340 1590 398 COMMENT.
1632 341 1698 396 IN
1739 340 2191 397 EZECIIIELEM.
2235 370 2302 379 -—
2342 338 2467 392 LIB.
2509 338 2551 392 Ι.

3433 340 3535 395 498

265 453 422 509 tertio
447 451 568 504 loco
596 447 910 519 postulastis
933 448 998 502 dc
1026 446 1313 504 Ezechiele
1339 449 1391 503 in
1416 451 1668 521 przesenti
1696 465 1857 518 opus-
1885 453 1933 510 Α
1960 450 2105 514 bam,
2127 457 2181 504 et
2208 464 2395 502 eorum
2428 447 2723 502 sententias
2750 456 2910 515 prout
2939 446 3039 517 ipsi
3072 463 3163 501 eas
3186 448 3531 518 protulerant

260 543 403 607 cule,
430 547 594 611 prout
636 538 928 592 inﬁrmitas
975 538 1217 606 corporis
1262 549 1318 594 et
1363 540 1607 609 parvitas
1654 539 1855 609 ingenii

262 636 409 699 sinit,
435 631 747 698 confectum
784 630 1029 695 habetis;
1066 629 1166 684 feci
1215 630 1358 684 enim
1408 646 1511 684 non
1542 630 1695 701 quasi
1743 645 1858 684 suc-

259 739 448 781 cessor
488 736 641 792 papa:
667 719 911 789 Gregorii
947 726 1002 772 ct
1032 719 1353 788 praedicator
1379 719 1551 789 plebis
1579 719 1694 785 Dei,
1731 735 1857 789 sup-

260 813 457 886 plendo
479 813 584 866 hoc
610 810 753 879 quod
783 809 871 863 ille
896 808 1238 863 homiliarum
1269 810 1577 864 conditione
1602 808 1854 879 populum

260 907 463 961 docens
495 901 794 966 inchoavit,
817 910 872 955 et
898 911 1075 954 tamen
1109 916 1278 969 usque
1303 901 1369 955 ad
1400 901 1561 956 finem
1583 904 1858 972 prophetae

260 1012 363 1051 non
397 994 689 1065 perduxit:
720 993 815 1047 sed
847 993 999 1061 quasi
1043 992 1286 1048 imitator
1320 1001 1374 1047 et
1410 992 1720 1062 discipulus,
1751 1011 1857 1050 non

261 1087 435 1142 solum
468 1084 639 1156 ipsius
661 1082 948 1137 memorati
975 1097 1147 1152 papae,
1177 1082 1271 1137 sed
1305 1093 1360 1138 et
1392 1083 1620 1138 aliorum
1645 1094 1861 1140 sancto-

260 1193 380 1261 rui‘n
399 1177 689 1230 doctorum
718 1173 943 1242 vestigia
966 1172 1262 1244 sequendo.
1291 1172 1540 1229 Condcns
1558 1190 1693 1245 opus
1715 1177 1859 1245 quod

262 1268 523 1340 rogastis,
554 1282 665 1321 non
716 1272 920 1319 tantum
962 1264 1016 1318 in
1062 1271 1359 1318 extremam
1401 1272 1632 1335 partem,
1666 1266 1759 1320 sed
1803 1266 1857 1320 in

263 1371 437 1417 totum
465 1360 783 1431 prophetam
802 1394 819 1417 .
848 1365 907 1411 et
946 1356 1282 1428 singulorum
1311 1357 1593 1413 doctorum
1638 1366 1858 1413 senten-

263 1456 389 1519 tias,
415 1468 649 1523 quorum
697 1450 839 1503 dicta
870 1447 973 1519 legi
1006 1462 1104 1518 per
1134 1446 1344 1518 singula
1377 1448 1515 1514 loca,
1544 1448 1703 1503 simul
1733 1464 1856 1503 cum

262 1554 390 1600 uota
414 1543 702 1598 nominum
730 1554 940 1604 eorum,
971 1538 1148 1609 posui.
1193 1538 1345 1606 Quod
1377 1546 1558 1593 autem
1590 1538 1721 1592 mihi
1770 1538 1854 1591 in-

262 1650 429 1706 super
457 1633 640 1688 divina
672 1630 846 1700 gratia
896 1629 1223 1699 investigare
1265 1629 1555 1693 concessit,
1588 1628 1747 1683 simul
1775 1629 1857 1683 in-

188 1784 189 1787 η
265 1725 529 1796 tet-posui.
566 1723 632 1777 Et
654 1723 794 1777 sicut
819 1720 1066 1776 Jeremiae
1095 1728 1383 1775 tractatum
1410 1720 1463 1774 in
1488 1721 1675 1791 viginti
1703 1720 1857 1777 libris

1960 537 2274 608 Opportunis
2306 536 2435 592 locis
2466 536 2624 591 simul
2654 553 2777 591 cum
2803 545 2925 591 nota
2962 539 3237 592 nominum
3268 554 3455 594 eorum
3486 540 3538 594 in
3595 602 3601 608 ,

1956 631 2229 701 opusculis
2264 631 2399 685 meis
2439 631 2905 700 intcrposueram?
2936 631 3102 702 Magis
3130 628 3280 686 enim"
3304 634 3436 688 mihi
3469 634 3542 688 vi-

1958 722 2186 776 debatur
2213 721 2430 776 salubre
2455 736 2573 775 esse
2606 729 2664 775 ut
2687 722 3046 776 humilitatem
3079 738 3304 777 servans
3325 733 3541 779 sancto-

1957 830 2076 867 rum
2113 813 2334 867 Patrum
2362 812 2624 867 doctrinis
2654 813 2936 878 inniterer,
2965 829 3126 883 quam
3152 828 3247 883 per
3275 830 3536 886 arrogan-

1958 902 2112 968 tiam,
2154 903 2306 971 quasi
2337 902 2608 972 prapriam
2639 902 2851 957 laudem
2897 906 3208 973 quaerendo,
3241 920 3358 959 mea
3391 905 3541 960 inde-

1958 1005 2145 1052 center
2189 995 2508 1065 proferrem,
2554 996 2770 1064 quando
2805 997 2909 1051 hoc
2955 1013 3177 1053 summa:
3224 999 3544 1056 humilitatis

1958 1085 2234 1154 exemplar
2260 1093 2316 1139 et
2346 1086 2601 1156 magister
2638 1086 2750 1156 ipse
2784 1087 3043 1141 Dominus
3073 1087 3378 1143 faciendum
3408 1106 3540 1160 quo-

1960 1178 2247 1234 dammodo
2277 1193 2373 1232 suo
2398 1178 2645 1248 exemplo
2672 1180 2865 1233 docere
2890 1180 3156 1247 videatur,
3181 1182 3271 1251 qui
3297 1184 3350 1236 in
3375 1182 3544 1237 Evan-

1958 1269 2097 1341 gelio
2157 1278 2347 1325 contra
2402 1268 2615 1324 Iudaeos
2672 1270 2976 1327 incredulos
3032 1280 3086 1327 et
3146 1274 3542 1344 vituperatores

1958 1377 2085 1415 suos
2114 1361 2396 1431 disputans
2426 1362 2502 1414 ait
2524 1359 2703 1432 (Joan.
2731 1363 2826 1434 vn)
2855 1380 2867 1416 :
2898 1362 3053 1428 Quia
3072 1366 3342 1436 semetipso
3369 1365 3536 1439 loqui-

1957 1460 2065 1516 tur,
2092 1452 2355 1521 propriam
2385 1450 2609 1521 gloriam
2635 1455 2856 1519 qurerit;
2894 1456 2985 1524 qui
3013 1464 3186 1509 autem
3211 1460 3396 1525 quaerit
3423 1457 3536 1528 glo-

1959 1540 2092 1592 riam
2124 1539 2238 1605 eins
2264 1540 2355 1609 qui
2393 1541 2531 1593 misit
2557 1540 2728 1608 illum,
2766 1543 2849 1596 hic
2876 1560 3034 1597 verax
3076 1553 3170 1610 est,
3195 1555 3243 1599 et
3283 1546 3544 1616 injustitia

1957 1631 2011 1682 in
2062 1630 2152 1683 illo
2199 1647 2303 1684 non
2349 1640 2441 1683 est.
2492 1630 2643 1685 Unde
2682 1632 3003 1687 nobilissimi
3047 1634 3319 1702 doctores,
3354 1637 3545 1692 beatus

1958 1720 2210 1775 videlicet
2237 1720 2613 1791 Hieronymus,
2641 1733 2803 1794 atque
2841 1725 3194 1796 Augustinus,
3224 1743 3323 1783 nec
3358 1745 3464 1783 non
3488 1738 3542 1783 et

264 1817 659 1881 consummavi,
697 1817 776 1871 sic
801 1825 855 1870 et
881 1815 1043 1869 istum
1073 1815 1269 1869 eodem
1295 1830 1520 1870 numero
1545 1817 1849 1881 terminavi,
1884 1801 1928 1858 Β
1957 1813 2048 1867 alii
2076 1813 2343 1878 similiter,
2369 1816 2716 1870 inveniuntur
2746 1833 2849 1871 non
2878 1818 3051 1873 solum
3078 1835 3357 1873 sacrorum
3379 1819 3545 1874 libro-

262 1918 456 1980 petens
503 1907 764 1963 lectorem
801 1915 857 1960 ut
901 1921 1007 1960 non
1056 1906 1275 1961 taediose
1316 1907 1548 1977 accipiat
1580 1906 1861 1977 prolixita-

268 2012 375 2054 tem
419 1996 581 2067 hujus
614 1996 817 2066 operis,
843 1995 937 2049 sed
979 1995 1121 2065 legat
1152 1995 1276 2050 inde
1305 2011 1368 2050 ea
1401 2010 1520 2064 qua:
1554 1995 1654 2050 sibi
1686 1994 1862 2066 elege-

264 2093 357 2156 rit,
403 2091 451 2145 si
494 2099 666 2145 totum
721 2088 899 2158 legere
945 2086 1273 2158 despexerit,
1321 2087 1500 2142 sciens
1550 2089 1694 2156 quod
1751 2103 1857 2141 non

264 2181 590 2245 inconsulte,
621 2179 716 2235 sed
748 2177 917 2248 magis
962 2177 1167 2232 utiliter
1195 2178 1298 2232 hoc
1344 2177 1586 2232 fecerim.
1635 2177 1771 2245 Quia
1814 2177 1855 2231 si

265 2276 408 2329 ultra
438 2274 655 2328 modum
688 2271 936 2327 brevitati
966 2272 1207 2336 studens,
1236 2286 1298 2325 ea
1328 2286 1447 2340 quze
1478 2271 1649 2325 sancti
1674 2272 1861 2326 docto-

266 2382 358 2422 res
405 2367 715 2423 necessaria
768 2364 1072 2435 legentibus
1117 2363 1234 2419 fore
1272 2363 1609 2435 judicabant,
1656 2363 1858 2418 intacta

263 2458 636 2529 prazteiirem,
674 2456 902 2512 forsitan
949 2456 1091 2511 scire
1140 2456 1447 2512 volentibus
1492 2442 1856 2512 difﬁcultatem

262 2548 567 2620 prophetici
616 2548 737 2604 libri
779 2549 950 2620 magis
993 2564 1248 2604 nocerem
1291 2564 1453 2620 quam
1499 2550 1854 2619 prodessem:

260 2658 377 2697 non
398 2643 546 2697 enim
580 2642 761 2697 omnia
787 2656 907 2712 qua:
940 2641 1064 2697 inde
1094 2641 1336 2711 exposita
1365 2641 1540 2711 reperi
1570 2642 1657 2696 hic
1677 2641 1855 2712 posui,

261 2731 371 2787 sed
408 2732 781 2787 tantummodo
815 2748 880 2788 ea
917 2748 1038 2804 qua:
1078 2732 1203 2788 inde
1246 2733 1551 2789 necessaria
1582 2732 1858 2802 forejudi-

261 2825 411 2880 cavi.
460 2823 811 2895 Septuaginta
850 2839 981 2879 vero
1024 2824 1316 2879 editionem
1343 2823 1398 2878 in
1428 2824 1698 2895 plerisque
1725 2825 1859 2881 locis

259 2915 462 2978 omisi,
498 2915 586 2969 ubi
629 2931 749 2970 eam
799 2914 1049 2970 videlicet
1091 2929 1293 2985 ponere
1332 2930 1440 2969 non
1489 2914 1858 2970 necessarium

259 3004 599 3068 arbitrabar,
631 3013 956 3075 praeceptum
983 3004 1129 3059 beati
1172 3002 1487 3074 Hieronymi
1522 3005 1577 3059 in
1605 3006 1708 3060 hoc
1739 3004 1855 3073 ipso

259 3094 587 3158 observans,
613 3095 797 3165 quide
826 3096 1178 3164 interpretum
1226 3094 1613 3165 disceptatione
1639 3095 1691 3149 in
1719 3094 1857 3151 libro

260 3185 450 3255 primo
479 3193 742 3241 tractatus
765 3186 819 3239 in
849 3185 1043 3240 Isaiam
1074 3186 1415 3257 prophetam,
1444 3186 1516 3240 ita
1547 3186 1676 3241 dicit
1702 3204 1715 3240 :
1747 3204 1765 3237 ι
1796 3187 1855 3241 In

260 3276 611 3344 expositione
654 3284 963 3330 sanctarum
1008 3275 1412 3346 Seripturarum
1447 3279 1729 3331 veritatem
1760 3278 1858 3331 de-

260 3366 465 3420 bemus
489 3368 665 3438 sequi,
690 3383 797 3422 non
823 3369 1253 3435 contentionem;
1288 3389 1308 3420 ›
1337 3370 1428 3439 qui
1457 3377 1513 3423 et
1541 3369 1595 3423 in
1626 3377 1857 3423 tractatu

260 3458 573 3527 Ezechielis
610 3461 683 3513 ita
722 3461 835 3514 ait:
865 3478 885 3511 ι
914 3460 1198 3517 Lectorcm
1237 3462 1505 3517 admoneo
1534 3477 1603 3516 ne
1636 3462 1862 3517 transla-

264 3546 481 3602 tionum
525 3548 836 3604 diversitate
865 3550 1132 3617 turbetur,
1156 3551 1250 3606 sed
1278 3558 1338 3605 ut
1365 3550 1418 3605 in
1458 3551 1713 3621 prresenti
1739 3549 1858 3607 loco

264 3640 326 3693 in
365 3641 633 3698 mensuris
656 3643 841 3713 templi
865 3643 1127 3700 Hebraica
1150 3646 1379 3702 veritate
1403 3654 1692 3702 contentus
1712 3648 1801 3702 sit.
1832 3668 1851 3702 ι

267 3727 392 3783 Nec
427 3731 589 3785 etiam
618 3732 747 3787 illud
775 3733 1039 3790 silendum
1085 3735 1337 3802 arbitror,
1366 3737 1508 3806 quod
1538 3738 1857 3807 quibusdam

1963 1918 2079 1957 rum
2113 1902 2438 1958 testimoniis
2463 1920 2561 1958 sua
2593 1907 2793 1974 scripta
2820 1907 3071 1977 probare,
3101 1910 3194 1964 sed
3222 1911 3385 1963 etiam
3413 1925 3544 1978 prae-

1961 1992 2265 2047 cedentium
2300 1992 2520 2048 Patrum
2558 1996 2718 2050 dictis
2760 2012 2883 2052 suas
2915 1999 3214 2054 sententias
3256 2001 3541 2065 roborarc;

1961 2092 2228 2152 quatenus
2253 2098 2317 2138 eo
2360 2085 2663 2155 acccptiora
2710 2102 2896 2140 eorum
2947 2088 3205 2157 opuscula
3246 2088 3543 2160 legentibus

1960 2174 2160 2241 forent,
2188 2191 2295 2247 quo
2345 2178 2580 2232 certiora
2609 2192 2673 2232 ac
2702 2178 2945 2234 firmiora
2982 2194 3082 2251 per
3123 2181 3346 2236 iuoneos
3376 2190 3546 2238 testes

1960 2282 2024 2322 ea
2047 2284 2168 2324 esse
2198 2270 2620 2325 considerarent.
2651 2271 2730 2324 Illi
2752 2272 2894 2326 enim
2918 2272 3008 2342 qui
3032 2272 3245 2329 laudem
3270 2284 3539 2344 quaerunt,

1960 2367 2017 2414 et
2045 2375 2103 2415 se
2126 2360 2193 2415 ab
2222 2361 2531 2416 hominibus
2556 2362 2725 2415 videri
2753 2370 3034 2433 appetunt,
3065 2348 3271 2419 dictent
3302 2365 3386 2419 vel
3414 2367 3542 2421 seri-

1959 2450 2092 2505 bant
2136 2451 2396 2522 quidquid
2428 2452 2710 2516 voluerint,
2742 2462 2798 2509 et
2849 2452 3160 2511 laudatores
3209 2472 3337 2512 suos
3379 2468 3541 2527 atque

1960 2541 2271 2597 adulatores
2300 2544 2653 2614 undecunque
2674 2545 2886 2614 possint
2916 2544 3017 2600 sibi
3045 2547 3329 2616 acquirant
3360 2564 3373 2601 :
3403 2547 3537 2602 Mihi

1960 2644 2132 2688 autem
2159 2633 2426 2687 adlnrrere
2454 2632 2563 2689 Deo
2599 2634 2743 2688 omni
2775 2642 3016 2704 tempore
3043 2636 3167 2690 vitae
3188 2651 3321 2689 mea:
3350 2636 3539 2689 bonum

1957 2736 2052 2791 est,
2077 2735 2124 2780 et
2156 2742 2344 2796 ponere
2368 2727 2421 2779 in
2445 2726 2671 2780 Domino
2702 2726 2808 2782 Deo
2829 2744 2972 2798 spem
2998 2745 3186 2782 meam.
3232 2727 3298 2781 Ut
3329 2745 3540 2782 annun-

1957 2819 2079 2872 tiem
2105 2833 2280 2872 onmes
2303 2816 2485 2872 laudes
2505 2818 2617 2887 ejus
2641 2819 2695 2871 in
2715 2820 2878 2888 portis
2900 2818 3027 2886 ﬁlice
3052 2818 3183 2875 Sion
3201 2817 3316 2891 (Ps.
3347 2821 3540 2890 Lxxu);

1960 2911 2013 2964 in
2041 2910 2145 2964 illis
2168 2910 2419 2965 videlicet
2447 2911 2618 2980 portis
2642 2913 2706 2965 de
2732 2910 2928 2980 quibus
2956 2913 3217 2982 scriptum
3242 2922 3323 2968 est
3350 2931 3362 2966 :
3393 2912 3551 2967 Beati

1955 3002 2045 3070 qui
2073 3000 2341 3055 ambulant
2370 3002 2425 3054 in
2454 3002 2650 3056 sentitis
2689 3002 2825 3066 vitae,
2847 3010 2895 3055 et
2932 3018 3025 3072 per
3061 3011 3239 3072 portas
3280 3005 3541 3056 introeunt

1959 3095 2014 3147 in
2036 3094 2294 3147 civitatem
2318 3093 2500 3165 (Apoc.
2522 3095 2655 3164 xxu)
2676 3110 2689 3158 ;
2714 3102 2978 3163 quatenus
2994 3095 3311 3166 perveniant
3334 3095 3401 3148 ad
3427 3093 3546 3147 illas

1961 3192 2145 3253 portas
2191 3182 2489 3239 Jerusalem
2538 3183 2797 3249 caelestis,
2829 3184 2894 3238 de
2943 3184 3138 3253 quibus
3188 3199 3283 3254 per
3325 3182 3541 3238 Psalmi-

1961 3283 2098 3327 stam
2148 3272 2625 3338 diciturzLanda,
2669 3271 2987 3338 Jerusalem,
3035 3272 3341 3337 Dominum,
3382 3272 3541 3337 lauda

1960 3362 2127 3416 Deum
2152 3372 2320 3426 tuum,
2346 3361 2753 3432 Sion,qucniam
2774 3360 3082 3429 confortavit
3106 3379 3250 3416 seras
3271 3374 3541 3432 portarunt

1958 3464 2189 3517 tuarum,
2216 3452 2475 3506 benedixit
2498 3451 2634 3519 ﬁlios
2659 3461 2773 3504 tuos
2801 3452 2856 3505 in
2883 3462 2931 3505 le
2953 3448 3124 3519 (Psal.
3148 3450 3369 3521 cxcvu).
3391 3451 3543 3518 Quod

1959 3544 2050 3600 illo
2075 3552 2313 3612 tempore
2341 3543 2538 3598 accidit
2566 3542 2782 3611 quando
2809 3556 3038 3611 sponsus
3067 3539 3379 3604 intraverit,
3405 3541 3542 3594 sicut

1959 3635 2014 3688 in
2064 3632 2351 3703 Evangelio
2396 3635 2461 3687 dc
2488 3631 2788 3701 virginibus
2834 3630 3028 3701 legitur
3055 3647 3067 3681 :
3091 3627 3157 3681 Et
3194 3645 3311 3699 qua:
3340 3638 3543 3698 parata,

1959 3732 2129 3785 eram,
2162 3723 2483 3777 intraverunt
2521 3738 2640 3774 cum
2681 3737 2739 3774 eo
2786 3721 2855 3774 ad
2902 3721 3130 3789 nuptias,
3157 3731 3204 3774 et
3249 3719 3430 3773 clausa
3470 3730 3542 3773 est

264 3824 625 3879 narrantibus
676 3828 939 3896 οοωρθι-ε,
981 3828 1242 3897 quosdam
1291 3829 1486 3884 sciolos
1529 3845 1616 3884 me
1662 3830 1713 3884 in
1757 3830 1861 3884 ιιοο
1949 3814 2123 3884 janua
2154 3812 2366 3884 (Matth.
2394 3810 2544 3882 xxv).
2593 3810 2786 3865 Clausa
2815 3810 3021 3865 scilicet
3050 3826 3159 3865 non
3188 3810 3256 3865 ad
3290 3811 3545 3865 custodian

265 3930 291 3964 ι
310 3915 612 3984 ituperasse
639 3918 781 3986 quod
806 3918 1209 3988 excerptionem
1240 3917 1444 3974 faciens
1465 3919 1531 3974 de
1550 3927 1859 3974 sanctorum

267 4006 501 4060 Patrum
550 4008 783 4076 scriptis,
816 4024 1003 4064 eorum
1054 4010 1271 4063 nomina
1320 4016 1715 4079 praenotarem,
1745 4009 1861 4065 sive

265 4096 425 4166 quod
466 4097 690 4153 aliorum
722 4100 1005 4156 sententiis
1036 4103 1208 4173 magis
1240 4102 1444 4157 invisus
1480 4100 1686 4174 [Forte,
1719 4102 1860 4156 inui-

266 4186 407 4259 xus]
433 4202 628 4253 essem,
656 4206 818 4260 quam
845 4192 1065 4261 propria
1096 4192 1417 4258 conderem;
1451 4192 1644 4263 quibus
1668 4193 1736 4248 ad
1758 4193 1863 4249 hoc

264 4279 440 4334 facile
466 4283 790 4351 respondere
813 4298 1030 4354 possum
1058 4303 1069 4338 :
1093 4284 1221 4353 quid
1248 4285 1394 4339 enim
1432 4287 1650 4356 peccavi
1681 4287 1734 4342 in
1761 4287 1865 4341 hoc

265 4369 422 4441 quod
460 4372 749 4444 magistros
776 4373 1029 4429 Ecclesia:
1067 4376 1415 4432 veneratione
1445 4376 1635 4448 dignos
1657 4375 1865 4446 judica-

1960 3919 2199 3975 pocnam,
2230 3904 2325 3957 sed
2350 3902 2403 3956 in
2436 3902 2821 3957 beatitudinem
2851 3902 3259 3971 sempiternam,
3290 3900 3414 3970 quia
3443 3916 3541 3955 nec

1961 3997 2085 4052 inde
2133 3997 2418 4067 quisquam
2467 3993 2694 4048 ulterius
2727 3992 2926 4058 exibit,
2979 4007 3079 4047 nec
3117 3991 3313 4061 aliquis
3358 4000 3543 4060 postea

1962 4102 2133 4141 novus
2176 4085 2420 4141 intrabit.
2480 4086 2661 4141 Vitam
2721 4093 2959 4138 vestram
3006 4085 3300 4153 longaevam
3348 4090 3405 4136 et
3453 4081 3542 4134 diu

1962 4177 2285 4233 incolumem
2316 4178 2459 4232 Deus
2487 4176 2827 4247 omnipotens
2848 4183 3049 4230 tctcrna
3068 4171 3401 4229 beatitudine
3425 4188 3552 4226 con,

1962 4281 2235 4324 sumntare
2260 4266 2507 4338 dignetur
2533 4268 2545 4320 !

1716 4674 2116 4736 INCIPIUN'I‘

770 4841 1812 4959 COMMENTARIA
1898 4839 2043 4952 IN
2130 4790 3073 4948 EZECHIELEM.

1530 5137 1825 5214 LIBER
1908 5136 2294 5212 PRIMUS

814 5381 1042 5437 CAPUT
1071 5378 1361 5440 PRIMUM,

278 5481 430 5536 Visio
457 5487 691 5550 quatuor
711 5474 1019 5550 animalium
1037 5473 1213 5550 ;__t~i_sio
1240 5480 1473 5550 rotarum
1498 5485 1517 5532 ;
1542 5469 1669 5522 visio
1690 5466 1863 5522 throni

567 5546 664 5600 Dei
691 5556 737 5600 et
767 5545 1011 5615 imaginis
1040 5544 1137 5597 Dei
1167 5557 1323 5612 super
1347 5539 1613 5593 thronum.

354 5681 373 5712 σ
402 5662 469 5715 Et
490 5661 696 5715 factum
726 5674 810 5713 est
835 5658 888 5712 in
918 5656 1190 5712 tricesimo
1215 5670 1356 5709 anno
1385 5654 1437 5707 in
1467 5659 1662 5723 quarto
1684 5667 1865 5707 mense

274 5774 295 5806 ι
331 5756 386 5807 in
417 5752 610 5818 quinta
640 5749 860 5805 mensis.
887 5768 905 5799 ι
938 5746 1160 5819 (Greg.).
1195 5746 1334 5829 Usus
1356 5742 1685 5814 prophetica:
1715 5742 1863 5797 locu-

1889 5385 1940 5443 D
1968 5377 2131 5431 tionis
2183 5383 2294 5438 est,
2335 5383 2394 5427 ut
2437 5372 2587 5441 prius
2629 5387 2936 5440 personam,
2996 5381 3224 5441 tempus,
3267 5373 3550 5436 locumque

1968 5465 2260 5530 describat,
2282 5473 2337 5518 ct
2366 5463 2706 5534 postmodum
2749 5460 3005 5532 mysteria
3035 5462 3214 5515 dicere
3256 5457 3551 5530 prophetia:

1969 5556 2210 5628 incipiat,
2253 5566 2521 5625 quatenus
2561 5554 2627 5609 ad
2667 5554 2949 5608 veritatem
2996 5548 3217 5605 solidius
3262 5547 3549 5602 ostenden-

1967 5648 2113 5713 dam,
2137 5655 2262 5702 antc
2290 5645 2529 5701 historia:
2553 5644 2786 5698 radicem
2814 5643 2963 5714 ﬁgat,
2990 5650 3045 5696 ct
3066 5648 3186 5710 post
3208 5639 3414 5693 fructus
3444 5636 3552 5707 spi-

1971 5738 2106 5793 ritus
2135 5753 2231 5808 pcr
2269 5737 2420 5806 signa
2463 5744 2517 5790 et
2553 5734 2836 5805 allegorias
2878 5731 3133 5803 proferat.
3170 5727 3418 5785 Ezechiel
3448 5729 3552 5783 ita-
