3950 6184
527 352 630 403 ΜΓ)

1166 348 1225 401 Β.
1270 348 1521 402 RABANI
1565 349 1783 405 MAURl
1820 345 2139 403 ABL‘llIEP.
2185 346 2492 403 MOGUNT.
2536 347 2822 405 OFERUM
2864 350 3043 405 PARS
3080 350 3139 404 ll.
3614 354 3710 413 suo

525 485 629 535 qne
677 466 852 520 anatis
875 480 982 518 sum
1009 473 1216 533 tempus
1253 462 1476 526 indicat,
1506 463 1691 518 dicens
1715 476 1730 515 :
1759 482 1775 512 ι
1806 462 1872 515 Et
1896 463 2095 515 factum
2126 462 2175 518 Α
2202 469 2255 513 et
2276 461 2590 531 gravissima
2620 460 2858 527 ﬂumina,
2883 478 3003 531 quae
3033 465 3082 517 in
3110 476 3245 518 terra
3267 465 3598 522 Cbaldmorum
3617 487 3712 527 esse

521 568 608 612 cst
652 559 702 611 in
742 556 1013 611 tricesimo
1055 569 1217 618 anno,
1258 570 1311 608 tn
1347 562 1540 623 quarto
1574 566 1779 617 mense,
1813 554 1865 607 in
1918 554 2103 621 quinta

523 648 612 701 die
661 646 924 701 mensis.)
979 644 1176 704 Locum
1213 658 1425 714 quoque
1478 643 1800 721 denuntians
1843 641 2100 712 adjungit.

529 759 549 783 ε
580 739 710 793 Cum
743 752 918 791 essem
961 736 1014 789 in
1066 735 1245 790 medio
1303 734 1638 803 captivorum
1682 732 1834 800 juxta
1883 732 2101 785 ﬂuvium

528 852 544 880 ο
575 829 809 891 Chobar,
840 827 1010 897 aperti
1035 835 1157 880 sunt
1187 826 1330 888 coeli,
1355 834 1407 877 et
1434 824 1542 877 vidi
1564 824 1799 878 visiones
1824 822 2053 876 Domini.
2080 842 2097 872 ›

523 919 755 987 Tempus
787 917 949 970 etiam
982 914 1312 983 captivitatis
1349 913 1582 966 insinuat
1612 911 1873 966 subdens:

598 1031 614 1058 ε
645 1008 699 1060 ιιι
748 1007 933 1076 quinta
974 1003 1062 1059 die
1117 1004 1318 1057 mensis
1363 1005 1477 1071 ipse
1526 1008 1610 1055 est
1666 1017 1836 1055 annus
1887 999 2106 1068 quintus

525 1120 543 1149 ι
576 1094 1064 1166 transmigrationis
1097 1092 1342 1148 Joachin.
1379 1114 1395 1145 ι
1426 1095 1526 1159 Qui
1568 1100 1626 1146 ut
1660 1093 1795 1148 bene
1819 1105 2105 1162 personam

518 1192 743 1254 indicet,
774 1189 935 1243 etiam
963 1202 1131 1257 genus
1161 1195 1349 1240 narrat
1388 1203 1511 1240 cum
1550 1186 1833 1241 subditur:
1863 1205 1881 1236 τ
1916 1184 1982 1238 Ει
2022 1183 2103 1237 fa-

525 1304 544 1334 c
575 1292 718 1337 clum
749 1290 831 1336 est
870 1282 1091 1335 verbum
1144 1280 1351 1332 Domini
1396 1279 1461 1332 ad
1494 1277 1739 1333 Ezechiel
1777 1276 1943 1330 ﬁlium
1974 1274 2103 1329 Buzi

525 1396 543 1425 ‹
574 1375 930 1430 sacerdotem.
955 1393 972 1423 ι
1020 1372 1126 1425 Sed
1165 1373 1336 1439 prima
1369 1370 1521 1423 nobis
1545 1369 1769 1438 quzestio
1790 1368 1985 1431 oritur,
2007 1382 2106 1421 cur

519 1463 568 1519 is
598 1465 689 1533 qui
729 1463 862 1517 nihil
890 1462 1064 1516 adhuc
1099 1461 1330 1522 dixerat,
1366 1460 1437 1513 ita
1474 1473 1700 1512 exorsus
1746 1465 1831 1512 est
1876 1457 2099 1510 dicens:

526 1574 544 1603 ι
579 1555 645 1608 Et
687 1554 888 1609 factum
934 1563 1018 1608 est
1066 1554 1117 1607 in
1160 1552 1432 1606 tricesimo
1476 1566 1656 1613 anno;
1707 1568 1725 1600 ι
1781 1559 1829 1602 et
1874 1562 2105 1616 namque

519 1660 698 1701 sermo
725 1643 1119 1713 conjunctionis
1140 1651 1243 1707 est,
1280 1650 1333 1695 et
1358 1642 1558 1695 scimus
1586 1640 1710 1708 quia
1751 1654 1856 1693 non
1884 1639 2105 1708 conjun-

512 1737 663 1801 gitnr
691 1748 869 1789 sermo
915 1733 1271 1801 subsequens,
1321 1731 1421 1785 nisi
1474 1728 1708 1783 sermoni
1755 1728 2099 1798 prtecedenti.

2205 552 2575 621 perhibentur,
2605 561 2928 622 apertosque
2955 554 3137 618 caelos,
3179 569 3281 609 non
3309 555 3545 612 divisione
3567 558 3716 615 iiuna-

2207 644 2394 707 menti,
2426 643 2517 698 sed
2557 644 2661 700 ﬁde
2690 645 2960 700 credentis
2998 645 3249 714 intellige,
3278 661 3341 700 eo
3366 647 3493 716 quod
3516 649 3716 706 coelestia

2206 735 2312 786 sint
2349 733 2421 785 illi
2460 726 2696 789 reserata
2747 736 3024 796 mysteria.
3084 734 3232 790 L‘nde
3267 745 3319 791 et
3350 737 3401 791 in
3443 738 3717 809 baptismate

2206 822 2505 878 Salvatoris
2526 826 2740 893 quando
2761 822 2995 893 Spiritus
3015 834 3231 879 sanctus
3256 827 3307 879 in
3331 827 3493 896 specie
3503 827 3717 885 columba).

2200 912 2484 967 descendit
2506 928 2671 983 super
2707 929 2852 979 enni,
2883 924 3097 982 apertos
3115 914 3277 970 ccelos
3298 914 3526 986 legimus.
3552 916 3718 984 Quibus

2205 1003 2463 1057 reseratis
2497 1003 2808 1073 panduntur
2835 1004 3070 1058 visiones
3098 1002 3219 1069 Dei;
3252 1020 3352 1059 non
3380 1021 3476 1060 una
3509 1008 3628 1061 visio
3642 1010 3717 1064 sed

2204 1094 2407 1163 plures,
2442 1095 2653 1148 dicente
2685 1093 2914 1149 Domino
2932 1109 3029 1164 per
3054 1096 3362 1165 prophetam
3386 1114 3398 1149 :
3427 1114 3443 1147 ι
3472 1096 3568 1167 Ego
3588 1099 3720 1153 visio~

2206 1202 2302 1241 nes
2345 1186 2666 1257 multiplico,
2694 1197 2757 1242 et
2800 1187 2854 1240 in
2885 1186 3131 1240 manibus
3158 1187 3524 1256 Pr0phetarum
3548 1190 3719 1244 assimi-

2205 1275 2345 1330 latus
2365 1291 2482 1330 sum
2510 1274 2663 1347 (Osee
2683 1276 2804 1346 xu).
2853 1296 2873 1327 ι
2903 1276 3022 1331 Istae
3052 1284 3177 1331 sunt
3200 1277 3421 1331 visiones
3439 1292 3561 1347 quas
3577 1279 3720 1332 omnis

2205 1367 2506 1422 Ezechielis
2564 1369 2845 1438 prophetia
2897 1368 3218 1433 contexuit,
3286 1367 3720 1440 signiﬁcantiusque

2197 1458 2352 1528 juxta
2390 1458 2642 1513 Hebr-mos
2668 1466 2720 1513 et
2759 1468 2984 1514 caeteros
3017 1459 3334 1528 interpretes
3376 1460 3721 1530 transmigratio

2205 1551 2407 1606 dicitur
2432 1549 2656 1604 Joachin
2698 1558 2755 1603 et
2785 1564 2890 1604 non
2918 1549 3226 1619 captivitas,
3260 1549 3393 1618 quod
3426 1548 3720 1619 Septuaginta

2207 1639 2613 1694 transtnlcnmt.
2631 1638 2745 1692 Non
2768 1639 2909 1692 enim
2936 1648 3124 1709 captus
3145 1639 3274 1693 urbe
3287 1649 3537 1709 superata,
3554 1639 3632 1694 sed
3650 1655 3722 1694 vo-

2207 1730 2411 1784 luntate
2431 1745 2493 1784 se
2512 1730 2728 1784 tradens
2742 1728 2929 1783 ductus
2948 1738 3031 1784 est
3043 1730 3097 1782 in
3112 1728 3446 1800 Babylonem.
3460 1728 3607 1799 Igitur
3620 1727 3720 1783 Joa-

518 1825 621 1890 Qtti
648 1825 810 1895 igitur
839 1825 971 1877 nihil
1007 1824 1237 1886 dixerat,
1269 1838 1366 1875 CUI“
1387 1820 1537 1885 dicit,
1567 1838 1584 1869 ι
1635 1828 1687 1875 et
1714 1819 1911 1873 factum
1942 1825 2046 1882 est,
2076 1836 2092 1868 ι
2132 1808 2173 1866 Β
2203 1821 2345 1887 ρῇἱη,
2364 1822 2415 1877 id
2430 1821 2813 1887 estJecbonjm,
2829 1823 3040 1876 dicatur
3053 1822 3226 1892 prima
3245 1820 3723 1893 transmigratio;5e~

522 1929 646 1967 cum
673 1929 777 1967 nou
812 1914 883 1967 sit
930 1928 1108 1967 sermo
1134 1913 1218 1965 cui
1252 1912 1352 1964 hoc
1380 1909 1522 1978 quod
1552 1908 1738 1977 incipit
1771 1905 2101 1977 subjungat?

519 2005 637 2069 Qua
665 2002 719 2056 in
736 2017 795 2056 re
816 2002 1129 2055 intuendum
1150 2009 1253 2062 est,
1271 1998 1392 2067 quia
1416 1999 1555 2052 sicut
1577 2012 1673 2050 nos
1688 1996 2100 2066 corporalia,sic

517 2093 802 2165 Prophetze
846 2108 1036 2148 sensus
1065 2091 1327 2162 spiritalia
1366 2090 1653 2159 aspiciunt,
1699 2088 1883 2155 eisque
1914 2096 1967 2141 et
2010 2086 2098 2140 illa

518 2196 647 2240 sum
679 2183 985 2254 praesentia,
1016 2196 1135 2252 qua:
1180 2189 1379 2234 nostrae
1409 2178 1725 2248 ignorantim
1752 2177 1994 2231 absentia
2027 2178 2101 2229 vi-

521 2275 737 2328 dentur.
782 2272 935 2328 Unde
971 2271 1030 2324 (it
1074 2269 1210 2323 utin
1237 2278 1417 2323 mente
1459 2267 1848 2336 Prophetarum
1878 2266 1948 2318 ita
1973 2280 2099 2320 con-

511 2367 701 2435 juncta
747 2366 855 2420 sint
898 2362 1262 2418 exterioribus
1308 2360 1588 2423 interiora,
1643 2367 1911 2427 quatenus
1940 2357 2100 2411 simul

516 2466 749 2525 utraque
767 2457 986 2510 videant
1012 2453 1276 2521 simulque
1304 2452 1356 2505 in
1385 2452 1464 2506 eis
1494 2452 1607 2516 tiat,
1632 2459 1684 2505 et
1706 2450 1850 2504 intus
1879 2451 2100 2504 verbum

517 2548 663 2616 quod
693 2546 938 2608 audiunt,
993 2554 1048 2600 et
1094 2544 1240 2597 foras
1291 2543 1431 2612 quod
1477 2542 1683 2597 dicunt.
1736 2542 1890 2597 Patet
1940 2542 2103 2611 igitur

518 2655 705 2704 causa,
736 2654 834 2693 cur
862 2639 951 2708 qui
985 2637 1115 2691 nihil
1156 2637 1369 2691 dixerat
1404 2635 1693 2700 inchoavit,
1725 2636 1944 2690 dicens:
1983 2655 2000 2687 ι
2038 2635 2102 2689 Ει

515 2728 724 2785 factum
762 2737 845 2783 est
892 2729 945 2781 in
986 2727 1258 2782 tricesimo
1309 2741 1470 2791 anno,
1504 2745 1520 2777 ι
1572 2727 1698 2797 quia
1732 2726 1833 2781 hoc
1878 2727 2099 2781 verbum

519 2821 666 2891 quod
709 2820 841 2875 foris
886 2818 1128 2889 protulit,
1174 2818 1249 2871 illi
1294 2819 1460 2871 verbo
1490 2818 1634 2886 quod
1685 2818 1829 2871 intus
1859 2816 2101 2871 audierat

519 2911 816 2982 conjunxit.
859 2906 1128 2981 (Ilieron.)
1176 2906 1506 2961 Tricesiutus
1554 2922 1727 2961 annus
1765 2922 1871 2960 non
1909 2915 1969 2959 ut
1992 2905 2102 2975 ple-

515 3004 674 3072 rique
695 3002 1010 3056 existimant
1034 2998 1209 3053 :etatis
1230 2997 1506 3067 propheta:
1538 2996 1755 3061 dicitur,
1784 3010 1991 3051 necnon
2013 2997 2102 3067 ju-

514 3091 656 3146 hilzei
695 3090 788 3161 qui
826 3096 913 3143 est
956 3102 1127 3143 annus
1166 3085 1518 3150 remissionis,
1563 3084 1657 3140 sed
1706 3100 1736 3139 a
1784 3084 2099 3140 duodevice-

517 3184 657 3237 simo
690 3195 832 3235 anno
873 3177 1033 3234 Josia:
1076 3178 1216 3246 regis
1249 3176 1403 3239 Juda,
1463 3175 1678 3245 quando
1725 3175 1975 3231 inventus
2018 3187 2101 3230 εει

514 3272 654 3327 liber
678 3268 1075 3324 Deateronomii
1110 3267 1162 3321 in
1204 3265 1401 3335 templo
1429 3266 1522 3319 Dei
1555 3280 1724 3335 usque
1762 3264 1828 3318 ad
1854 3266 2100 3334 quintum

518 3360 848 3431 captivitatis
893 3373 1091 3411 annum
1141 3354 1366 3410 Joachiu
1413 3363 1780 3424 COgnomento:
1807 3352 2096 3417 Jechoniae,

436 3486 437 3489 η
518 3454 612 3525 qui
663 3467 786 3508 cum
840 3459 1011 3504 matre
1047 3449 1239 3503 ductus
1287 3448 1452 3501 estin
1487 3444 1837 3514 Babylonem,
1870 3453 1926 3498 et
1977 3458 2098 3498 cum

516 3544 738 3603 Daniele
759 3543 1039 3611 tribusque
1067 3539 1253 3610 pueris
1275 3547 1330 3595 et
1350 3537 1599 3592 Ezechiel
1630 3556 1642 3590 :
1677 3552 1795 3605 qua:
1823 3544 1907 3591 est
1930 3535 2101 3590 tribus

514 3636 653 3690 Juda
689 3635 864 3707 prima
895 3631 1202 3702 captivitas,
1232 3630 1447 3699 quando
1467 3627 1689 3683 stillavit
1717 3628 1795 3681 ira
1826 3628 1917 3682 Dei
1941 3641 2103 3696 super

513 3727 832 3784 Jerusalem.
863 3723 1173 3780 Secundum
1197 3724 1441 3796 ἀναγογήν
1465 3734 1591 3775 vero
1603 3719 2101 3789 praeliguraturDo-

517 3819 699 3873 minus
719 3827 881 3886 atque
905 3813 1174 3877 Salvator,
1210 3814 1301 3883 qui
1333 3812 1547 3883 triginta
1579 3825 1747 3865 annos
1775 3818 1936 3864 natus
1957 3809 2103 3864 venit

518 3910 587 3963 ad
632 3907 983 3976 baptismum,
1017 3918 1137 3969 qua:
1183 3903 1238 3955 in
1290 3902 1507 3956 homine
1541 3899 1779 3970 perfecta
1836 3906 1968 3954 aetas
1995 3906 2097 3953 est.

521 3999 673 4055 Unde
720 4006 775 4052 et
808 3996 862 4050 in
920 3992 1275 4047 Numerorum
1319 3991 1589 4045 volumine
1628 3990 1785 4060 juxta
1824 3989 2098 4054 Hebraeos,

443 4151 447 4155 _
517 4106 645 4153 non,
663 4094 723 4142 ut
748 4086 803 4141 in
834 4081 1185 4153 Septuaginta
1209 4080 1541 4145 continetur,
1571 4096 1600 4132 a
1626 4080 1885 4133 vicesimo
1912 4078 2101 4148 quinto

516 4182 695 4237 :etatis
716 4191 878 4243 anno,
910 4176 1005 4231 sed
1026 4190 1055 4228 a
1097 4172 1368 4227 tricesimo
1407 4170 1671 4239 incipiunt
1708 4170 2017 4225 sacerdotes
2046 4170 2098 4224 in

515 4273 716 4344 templo
742 4269 1070 4326 ministrare.
1108 4265 1164 4320 ln
1190 4262 1332 4335 quod
1371 4262 1580 4332 signum
1621 4262 1898 4330 prmeessit
1921 4270 1976 4317 et
2010 4261 2099 4318 Jo-

513 4368 665 4439 seph,
701 4365 916 4437 quando
950 4363 1003 4417 in
1043 4360 1276 4432 [Egypto
1301 4356 1559 4414 esurienti
1597 4356 1793 4427 populo
1829 4355 2098 4413 frumenta

2200 1916 2405 1970 dechia:
2435 1925 2613 1970 autem
2635 1915 2867 1971 secunda
2894 1915 2978 1969 vel
3000 1925 3243 1970 extrema
3264 1915 3540 1984 captivitas.
3556 1912 3722 1986 (ὦνερ.)

2203 2003 2308 2059 Sed
2330 2005 2441 2074 ipsa
2481 2004 2701 2060 llebrzea
2731 2005 2891 2059 verba
2930 2002 3158 2058 multum
3189 2005 3340 2060 nobis
3367 2004 3430 2058 ad
3458 2004 3725 2077 mysterium

2201 2096 2664 2167 interpretandum
2683 2096 2876 2150 valent.
2896 2094 3028 2149 Nam
3043 2095 3258 2151 Cbobar
3278 2097 3730 2167 interpretaturgra.

2202 2186 2398 2251 ritudo,
2428 2185 2510 2240 vel
2535 2185 2785 2256 gravitas;
2807 2185 3072 2249 Ezechiel,
3092 2185 3344 2256 fortitudo
3364 2185 3489 2251 Dei;
3513 2184 3641 2249 Buzi,
3660 2183 3728 2237 de-

2200 2285 2400 2343 spectus
2426 2275 2507 2330 vel
2525 2285 2878 2345 contemptus;
2900 2275 3158 2342 Chaldaei,
3181 2277 3497 2347 captivantes,
3514 2276 3588 2331 vel
3608 2279 3729 2346 quasi

2202 2368 2480 2421 drvmoncs.
2508 2368 2665 2423 Venit
2693 2383 2821 2437 ergo
2844 2366 3088 2422 Ezechiel
3106 2370 3263 2439 juxta
3292 2367 3497 2423 ﬂuvium
3532 2366 3725 2430 Chobar,

2202 2459 2325 2529 quia
2360 2458 2615 2513 fortitudo
2644 2458 2738 2514 Dei
2766 2474 2865 2528 per
2894 2460 3286 2514 incarnationis
3316 2474 3421 2514 suae
3461 2457 3729 2530 mysterium

2202 2552 2563 2620 propinquare
2587 2551 2803 2621 dignata
2826 2560 2908 2605 est
2934 2560 3284 2620 peccatorum
3309 2565 3514 2606 suorum
3532 2548 3727 2620 pondera

2203 2645 2437 2712 portanti
2467 2645 2651 2714 generi
2678 2644 2932 2709 humano,
2958 2645 3101 2714 quod
3151 2645 3220 2700 ab
3262 2652 3382 2699 ortu
3418 2657 3508 2698 suo
3532 2639 3729 2712 quotidie

2203 2732 2384 2787 deﬂuit
2415 2733 2483 2788 ad
2514 2743 2762 2798 mortem,
2796 2735 2934 2788 sicut
2979 2735 3045 2789 de
3091 2735 3188 2790 illo
3214 2749 3310 2805 per
3334 2732 3640 2789 Psalmistam
3662 2730 3728 2784 di-

2204 2825 2344 2880 ciwr
2370 2838 2384 2877 :
2415 2844 2431 2875 ‹
2466 2824 2533 2879 Ει
2562 2826 2666 2879 erit
2694 2834 2945 2894 tanquam
2974 2824 3179 2895 lignum
3216 2825 3356 2897 quod
3384 2824 3648 2894 plantatum
3664 2828 3732 2875 est

2204 2931 2361 2970 secus
2387 2916 2647 2972 decursus
2667 2932 2928 2984 aquarum
2962 2914 3134 2986 (Psal.
3165 2918 3228 2989 ι).
3253 2937 3271 2970 ι
3322 2915 3472 2971 Juxta
3516 2914 3733 2968 decursus

2204 3007 2402 3078 quippe
2431 3022 2690 3075 aquarum
2736 3006 3032 3075 plantatus,
3059 3008 3186 3075 qula
3213 3006 3360 3076 juxta
3394 3005 3559 3074 lapsus
3583 3003 3731 3057 incaro

2206 3108 2363 3151 natus
2394 3106 2476 3152 est
2497 3096 2841 3151 deﬂnentium
2873 3091 3223 3167 populorum;
3262 3095 3506 3152 fortitudo
3528 3107 3637 3163 ergo
3660 3089 3735 3145 Dei

2204 3204 2271 3246 ex
2299 3200 2609 3261 contemptu
2643 3189 2725 3243 vel
2748 3191 3000 3258 despectu
3028 3190 3291 3255 nascitur,
3325 3189 3445 3258 quia
3475 3186 3736 3252 redemptor

2204 3290 2388 3336 noster
2430 3280 2818 3335 humanitatem
2864 3295 3142 3334 assumere
3169 3296 3234 3335 ex
3285 3279 3470 3350 populo
3494 3276 3674 3347 perdito
3695 3280 3739 3324 ct

2205 3370 2513 3441 contempto
2551 3371 2800 3440 dignatus
2829 3367 2930 3425 est.
2963 3370 3122 3424 Venit
3151 3385 3285 3442 ergo
3310 3369 3365 3424 in
3400 3378 3579 3423 terram
3604 3360 3736 3419 Chal-

2202 3463 2462 3517 daeorum.
2502 3459 2737 3514 Chaldmi
2770 3460 3217 3529 interpretantur,
3245 3468 3305 3513 ut
3338 3458 3577 3521 diximus,
3599 3450 3740 3522 capti-
3774 3506 3777 3507 ν

2203 3563 2392 3609 vantes
2413 3552 2495 3607 vel
2526 3552 2680 3621 quasi
2707 3551 2999 3606 darmoncs.
3033 3550 3211 3620 Iniqui
3242 3552 3436 3606 etenim
3462 3548 3545 3618 qui
3578 3553 3624 3599 et
3658 3540 3738 3612 ipsi

2204 3644 2517 3714 iniquitates
2560 3650 2896 3712 perpetrant,
2929 3650 2983 3695 et
3026 3641 3093 3696 ad
3139 3642 3474 3711 iniquitatem
3500 3637 3617 3693 alios
3642 3648 3740 3689 sua-

2203 3735 2377 3790 dendo
2408 3735 2648 3799 trahunt,
2690 3734 2946 3788 nimirum
2975 3734 3312 3803 captivantes
3340 3741 3477 3798 sunt,
3515 3729 3596 3799 qui
3621 3733 3737 3781 recte

2201 3841 2415 3897 quoque
2472 3833 2527 3880 et
2573 3825 2726 3895 quasi
2776 3826 3046 3879 (immunes
3094 3825 3530 3895 interpretantur,
3564 3817 3672 3890 quia
3694 3812 3738 3867 hi

2202 3918 2291 3988 qui
2323 3926 2378 3972 et
2412 3915 2546 3970 alios
2574 3916 2641 3969 ad
2672 3915 3008 3984 iniquitatem
3046 3914 3323 3970 suadendo
3357 3911 3667 3983 pertrahunt,
3697 3902 3737 3956 in

2202 4009 2509 4079 semetipsis
2557 4008 2917 4063 ministerium
2975 4008 3281 4063 dzemonum
3332 4007 3398 4062 ad
3448 4000 3738 4073 iniquitatem

2202 4101 2522 4170 suscipiunt,
2554 4098 2802 4168 quamvis
2831 4099 3101 4153 dtemones
3128 4114 3226 4168 per
3245 4107 3491 4152 naturam
3523 4107 3616 4148 non
3635 4089 3735 4144 sint.

2206 4190 2361 4244 Venit
2396 4206 2525 4260 ergo
2556 4190 2813 4244 fortitudo
2863 4188 2955 4243 Dei
2987 4189 3038 4243 in
3086 4199 3230 4243 terra
3258 4187 3612 4244 Chaldzeorum
3636 4178 3737 4252 quia

2201 4280 2342 4334 inter
2363 4295 2457 4335 eos
2486 4280 2792 4349 unigenitus
2820 4280 2991 4349 patris
3030 4281 3304 4349 apparuit,
3332 4279 3421 4348 qui
3449 4285 3500 4332 et
3528 4276 3575 4330 in
3600 4283 3736 4327 serue

2201 4374 2354 4443 tipsis
2384 4375 2450 4429 ad
2479 4384 2760 4444 peccatum
2786 4372 3140 4438 deﬂuxerunt,
3187 4384 3242 4428 et
3286 4375 3352 4428 ad
3405 4379 3609 4443 peccata
3633 4365 3737 4420 alios

513 4463 740 4533 largitus
775 4467 882 4524 est,
927 4465 981 4512 et
1028 4454 1265 4511 Joannes
1316 4450 1557 4521 Baptista
1604 4450 1753 4505 venit
1794 4452 1862 4506 ad
1894 4450 2092 4506 ﬂuenta

2201 4466 2530 4535 eaptivantes
2577 4464 2879 4521 trahebant.
2932 4464 3038 4521 Sed
3083 4465 3440 4535 expositionis
3488 4475 3648 4519 sermo
3684 4454 3736 4511 ad

513 4553 765 4608 .lordanis
794 4591 807 4614 ,
866 4547 1283 4620 prtedicavitque
1341 4544 1666 4614 baptismum
1739 4543 2089 4612 pmnitentite.

512 4643 774 4709 Quodque
799 4639 1059 4707 scriptum
1093 4644 1196 4701 est,
1226 4654 1244 4686 ‹
1290 4636 1342 4689 in
1373 4640 1584 4703 quarto,
1617 4651 1635 4683 ι
1679 4634 1944 4700 pendente
1968 4649 2091 4688 sen-

514 4732 701 4796 tentia,
728 4727 1044 4784 subauditur
1068 4742 1272 4792 mense,
1305 4725 1489 4781 statim
1509 4724 1652 4778 euim
1691 4723 1950 4793 sequitur,
1979 4743 1996 4775 ι
2035 4723 2090 4777 in

511 4825 695 4895 quinta
720 4820 980 4876 mensis.»
1021 4817 1175 4885 Quod
1221 4826 1278 4871 ut
1322 4816 1660 4893 manifestius
1706 4815 1880 4881 ﬂeret,
1929 4831 2089 4886 supra

515 4912 768 4970 addidere
810 4908 1199 4979 Septuaginta:
1239 4926 1256 4957 ‹
1314 4906 1447 4961 Cum
1478 4921 1652 4960 essem
1706 4906 1758 4959 in
1795 4907 1972 4961 medio
2000 4922 2090 4960 ca-

513 5006 782 5077 ptivorum
807 5000 959 5069 juxta
987 4998 1205 5053 ﬂuvium
1227 4998 1461 5064 Chobar,
1497 4999 1670 5068 aperti
1698 5007 1827 5052 sunt
1864 4998 2008 5065 caeli,
2035 5009 2086 5054 et

512 5096 617 5152 vidi
648 5094 883 5150 visiones
928 5091 1044 5156 Dei,
1092 5091 1147 5145 in
1177 5091 1363 5159 quinta
1411 5090 1610 5145 mensis
1641 5090 1755 5161 ipse
1802 5098 1885 5146 est
1917 5106 2093 5146 annus

508 5191 733 5261 quintus
785 5183 1271 5253 transmigrationis
1303 5181 1546 5238 Joachin.
1592 5202 1610 5236 ι
1666 5182 1935 5256 (Ηὶενοη.)
1984 5183 2089 5239 Ca-

504 5281 714 5351 ptivum
774 5276 979 5333 sedisse
1027 5273 1280 5344 populum
1323 5288 1484 5343 super
1530 5273 1751 5329 ﬂumina
1806 5274 2093 5347 Babylonis

506 5370 675 5426 David
704 5369 990 5441 prophetat
1028 5367 1081 5420 in
1122 5364 1355 5436 spiritu:
1391 5382 1409 5415 ι
1466 5364 1642 5435 Super
1680 5364 1923 5430 ﬂumina,
1952 5387 1972 5420 ι
2005 5368 2088 5421 in-

507 5463 721 5532 quiens,
757 5479 776 5512 :
808 5457 1111 5529 Babylonis,
1147 5455 1219 5510 ibi
1249 5455 1488 5511 sedimus
1530 5464 1585 5510 et
1628 5455 1872 5512 ﬂevimus
1916 5456 2087 5528 (Psal.

507 5552 770 5622 cxxxvu).
796 5551 1013 5607 Chobar
1040 5558 1217 5603 autem
1242 5555 1335 5601 aut
1363 5562 1557 5601 nomen
1597 5557 1682 5603 est
1705 5547 1959 5613 ﬂuminis,
1997 5560 2089 5602 aut

509 5655 654 5697 certe
675 5644 825 5711 juxta
854 5640 1352 5712 interpretationem
1380 5653 1558 5704 suam,
1586 5654 1691 5707 qua
1714 5639 1765 5692 in
1789 5656 1943 5709 grave
1969 5654 2090 5693 ver-

511 5736 657 5799 titur,
676 5737 877 5805 Tigrim
893 5737 1160 5807 significat
1184 5744 1237 5791 ct
1255 5734 1600 5803 Euphratem,
1621 5742 1673 5786 et
1699 5735 1876 5787 omnia
1892 5748 2085 5804 magna

2202 4558 2481 4627 Propheta:
2503 4572 2643 4611 nunc
2666 4571 2953 4626 personam
2985 4556 3187 4610 redeat.
3211 4574 3229 4607 ι
3266 4557 3336 4610 Et
3356 4555 3493 4609 facta
3517 4561 3593 4607 est
3612 4560 3739 4617 super

2200 4663 2321 4702 eum
2357 4646 2429 4701 ibi
2453 4661 2646 4701 manus
2681 4645 2919 4699 Domini.
2950 4664 2969 4698 ι
3006 4644 3276 4717 (Hier-on.)
3332 4644 3399 4700 Ut
3443 4654 3649 4698 cernere
3675 4634 3736 4687 vi.

2198 4738 2377 4792 siones
2406 4735 2499 4789 Dei
2548 4744 2603 4790 et
2628 4734 2926 4806 intelligere
2972 4736 3261 4806 possimus,
3296 4750 3456 4789 manu
3483 4740 3535 4788 et
3565 4728 3738 4784 fortitu-

2197 4827 2321 4881 dine
2347 4825 2442 4880 Dei
2473 4840 2633 4896 super
2654 4841 2752 4880 nos
2770 4840 2905 4895 opus
2940 4833 3042 4880 est.
3072 4824 3130 4879 ln
3159 4840 3267 4895 qua
3294 4841 3458 4880 manu
3484 4832 3535 4878 et
3555 4817 3738 4877 brachio

2195 4917 2422 4972 eductus
2446 4926 2528 4971 est
2553 4917 2780 4987 populus
2816 4915 2979 4971 Israel
3016 4918 3082 4972 de
3135 4917 3392 4989 Egypto.
3428 4914 3583 4986 Cujus
3617 4908 3730 4967 forti

2193 5009 2396 5065 tudinis
2438 5016 2649 5079 partem
2677 5009 2841 5063 etiam
2873 5010 3011 5080 magi
3061 5009 3467 5075 intellexerunt,
3498 5008 3736 5064 dicentes:

2199 5120 2217 5151 ι
2246 5101 2454 5172 Digitus
2494 5100 2588 5155 Dei
2618 5108 2702 5155 est
2750 5100 2838 5155 hic
2866 5100 3062 5167 (Exod.
3117 5102 3259 5167 vui).
3290 5123 3311 5156 ι
3337 5103 3406 5158 Ει
3447 5101 3670 5158 Salvator
3694 5093 3737 5148 in

2199 5182 2530 5255 Evangelio:
2557 5205 2574 5236 ι
2591 5186 2645 5240 Si
2669 5201 2767 5256 ego
2788 5186 2840 5240 in
2864 5189 3038 5256 digito
3059 5188 3147 5240 Dei
3167 5186 3333 5255 ejicio
3350 5175 3730 5247 dietnoniatbttc-

2197 5274 2275 5344 XI)
2309 5290 2325 5328 :
2363 5294 2383 5328 ι
2422 5291 2521 5346 pro
2568 5291 2678 5347 quo
2717 5278 2770 5331 in
2803 5277 2975 5333 altero
3019 5276 3316 5345 Evangelio
3343 5274 3592 5342 scriptum
3620 5272 3689 5320 est
3720 5277 3731 5313 :

2176 5362 2295 5443 -cSi
2321 5379 2425 5437 ego
2458 5365 2513 5422 in
2539 5365 2733 5437 spiritu
2763 5367 2859 5423 Dei
2884 5368 3044 5440 ejicio
3069 5367 3341 5424 daemonia
3373 5363 3582 5432 (Matth.
3604 5357 3729 5425 ιιι).›

2272 5481 2291 5514 ‹
2321 5463 2386 5517 Et
2410 5464 2518 5518 vidi
2541 5473 2599 5519 et
2632 5479 2760 5520 ecce
2786 5474 2980 5521 ventus
3001 5466 3231 5521 turbinis
3261 5468 3511 5523 veniebat
3531 5465 3594 5521 ab
3614 5460 3742 5529 aqui-

2200 5574 2218 5604 ‹
2249 5553 2386 5616 Ione,
2404 5564 2459 5608 et
2486 5554 2656 5608 nubes
2683 5569 2876 5625 magna
2889 5563 2941 5609 et
2964 5555 3101 5626 ignis
3130 5555 3430 5623 involvens,
3452 5564 3504 5611 et
3526 5548 3743 5624 splendor

2202 5665 2217 5693 ι
2250 5645 2301 5696 in
2329 5644 2558 5698 circuitu
2585 5643 2721 5714 ejus.
2747 5664 2765 5696 ι
2801 5643 3027 5716 (Greg.)
3053 5645 3370 5701 Intuendum
3401 5645 3548 5699 nobis
3571 5648 3647 5696 est
3663 5631 3739 5705 (ιυί

2194 5737 2263 5792 sit
2296 5737 2346 5791 in
2376 5736 2653 5805 Propheta:
2683 5736 2860 5803 verbis
2897 5738 3030 5792 ordo
3055 5738 3354 5797 ‘aeutionis.
3383 5737 3482 5806 Qui
3508 5733 3639 5791 enim
3673 5746 3743 5787 su-
