3950 6184
261 299 342 354 ιλιι
1242 297 1592 353 COMMENT.
1637 299 1701 352 IN
1746 299 2202 353 EZECIIIELEJI.
2244 330 2309 337 ——
2353 298 2477 352 LIB.
2525 299 2562 353 ἰ.

3420 301 3525 356 502

260 411 422 479 peritis
448 410 513 462 de
539 410 732 478 seipse
771 409 1014 464 dixerat:
1056 426 1071 458 ι
1109 407 1293 477 Apcrti
1325 418 1448 463 sunt
1480 410 1622 469 cadi,
1650 417 1704 463 et
1736 410 1839 463 vidi
1870 415 1919 470 Α
1951 418 2247 463 revertetur
2278 410 2331 463 in
2382 418 2576 462 terram
2624 425 2773 462 suam
2820 407 3190 479 (Psal.cx1.v).
3218 429 3236 461 ι
3284 408 3525 466 Ventus:

261 502 470 554 visiones
510 499 763 565 Domini,
808 519 824 550 ι
859 509 1040 568 postea
1083 509 1335 568 tanquam
1380 500 1424 553 si
1461 499 1526 553 de
1574 500 1680 553 alio
1719 515 1843 551 nar-

262 599 389 644 raret
415 590 703 662 adjuugit:
740 611 759 641 ι
797 592 862 644 Et
908 592 1049 645 facta
1080 599 1162 644 est
1205 606 1369 660 super
1394 607 1516 646 eum
1548 591 1617 661 ibi
1652 608 1845 646 manus

260 685 467 739 Domini.
494 704 512 736 ι
549 684 631 738 Ac
670 685 870 739 deinde
904 684 1054 753 quasi
1084 683 1150 737 ad
1182 700 1238 737 se
1284 685 1572 738 revertitur
1597 694 1649 737 et
1673 683 1841 738 dicit:

264 777 361 830 .Et
394 776 521 839 vidi,
554 785 613 830 et
650 792 789 831 ecce
835 786 1029 831 ventus
1064 776 1294 829 turbinis
1321 776 1572 831 veniebat
1601 778 1668 829 ab
1692 777 1844 846 aqui-

254 869 377 923 lone.
400 888 418 920 ›
447 867 589 935 Quid
623 878 719 922 est
764 871 865 921 hoc
896 867 1038 936 quod
1069 866 1229 921 modo
1281 865 1529 920 Ezechiel
1584 866 1839 935 loquitur,

255 961 395 1013 modo
429 960 497 1013 de
536 959 879 1014 Ezechiele?
932 960 978 1013 si
1014 974 1111 1028 per
1162 965 1329 1011 totum
1390 958 1593 1011 diceret
1643 958 1708 1010 de
1763 970 1842 1019 se,

255 1052 459 1122 qumstio
498 1068 609 1104 non
644 1062 827 1117 esset;
872 1051 916 1105 si
961 1067 1059 1121 per
1089 1059 1258 1104 totum
1301 1050 1523 1113 diceret,
1579 1049 1732 1117 quasi
1780 1048 1845 1103 de

254 1146 366 1211 alio,
397 1144 766 1198 nihilominus
791 1144 1014 1213 quaestio
1043 1159 1148 1198 non
1180 1142 1388 1198 fuisset.
1433 1142 1570 1208 Quid
1609 1158 1738 1213 ergo
1762 1154 1846 1197 est

254 1239 343 1292 hoc
367 1238 510 1306 quod
562 1238 652 1292 sic
704 1238 945 1291 variatur
975 1252 1157 1292 sermo
1194 1237 1563 1306 propheticus,
1595 1249 1654 1290 ut
1685 1238 1845 1290 tnoio

255 1327 504 1398 Propheta
530 1327 603 1381 de
636 1343 701 1381 se
729 1326 1001 1396 loquatur,
1049 1327 1209 1380 modo
1235 1334 1415 1380 autem
1452 1326 1517 1379 de
1547 1326 1663 1395 ipso
1691 1326 1844 1394 quasi

252 1416 375 1471 alius
400 1416 549 1486 loqui
575 1416 884 1471 videatur?
920 1414 1025 1470 Sed
1075 1413 1352 1470 sciendum
1384 1423 1464 1469 est
1502 1415 1625 1484 quia
1660 1415 1714 1469 hi
1752 1416 1845 1485 qui

252 1507 533 1578 prophetiae
586 1507 793 1576 spiritu
854 1507 1130 1576 replentur
1180 1521 1277 1575 per
1310 1506 1411 1561 hoc
1464 1507 1606 1577 quod
1659 1514 1844 1577 aperte

251 1612 629 1666 nonnunquam
663 1598 960 1668 loquuntur
980 1598 1045 1651 de
1071 1613 1148 1661 se,
1178 1606 1232 1651 et
1263 1614 1646 1667 nonnunquam
1680 1599 1758 1653 sic
1780 1598 1847 1653 de

252 1703 304 1742 se
330 1689 487 1741 verba
516 1698 790 1758 tanquam
836 1688 902 1742 de
945 1689 1064 1742 aliis
1094 1687 1395 1758 proferunt,
1429 1689 1688 1754 indicant,
1715 1689 1842 1759 quia

1953 499 2054 552 «In
2097 500 2288 568 spiritu
2350 498 2653 552 vehementi
2697 498 3047 569 conti-ingens
3092 514 3261 553 naves
3311 498 3534 555 Tharsis

1948 586 2121 660 (Ρδαι.
2168 587 2357 658 χινιι).
2410 608 2427 640 ι
2462 587 2528 641 Et
2569 587 2694 641 alibi
2723 606 2736 641 :
2765 607 2782 638 ι
2816 587 2980 658 lgnis,
3018 588 3247 658 sulphur
3288 598 3344 645 et
3381 590 3534 660 spiri-

1948 688 2034 734 tus
2090 680 2448 750 procellarum
2495 695 2625 749 pars
2674 680 2860 734 ealieis
2911 695 3099 735 eorum
3149 678 3324 753 (Psul.
3390 680 3469 749 ιι).
3511 700 3530 732 ι

1945 770 2049 838 Qui
2082 780 2298 825 ventum
2331 781 2387 826 et
2416 771 2601 826 flatum
2642 772 2978 841 tempestatis
3020 772 3224 843 legunt,
3262 773 3368 828 hoc
3412 788 3534 827 scn-

1947 865 2112 927 tiuut,
2135 863 2269 917 iram
2300 871 2356 917 et
2384 862 2619 918 furorem
2650 863 2746 918 Dei
2774 864 2957 918 venire
2982 880 3011 918 a
3035 863 3327 934 Babylone,
3354 863 3403 917 id
3428 874 3529 927 est,

1945 950 2459 1018 Nabuchodonosor,
2489 961 2543 1007 et
2575 951 2873 1008 Jerusalem
2904 961 3024 1024 post
3053 968 3146 1008 sex
3178 969 3348 1007 annos
3376 953 3534 1022 huius

1944 1042 2167 1099 visionis
2192 1056 2314 1098 esse
2354 1043 2690 1114 capiendam.
2734 1042 2990 1099 Cernitur
3015 1044 3156 1099 enim
3185 1044 3319 1098 visio
3344 1046 3533 1113 quinto

1946 1152 2087 1192 anno
2114 1136 2607 1207 transmigrationis
2655 1137 2797 1207 regis
2840 1135 3089 1202 Joachin,
3119 1137 3211 1207 qui
3259 1144 3314 1190 et
3358 1136 3528 1191 Sede-

1918 1230 1929 1253 ⁵
1947 1227 2083 1281 chize
2110 1227 2356 1298 regnanti
2390 1226 2441 1280 in
2468 1226 2766 1281 Jerusalem
2794 1226 3014 1297 quintus
3057 1236 3195 1292 erat,
3216 1242 3375 1297 quem
3406 1243 3529 1281 cum

1945 1317 2174 1387 legimus
2198 1326 2320 1388 post
2342 1332 2433 1373 sex
2466 1318 2714 1375 similiter
2741 1335 2935 1384 annos,
2965 1320 3016 1374 id
3054 1330 3154 1385 est,
3190 1336 3329 1376 anno
3358 1321 3530 1377 unde—

1947 1408 2088 1461 cimo
2114 1408 2325 1478 imperii
2369 1408 2450 1463 sui
2496 1412 2630 1465 urbe
2663 1418 2821 1479 capta
2852 1411 3069 1466 ductum
3097 1412 3151 1466 in
3179 1411 3527 1483 Babylonem.

1948 1498 2042 1553 llis
2074 1515 2204 1569 ergo
2228 1500 2320 1569 qui
2368 1499 2690 1557 habitabant
2719 1511 2937 1573 propter
2973 1503 3172 1560 ﬂumen
3214 1503 3447 1570 Chohar,
3477 1518 3531 1560 et

1947 1599 2135 1660 sponte
2166 1605 2224 1644 se
2270 1589 2378 1661 regi
2430 1592 2782 1657 tradiderant,
2832 1594 3100 1647 revelatur
3130 1595 3273 1664 quod
3314 1595 3531 1650 benefc—

1947 1680 2122 1733 cerint
2150 1679 2369 1734 obedire
2394 1680 2674 1735 sententiae
2710 1681 2824 1736 Dei.
2872 1681 2928 1735 ln
2979 1683 3129 1738 brevi
3172 1685 3315 1738 enim
3342 1694 3395 1740 et
3431 1684 3527 1739 Ju-

252 1794 343 1831 no"
369 1779 663 1848 propheta,
689 1777 786 1833 sed
828 1777 1062 1846 spiritus
1090 1787 1309 1832 sanctus
1340 1776 1575 1847 loquitur
1601 1793 1696 1848 per
1726 1794 1847 1847 pro.
1877 1782 1921 1840 Β
1949 1768 2117 1823 ducam
2144 1770 2476 1839 provinciam
2505 1780 2559 1825 et
2601 1772 2788 1826 urbem
2819 1770 3116 1828 Jerusalem
3164 1788 3284 1829 esse
3311 1777 3527 1846 capien-

250 1870 475 1938 phctam.
524 1868 641 1923 Pro
675 1885 744 1923 eo
776 1884 907 1940 ergo
944 1869 1085 1939 quod
1111 1884 1209 1939 per
1251 1870 1394 1938 ipsos
1423 1885 1602 1924 sermo
1627 1869 1704 1933 fit,
1739 1870 1839 1940 ipsi

251 1958 534 2027 loquuntur
561 1960 641 2015 de
680 1975 758 2023 se,
812 1967 866 2013 ct
908 1974 1008 2030 pro
1043 1974 1109 2014 eo
1136 1960 1278 2029 quod
1324 1959 1596 2028 aspirante
1652 1967 1841 2013 sancto

252 2047 439 2117 Spiritu
487 2048 821 2119 loquuntur,
873 2048 1012 2103 idem
1051 2056 1271 2103 sanctus
1310 2048 1542 2118 Spiritus
1565 2065 1659 2120 per
1696 2049 1841 2118 ipsos

251 2136 476 2206 loquitur
519 2138 593 2194 de
647 2139 800 2208 ipsis,
848 2136 1088 2193 Veritate
1141 2147 1450 2205 attestante,
1506 2156 1626 2210 quae
1673 2141 1838 2195 dicit:

255 2244 271 2274 ι
295 2224 402 2279 Non
438 2228 597 2282 enim
632 2243 727 2282 vos
748 2228 879 2282 estis
905 2229 994 2296 qui
1021 2226 1322 2297 loquimini,
1353 2226 1447 2281 sed
1476 2226 1711 2298 Spiritus
1736 2228 1842 2283 Pa-

256 2316 343 2370 tris
366 2319 533 2373 vestri
570 2320 672 2388 qui
706 2320 945 2388 loquitur
979 2318 1032 2373 in
1081 2319 1253 2373 vobis.
1278 2338 1295 2369 ›
1336 2318 1474 2373 Hinc
1507 2319 1670 2372 etiam
1699 2318 1844 2390 Moy-

251 2421 330 2460 ses
347 2408 457 2461 ait:
499 2428 520 2461 ‹
585 2410 718 2463 Erat
749 2409 959 2480 Moyses
998 2409 1084 2463 vir
1123 2409 1440 2464 mitissimus
1468 2425 1628 2479 super
1656 2425 1844 2466 omnes

254 2493 489 2552 homines
517 2498 624 2569 qui
670 2498 1019 2553 morabantur
1068 2499 1124 2554 in
1174 2506 1337 2554 terra.
1368 2518 1386 2550 ι
1414 2498 1514 2565 Qui
1552 2499 1696 2553 enim
1736 2515 1843 2554 non

253 2584 370 2639 dicit
396 2603 587 2654 eram,
622 2590 717 2643 sed
739 2597 875 2653 erat,
906 2588 1147 2658 profecto
1180 2598 1364 2659 aperte
1396 2589 1614 2652 indicat,
1645 2588 1767 2658 quia
1799 2589 1845 2643 is

255 2680 334 2745 qui
377 2696 475 2750 per
507 2681 667 2735 illum
718 2682 784 2737 de
835 2681 924 2736 illo
952 2682 1292 2751 loquebatur,
1339 2682 1477 2736 alius
1522 2690 1657 2736 erat.
1707 2681 1846 2737 Hine

252 2766 478 2827 Joannes
506 2775 592 2827 ait
619 2793 631 2828 :
665 2792 682 2823 ι
710 2772 831 2828 Vidi
858 2773 1004 2827 illum
1030 2774 1372 2843 discipulum,
1404 2789 1566 2843 quem
1592 2773 1847 2844 diligebat

255 2858 402 2917 Jcsus
436 2863 629 2934 (Joan.
678 2864 821 2935 ηιμ).
844 2885 862 2917 ι
899 2864 1053 2920 Unde
1100 2873 1153 2919 et
1181 2863 1377 2919 Paulus
1406 2871 1462 2918 ut
1510 2879 1614 2918 non
1647 2880 1705 2919 se
1729 2880 1847 2920 esse

254 2952 337 3020 qui
367 2953 698 3024 loquebatur
713 2954 1040 3019 ostenderet,
1071 2953 1245 3008 dixit:
1288 2971 1305 3003 ι
1341 2952 1397 3007 Si
1419 2954 1847 3023 experimentum

259 3044 490 3109 qumritis
522 3043 646 3112 ejus
679 3046 774 3111 qui
822 3045 874 3098 in
920 3061 1005 3099 me
1038 3045 1277 3114 loquitur
1316 3044 1562 3101 Christus
1612 3045 1697 3118 (Il
1720 3044 1843 3100 Cor.

1944 1860 2088 1915 dam.
2114 1860 2370 1931 Quodque
2392 1864 2561 1918 nubes
2581 1878 2774 1934 magna
2795 1864 3137 1928 describitur,
3168 1865 3527 1936 intelligamus

1942 1966 2059 2005 eam
2095 1952 2297 2007 imbres
2346 1954 2691 2008 eversionum
2738 1970 2900 2025 super
2942 1954 3181 2012 Judaeum
3212 1957 3527 2029 pluviasque

1943 2041 2245 2097 allisionum
2270 2053 2507 2114 portare.
2538 2043 2814 2101 Involutus
2839 2046 2977 2117 ignis
3009 2057 3272 2104 monstrat
3298 2059 3524 2105 ventura

1940 2133 2204 2205 supplicia
2242 2144 2296 2188 et
2324 2135 2657 2206 captivitatis
2691 2136 2853 2191 mala.
2874 2155 2892 2188 ι
2928 2132 3303 2208 Splendorque
3340 2140 3392 2194 in
3423 2140 3529 2194 cir-

1944 2227 2091 2282 cuitu
2118 2225 2253 2294 ejus,
2285 2246 2302 2278 ›
2332 2226 2603 2298 significat
2628 2227 2721 2282 Dei
2749 2234 2931 2298 aperta
2954 2227 3177 2307 judicia.
3212 2230 3315 2295 Qui
3344 2240 3526 2286 autem

1944 2318 1998 2372 in
2019 2318 2350 2373 contrariam
2393 2327 2598 2387 partem
2632 2319 2894 2383 sentiunt,
2929 2319 3033 2373 hoc
3059 2328 3141 2375 est
3176 2321 3392 2385 bonam,
3422 2322 3532 2390 spi-

1943 2409 2105 2463 ritum
2128 2407 2459 2462 auferentem
2482 2408 2595 2462 sive
2619 2408 2982 2471 extollentem,
2999 2408 3260 2478 Spiritum
3285 2418 3533 2464 sanctum

1942 2499 2281 2570 intelligunt;
2318 2499 2407 2567 qui
2459 2498 2672 2552 auferat
2725 2498 2795 2552 ab
2828 2498 3137 2554 hominibus
3191 2499 3322 2554 vitia
3369 2510 3531 2570 atque

1944 2598 2186 2659 peccata,
2217 2589 2328 2644 sive
2344 2587 2591 2656 jacentes
2619 2589 2841 2643 adtollat
2869 2588 2938 2643 ad
2959 2589 3227 2656 sublimia,
3260 2590 3532 2661 faciatque

1946 2681 2197 2735 recedere
2229 2679 2297 2734 ab
2327 2680 2577 2751 aquilone
2607 2688 2765 2735 vento
2787 2679 3154 2751 frigidissime,
3181 2696 3211 2736 a
3237 2698 3345 2754 quo
3365 2699 3528 2739 exar-

1946 2769 2169 2825 descunt
2200 2768 2340 2823 mala
2386 2784 2548 2838 super
2586 2784 2799 2833 omnem
2850 2778 3072 2825 terram.
3124 2772 3190 2826 Et
3216 2772 3271 2827 in
3296 2771 3530 2830 Jeremia

1947 2863 2052 2918 olla
2084 2862 2171 2917 illa
2214 2861 2474 2917 terribilis
2500 2878 2529 2916 a
2576 2860 2713 2916 facie
2743 2862 3010 2932 aquilonis
3038 2864 3371 2919 accenditur.
3416 2864 3497 2920 Nu
3518 2897 3530 2908 -

1947 2954 2069 3009 hem
2100 2969 2314 3024 quoque
2339 2968 2588 3024 magnam
2622 2954 2688 3008 ad
2722 2966 3007 3024 personam
3036 2953 3237 3010 Christi
3269 2956 3529 3021 referunt,

1948 3045 2041 3115 qui
2081 3045 2230 3098 venit
2283 3045 2336 3098 in
2373 3044 2662 3115 :Egyptum
2712 3044 2871 3115 hujus
2914 3045 3093 3101 smculi
3145 3062 3306 3117 super
3333 3049 3531 3103 autem

255 3132 387 3199 xm).
417 3152 434 3183 ι
467 3133 611 3199 Quia
664 3133 830 3204 igitur
857 3133 910 3187 in
954 3133 1225 3190 locutione
1259 3135 1570 3205 prophetica
1599 3136 1737 3190 alter
1764 3146 1844 3192 est
1871 3134 1915 3197 C
1949 3136 2159 3201 levem;
2193 3151 2547 3206 magnamque
2581 3138 2797 3207 proprie
2826 3137 2932 3193 dici
2961 3138 3026 3192 ad
3073 3141 3529 3211 comparationem

257 3220 339 3285 qui
366 3220 651 3289 prmsidet,
704 3220 840 3275 alter
867 3223 957 3293 qui
1003 3222 1339 3293 obsequitur,
1380 3239 1500 3280 cum
1548 3225 1614 3280 de
1640 3239 1699 3281 se
1729 3226 1844 3297 ipso

258 3311 528 3383 Propheta
552 3315 790 3385 loquitur
812 3330 1042 3386 persona
1062 3315 1409 3384 obsequentis
1437 3322 1539 3380 est,
1570 3331 1691 3369 cum
1717 3331 1846 3372 vero

259 3417 352 3471 per
422 3405 758 3477 Prophetam
826 3405 1061 3477 Spiritus
1125 3406 1383 3476 loquitur,
1446 3407 1511 3462 de
1576 3406 1845 3476 Propheta

260 3492 564 3549 sublimitas
611 3495 955 3565 praesidentis
1004 3495 1327 3550 ostenditur.
1394 3494 1561 3550 Recte
1616 3508 1745 3565 ergo
1791 3503 1847 3551 et

262 3590 511 3651 tanquam
544 3585 610 3639 de
637 3585 745 3641 alio
786 3584 1003 3651 dicitur,
1031 3605 1050 3638 ι
1104 3586 1243 3641 facta
1279 3593 1361 3640 est
1409 3602 1572 3657 super
1598 3602 1721 3643 eum
1772 3587 1846 3643 ibi

262 3693 446 3736 manus
472 3681 704 3738 Domini.
736 3702 755 3735 ι
793 3682 860 3736 Et
884 3682 951 3737 de
976 3697 1034 3737 se
1052 3683 1304 3763 protinus
1321 3681 1557 3753 adjungit
1581 3700 1595 3737 :

331 3789 348 3821 ι
378 3771 443 3825 Ει
469 3772 601 3837 vidi,
625 3780 681 3827 et
706 3787 834 3828 ecce
855 3780 1049 3828 ventus
1073 3772 1303 3828 turbinis
1328 3774 1577 3829 veniebat
1604 3774 1673 3829 ab
1695 3775 1847 3844 aqui-

264 3858 399 3915 lone.
423 3882 442 3915 ι
490 3861 762 3933 (meram)
808 3862 865 3918 In
906 3862 1327 3918 consolationem
1365 3862 1546 3933 pepuli
1590 3865 1847 3919 transmi-

263 3951 466 4016 grantis
491 3960 548 4004 et
572 3951 956 4006 revelatiouem
985 3953 1267 4007 sententia:
1292 3953 1389 4007 Dei
1412 3953 1678 4023 Propheta
1702 3955 1846 4010 videt

264 4039 549 4093 maximam
588 4039 873 4093 visionem.
907 4040 962 4093 ln
999 4038 1150 4108 cujus
1194 4041 1634 4111 interpretatione
1657 4057 1844 4099 omnes

264 4140 540 4198 synagoga:
568 4126 875 4182 Judazorum
901 4135 1063 4183 mutae
1090 4138 1237 4194 sunt,
1267 4130 1407 4183 ultra
1428 4131 1697 4185 hominem
1725 4146 1844 4186 esse

265 4216 553 4273 dicentium
586 4228 642 4273 ct
664 4220 729 4274 de
758 4219 885 4286 hac,
923 4227 977 4274 et
1002 4219 1067 4273 de
1091 4219 1445 4275 aediﬁcatione
1469 4222 1672 4291 templi,
1700 4222 1844 4291 quod

264 4306 314 4363 in
340 4311 531 4370 ultimo
555 4311 856 4382 prophetiae
886 4310 1047 4380 hujus
1074 4312 1331 4367 scribitur
1349 4313 1554 4382 aliquid
1591 4315 1727 4369 velle
1753 4331 1845 4370 co-

264 4406 393 4459 nari.
443 4404 555 4459 Nos
606 4413 788 4459 autem
836 4419 1014 4474 quaaa
1067 4401 1361 4473 majoribus
1411 4406 1737 4474 accepimus,
1789 4413 1845 4460 et

1945 3224 2248 3291 minorum,
2307 3222 2698 3295 Prophetarum
2751 3226 2996 3282 videlicet
3042 3238 3097 3283 et
3151 3227 3530 3299 Apostolorum

1945 3316 2294 3386 omniumque
2347 3325 2681 3382 sanctorum,
2738 3319 2803 3371 de
2838 3319 3035 3388 quibus
3082 3321 3345 3392 scriptum
3393 3331 3524 3378 est:

1950 3426 1967 3458 ι
1999 3406 2062 3461 Et
2083 3407 2284 3462 veritas
2311 3417 2401 3460 tua
2426 3422 2599 3477 usque
2627 3408 2693 3461 ad
2738 3408 2909 3463 nubes
2944 3409 3113 3481 (Psal.
3138 3411 3329 3484 xxxv).
3366 3432 3383 3464 ι
3441 3413 3524 3477 Et,

1949 3516 1967 3550 ι
1993 3497 2261 3554 mandabo
2274 3498 2505 3553 nubibus
2530 3514 2596 3553 ue
2620 3490 3284 3570 pluautsupechrusalem
3300 3502 3529 3558 imbrem

1945 3587 2079 3662 (Isa.
2117 3588 2192 3662 v).
2234 3609 2251 3641 ι
2303 3589 2370 3642 Ει
2419 3588 2585 3644 alibi:
2622 3608 2640 3640 ‹
2694 3589 2872 3645 Nubes
2930 3592 3103 3662 pulvis
3162 3594 3357 3663 pedum
3413 3593 3531 3663 ejus

1944 3679 2203 3753 (Nuhum.
2230 3679 2290 3752 ι).
2317 3699 2333 3731 ι
2354 3680 2623 3735 Etiterum
2653 3698 2665 3733 :
2688 3700 2705 3731 ι
2731 3681 2911 3737 Nubes
2940 3692 2992 3738 et
3019 3683 3192 3754 caligo
3220 3685 3271 3739 in
3294 3685 3527 3740 circuitu

1943 3775 2113 3844 ipsius
2140 3772 2311 3846 (Psal.
2353 3773 2516 3845 πίονι).
2542 3794 2558 3823 ι
2599 3793 2617 3824 ‹
2672 3774 2847 3843 Ignem
2893 3790 3107 3846 quoque
3158 3776 3447 3832 micantem
3473 3787 3529 3833 et

1944 3866 2282 3936 splendorem
2308 3866 2362 3919 in
2392 3866 2619 3919 circuitu
2646 3865 2782 3936 ejus,
2815 3887 2832 3918 ι
2856 3867 3011 3937 juxta
3043 3868 3168 3923 illud
3190 3869 3358 3939 accipi
3381 3873 3527 3941 quod

1941 3958 2202 4026 scriptum
2225 3964 2336 4010 est:
2367 3975 2385 4006 ι
2415 3955 2555 4009 Deus
2575 3955 2715 4026 ignis
2736 3972 3058 4013 consumens
3073 3966 3156 4013 est
3179 3957 3357 4028 (Deut.
3384 3960 3481 4030 Iv),
3503 3980 3522 4012 ι

1941 4044 2007 4099 ad
2032 4060 2191 4114 quem
2237 4044 2558 4099 mittendum
2588 4060 2748 4114 super
2798 4054 2998 4101 terram
3038 4045 3287 4102 Salvator
3317 4048 3528 4104 venisse

1942 4149 2001 4189 se
2029 4133 2161 4188 dicit
2189 4133 2339 4204 (Luc.
2374 4133 2496 4204 xu),
2542 4141 2596 4188 et
2627 4134 2679 4188 in
2711 4136 2864 4190 nobis
2900 4136 3256 4206 omnibusque
3301 4137 3528 4193 creden-

1945 4226 2085 4280 tibus
2110 4225 2302 4279 ardere
2328 4224 2620 4290 desiderat,
2670 4227 2763 4295 qui
2814 4241 2935 4280 cum
2977 4236 3236 4282 terrorem
3276 4239 3526 4297 peccato-

1944 4318 2092 4371 ribus
2140 4316 2333 4372 inferat
2361 4327 2524 4386 atque
2576 4317 2857 4387 supplicia,
2899 4326 3073 4370 tamen
3123 4316 3406 4386 splendore
3437 4334 3525 4371 ru-

1945 4406 2079 4472 tilet,
2111 4414 2167 4460 et
2214 4407 2418 4461 lumine
2468 4422 2531 4460 ac
2561 4405 2767 4477 fulgore
2821 4406 2891 4459 sit
2930 4406 3143 4474 plenus,
3193 4406 3398 4462 idcirco
3423 4422 3522 4461 nos

263 4497 402 4569 juxta
425 4498 706 4553 modulum
741 4498 994 4570 ingenioli
1025 4500 1198 4554 nostri
1226 4499 1558 4570 spiritalibus
1579 4499 1839 4571 spiritalia
1868 4486 1917 4543 D
1942 4510 2250 4564 excoquens
2278 4504 2335 4550 ut
2362 4496 2510 4565 puris
2558 4504 2719 4564 atque
2766 4495 3010 4564 purgatis
3048 4494 3247 4549 tribuat
3292 4495 3520 4551 ltetiora.

264 4598 663 4660 comparantes,
704 4590 970 4659 suspicari
1016 4591 1188 4661 magis
1214 4605 1522 4660 possumus,
1562 4607 1726 4661 quam
1753 4607 1846 4645 ex-

263 4680 500 4749 planare,
528 4696 559 4735 a
595 4680 869 4736 benevolis
914 4680 1265 4749 fidelibusque
1311 4680 1603 4735 lectoribus
1634 4681 1843 4735 veniam

262 4772 634 4843 deprecantes,
666 4778 728 4826 ut
755 4771 1067 4837 temeritati,
1097 4771 1207 4827 imo
1243 4770 1364 4827 fidei
1399 4772 1660 4827 nescienti
1690 4789 1841 4828 men-

263 4881 438 4920 suram
491 4880 666 4930 suam,
700 4862 938 4928 faveant,
987 4864 1158 4934 magis
1204 4880 1366 4932 quam
1418 4864 1737 4919 irascantur.
1765 4864 1848 4919 Ac

264 4960 493 5013 brimum
525 4956 804 5011 sciendum
851 4955 1099 5024 spiritum
1131 4954 1465 5009 auferentem
1512 4955 1625 5009 sive
1671 4954 1843 5008 adtol-

259 5060 477 5111 tentem,
516 5061 674 5115 quem
704 5060 802 5099 nos
824 5044 978 5113 juxta
1009 5042 1256 5111 Aquilam
1294 5042 1629 5114 interpretati
1658 5058 1842 5098 sumus

266 5158 284 5190 ι
310 5148 532 5194 ventum
562 5137 809 5200 turbinis,
840 5154 858 5186 ι
895 5142 950 5191 et
984 5133 1135 5202 juxta
1162 5134 1542 5206 Symmachum
1572 5141 1627 5188 et
1665 5133 1839 5188 Theo-

260 5230 556 5293 dotionem,
580 5225 764 5283 flatum
794 5241 856 5281 ac
887 5245 905 5277 ι
931 5226 1177 5295 spiritum
1201 5224 1549 5295 tempestatis,
1582 5243 1599 5275 ι
1631 5224 1699 5279 ab
1720 5225 1839 5280 aliis

257 5316 312 5372 ln
341 5318 563 5382 bonam,
585 5317 652 5371 ab
679 5315 799 5371 aliis
827 5315 880 5369 in
900 5314 1224 5370 contrariam
1251 5323 1457 5384 partem
1486 5314 1677 5385 accipi.
1710 5313 1842 5369 Ver-

256 5408 382 5462 bum
427 5407 574 5462 euim
624 5405 950 5462 Hebraieum
1001 5404 1133 5459 rima
1162 5419 1258 5473 pro
1289 5404 1527 5459 locorum
1558 5403 1834 5473 qualitate,

256 5497 339 5553 vel
366 5498 614 5567 spiritus,
640 5496 727 5552 vel
770 5497 967 5559 anima,
995 5496 1079 5550 vel
1115 5504 1305 5551 ventus
1350 5496 1630 5565 accipitur.
1667 5495 1838 5565 Spiri-

258 5594 341 5639 tus
384 5597 441 5640 ut
472 5586 584 5641 ibi:
614 5603 634 5638 ι
669 5585 868 5642 Emitte
914 5586 1160 5657 spiritum
1204 5595 1372 5651 tuum,
1419 5596 1472 5640 et
1513 5587 1842 5642 crcabuntur

234 5673 423 5744 'tPsal.
449 5677 589 5748 cut).
615 5696 633 5729 ι
667 5675 859 5731 Anima
888 5694 899 5729 :
936 5695 952 5727 ι
1002 5676 1318 5747 Egredictur
1361 5676 1581 5745 spiritus
1623 5676 1757 5746 ejus,
1789 5684 1844 5730 et

1947 4584 2011 4655 (ϐ
2020 4585 2148 4657 reg.)
2166 4586 2307 4640 Bene
2323 4594 2500 4639 autem
2527 4584 2743 4654 maligni
2770 4584 2991 4654 spiritus
3007 4584 3269 4641 immissio
3290 4604 3309 4637 ε
3331 4597 3524 4643 ventus

1946 4675 2175 4728 turbinis
2205 4693 2225 4726 ι
2255 4674 2570 4744 appellatur.
2603 4674 2783 4729 Turbo
2825 4676 3023 4746 quippe
3050 4677 3337 4733 aedificium
3381 4682 3524 4749 quod

1947 4764 2137 4833 tangit,
2171 4765 2524 4819 concutiendo
2550 4766 2776 4820 subruit.
2826 4767 2893 4822 Et
2917 4768 3095 4823 omnis
3121 4771 3328 4840 antiqui
3351 4773 3523 4828 hostis

1947 4858 2170 4911 tentatio
2195 4871 2316 4926 qua:
2360 4857 2617 4926 agiturin
2662 4866 2861 4926 mente,
2917 4868 3111 4915 ventus
3156 4871 3243 4916 est.
3265 4863 3520 4929 turbinis,

1947 4948 2070 5017 quia
2097 4948 2453 5003 concutiendo
2480 4963 2575 5018 per
2602 4948 2872 5005 desideria
2916 4951 2986 5005 ab
3031 4960 3176 5007 statu
3204 4968 3316 5008 sure
3363 4956 3524 5010 recti-

1945 5039 2148 5094 tudinis
2179 5040 2377 5095 evellit.
2411 5040 2517 5096 Sed
2557 5057 2654 5097 nos
2674 5041 2776 5098 ista
2807 5042 3112 5110 reticentes,
3140 5061 3260 5117 quae
3286 5048 3522 5104 humano

1943 5131 2126 5199 generi
2155 5140 2314 5185 erunt
2343 5133 2410 5186 ab
2436 5131 2589 5187 hoste
2632 5133 2827 5190 callido
2853 5134 2908 5191 in
2936 5135 3042 5192 ﬁne
3071 5145 3316 5202 ventura,
3347 5138 3415 5192 ad
3438 5152 3525 5193 so-

1943 5223 2050 5278 lam
2075 5222 2315 5278 Iudaeam
2337 5239 2406 5278 ex
2428 5239 2533 5294 qua
2578 5224 2845 5297 Propheta
2892 5226 3014 5294 fuit,
3062 5238 3116 5284 et
3143 5227 3296 5297 cujus
3338 5226 3520 5298 perdi-

1947 5316 2145 5370 tionem
2175 5315 2548 5384 prophetando
2570 5318 2855 5388 conspicit,
2878 5318 3040 5374 verba
3071 5328 3364 5374 vertamus.
3388 5317 3519 5386 Quae

1942 5404 2228 5459 incarnato
2253 5403 2480 5461 Domino
2510 5414 2659 5461 tanto
2678 5407 2895 5478 gravius
2924 5408 2992 5463 ab
3021 5409 3270 5479 aquilone
3297 5416 3514 5463 ventum

1946 5494 2177 5549 turbinis
2208 5495 2448 5565 pertulit,
2475 5507 2679 5566 quanto
2701 5513 2730 5551 a
2759 5514 2855 5553 sua
2902 5499 3225 5554 rectitudine
3252 5514 3516 5554 concussa

1944 5586 2166 5653 cadens,
2195 5599 2293 5656 per
2314 5596 2581 5658 torporem
2612 5592 2806 5645 mentis
2849 5592 2903 5645 in
2938 5590 3159 5659 perﬁdia
3209 5590 3399 5662 frigida
3426 5608 3516 5646 re-

1947 5678 2160 5733 mansit.
2198 5679 2397 5735 Ventus
2423 5696 2551 5752 ergo
2582 5683 2812 5737 turbinis
2839 5684 2905 5737 ab
2930 5682 3177 5752 aquilone
3208 5685 3517 5750 venlt,cum
