3950 6184
399 298 501 351 21.3

1040 289 1100 342 Β.
1147 285 1393 341 ΚᾹΒᾹΝΙ
1435 284 1648 339 Μλῖἶίι
1690 284 1995 340 ΛΒΟΞΞΗΞΡ

2104 283 2356 340 OGUNT.
2395 281 2676 340 OPEiiij-kl
2719 280 2894 337 PARS
2933 277 2995 333 11.

3569 283 3672 340 505

400 411 563 464 vitam
596 405 799 460 .lmiaici
834 401 1012 472 populi
1056 398 1321 468 malignus
1357 398 1576 466 spiritus
1602 398 1655 449 in
1690 397 1984 450 tentatione
2014 404 2059 460 Α
2089 397 2155 450 ad
2183 396 2483 450 claritatem
2512 394 2731 457 crescit,
2762 406 2953 469 aurum
2980 405 3110 445 vero
3144 407 3174 446 a
3214 405 3312 446 suo
3334 391 3541 463 fulgore
3565 396 3673 463 μοι.

401 498 693 555 concussit.
734 494 832 550 Ubi
859 501 912 547 et
945 500 1088 544 recte
1112 489 1364 541 additur:
1394 507 1409 536 ι
1442 487 1507 540 Et
1539 486 1705 541 nubes
1729 503 1938 557 magna.
1962 507 1983 537 ι

402 591 535 659 Quia
571 595 773 658 quanto
796 584 913 655 plus
938 581 1166 650 quisque
1194 580 1395 634 exarsit
1426 578 1818 643 incredulitate,
1838 588 1989 631 tanto

403 678 635 747 amplius
663 673 923 729 obcaecari
958 670 1158 724 meruit
1210 668 1527 738 ignorantia:
1575 684 1686 721 sum
1737 666 1983 738 calig'ne.

404 772 817 836 Redemptorcm
850 764 1048 833 quippe
1077 760 1299 815 humani
1345 759 1561 828 generis
1602 774 1761 827 quem
1794 757 1847 811 in
1875 757 1987 827 lege

403 879 466 917 ac
514 859 791 931 prophetis
832 856 1191 923 iutelligenles
1243 860 1715 920 exspectaverant,
1749 850 1988 903 videntes

401 952 686 1023 negabant.
744 947 897 1003 Unde
947 954 1127 998 actum
1163 951 1245 996 est
1296 950 1355 995 ut
1383 958 1567 995 eorum
1606 956 1758 993 utens
1795 956 1987 1010 magna

403 1042 722 1117 ignorantiae
773 1054 881 1093 sua:
934 1037 1074 1091 nube
1120 1044 1426 1105 tegeretur;
1486 1048 1552 1086 ne
1584 1033 1725 1087 hunc
1761 1042 1884 1100 post
1910 1033 1989 1086 in-

401 1136 678 1205 quireutes
729 1136 1103 1202 agnoscerent,
1152 1141 1313 1195 quem
1367 1125 1516 1195 prius
1566 1132 1621 1178 et
1668 1124 1989 1179 denuntiare

404 1236 653 1300 poterant
674 1234 924 1279 etamare
946 1221 1261 1276 renuebant.
1286 1218 1427 1288 ignis
1448 1218 1590 1271 enim
1609 1217 1846 1280 nomine,
1862 1232 1987 1271 cum

402 1333 497 1388 per
509 1314 955 1388 significationem
973 1308 1485 1377 dicitur,aliquando
1500 1306 1731 1377 Spiritus
1746 1316 1983 1370 sanctus,

403 1406 691 1477 aliquando
722 1413 900 1457 autem
932 1401 1127 1455 tuentis
1154 1398 1355 1453 malitia
1387 1398 1718 1469 designatur.
1750 1397 1825 1451 De
1847 1398 1986 1452 bono

404 1499 547 1554 enim
572 1497 695 1568 igne
725 1495 982 1564 scriptum
1006 1500 1090 1545 est
1116 1510 1127 1543 :
1160 1509 1177 1539 ι
1206 1489 1385 1560 Ignem
1413 1489 1531 1544 veni
1563 1487 1776 1542 mittere
1797 1488 1849 1542 in
1878 1495 1987 1543 ter-

405 1606 542 1655 ram,
571 1596 623 1644 et
656 1586 783 1657 quid
836 1584 956 1638 volo
986 1582 1087 1637 nisi
1137 1589 1194 1634 ut
1244 1579 1603 1635 accendatur?
1632 1578 1781 1649 (Luc.
1809 1576 1928 1652 xu).
1961 1599 1979 1630 ι

401 1684 543 1752 ignis
576 1681 775 1752 quippe
816 1679 869 1732 in
916 1685 1117 1730 terram
1150 1661 1405 1737 mitiitur,
1454 1686 1575 1725 cmn
1606 1685 1703 1740 per
1731 1671 1982 1724 ardorem

2091 486 2284 550 lescit;
2331 485 2460 539 illud
2506 484 2572 538 ad
2624 482 2928 537 claritatem
2972 481 3207 550 prolicit,
3237 481 3390 535 boca
3433 482 3674 539 claritate

2093 583 2441 645 temperatur.

2159 668 2293 736 Quia
2335 668 2497 738 igitur
2532 667 2585 719 in
2618 663 2897 734 unigenito
2943 661 3037 715 Dei
3077 660 3217 717 Filio
3256 671 3466 715 natura
3491 662 3672 718 divini-

2090 752 2214 814 tatis
2248 761 2393 813 unita
2422 766 2504 813 est
2533 766 2724 811 natura
2758 766 2962 818 nostra,
2989 755 3042 807 in
3070 769 3174 821 qua
3204 753 3554 818 adunationc,
3579 756 3672 808 btk

2088 853 2320 907 manitas
2354 852 2405 905 in
2449 850 2745 919 majestatis
2775 848 2938 919 gloria
2971 847 3234 910 excrevit,
3270 847 3525 901 divinitas
3550 861 3671 901 vero

2089 960 2117 997 a
2165 944 2246 997 sui
2292 942 2513 1013 fulgoris
2553 941 2816 1009 potentia,
2867 937 3115 991 humanis
3163 951 3221 991 se
3268 935 3437 990 oculis
3474 946 3672 1004 tempe-

2090 1034 2229 1087 ravit
2256 1052 2266 1086 :
2302 1049 2399 1102 per
2426 1034 2526 1086 hoc
2548 1030 2688 1100 quod
2713 1031 2944 1083 humana
2972 1035 3159 1080 natura
3184 1026 3381 1081 clarior
3407 1025 3546 1079 facta
3569 1035 3669 1087 est,

2087 1126 2239 1196 quasi
2271 1141 2366 1195 per
2395 1139 2590 1178 aurum
2616 1122 2788 1176 crevit
2810 1128 3116 1190 argentum.
3159 1117 3227 1174 Et
3265 1118 3391 1186 quia
3418 1116 3671 1171 divinitas

2088 1235 2117 1272 a
2150 1212 2355 1288 fulgore
2385 1230 2482 1269 suo
2510 1213 2708 1268 nostris
2735 1220 2816 1265 est
2837 1209 3143 1280 aspectibus
3172 1216 3494 1276 temperata,
3521 1206 3669 1275 quasi

2087 1327 2274 1365 aurum
2300 1310 2453 1363 nobis
2493 1306 2679 1377 palluit
2707 1321 2805 1374 per
2831 1311 3131 1373 argentum.
3183 1299 3277 1353 Illa
3305 1299 3447 1353 enim
3479 1307 3667 1353 natura

2088 1400 2456 1464 immutabilis,
2489 1414 2607 1468 qum
2631 1398 2682 1451 in
2711 1411 2768 1450 se
2800 1408 3025 1448 manens
3052 1392 3272 1445 innovat
3291 1389 3497 1454 omnia,
3525 1389 3568 1443 si
3598 1391 3670 1443 ita

2086 1501 2143 1547 ut
2169 1503 2252 1546 est
2278 1491 2434 1545 nobis
2480 1501 2741 1559 apparere
2771 1484 3051 1545 voluisset,
3098 1479 3302 1549 fulgore
3342 1495 3441 1533 suo
3470 1494 3565 1533 nos
3593 1481 3673 1533 in-

2084 1584 2332 1639 cenderet
2360 1581 2557 1651 potius,
2585 1591 2745 1647 quam
2771 1580 3076 1628 renovaret.
3105 1569 3210 1624 Sed
3235 1568 3535 1623 claritatem
3565 1584 3674 1623 sua:

2085 1673 2472 1745 magnitudinis
2500 1669 2820 1740 temperavit
2849 1665 3049 1721 nostris
3081 1661 3438 1727 oculisDeus,
3466 1669 3522 1713 nt
3546 1660 3669 1713 dum

401 1775 576 1831 5311011
605 1772 839 1842 Spiritus
891 1766 1067 1821 “mala
1122 1775 1335 1819 ιεπθιιθ
1388 1777 1561 1826 mens.
1612 1779 1639 1815 a
1676 1760 1984 1816 carnalibus
2014 1757 2054 1814 Β
2086 1762 2374 1832 nobisrjus
2393 1762 2982 1828 claritastemperatur,
3002 1755 3161 1809 etiam
3185 1760 3362 1806 nostra
3389 1751 3674 1806 infirmitas

402 1868 515 1922 suis
550 1863 831 1919 desideriis
879 1864 1275 1915 concrematur.
1334 1853 1409 1907 De
1462 1852 1602 1907 maio
1636 1861 1816 1907 autem
1863 1852 1984 1922 igne

401 1958 600 2012 dicitur
625 1974 637 2009 :
662 1974 680 2007 ι
705 1955 771 2008 Ει
799 1966 941 2006 nunc
967 1948 1103 2019 ignis
1129 1944 1469 2000 adversarios
1494 1952 1825 2008 consumet,»
1857 1943 1984 2013 quia

403 2067 497 2105 cur
526 2050 817 2119 possintqu
848 2059 915 2099 ex
940 2056 1035 2096 sua
1067 2038 1270 2092 malitia
1319 2036 1563 2091 tabescit.
1610 2034 1762 2090 Sicut
1807 2045 1984 2089 autem

403 2140 542 2211 ignis
567 2136 767 2192 amoris
792 2140 1028 2188 mentem
1062 2127 1241 2195 erigit,
1290 2126 1361 2179 ita
1408 2126 1546 2196 ignis
1573 2125 1790 2179 malitia:
1820 2121 1989 2177 invol-

403 2235 482 2287 vit
507 2250 521 2296 ;
553 2231 679 2300 quia
710 2236 765 2282 et
789 2234 1013 2282 sanctus
1035 2224 1271 2294 Spiritus
1295 2236 1390 2275 cor
1410 2219 1552 2289 quod
1589 2216 1759 2286 replet
1788 2217 1982 2279 elevat,

403 2333 460 2378 et
492 2322 655 2377 ardor
676 2319 897 2374 malitia:
946 2318 1013 2372 ad
1042 2312 1296 2369 inferiora
1343 2325 1556 2381 semper
1592 2310 1858 2364 incurvat.
1891 2307 1987 2361 Ju-

403 2415 519 2469 dma
542 2412 705 2483 igitur
731 2408 872 2463 nube
893 2422 1006 2461 sua:
1033 2404 1348 2476 ignorantia:
1373 2409 1597 2464 cmeata,
1622 2400 1746 2468 quia
1778 2414 1899 2452 mox
1923 2398 1989 2451 ad

403 2502 795 2577 persecutionis
845 2499 1139 2569 nequitiam
1189 2495 1385 2565 erupit,
1444 2493 1563 2562 igne
1608 2506 1705 2545 suo
1756 2489 1991 2543 involuta

404 2607 507 2663 est,
520 2612 640 2668 quae
662 2596 715 2649 iu
735 2591 1060 2661 obligatione
1081 2604 1139 2643 se
1168 2586 1416 2655 nequitize
1442 2599 1537 2654 per
1556 2581 1797 2636 eamdem
1823 2580 1989 2649 ipsam

404 2688 799 2749 crudelitatem,
832 2698 937 2751 qua
964 2678 1185 2740 exarsit,
1219 2673 1530 2744 implicavit.
1558 2669 1759 2725 Nubem
1814 2670 1993 2737 itaque

404 2780 649 2850 sequitur
684 2795 701 2825 ι
732 2775 872 2844 ignis
911 2769 1209 2829 involvens,
1258 2786 1275 2817 ι
1309 2765 1433 2834 quia
1482 2764 1534 2815 in
1585 2762 1665 2815 eis
1692 2759 1993 2814 caecitatem

407 2868 607 2926 mentis
663 2874 849 2919 secuta
920 2868 1006 2914 est
1052 2856 1344 2911 crudelitas
1396 2849 1826 2921 persecutionis:
1864 2866 1881 2898 ι
1936 2847 1992 2900 Si

406 2960 551 3014 enim
579 2953 979 3026 cognovissent,
1012 2960 1282 3016 nunquam
1315 2942 1598 2997 Dominum
1644 2939 1829 3009 gloria:
1874 2952 1996 2991 cru-

406 3050 706 3107 cifixissent
755 3043 804 3115 (Ι
828 3041 951 3095 Cor.
978 3044 1059 3109 ιι).
1089 3056 1107 3089 ι
1150 3033 1256 3089 Sed
1289 3035 1388 3087 iste
1436 3031 1575 3102 ignis
1622 3027 1995 3101 alibiexarsit

2084 1873 2182 1927 per
2201 1854 2317 1923 ejus
2336 1851 2742 1908 similitudinem
2766 1848 2818 1901 in
2842 1845 2957 1915 ejus
2975 1847 3095 1901 luce
3134 1843 3483 1902 claresceret,
3506 1850 3557 1893 et
3578 1854 3675 1907 per

2086 1952 2363 2013 acceptam
2387 1940 2635 2012 gratiam,
2663 1945 2720 1990 ut
2762 1938 2833 1990 ita
2869 1935 3067 1998 dicam,
3090 1945 3202 1986 suae
3236 1927 3566 1986 habitudiuis
3586 1942 3673 1981 co-

2088 2037 2262 2090 lorem
2292 2039 2546 2086 mutaret.
2594 2027 2760 2095 Quasi
2804 2025 3063 2079 electrum
3091 2036 3219 2089 ergo
3247 2021 3302 2074 iu
3332 2019 3457 2089 igne
3484 2037 3503 2069 ι
3536 2017 3678 2072 Dens

2087 2131 2247 2187 homo
2288 2115 2464 2182 factus
2500 2145 2519 2178 ι
2570 2125 2622 2178 in
2670 2119 3064 2193 persecutione.
3115 2115 3266 2184 Quod
3310 2115 3353 2169 si
3393 2114 3517 2183 quis
3563 2112 3678 2166 lucc

2087 2239 2205 2295 quze
2244 2222 2311 2276 de
2346 2220 2522 2291 primo
2554 2214 2763 2271 Domini
2804 2213 3037 2267 adventu
3075 2209 3340 2270 diximus,
3392 2205 3561 2260 etiam
3609 2205 3677 2257 de

2088 2312 2323 2369 secundo
2349 2309 2478 2364 velit
2507 2307 2775 2376 accipere,
2801 2301 2963 2357 celeri
2990 2307 3072 2354 est
3095 2312 3317 2352 assensu
3341 2294 3665 2362 sequendus.

2090 2405 2225 2473 Quia
2257 2419 2398 2473 smpe
2427 2397 2721 2470 prophetia:
2752 2393 2974 2463 spiritus
3009 2394 3061 2444 in
3094 2404 3202 2443 uno
3233 2387 3375 2456 quod
3409 2384 3665 2454 loquitur,

2092 2497 2258 2552 inulta
2289 2492 2449 2549 simul
2481 2492 2735 2544 intuetur.
2772 2484 2976 2538 Ventus
3000 2482 3144 2537 enim
3173 2478 3403 2534 turbinis
3431 2476 3502 2529 ab
3530 2475 3677 2545 aqui-

2093 2590 2216 2642 lone
2246 2586 2430 2647 venit,
2464 2581 2587 2653 quia
2619 2578 2873 2633 nimirum
2903 2590 3068 2629 causa
3099 2577 3442 2643 peccatorum
3474 2567 3675 2636 exigit,

2094 2692 2155 2735 ut
2193 2676 2418 2734 districti
2453 2672 2639 2744 jndicii
2680 2667 2963 2723 concussio
3003 2663 3182 2719 omnia
3216 2660 3376 2715 simul
3413 2659 3674 2713 elementa

2094 2768 2392 2841 perturbet.
2431 2763 2632 2818 'l‘error
2661 2760 2804 2813 enim
2844 2752 3269 2826 perturbationis
3310 2749 3516 2802 ultima:
3558 2748 3677 2801 inde

2095 2862 2283 2918 venire
2306 2859 2501 2914 dicitur
2520 2854 2663 2909 unde
2681 2859 2985 2922 generatur.
3018 2846 3148 2901 Nam
3171 2845 3295 2914 quia
3320 2840 3386 2894 ad
3410 2839 3680 2893 feriendas

2096 2949 2318 3021 frigidas
2348 2953 2689 3016 peccatorum
2720 2947 2928 2993 mentes
2961 2935 3222 3005 judicium
3256 2928 3677 3001 perturbationis

2099 3019 2301 3093 ultimm
2330 3035 2525 3106 agitur,
2562 3039 2707 3086 recte
2734 3027 2803 3081 ab
2826 3025 3080 3096 aquilone
3106 3032 3299 3076 ventus
3331 3019 3562 3074 turbinis
3591 3033 3681 3072 ve-

405 3151 567 3210 atque
597 3136 721 3191 alibi
752 3113 1040 3203 splenduit.
1094 3125 1226 3179 Nam
1255 3123 1504 3179 subditur
1532 3139 1543 3172 :
1575 3137 1593 3171 ι
1651 3119 1714 3172 Et
1745 3117 1995 3187 splendor

2098 3130 2215 3183 nire
2243 3124 2577 3196 perhibetur.
2633 3120 2762 3187 Qua:
2799 3115 3049 3172 videlicet
3087 3113 3371 3168 concussio
3398 3119 3524 3180 apte
3554 3123 3683 3163 ven-

406 3231 460 3284 in
484 3225 711 3283 circuitu
740 3220 917 3289 ejus.»
971 3216 1107 3270 Dum
1159 3215 1303 3268 enim
1352 3209 1654 3281 persecutio
1709 3207 1761 3260 in
1812 3204 1996 3259 Jndma

406 3320 606 3390 agitur,
636 3321 821 3370 sancta
853 3305 1231 3379 Apostolorum
1280 3299 1612 3373 praedicatio,
1660 3298 1713 3351 in
1743 3296 1996 3350 universo

405 3383 605 3466 mundo
632 3407 872 3475 dispersa
899 3408 1006 3462 est,
1035 3398 1176 3452 sicut
1219 3395 1316 3464 ipsi
1365 3393 1585 3446 dicunt:
1618 3409 1635 3439 ι
1674 3388 1839 3443 Vobis
1867 3383 2000 3441 mis-

406 3517 527 3557 sum
548 3499 723 3554 fuerat
751 3495 971 3550 verbum
1022 3488 1136 3551 Dei,
1169 3486 1260 3541 sed
1291 3485 1415 3554 quia
1448 3482 1696 3550 indignos
1738 3494 1833 3532 vos
1855 3475 1999 3544 judi-

406 3594 593 3657 castis,
625 3605 752 3646 ecce
780 3589 920 3642 imus
942 3585 1008 3639 ad
1037 3590 1224 3653 gentes
1250 3577 1385 3651 (Art.
1419 3574 1558 3645 XIII).
1582 3595 1600 3624 ι
1649 3573 1723 3627 Ι)ε
1766 3568 1999 3626 crudeli-

407 3692 518 3740 tate
539 3696 666 3752 ergo
692 3676 932 3741 malitiae,
961 3688 1082 3743 qum
1110 3678 1345 3725 mentem
1382 3663 1581 3719 indica:
1610 3660 1995 3724 concremavit,

407 3775 746 3843 omnipotens
786 3772 926 3824 Dens
953 3767 1126 3819 lucem
1176 3761 1426 3833 gentibus
1473 3755 1690 3826 sparsit.
1734 3752 1869 3820 Quia
1902 3766 1998 3821 per

409 3871 512 3926 hoc
553 3866 697 3936 quod
735 3863 824 3918 illa
874 3860 1271 3928 redemptorem
1307 3868 1463 3909 suum
1500 3868 1563 3906 ac
1610 3848 1851 3904 membra
1882 3845 1999 3915 ejus

406 3965 690 4030 persecuta
709 3962 814 4017 est,
834 3951 1038 4005 sanctis
1056 3946 1324 4016 Apostolis
1345 3961 1444 4015 per
1467 3944 1678 3998 diversa
1706 3937 1995 4008 dispersis;

410 4065 510 4106 nos
532 4048 622 4117 qui
652 4047 708 4100 in
732 4043 931 4099 Judauc
958 4039 1187 4094 circuitu
1236 4036 1396 4106 positi
1429 4036 1482 4088 in
1514 4032 1754 4088 tenebris
1775 4029 1997 4092 fuimus,

409 4142 553 4196 dono
574 4136 813 4194 caelestis
840 4132 1024 4205 gratiae
1049 4130 1389 4201 Splendorcm
1433 4126 1543 4180 veri
1592 4122 1810 4178 luminis
1847 4121 1999 4175 vide-

411 4248 554 4289 mus.
584 4229 738 4287 Unde
764 4228 1025 4296 scriptum
1067 4232 1150 4278 est
1182 4237 1197 4276 :
1239 4241 1256 4272 ‹
1309 4217 1632 4276 Sedentibus
1679 4217 1732 4270 in
1764 4213 2000 4269 tenebris

409 4334 467 4382 et
497 4326 550 4380 iu
575 4324 767 4379 umbra
810 4318 1019 4380 mortis,
1049 4315 1135 4369 lux
1168 4322 1285 4368 orta
1321 4319 1403 4365 est
1443 4309 1522 4364 eis
1549 4308 1682 4379 (Ira.
1716 4306 1815 4377 ix).
1840 4325 1857 4357 ι
1897 4303 2001 4360 lste

413 4419 595 4487 itaque
623 4415 763 4487 ignis
791 4409 1027 4471 malitiae,
1071 4407 1160 4476 qni
1203 4422 1232 4460 a
1256 4402 1560 4458 Iudaeorum
1591 4398 1841 4454 cordibus
1868 4396 2001 4451 arsit

413 4511 470 4564 in
510 4505 909 4578 persecutione,
950 4501 1266 4572 priusquam
1318 4500 1535 4550 sanctos
1584 4488 1868 4560 Apostolos
1898 4503 1989 4542 sac-

420 4598 609 4654 viendo
636 4596 917 4666 afﬂigeret,
950 4594 1002 4647 in
1056 4592 1172 4662 ipso
1202 4603 1259 4643 se
1290 4584 1533 4641 exercuit
1576 4591 1796 4635 auctore
1835 4593 1897 4632 ac
1928 4593 2008 4631 re-

416 4691 695 4756 demptore
719 4685 933 4756 generis
960 4681 1200 4736 humani.
1230 4678 1382 4733 Unde
1403 4685 1457 4729 ct
1482 4673 1729 4729 subditur
1752 4689 1763 4724 :
1797 4688 1813 4719 ι
1852 4669 1917 4722 Ει
1942 4668 2007 4720 de

416 4779 598 4835 medio
642 4777 758 4844 ejus
801 4774 953 4845 quasi
1008 4772 1215 4842 species
1263 4768 1476 4831 electri,
1528 4767 1580 4819 id
1628 4763 1802 4818 estde
1831 4759 2007 4814 medio

418 4873 584 4943 ignis.
617 4891 635 4924 ι
670 4867 940 4935 (Ηίενοη.)
990 4865 1131 4934 Ergo
1168 4861 1505 4917 sentiendum
1538 4855 1679 4925 quod
1729 4854 1781 4907 in
1830 4851 2008 4905 medio

418 4941 561 5035 ignis
587 4971 642 5017 et
668 4966 1057 5016 tormentorum
1086 4955 1177 5009 Dei
1211 4952 1395 5007 electri
1419 4947 1714 5004 similitudo
1737 4946 1828 5009 sit,
1864 4941 2009 5012 quod

421 5034 507 5111 est
562 5066 694 5106 auro
733 5055 1065 5119 argentoque
1113 5042 1440 5115 pretiosius;
1492 5046 1552 5094 ut
1579 5045 1702 5107 post
1747 5034 2009 5104 judicium

420 5155 585 5216 atque
616 5147 885 5198 tormenta
911 5152 1030 5208 quae
1071 5134 1404 5206 patientibus
1457 5131 1632 5185 tristia
1678 5128 1929 5181 videntur
1956 5131 2012 5177 et

423 5244 554 5297 dura
584 5234 873 5309 pretiosior
911 5231 1095 5287 electri
1142 5227 1321 5299 fulgor
1350 5232 1627 5296 appareat,
1659 5222 1785 5277 dum
1826 5216 2010 5287 provi-

427 5332 605 5388 denlia
655 5328 749 5383 Dei
802 5322 982 5379 omnia
1037 5320 1404 5392 gubernantur
1445 5356 1460 5380 ,
1528 5323 1582 5368 et
1627 5327 1747 5381 qua:
1794 5314 2012 5379 putatur

422 5436 580 5491 poena
609 5414 874 5472 medicina
902 5419 1008 5468 est.
1042 5406 1245 5482 (Gr-eg.)
1286 5405 1426 5473 Quid
1466 5402 1654 5458 electri
1704 5398 1882 5469 specie
1906 5395 2011 5449 nisi

423 5514 675 5569 Christus
699 5508 881 5571 .lesus,
934 5503 1195 5558 mediator
1250 5498 1344 5554 Dei
1375 5505 1429 5551 et
1458 5494 1734 5551 hominum
1764 5487 2014 5557 designa-

425 5604 554 5656 tur?
576 5603 847 5657 Electrum
875 5596 1069 5667 quippe
1091 5609 1152 5648 ex
1196 5605 1329 5645 auro
1359 5596 1412 5641 et
1437 5592 1660 5655 argento
1681 5591 1780 5637 est.
1814 5580 1870 5635 In
1901 5577 2013 5631 cle-

430 5706 546 5747 Cit‘u
574 5695 699 5747 dum
756 5705 945 5746 aurum
994 5694 1385 5757 argentumque
1428 5679 1701 5741 miscetur,
1735 5678 2013 5742 argentum

2095 3227 2184 3273 tus
2213 3215 2444 3271 turbinis
2472 3214 2705 3275 dicitur;
2749 3210 2874 3280 quia
2905 3209 2960 3262 in
2993 3205 3081 3261 illa
3110 3205 3198 3259 die
3235 3212 3556 3258 cunctorum
3585 3200 3677 3270 qui

2095 3315 2225 3363 tunc
2254 3307 2306 3359 in
2336 3318 2498 3358 carne
2529 3300 2741 3355 mortali
2778 3296 2981 3353 inventi
3010 3295 3242 3357 fuerint,
3281 3292 3335 3346 in
3366 3307 3567 3350 pavore
3600 3291 3682 3344 ni-

2092 3398 2201 3451 mio
2228 3395 2395 3449 corda
2426 3393 2942 3446 cortinitchbnntur.
2968 3392 3102 3442 Cum
3130 3406 3274 3440 Cultu
3306 3396 3536 3454 crepent
3570 3403 3667 3435 tm-

2093 3490 2227 3563 pleri
2242 3487 2385 3559 quod
2400 3487 2666 3555 scriptum
2682 3494 2785 3548 est,
2799 3504 2815 3533 ι
2829 3482 2918 3535 Sol
2935 3482 3397 3539 obscuraliitnr,et
3414 3481 3536 3529 tuna
3556 3491 3664 3528 non

2096 3577 2246 3634 dabit
2272 3577 2451 3628 lumen
2483 3587 2663 3632 suum,
2704 3577 2757 3621 et
2792 3565 2957 3620 stclhc
2985 3563 3178 3617 cadent
3209 3559 3273 3613 de
3301 3558 3459 3619 curio,
3494 3568 3542 3611 et
3579 3557 3683 3609 vir-

2098 3679 2238 3723 tutes
2280 3664 2539 3720 emtorum
2584 3657 3068 3713 commovebuntur
3096 3652 3309 3724 (Matth.
3338 3650 3511 3719 xxiv),
3562 3664 3683 3717 qua:

2097 3773 2251 3813 meus
2290 3755 2393 3809 erit
2438 3749 2673 3807 hominis
2720 3746 2906 3801 aeterni
2950 3742 3151 3811 jnlicis
3200 3740 3525 3796 sententiam
3576 3751 3685 3791 non

2100 3842 2483 3904 formidantis?
2537 3839 2616 3895 lbi
2660 3840 2806 3893 enim
2850 3845 2979 3889 tunc
3011 3842 3203 3887 cuncta
3251 3829 3411 3885 simul
3459 3835 3682 3898 peccata

2098 3946 2224 3993 ante
2252 3934 2437 3990 oculos
2471 3931 2715 3986 redeunt.
2772 3926 2849 3982 lbi
2885 3923 3064 3979 omnia
3094 3936 3215 3991 qua:
3241 3934 3363 3974 cum
3394 3917 3689 3972 dilectione

2099 4039 2216 4086 acta
2264 4036 2392 4083 sunt
2438 4025 2505 4079 ad
2554 4019 2875 4076 memoriam
2924 4028 3048 4068 cum
3093 4024 3291 4081 pavore
3339 4015 3683 4061 revocantur.

2098 4122 2175 4177 lbi
2225 4119 2402 4186 caligo
2451 4108 2793 4184 cogitationis
2843 4106 3056 4160 misera:
3107 4117 3170 4156 ex
3215 4113 3374 4169 pceua
3422 4095 3686 4166 proxima:

2101 4207 2478 4266 damnationis.
2509 4201 2661 4258 Unde
2687 4209 2742 4254 et
2770 4197 3048 4252 subditur:
3075 4207 3099 4246 ι
3126 4191 3194 4246 Ει
3223 4190 3391 4243 nubes
3420 4200 3640 4255 magna.
3663 4203 3680 4234 ι

2102 4304 2253 4357 Τιιιιε
2282 4301 2475 4370 quippe
2500 4312 2564 4351 ex
2596 4300 2942 4365 peccatorum
2965 4285 3227 4342 memoria
3249 4297 3464 4338 sensum
3490 4280 3689 4333 mentis

2102 4395 2357 4465 deprimit
2382 4391 2553 4457 caligo
2578 4383 2855 4446 crecitatis,
2883 4396 3004 4436 cum
3031 4375 3364 4445 unigenitum
3392 4371 3488 4426 Dei
3518 4370 3685 4423 tilium

2030 4462 2079 4520 D
2108 4484 2160 4538 in
2193 4481 2365 4536 forma
2395 4474 2694 4533 divinitatis
2730 4469 3041 4539 conspicere
3080 4461 3295 4534 reprobi
3325 4474 3430 4514 non
3464 4458 3689 4527 permit-

2108 4585 2312 4631 tantur.
2371 4589 2389 4621 ι
2444 4567 2715 4621 Videbunt
2771 4561 2911 4617 enim
2967 4558 3022 4611 in
3077 4568 3237 4624 quem
3299 4549 3691 4603 transﬁxorum

2110 4659 2473 4736 (.loan.x1x).t
2503 4657 2589 4722 Et,
2619 4675 2636 4706 ι
2670 4653 2887 4708 tollatur
2915 4646 3110 4716 impius
3146 4658 3214 4696 ue
3247 4640 3430 4694 videat
3464 4636 3691 4707 gloriam

2112 4729 2225 4810 Dei.
2253 4774 2269 4807 ι
2300 4729 2409 4808 111ιί-
2429 4759 2483 4805 ει
2512 4754 2696 4818 aperte
2723 4742 2987 4803 subditur,
3021 4756 3040 4788 ι
3074 4737 3140 4791 Ει
3166 4734 3304 4805 ignis
3335 4729 3637 4784 involvens.
3669 4745 3686 4777 ι

2111 4848 2247 4916 Quia
2284 4842 2536 4900 videlicet
2564 4838 2703 4910 ignis
2746 4834 2835 4889 ille
2855 4829 3044 4903 judicii
3069 4828 3160 4897 qui
3192 4825 3408 4885 coelum,
3429 4835 3612 4875 aerem
3639 4827 3690 4872 et

2110 4949 2308 4995 terram
2335 4937 2675 4993 concremat,
2724 4932 3034 4995 peccatores
3069 4917 3183 4986 jam
3213 4915 3265 4969 in
3298 4928 3394 4968 sua
3439 4909 3691 4981 superbia

2113 5046 2217 5083 non
2274 5023 2536 5096 permittit
2592 5017 2769 5088 erigi,
2820 5014 2913 5069 sed
2970 5007 3230 5070 involvit,
3302 5017 3439 5073 quos
3506 4996 3694 5069 procul

2112 5087 2291 5172 dubio.
2328 5114 2381 5167 in
2430 5126 2605 5183 meum
2653 5087 2764 5162 suae
2812 5100 3156 5158 damnatione
3193 5091 3506 5161 confringit.
3561 5107 3581 5139 ι
3631 5087 3693 5141 Et

2114 5206 2367 5277 splendor
2398 5176 2449 5256 in
2480 5197 2709 5255 circuitu
2751 5194 2889 5264 ejus.
2923 5211 2940 5241 ι
2981 5189 3117 5255 Quia
3150 5205 3167 5236 ι
3200 5185 3341 5239 sicut
3380 5180 3559 5251 fulgur
3583 5176 3696 5231 exit

2115 5267 2183 5353 ab
2213 5297 2450 5355 oriente,
2496 5298 2552 5345 et
2589 5295 2741 5359 paret
2779 5298 2947 5352 usque
2978 5281 3028 5333 in
3058 5276 3427 5336 occidentem,
3476 5270 3553 5323 ita
3594 5267 3698 5321 erit

2118 5390 2379 5444 adventus
2424 5383 2517 5437 tilii
2565 5378 2800 5435 hominis
2831 5373 3044 5447 (Matth.
3073 5368 3258 5439 tum),
3301 5385 3319 5415 ι
3374 5362 3466 5418 ubi
3522 5358 3695 5414 nullus

2121 5489 2266 5534 tutus
2297 5493 2326 5529 a
2350 5475 2553 5543 judicio
2582 5472 2634 5526 in
2665 5485 2762 5525 sua
2796 5474 2973 5521 mente
3001 5464 3179 5516 latere
3196 5455 3551 5529 permittitur,
3571 5454 3699 5521 quia

2121 5571 2236 5640 ipso
2261 5567 2456 5634 jndicis
2490 5564 2695 5631 fulgore
2723 5566 3059 5630 penetratur,
3106 5553 3171 5607 de
3217 5563 3323 5619 quo
3372 5560 3493 5600 mox
3521 5540 3700 5613 judice

2121 5661 2387 5717 subditur.
2425 5677 2441 5707 ι
2475 5658 2540 5709 Lt
2567 5655 2630 5709 de
2659 5651 2835 5707 medio
2863 5648 2979 5718 ejus
3007 5645 3159 5717 quasi
3188 5639 3395 5712 species
3423 5632 3610 5691 electri
3630 5670 3646 5697 ,
3669 5646 3689 5679 ι
