3950 6184
298 299 402 354 505

1252 297 1610 354 COMMEST.
1653 298 1716 354 IN
1760 298 2216 353 EZECIIIELEM.
2257 330 2323 338 -α
2360 298 2482 353 LIB.
2530 299 2568 353 I.

3464 302 3565 357 506

304 416 351 467 id
382 422 497 475 est,
540 411 607 466 de
638 410 815 465 medio
845 409 1001 482 ignis.
1030 408 1151 479 Ipse
1181 412 1324 465 enim
1355 413 1558 482 angelis
1593 422 1754 482 atque
1784 429 1871 466 ar-
1910 420 1949 472 Α
1981 414 2165 468 dicens
2191 433 2202 467 :
2233 434 2251 466 ι
2282 413 2486 469 Nobilis
2514 415 2565 469 in
2596 416 2766 483 portis
2793 415 2873 470 vir
2899 414 3035 485 ejus,
3061 431 3181 472 cum
3214 416 3415 471 sederit
3444 433 3563 472 cum

302 503 579 574 changelis
610 503 969 571 omnibusque
1001 502 1287 555 virtutibus
1324 504 1616 572 praesidens
1656 505 1882 558 Redem-

300 608 423 670 ptor
461 607 647 651 noster
687 597 777 665 qui
810 597 957 651 velut
1005 596 1054 650 in
1085 597 1271 652 electri
1303 598 1704 652 similitudinem
1746 614 1886 654 unus

302 706 366 745 ex
397 700 628 758 utraque
656 697 848 742 natura
876 695 931 741 et
961 689 1099 742 Deus
1128 690 1428 758 permansit
1474 690 1522 742 in
1554 698 1707 757 patre
1733 700 1787 744 et
1819 692 1883 744 ad

304 782 726 850 redemptionem
774 790 1013 833 nostram
1046 780 1220 857 lactus
1248 791 1332 835 est
1364 781 1607 835 mortalis
1635 798 1755 836 cum
1788 784 1886 837 ho-

300 873 575 927 minibus:
610 871 661 924 in
702 885 801 924 suo
843 879 969 927 tunc
1009 878 1217 925 terrore
1245 872 1532 935 videbitur,
1562 874 1718 941 eique
1748 874 1886 944 ignis

299 962 482 1034 iudicii
535 961 586 1014 in
640 958 992 1028 reproborum
1043 960 1280 1015 vindicta
1332 960 1696 1015 famulabitur.
1750 962 1885 1018 Ilinc

300 1054 443 1107 enim
476 1051 737 1118 scriptum
764 1058 848 1104 est
875 1072 888 1103 :
926 1051 1047 1103 Dies
1074 1050 1287 1105 Domini
1320 1051 1642 1114 declarabit,
1673 1053 1797 1120 quia
1830 1053 1884 1105 in

302 1142 424 1212 igne
475 1139 802 1194 revelabitur
829 1137 881 1210 (l
921 1138 1041 1191 Cor.
1085 1139 1193 1209 ιιι).
1248 1139 1384 1194 Iliuc
1430 1140 1715 1194 Psalmista
1765 1142 1883 1194 ait:

308 1250 325 1279 ‹
356 1230 498 1283 Deus
525 1227 845 1282 manifestus
871 1228 1066 1290 veniet,
1098 1230 1236 1283 Deus
1265 1239 1448 1283 noster
1473 1240 1527 1285 et
1556 1245 1659 1284 non
1687 1230 1885 1285 silebit.

302 1319 445 1389 Ignis
475 1320 527 1372 in
559 1329 847 1386 conspectu
878 1318 992 1387 ejus
1021 1318 1266 1384 ardebit,
1314 1327 1369 1372 et
1412 1320 1464 1373 in
1511 1320 1737 1375 circuitu
1773 1321 1889 1390 ejus

303 1419 600 1481 tempestas
625 1410 800 1463 valida
832 1407 1001 1479 (Psal.
1032 1412 1199 1479 χλιχ).
1234 1431 1251 1463 ι
1293 1411 1430 1466 Hinc
1459 1412 1649 1467 Petrus
1674 1424 1889 1482 aposto-

302 1501 384 1553 lus
413 1499 548 1553 dicit
572 1518 584 1552 :
609 1518 626 1549 ι
649 1500 912 1554 Adveniet
940 1500 1053 1555 dies
1081 1503 1290 1556 Domini
1322 1513 1379 1557 ut
1413 1503 1515 1565 fur,
1548 1506 1600 1557 in
1631 1521 1736 1573 quo
1764 1506 1887 1559 coeli

302 1606 500 1660 magno
527 1591 725 1659 impetu
751 1592 1075 1657 transibunt,
1096 1594 1360 1649 elementa
1383 1612 1511 1651 vero
1538 1598 1674 1667 ignis
1695 1597 1889 1651 ardore

303 1682 586 1736 solventur
611 1680 698 1752 (II
725 1680 871 1736 Petr.
900 1683 1002 1756 ιιι).
1038 1705 1054 1737 ι

1985 506 2323 559 senatoribus
2349 505 2700 576 teme(Prov.
2722 509 2892 579 χχχι).
2920 528 2938 559 ι
2976 508 3106 574 Quis
3133 508 3235 561 hoc
3262 507 3378 561 loz'o
3406 509 3569 562 homo

1984 595 2329 659 describitur,
2354 596 2453 649 nisi
2482 596 2567 650 ille
2594 598 2658 651 de
2685 613 2792 666 quo
2817 599 3074 668 scriptum
3103 610 3186 653 est
3213 618 3225 653 :
3262 619 3279 649 ι
3314 599 3414 666 Qui
3442 615 3564 655 cum

1986 688 2039 741 in
2072 688 2242 743 forma
2274 688 2365 743 Dei
2400 700 2573 753 esset,
2607 706 2709 744 non
2740 692 3308 761 rapinamarbitratus
3336 702 3417 748 est
3445 707 3570 749 esse

1986 795 2044 833 se
2070 779 2329 848 mqualem
2359 778 2489 843 Deo,
2508 781 2600 834 sed
2624 781 2968 850 semetipsum
2991 782 3309 846 exinanivit,
3333 780 3562 837 formam

1986 869 2127 921 servi
2160 869 2450 938 accipiens,
2492 869 2545 922 in
2584 870 2936 925 similitudine
2967 872 3244 926 hominum
3279 872 3470 937 factus,
3510 883 3565 927 et

1986 961 2172 1015 habitu
2215 961 2466 1014 inventus
2505 971 2563 1015 ut
2594 962 2755 1016 homo
2784 962 3003 1034 (Philip.
3034 963 3116 1035 ιι).
3147 985 3166 1017 ι
3223 964 3346 1020 Huic
3383 966 3565 1034 itaque

1986 1054 2240 1108 animalia
2270 1063 2335 1109 ut
2354 1069 2575 1125 surgere
2609 1054 2674 1107 ad
2704 1056 3008 1110 sanctitatis
3038 1056 3290 1111 virtutem
3318 1057 3561 1119 valeant,

1987 1147 2051 1200 ad
2103 1147 2261 1216 hujus
2310 1148 2545 1201 hominis
2594 1146 3002 1202 similitudinem
3053 1149 3298 1202 tendunt.
3367 1148 3564 1201 Sancta

1988 1251 2019 1291 e
2062 1238 2134 1291 im
2161 1253 2265 1290 non
2294 1247 2493 1301 essent,
2521 1237 2565 1291 si
2596 1235 2751 1304 hujus
2777 1237 3010 1293 hominis
3032 1237 3434 1292 similitudinem
3460 1253 3563 1290 non

1987 1333 2269 1387 haberent.
2329 1329 2599 1400 Quidquid
2648 1331 2702 1384 in
2748 1331 2827 1385 eis
2873 1331 2940 1384 de
2980 1331 3278 1385 visceribus
3324 1329 3561 1398 pietatis,

1988 1422 2246 1492 quidquid
2276 1422 2342 1476 de
2368 1421 2781 1476 mansuetudine
2809 1421 3049 1489 spiritus,
3075 1420 3331 1489 quidquid
3357 1421 3422 1474 de
3449 1419 3565 1474 zelo

1991 1512 2350 1577 rectitudinis,
2385 1512 2645 1582 quidquid
2677 1513 2743 1566 de
2771 1512 3014 1567 custodia
3042 1511 3380 1574 humilitatis,
3410 1510 3565 1579 quid-

1988 1602 2115 1672 quid
2160 1602 2224 1656 de
2260 1600 2472 1656 fervore
2510 1602 2791 1655 charitatis
2818 1609 2940 1665 est,
2992 1602 3095 1655 hoc
3145 1601 3212 1655 ab
3263 1601 3378 1670 ipso
3421 1600 3566 1653 fonte

1991 1694 2395 1759 misericordiae,
2427 1695 2495 1748 ab
2526 1695 2637 1763 ipsa
2668 1694 2849 1749 radice
2877 1694 3321 1756 mansuetudinis,
3355 1694 3422 1747 ab
3450 1693 3562 1761 ipsa

377 1793 396 1823 σ
437 1773 501 1827 Et
530 1775 582 1827 in
615 1774 793 1828 medio
821 1774 938 1843 ejus
966 1776 1259 1831 similitudo
1291 1789 1525 1847 quatuor
1551 1780 1881 1835 animalium.
1914 1776 1961 1836 B
1986 1785 2186 1840 virtute
2208 1786 2451 1856 justitire,
2481 1786 2533 1840 id
2563 1795 2666 1851 est,
2698 1802 2727 1839 a
2760 1785 3051 1841 mediatore
3081 1786 3173 1839 Dei
3201 1793 3255 1840 et
3283 1785 3559 1840 hominum

308 1885 325 1916 ι
362 1867 430 1920 Ει
455 1866 547 1920 hic
576 1874 825 1936 aspectus
852 1882 1061 1921 eorum.
1096 1868 1406 1924 Similitudo
1435 1871 1672 1925 hominis
1702 1872 1755 1925 in
1784 1873 1885 1927 eis.

302 1954 579 2027 (Ηὶενοη.)
638 1976 656 2007 ι
688 1956 744 2010 1η
794 1957 972 2014 medio
1014 1958 1149 2025 ejus.
1190 1980 1208 2012 ι
1262 1958 1594 2014 Subauditur
1630 1961 1885 2030 quidem,

300 2047 501 2112 electri,
535 2047 630 2101 sed
661 2047 852 2101 melius
880 2048 1021 2101 hunc
1055 2049 1231 2117 ignem
1265 2051 1613 2122 intelligimus
1646 2053 1735 2122 qui
1764 2068 1884 2108 cre-

300 2140 560 2193 dentibus
584 2139 786 2203 lumen,
824 2140 1114 2195 incredulis
1148 2143 1465 2213 SltppIIt‘Ittm
1493 2153 1595 2198 est.
1641 2144 1697 2198 In
1730 2144 1892 2214 hujus

298 2244 431 2299 ergo
461 2228 605 2298 ignis
633 2229 809 2283 medio
830 2239 947 2284 erat
969 2230 1261 2285 similitudo
1289 2243 1521 2302 quatuor
1548 2234 1881 2299 animalium,

300 2319 610 2373 similitudo
638 2335 744 2373 non
777 2329 1001 2385 natura,
1054 2332 1393 2391 quatuorque
1422 2318 1738 2377 animalium
1771 2341 1890 2392 qua:

298 2421 489 2481 postea
543 2410 801 2464 dicuntur
832 2409 1259 2480 quadriformia,
1314 2429 1418 2466 una
1467 2413 1761 2467 similitudo
1809 2422 1892 2469 est

302 2503 568 2567 homi:.is,
620 2511 681 2557 ut
726 2503 906 2557 omnia
956 2504 1010 2557 in
1057 2505 1254 2558 mundo
1296 2504 1634 2558 rationabilia
1665 2504 1890 2558 demon-

301 2606 593 2651 strentur:
628 2613 644 2646 ι
677 2594 964 2651 Faciamus
994 2597 1137 2650 enim
1181 2596 1452 2651 hominem
1494 2596 1561 2650 ad
1608 2597 1889 2666 imaginem

302 2696 357 2741 et
384 2687 799 2741 similitudinem
830 2697 1069 2749 nostram
1094 2687 1246 2756 (Cen.
1278 2688 1339 2756 I).
1374 2708 1391 2739 ›
1425 2688 1606 2759 lmago
1632 2697 1811 2743 autem
1839 2696 1894 2744 et

305 2784 611 2840 similitudo
639 2783 732 2840 Dei
762 2800 867 2838 non
898 2791 981 2838 est
1004 2784 1248 2853 corporis
1285 2781 1456 2837 forma
1476 2824 1490 2848 ,
1536 2781 1629 2838 sed
1674 2783 1890 2848 mentis,

305 2878 587 2947 descripta
639 2879 705 2931 ad
744 2877 1152 2932 similitudinem
1195 2892 1334 2931 vera:
1375 2875 1626 2946 imaginis
1652 2874 1890 2942 Christi,

305 2969 397 3038 qui
426 2977 513 3023 est
544 2968 722 3037 imago
748 2966 843 3022 Dei
874 2966 1177 3020 invisibilis.
1211 2965 1337 3019 Ihec
1359 2965 1658 3038 rationales
1686 2974 1894 3021 natura:

305 3058 361 3113 in
385 3066 624 3126 quatuor
643 3064 927 3111 versantur
950 3055 1100 3110 locis.
1131 3055 1257 3110 Sive
1281 3034 1500 3125 propter
1525 3064 1754 3125 quatuor
1776 3071 1893 3110 car—

1990 1877 2101 1933 Deo
2127 1878 2354 1933 Domino
2384 1886 2683 1933 traxerunt.
2738 1877 2907 1946 Hujus
2938 1876 3173 1931 hominis
3215 1892 3275 1931 se
3312 1877 3564 1931 similitu—

1988 1967 2169 2022 dinem
2196 1968 2415 2032 habere,
2445 1967 2692 2036 egregius
2720 1966 3041 2035 praedicator
3069 1964 3307 2019 ostendit
3336 1965 3521 2019 dicens
3551 1980 3564 2016 :

1996 2076 2015 2108 ι
2048 2057 2353 2112 lmitatores
2381 2056 2485 2110 mei
2516 2064 2718 2118 estote,
2751 2055 2891 2109 sicut
2920 2061 2974 2109 et
3001 2069 3101 2125 ego
3128 2052 3331 2108 Christi
3365 2051 3415 2123 (1
3442 2050 3564 2106 Cor.

1992 2149 2091 2221 ιν).
2128 2168 2146 2200 ι
2203 2147 2285 2200 Ad
2323 2146 2440 2214 ejus
2469 2160 2567 2200 nos
2596 2146 3003 2200 similitudinem
3034 2158 3286 2214 surgere,
3317 2144 3570 2196 admonet

1990 2254 2113 2294 cum
2137 2238 2302 2292 dicit:
2339 2258 2355 2288 ι
2387 2237 2600 2291 Primus
2624 2236 2785 2291 homo
2816 2237 2879 2290 de
2908 2244 3052 2290 terra
3082 2243 3349 2299 terrenus,
3373 2250 3566 2289 secun-

1992 2330 2091 2383 dus
2121 2329 2281 2381 homo
2311 2328 2375 2380 de
2406 2328 2542 2381 cmlo
2573 2326 2827 2382 ccclesiis.
2883 2326 3036 2380 Sicut
3068 2326 3400 2395 portavimus
3430 2325 3566 2378 ima-

1990 2418 2168 2488 ginem
2203 2417 2442 2479 terreni,
2489 2429 2765 2487 portemus
2792 2424 2848 2471 et
2878 2417 3165 2485 imaginem
3208 2416 3325 2486 ejus
3364 2417 3456 2487 qui
3501 2417 3568 2472 de

1992 2508 2131 2562 caelo
2160 2508 2434 2563 descendit
2462 2507 2513 2579 (Ι
2542 2507 2661 2561 Cor.
2693 2507 2805 2577 xv).
2842 2527 2860 2559 ι
2913 2507 3144 2564 Sanctus
3172 2509 3314 2563 enim
3343 2508 3571 2577 quisque

1992 2597 2047 2652 in
2081 2605 2285 2652 tantum
2325 2598 2392 2651 ad
2425 2596 2831 2652 similitudinem
2873 2597 3029 2668 hujus
3066 2598 3299 2653 hominis
3329 2598 3565 2663 ducitur,

1992 2688 2048 2744 in
2074 2695 2332 2759 quantum
2359 2688 2523 2740 vitam
2553 2687 2634 2742 sui
2665 2686 3021 2757 redemptoris
3048 2688 3306 2743 imitatur.
3341 2687 3474 2742 Nam
3502 2689 3570 2743 ab

1993 2779 2110 2849 ejus
2143 2778 2412 2833 mandatis
2450 2786 2611 2848 atque
2639 2778 2895 2848 operibus
2929 2779 3271 2844 discordare,
3316 2779 3445 2849 quid
3488 2788 3573 2836 est

1994 2868 2138 2925 aliud
2166 2884 2325 2938 quam
2355 2884 2386 2922 a
2413 2869 2762 2924 similitudine
2788 2870 2946 2940 longe
2974 2871 3260 2925 recedere?
3308 2870 3571 2938 Plaugunt

1996 2971 2171 3015 autem
2196 2960 2358 3014 vitam
2382 2961 2807 3029 delinquentium
2831 2961 3215 3031 praedicatores
3241 2962 3431 3016 sancti.
3464 2960 3569 3016 Sed

1995 3050 2060 3105 de
2088 3051 2201 3118 ipso
2231 3062 2414 3104 nostro
2446 3050 2618 3120 capite
2646 3051 2905 3120 scriptum
2934 3059 3039 3115 est,
3058 3051 3182 3122 quia
3201 3070 3220 3102 ι
3243 3050 3387 3106 ﬂevit
3412 3064 3574 3119 super

307 3123 465 3202 dines
498 3146 718 3211 mundi,
750 3147 944 3215 quibus
971 3145 1119 3200 orbis
1153 3123 1461 3212 includitur,
1511 3123 1626 3200 sive
1671 3154 1893 3215 propter
1919 3123 1962 3185 (ἶ
1996 3139 2382 3194 Hierusalem.»
2408 3138 2655 3195 Gaudent
2684 3141 2749 3196 de
2776 3141 2930 3197 bonis
2960 3142 3170 3197 actibus
3206 3141 3569 3206 subditorum,

306 3248 543 3308 quatuor
560 3237 680 3293 loca
708 3238 1005 3293 etelestium
1033 3245 1087 3291 et
1114 3237 1450 3292 terrestrium
1478 3245 1532 3293 et
1556 3236 1891 3294 infernarum

308 3337 363 3383 et
393 3326 888 3398 supercmlestium.
944 3327 1019 3382 De
1047 3327 1240 3397 quibus
1289 3336 1343 3383 et
1378 3327 1576 3383 Paulus
1620 3329 1895 3398 apostolus

306 3423 588 3491 loquitur:
625 3440 643 3471 ι
677 3419 748 3476 Ut
776 3421 831 3476 in
860 3421 1075 3476 nomine
1099 3421 1225 3475 Jesu
1256 3436 1415 3476 omne
1453 3435 1589 3489 genu
1623 3419 1890 3486 ﬂectatur,

308 3512 634 3575 cazlestium,
669 3511 1003 3565 terrestrium
1043 3521 1095 3565 et
1135 3511 1465 3564 inl'ernorum
1498 3509 1715 3581 (Philip.
1750 3509 1833 3581 ιι).
1870 3530 1887 3561 ι

309 3601 387 3658 De
418 3602 598 3656 tribus
624 3600 775 3655 Pauli
803 3602 1168 3655 testimonium
1198 3610 1297 3655 est.
1336 3602 1625 3656 Vijeamus
1653 3610 1706 3656 et
1734 3618 1895 3670 quar-

308 3703 441 3749 tum.
477 3713 497 3746 ‹
529 3692 770 3749 Laudate
800 3693 986 3755 Deum,
1017 3693 1135 3747 caeli
1172 3692 1431 3748 cmlorum
1452 3732 1466 3755 .
1493 3701 1547 3747 et
1594 3709 1729 3762 aqua
1776 3710 1895 3762 qua:

306 3802 472 3856 seper
490 3785 663 3841 cados
684 3794 767 3840 est
786 3785 968 3841 laudet
986 3800 1176 3839 nomen
1197 3785 1406 3841 Domini
1424 3783 1594 3856 (Paul.
1612 3784 1855 3856 CXLVIII).
1870 3805 1889 3838 ι

307 3876 661 3945 Rursumque
705 3876 773 3931 ab
817 3875 1075 3945 Apostolo
1119 3874 1375 3930 dicuntur
1402 3874 1643 3930 cmlestia
1692 3884 1747 3931 et
1789 3876 1892 3931 alia

307 3964 744 4038 supercmlestia.
792 3964 927 4020 Nam
955 3965 1081 4036 quia
1123 3966 1173 4020 in
1217 3966 1303 4020 die
1338 3966 1522 4035 jndicii
1561 3975 1689 4020 tunc
1721 3966 1893 4021 sancti

306 4074 522 4122 omnes,
576 4057 669 4127 qui
720 4057 977 4111 mundum
1027 4054 1265 4126 perfecte
1309 4055 1644 4125 reliquerunt
1681 4054 1892 4125 judices

306 4151 556 4214 veniunt,
584 4158 707 4219 apte
736 4165 861 4203 mox
890 4149 1162 4203 subditur:

385 4262 405 4294 ι
429 4242 497 4297 Et
525 4243 580 4296 in
607 4242 785 4296 medio
806 4239 923 4309 ejus
947 4239 1241 4296 similitudo
1265 4249 1495 4310 quatuor
1513 4239 1844 4294 animalium.
1868 4258 1887 4291 ι

309 4332 520 4405 (6ης.)
562 4332 699 4399 Quid
730 4333 873 4387 enim
912 4347 1012 4401 per
1033 4339 1262 4401 quatuor
1286 4331 1571 4395 animalia,
1613 4331 1717 4385 nisi
1756 4346 1891 4400 qua-

311 4433 436 4477 tuor
454 4421 818 4491 Evangelistzc
843 4421 1142 4492 signantur.
1179 4419 1289 4475 Nec
1315 4420 1587 4475 immerito
1611 4436 1709 4491 per
1731 4436 1895 4476 evan-

307 4516 535 4585 gelistas
574 4524 805 4584 quatuor
846 4513 1207 4584 perfectorum
1239 4513 1480 4567 omnium
1510 4496 1765 4567 numerus
1795 4528 1890 4567 ex-

308 4608 587 4675 primitur.
640 4606 772 4673 Quia
802 4621 992 4660 omnes
1020 4606 1110 4674 qui
1139 4606 1191 4659 in
1220 4605 1461 4660 Ecclesia
1488 4607 1645 4659 modo
1671 4603 1892 4673 perfecti

309 4706 460 4761 sunt,
483 4694 831 4765 perfectionis
855 4710 964 4750 sua:
991 4691 1367 4750 rectit‘udinem
1396 4710 1491 4765 per
1511 4710 1696 4749 eorum
1720 4694 1892 4748 Evan-

311 4785 512 4852 gelium
560 4783 880 4837 didicerunt.
934 4783 991 4838 In
1025 4784 1202 4838 medio
1250 4783 1393 4837 enim
1436 4784 1553 4853 ejus
1598 4784 1892 4839 similitudo

309 4881 550 4940 quatuor
572 4870 902 4925 animalium.
933 4871 1068 4938 Quia
1096 4872 1171 4924 illi
1199 4880 1329 4925 tunc
1357 4871 1471 4939 ejus
1499 4872 1711 4942 corpori
1736 4871 1889 4936 uniti,

310 4960 429 5029 ejus
456 4960 726 5029 majestati
754 4960 1056 5029 conjuncti,
1090 4972 1145 5017 et
1172 4962 1332 5015 simul
1360 4961 1484 5017 facti
1517 4979 1638 5017 cum
1666 4979 1730 5018 eo
1750 4963 1895 5033 judi-

312 5066 406 5106 ccs
426 5052 774 5117 videbuntur,
799 5054 890 5123 qui
918 5054 1076 5109 modo
1100 5053 1337 5124 perfecta
1367 5070 1530 5124 opera
1553 5055 1706 5126 juxta
1733 5072 1893 5110 evan-

312 5141 485 5211 gelica
525 5152 793 5213 praecepta
836 5144 1006 5198 secuti
1048 5153 1191 5199 sunt.
1250 5143 1387 5199 Hinc
1434 5154 1517 5199 est
1560 5146 1704 5199 enim
1751 5146 1893 5216 quod

312 5238 448 5308 ipsis
472 5238 679 5292 sanctis
707 5239 963 5308 apostolis
988 5238 1184 5293 dicitur
1207 5257 1220 5293 :
1256 5258 1274 5290 ‹
1311 5240 1415 5294 Vos
1443 5239 1536 5310 qui
1566 5239 1735 5294 secuti
1763 5239 1894 5294 estis

312 5345 405 5384 me
448 5329 503 5383 in
550 5331 956 5399 regeneratione
997 5347 1120 5395 cum
1166 5331 1367 5386 sederit
1397 5330 1536 5386 ﬂlius
1566 5332 1801 5387 hominis
1837 5332 1891 5387 in

311 5420 444 5475 sede
474 5421 771 5488 majestatis
798 5436 929 5485 sure,
958 5422 1213 5477 sedebitis
1240 5431 1294 5476 et
1318 5437 1415 5477 vos
1432 5422 1739 5492 judicantes
1761 5424 1893 5478 dno-

312 5509 490 5565 decim
523 5511 697 5566 tribus
722 5510 884 5565 Israel
919 5512 1130 5580 (llatth.
1162 5513 1299 5583 XIX).
1340 5532 1358 5563 ι
1390 5513 1527 5568 Hinc
1567 5513 1732 5569 Isaias
1774 5516 1846 5568 ait
1874 5534 1888 5568 :

318 5617 345 5653 ι
371 5598 633 5655 Dominus
658 5602 727 5654 ad
745 5600 1005 5669 judicium
1032 5603 1210 5657 veniet
1233 5618 1355 5657 cum
1383 5603 1686 5658 senioribus
1712 5603 1890 5673 populi

308 5691 402 5747 sui
432 5692 567 5746 llsa.
609 5692 713 5757 ιιι).
746 5711 763 5743 ι
823 5691 955 5746 IIine
1004 5691 1255 5748 Salomon
1288 5694 1351 5749 de
1381 5692 1621 5747 Ecclesia
1653 5692 1891 5761 loquitur

1994 3240 2049 3286 et
2072 3240 2215 3286 recte
2233 3243 2520 3302 operantcs
2540 3233 2784 3304 diligunt.
2809 3234 2914 3289 Sed
2934 3234 3000 3289 de
3023 3235 3361 3305 redemptore
3384 3245 3572 3291 nostro

1995 3325 2255 3394 scriptum
2283 3333 2364 3378 est
2389 3342 2404 3379 :
2437 3325 2561 3395 quia
2593 3341 2715 3379 eum
2744 3327 3056 3383 adolescens
3082 3328 3299 3397 quidam
3327 3329 3569 3381 diceret:

2001 3434 2019 3465 ι
2042 3412 2167 3467 Hinc
2185 3413 2363 3468 omnia
2388 3414 2648 3468 custodiri
2679 3431 2707 3468 a
2727 3416 3008 3485 juventute
3033 3432 3149 3471 mea
3168 3416 3378 3488 (Matth.
3397 3418 3563 3488 xu)”

1996 3504 2167 3574 magis
2195 3505 2381 3558 dilexit
2408 3520 2551 3558 enm.
2588 3504 2816 3558 Portant
2841 3506 3018 3560 illatas
3053 3506 3408 3561 contumelias
3432 3522 3570 3576 prae-

1998 3593 2265 3649 dicatores
2295 3595 2492 3658 sancti,
2524 3602 2578 3649 et
2607 3594 2803 3649 nullam
2834 3596 2898 3649 ad
2931 3597 3157 3651 invicem
3191 3597 3568 3651 contumeliam

2000 3685 2248 3739 reddunt.
2311 3684 2415 3739 Sel
2465 3702 2587 3741 cum
2642 3686 2970 3755 redemptori
3020 3695 3208 3742 nostro
3254 3687 3567 3742 diceretur:

2002 3799 2020 3831 ι
2055 3777 2384 3833 Dtrmonium
2438 3779 2604 3834 habes
2653 3778 2832 3851 (Joan.
2875 3779 3030 3851 vm),
3080 3799 3099 3832 ι
3157 3794 3266 3835 non
3318 3778 3569 3848 injuriam

1998 3871 2263 3932 reddidit,
2318 3871 2412 3926 sed
2462 3881 2740 3927 mansuete
2783 3872 3100 3941 respondit,
3150 3873 3372 3929 dicens:
3407 3892 3426 3924 ι
3461 3873 3571 3943 Ego

1998 3962 2319 4017 daemonium
2368 3978 2477 4017 non
2523 3963 2717 4018 habeo.
2750 3983 2769 4015 ι
2827 3964 3058 4019 Fervent
3088 3964 3205 4020 zelo
3236 3967 3572 4022 rectitudinis

1997 4054 2376 4122 praedicatores
2405 4054 2610 4119 sancti,
2642 4055 2735 4109 sed
2763 4055 3069 4125 redemptor
3096 4057 3336 4111 omnium
3364 4055 3575 4127 ﬂagello

2001 4145 2064 4201 de
2119 4144 2388 4201 resticulis
2448 4145 2592 4201 facto
2656 4146 2954 4203 rendentes
3000 4157 3056 4202 et
3108 4159 3349 4205 ementes
3411 4151 3572 4219 ejecit

1997 4233 2064 4289 de
2097 4236 2315 4303 templo,
2353 4237 2638 4291 cathedras
2668 4238 3011 4293 vendentium
3043 4238 3318 4293 columbas
3346 4241 3571 4305 evertit,

1993 4336 2050 4382 et
2075 4329 2553 4383 nummulariorum
2584 4329 2776 4384 eﬂ‘udit
2802 4346 2896 4386 res.
2932 4330 2987 4384 In
3017 4331 3163 4385 omni
3193 4331 3334 4400 quod
3358 4330 3569 4385 fortiter

1996 4429 2158 4492 agunt
2206 4420 2559 4474 humilitatem
2603 4428 2711 4475 tota
2748 4419 3045 4474 intentione
3073 4420 3422 4482 custodiunt,
3474 4424 3568 4476 sel

1994 4525 2091 4579 per
2131 4510 2524 4577 redemptorem
2563 4518 2803 4563 nostrum
2840 4508 3071 4563 dicitur:
3107 4528 3125 4561 ι
3159 4510 3360 4566 Discite
3405 4528 3436 4565 a
3485 4528 3571 4567 me

1994 4601 2118 4671 quia
2147 4601 2290 4655 mitis
2318 4616 2434 4655 sum
2470 4610 2523 4654 et
2554 4601 2768 4655 humilis
2796 4601 2959 4657 corde
2992 4601 3206 4672 (Matth.
3237 4604 3336 4677 ιι).
3373 4626 3391 4660 ι
3437 4607 3568 4662 Per-

1992 4700 2267 4745 secutores
2295 4705 2506 4760 quoque
2535 4706 2659 4745 suos
2696 4693 2921 4762 diligunt
2952 4694 3336 4764 praedicatores
3372 4699 3569 4753 sancti.

1994 4780 2099 4836 Sed
2138 4781 2249 4850 ipse
2278 4792 2467 4839 auctor
2493 4783 2733 4838 omnium
2763 4799 2828 4838 ac
2858 4786 3182 4854 redemptor,
3226 4787 3279 4841 in
3319 4790 3572 4857 passione

1992 4873 2216 4943 positus,
2249 4889 2347 4943 pro
2375 4874 2809 4943 persecutoribus
2836 4877 3140 4941 intercedit,
3171 4879 3391 4936 dicens:
3422 4900 3441 4933 ι
3472 4880 3570 4935 I‘a-

2002 4971 2101 5028 ter,
2158 4963 2376 5035 ignosce
2425 4963 2565 5031 illis,
2617 4965 2743 5035 quia
2793 4967 3043 5022 nesciunt
3096 4970 3224 5039 quid
3275 4970 3497 5027 faciunt.
3544 4992 3563 5026 ι

1999 5053 2236 5110 Membra
2273 5070 2371 5110 sua
2408 5063 2613 5125 ponunt
2645 5056 2698 5110 in
2735 5058 2988 5126 passione
3020 5074 3119 5129 pro
3148 5060 3426 5125 fratribus,
3474 5065 3568 5116 sed

1998 5160 2096 5214 pro
2141 5144 2432 5200 electorum
2480 5147 2590 5199 vita
2634 5162 2802 5217 usque
2848 5148 2915 5202 ad
2962 5159 3190 5206 mortem
3241 5168 3298 5207 se
3347 5153 3569 5210 tradidit

1999 5245 2187 5292 auctor
2223 5237 2366 5292 vitm.
2423 5237 2643 5292 Dicatur
2690 5253 2820 5308 ergo
2863 5237 2931 5293 de
2973 5241 3178 5295 sanctis
3226 5241 3563 5302 animalibus,

1997 5330 2140 5401 quod
2174 5330 2468 5384 similitudo
2502 5330 2738 5395 hominis
2768 5332 2820 5385 in
2851 5331 2929 5386 eis
2956 5341 3058 5387 est.
3106 5331 3239 5398 Quia
3268 5331 3407 5401 quod
3438 5348 3564 5387 san-

1997 5430 2080 5475 cta
2099 5462 2113 5487 ,
2153 5421 2293 5490 quod
2321 5421 2455 5475 mira
2487 5430 2638 5486 sunt,
2680 5422 2783 5477 hoc
2813 5423 2863 5475 in
2891 5423 2973 5476 eis
3008 5424 3073 5477 de
3108 5423 3287 5490 specie
3314 5421 3566 5476 similitu-

1997 5510 2137 5564 dinis
2165 5520 2267 5573 est,
2291 5510 2342 5564 id
2369 5519 2468 5574 est,
2495 5511 2561 5565 de
2584 5512 2784 5566 virtute
2808 5512 3144 5566 imitationis.
3176 5510 3348 5581 Caput
3374 5512 3569 5582 quippe

1996 5598 2235 5652 omnium
2283 5610 2524 5654 nostrum
2569 5601 2895 5670 Redemptor
2957 5610 3142 5656 noster
3202 5609 3304 5655 est.
3359 5601 3427 5656 Et
3469 5618 3565 5671 per

2000 5688 2339 5745 S..lomonem
2369 5692 2561 5748 dicitur
2586 5711 2597 5747 :
2635 5714 2651 5744 ι
2687 5692 2835 5748 Oculi
2868 5693 3123 5760 sapientis
3150 5692 3203 5746 in
3230 5694 3407 5762 capite
3431 5692 3570 5763 ejus,
