3950 6184
431 355 531 409 507

1069 353 1125 407 ll.
1173 352 1420 406 R.\B.\Nl
1464 350 1677 404 Mlijl‘tl
1723 348 2010 403 .‘rRLﬁlllEi‘

2113 348 2394 403 lOCL’NT.
2437 349 2720 407 orsnun
2763 340 2941 433 rans
2980 350 3042 405 ιι.

3590 356 3695 410 ευρ

433 473 628 526 stultus
658 482 835 527 autem
864 474 917 527 in
948 473 1184 527 tenebris
1211 470 1449 525 ambulat
1480 467 1677 539 (Ecrle.
1712 467 1793 537 ιι).
1819 486 1836 518 ι
1861 466 2010 519 Tunc
2040 469 2086 524 Α
2114 463 2308 518 deatur
2340 464 2540 527 dicere,
2575 481 2696 519 cum
2742 456 3023 533 opiniones
3074 464 3409 534 singulorum
3460 467 3704 521 breviter

433 562 576 616 enim
613 562 665 615 in
698 563 872 631 capite
905 561 1089 616 oculos
1116 561 1395 623 habemus,
1446 574 1569 613 cum
1599 558 1763 611 vitam
1801 557 2013 610 redem-

434 651 605 718 ptoris
652 650 821 704 nostri
875 650 1036 703 tacita
1081 648 1409 718 cogitatione
1446 646 1838 717 conspicimus,
1885 660 2009 700 cum

434 741 610 794 omnis
634 747 815 793 nostra
845 740 1071 793 intentio
1098 739 1151 792 in
1181 737 1297 806 ejus
1324 738 1624 792 imitatione
1650 752 1708 792 se
1737 738 1919 806 erigit,
1943 752 2010 791 ne

433 830 479 883 si
510 830 623 884 vias
652 829 790 885 lucis
817 831 1061 899 aspicere
1087 829 1274 884 oculus
1307 829 1503 883 mentis
1531 829 1863 899 neglexerit,
1896 838 2009 885 sta-

437 917 529 971 tim
558 917 771 973 clausus
806 920 861 974 in
897 920 1133 973 tenebris
1162 920 1367 973 erroris
1402 920 1582 973 cadat.
1636 918 1717 973 Ad
1748 920 1904 990 hujus
1932 920 2011 975 si-

435 1011 791 1066 militudinem
835 1012 1071 1066 hominis
1118 1027 1340 1082 surgere
1383 1009 1675 1067 festinabat
1703 1011 2006 1082 Propheta,

433 1120 557 1158 cum
588 1105 832 1159 diceret:
866 1123 885 1155 ‹
918 1104 974 1157 1η
1004 1103 1275 1158 mandatis
1306 1104 1411 1158 tuis
1447 1105 1760 1165 exercebor,
1792 1115 1847 1157 et
1866 1114 2007 1159 'con-

433 1195 684 1249 siderabo
709 1194 825 1249 vias
856 1203 976 1248 tuas
1007 1192 1178 1263 (Psal.
1208 1192 1419 1263 cxvm).
1454 1214 1473 1246 ι
1527 1193 1626 1260 Qui
1666 1194 1865 1247 etenim
1896 1194 2010 1248 vias

434 1285 645 1341 Domini
678 1284 872 1339 tacitus
898 1284 950 1338 in
978 1293 1157 1339 mente
1184 1284 1510 1348 considerat,
1533 1292 1588 1337 et
1611 1297 1732 1337 sese
1754 1298 2012 1338 exercere

434 1379 487 1431 in
522 1377 788 1430 mandatis
818 1377 959 1431 illius
990 1375 1238 1440 festinat,
1284 1375 1411 1443 quid
1441 1374 1585 1428 aliud
1627 1375 1683 1427 in
1721 1375 2011 1444 semetipso

431 1468 534 1522 nisi
566 1468 850 1537 imaginem
879 1469 1002 1520 novi
1031 1466 1264 1521 hominis
1292 1464 1590 1520 reformat?
1621 1465 1773 1531 Quod
1800 1466 1926 1534 quia
1956 1464 2010 1518 in

433 1568 742 1615 sanctorum
776 1559 1028 1613 cordibus
1060 1558 1393 1612 incessanter
1434 1556 1630 1624 agitur,
1679 1562 1822 1609 recte
1866 1569 2012 1609 nunc

432 1650 500 1703 de
523 1650 844 1704 animalibus
872 1645 1068 1705 dicitur
1091 1666 1104 1702 :
1141 1667 1160 1700 ι
1193 1649 1499 1704 Similitudo
1525 1649 1760 1704 hominis
1784 1650 1837 1702 in
1864 1648 1962 1703 eis.
1985 1668 2003 1701 ι

430 1741 560 1797 Post
588 1742 728 1796 hanc
755 1757 884 1796 vero
912 1742 1340 1807 similitudinem,
1370 1757 1490 1811 qua:
1515 1758 1658 1796 nunc
1686 1742 1739 1795 in
1771 1742 2009 1796 moribus
2039 1776 2084 1834 Β

433 1841 666 1897 tenetur,
696 1833 914 1901 quando
941 1835 1007 1889 ad
1036 1833 1439 1887 similitudinem
1470 1832 1650 1902 gloria:
1673 1832 2004 1901 pervenitur.

432 1922 567 1977 llinc
600 1922 797 1976 etenim
827 1922 1065 1977 Joannes
1093 1923 1261 1977 dicit:
1295 1942 1312 1974 ι
1346 1922 1499 1976 Nunc
1538 1922 1632 1976 filii
1676 1923 1768 1976 Dei
1801 1937 2007 1987 Stnnus,

430 2022 487 2068 et
531 2016 767 2068 nondum
818 2013 1065 2083 apparuit
1111 2013 1238 2083 quid
1283 2012 1527 2077 erimus;
1581 2012 1784 2067 scimus
1829 2021 2009 2067 autem

431 2104 683 2173 quoniam
717 2119 837 2157 cum
870 2090 1194 2173 apparuerit,
1231 2102 1435 2158 similes
1465 2103 1515 2158 ei
1540 2103 1745 2158 erimus
1771 2101 1819 2174 (I
1845 2103 2006 2158 Joan.

432 2192 536 2263 ιιι).
561 2213 579 2244 ›
616 2191 717 2258 Qui
746 2207 868 2246 mox
898 2192 1038 2247 unde
1063 2193 1167 2247 hoc
1190 2192 1304 2247 fieri
1326 2193 1502 2247 valeat
1524 2193 1768 2263 adjungit
1788 2192 2005 2248 dicens:

439 2302 457 2333 ι
490 2282 751 2349 Quoniam
785 2283 1082 2338 videbimus
1112 2298 1238 2338 eum
1266 2283 1427 2338 sicuti
1454 2291 1570 2349 est,
1603 2303 1622 2335 ι
1662 2298 1781 2338 esse
1807 2284 2009 2339 etenim

436 2373 533 2427 Dei
579 2382 662 2428 est
702 2382 961 2428 aeternum
992 2374 1136 2428 hunc
1166 2381 1329 2443 atque
1357 2373 1852 2429 incommutabilem
1882 2388 2008 2443 per-

435 2479 670 2519 manere.
706 2465 838 2518 Nam
862 2479 1020 2519 omne
1042 2465 1183 2533 quod
1210 2472 1470 2530 mutatur,
1497 2464 1697 2519 desiuit
1723 2478 1844 2520 esse
1865 2465 2009 2534 quod

433 2556 552 2621 fujt,
584 2564 638 2610 et
667 2557 856 2627 incipit
884 2572 1006 2613 esse
1035 2558 1177 2627 quod
1202 2573 1308 2613 non
1337 2556 1459 2612 fuit.
1504 2558 1601 2613 Dei
1628 2572 1756 2614 vero
1783 2573 1903 2614 esse
1928 2567 2013 2614 est

432 2649 765 2705 dissimiliter
792 2666 1066 2720 nunquam
1091 2666 1233 2707 esse.
1261 2650 1414 2707 Unde
1440 2651 1508 2706 ad
1536 2650 1755 2722 Moysen
1777 2650 2006 2707 dicitur:

439 2759 458 2792 ‹
495 2741 604 2811 Ego
633 2756 752 2795 sum
784 2742 876 2810 qui
906 2758 1048 2796 sum.
1103 2743 1168 2796 Et
1196 2744 1343 2798 dices
1386 2743 1511 2798 filiis
1548 2744 1749 2798 Israel:
1784 2742 1883 2810 Qui
1928 2751 2014 2799 est

436 2829 584 2883 misit
612 2846 699 2884 me
728 2831 794 2884 ad
824 2846 920 2885 vos
946 2830 1147 2900 (Exod.
1175 2831 1279 2903 ιιι).
1315 2850 1334 2882 ι
1384 2829 1617 2886 Jacobus
1647 2846 1862 2901 quoque
1893 2832 1968 2886 ait
1993 2850 2007 2886 :

438 2940 458 2971 ‹
491 2919 643 2989 Apud
672 2935 832 2989 quem
862 2937 971 2976 non
999 2930 1083 2975 est
1118 2924 1519 2988 transmutatio,
1564 2937 1663 2978 nec
1689 2923 2015 2979 vicissitudi-

435 3010 520 3065 nis
547 3011 885 3066 obumbratio
912 3011 1051 3083 (Jac.
1081 3012 1142 3083 ι).
1177 3032 1196 3065 ι
1251 3012 1435 3081 Itaque
1461 3028 1559 3083 per
1584 3013 1843 3068 Joannem
1875 3014 2011 3069 dici-

2113 555 2511 609 strinxcrimus.
2565 554 2794 621 Quidam
2840 565 3072 629 quatuor
3101 555 3408 626 Evangelia,
3438 572 3577 625 quos
3606 575 3699 613 nos

2112 661 2326 716 quoque
2379 648 2430 701 in
2482 649 2744 717 prowmio
2774 647 3293 702 commentariorum
3336 646 3578 703 Matthmi
3619 666 3700 704 sc-

2111 741 2218 792 cuti
2248 755 2457 803 sumns,
2482 740 2676 793 horum
2707 739 3025 793 animalium
3054 747 3245 811 putant
3270 740 3583 795 nominibus
3609 741 3698 794 (le-

2111 830 2335 901 signari.
2371 830 2628 894 Mattlnei,
2657 831 2797 899 quod
2828 831 2983 899 quasi
3010 831 3282 885 hominem
3309 831 3655 902 descripserit
3680 852 3692 885 :

2118 943 2137 976 ¢
2172 923 2335 977 Liber
2370 924 2734 994 generationis
2775 922 2902 976 Jesu
2951 922 3151 976 Christi
3200 921 3293 975 lilii
3337 922 3548 987 David,
3603 923 3694 978 ﬁlii

2110 1013 2403 1069 Abraham.
2441 1034 2459 1065 ι
2503 1013 2718 1079 Leonis,
2751 1015 2819 1067 ad
2849 1012 3088 1068 Marcum
3123 1014 3404 1069 referunt:
3434 1034 3452 1066 ι
3476 1014 3693 1069 Initium

2112 1105 2385 1176 Evangelii
2421 1105 2547 1161 Jesu
2579 1105 2777 1160 Christi
2818 1105 2940 1160 Filii
2980 1105 3111 1171 Dei,
3149 1106 3293 1161 sicut
3320 1107 3583 1177 scriptum
3614 1117 3698 1162 est

2112 1195 2166 1250 in
2197 1197 2334 1251 Isaia
2368 1199 2627 1267 propheta
2655 1216 2666 1250 :
2698 1199 2810 1253 Vox
2844 1197 3132 1253 clamantis
3157 1198 3209 1252 in
3237 1199 3473 1265 deserto,
3501 1199 3696 1253 Parate

2110 1289 2226 1342 vias
2260 1288 2503 1351 Domini,
2544 1296 2721 1342 rectas
2746 1287 2906 1343 facite
2934 1288 3157 1343 semitas
3185 1287 3320 1358 ejus.
3356 1309 3375 1342 ›
3413 1290 3595 1355 Vituli,
3627 1293 3693 1346 ad

2112 1379 2271 1433 Luca:
2314 1379 2690 1450 Evangelinm,
2739 1380 2882 1449 quod
2922 1399 2952 1434 a
2993 1381 3255 1436 Zacharia
3297 1382 3485 1452 incipit
3517 1399 3696 1439 sacer-

2112 1470 2337 1526 dolium.
2369 1467 2594 1539 Aquilte,
2627 1469 2693 1523 ad
2717 1468 2941 1525 Joannis
2968 1470 3272 1536 exordium,
3296 1472 3386 1540 qui
3417 1472 3483 1524 ad
3516 1472 3695 1526 excel-

2112 1575 2230 1615 sum
2260 1559 2480 1615 evolans
2506 1559 2707 1628 cmpit:
2743 1579 2760 1610 ι
2798 1560 2855 1613 In
2885 1560 3151 1629 principio
3193 1570 3315 1614 erat
3345 1559 3602 1624 Verbum,
3636 1569 3693 1616 et

2114 1649 2350 1704 Verbum
2381 1656 2498 1703 erat
2527 1650 2667 1717 apud
2708 1650 2908 1712 Deum,
2948 1659 3003 1704 et
3043 1649 3185 1703 Deus
3225 1657 3346 1704 erat
3375 1648 3629 1703 Verbum.
3667 1670 3684 1701 ι

2113 1741 2289 1809 Super
2312 1757 2418 1810 qtto
2449 1741 2578 1810 quid
2622 1741 2776 1795 nobis
2805 1742 3078 1796 videretur
3108 1741 3161 1796 in
3189 1741 3500 1811 supradicto
3532 1757 3691 1812 Opere

2111 1833 2380 1898 diximus,
2432 1831 2751 1902 pleniusque
2790 1832 2844 1886 in
2878 1832 3202 1903 Apocalypsi
3238 1831 3462 1887 Joannis
3499 1834 3687 1888 horum

2110 1923 2425 1977 animalium
2454 1923 2661 1992 species
2688 1938 2751 1977 ac
2784 1923 2999 1977 nomina
3036 1922 3345 1978 referuntur
3368 1924 3435 1977 ad
3462 1932 3689 1993 quatuor

2110 2012 2490 2083 evangelislas,
2518 2013 2714 2082 quibus
2738 2013 3007 2082 quomodo
3032 2013 3204 2082 possit
3224 2013 3466 2067 omnium
3490 2014 3689 2068 anima-

2110 2104 2239 2157 lium
2266 2104 2559 2173 descriptio
2588 2103 2828 2173 coaptari
2860 2104 3188 2159 tentabimus
3218 2120 3315 2159 suo
3344 2105 3463 2159 loco
3494 2105 3688 2160 dicere.

2109 2193 2215 2247 Alii
2278 2208 2407 2248 vero
2457 2195 2550 2264 qui
2617 2194 3053 2264 philosophorum
3109 2194 3331 2249 stultam
3394 2203 3694 2264 sequuntur

2110 2283 2428 2351 sapientiam
2465 2284 2570 2337 duo
2605 2283 2983 2352 hemisplueria
3004 2283 3064 2337 in
3098 2282 3307 2339 duobus
3340 2283 3523 2353 templi
3550 2282 3693 2338 Che-

2113 2372 2288 2426 rubim
2311 2414 2325 2434 ,
2376 2388 2477 2427 nos
2516 2383 2573 2428 et
2590 2373 2890 2443 Antipodas
2918 2374 3070 2442 quasi
3103 2375 3327 2445 supinos
3357 2382 3413 2429 et
3441 2375 3695 2429 cadentes

2112 2463 2357 2520 homines
2387 2464 2752 2534 suspicantur,
2791 2464 3036 2535 plerique
3058 2464 3216 2534 juxta
3245 2464 3524 2521 Platonem
3544 2506 3558 2530 ,
3607 2481 3693 2519 ra-

2112 2553 2312 2609 tionale
2347 2554 2540 2609 animae
2594 2564 2649 2610 et
2694 2554 3034 2610 irascitivum
3080 2564 3137 2610 et
3178 2556 3693 2627 concupiscitivum,

2112 2647 2180 2701 ad
2207 2646 2475 2701 hominem
2498 2654 2554 2702 et
2576 2645 2783 2701 leonem
2806 2661 2872 2701 ac
2890 2646 3116 2701 vitulum
3140 2647 3404 2713 referunt,
3427 2647 3696 2701 rationem

2113 2746 2168 2792 et
2192 2736 2553 2807 cognitionem
2583 2745 2638 2792 et
2666 2746 2899 2792 mentem
2939 2746 2992 2793 et
3026 2739 3310 2793 consilium
3343 2738 3695 2808 eamdemque

2112 2826 2472 2895 virtutemque
2499 2835 2661 2896 atque
2688 2827 3007 2897 sapientiam
3036 2828 3091 2881 in
3116 2828 3323 2882 cerebri
3349 2843 3474 2883 arce
3492 2843 3697 2898 ponen-

2115 2926 2227 2983 tes,
2270 2917 2540 2973 feritatem
2573 2935 2702 2975 vero
2738 2927 2793 2973 et
2834 2919 3166 2974 iracundiam
3196 2927 3358 2989 atque
3386 2919 3696 2974 violentiam

2115 3009 2170 3063 in
2202 3009 2376 3075 leone,
2419 3024 2540 3080 qua:
2578 3010 2842 3065 consistat
2889 3011 2943 3063 in
2992 3009 3137 3065 felle.
3193 3009 3364 3065 Porro
3393 3010 3695 3075 libidinem,

437 3112 560 3156 tur:
596 3123 613 3153 ι
649 3102 852 3159 Similis
893 3105 943 3160 ci
987 3105 1222 3173 erimus,
1265 3108 1518 3176 quoniam
1561 3109 1861 3164 videbimus
1888 3126 2011 3166 eum
2039 3137 2085 3199 Ο
2115 3103 2383 3157 luxuriam
2417 3110 2472 3157 et
2501 3102 2741 3157 omnium
2787 3100 3119 3171 voluptatum
3157 3102 3464 3172 cupidinem
3514 3103 3568 3157 in
3606 3101 3696 3171 je-

434 3192 592 3247 sicuti
614 3202 715 3248 est.
738 3214 757 3247 ι
793 3194 926 3261 Quia
956 3210 1052 3267 per
1078 3197 1178 3252 hoe
1204 3199 1345 3267 quod
1371 3198 1664 3269 aspicimus
1686 3200 1803 3272 ejus
1830 3216 2014 3257 essen-

435 3282 578 3336 tiam'
608 3293 845 3350 naturae,
889 3301 919 3340 a
960 3288 1318 3343 mutabilitate
1347 3298 1531 3345 nostra
1560 3289 1774 3345 liberati
1800 3291 2014 3364 ﬁgimur

436 3372 490 3426 in
520 3375 901 3431 :eternitatem.
954 3376 1365 3434 lmmutabimur
1393 3381 1587 3451 quippe
1622 3382 1675 3436 in
1709 3382 1825 3453 ipso
1851 3400 2012 3453 quem

435 3464 756 3532 videbimus,
781 3468 907 3537 quia
933 3478 1107 3525 morte
1120 3471 1423 3527 carebimus
1435 3474 1663 3531 videndo
1691 3476 1878 3541 vitam,
1896 3493 2015 3531 mu-

437 3556 757 3613 tabilitatem
786 3567 1023 3613 nostram
1058 3562 1520 3629 transcendemus,
1550 3564 1782 3622 videndo
1812 3567 2011 3622 immu-

435 3646 674 3702 tabilem.
725 3647 1083 3721 Corruptione
1118 3651 1264 3707 nulla
1300 3653 1624 3718 tenebimur,
1656 3654 1886 3712 videndo
1925 3658 2011 3711 iti-

437 3728 769 3813 coﬁ‘uptum.
824 3745 941 3799 Erit
995 3754 1176 3800 autem
1243 3754 1373 3802 tunc
1426 3746 1722 3803 similitudo
1775 3750 2011 3806 hominis

438 3832 493 3886 in
523 3835 839 3902 corporibus
870 3837 1089 3891 nostris.
1142 3837 1279 3893 Hinc
1313 3839 1456 3893 enim
1498 3856 1597 3909 per
1621 3840 1845 3895 Paulum
1876 3843 2011 3897 dici-

438 3932 528 3978 tur
569 3921 786 3993 (Philip.
817 3923 901 3994 ιιι)
943 3941 959 3977 :
1006 3944 1024 3975 ι
1054 3925 1249 3980 Nostra
1275 3929 1613 3983 conversatio
1643 3930 1696 3984 in
1728 3932 1880 3986 cmlis
1908 3941 2010 3988 est.

442 4012 595 4067 Unde
622 4013 785 4066 etiam
835 4010 1167 4068 Salvatorem
1197 4025 1571 4085 exspectamus
1603 4020 1886 4075 Dominum
1919 4038 2016 4078 no-

344 4154 345 4157 η
438 4111 612 4156 slrum
637 4101 822 4156 Jesum
851 4101 1126 4157 Christum
1150 4143 1169 4170 ,
1217 4106 1309 4174 qui
1345 4105 1658 4161 reformabit
1689 4124 1886 4180 corpus
1915 4112 2014 4165 hu-

440 4192 686 4248 militatis
702 4201 901 4247 nostra:
918 4193 1309 4264 configuratum
1333 4197 1543 4265 corpori
1562 4197 1823 4254 claritatis
1837 4216 1965 4256 sum.
1990 4222 2007 4253 ι

441 4283 619 4339 Erunt
648 4299 776 4355 ergo
804 4293 933 4339 tunc
961 4284 1254 4339 electorum
1290 4302 1538 4356 corpora,
1569 4288 1803 4345 claritati
1832 4293 2014 4346 Domi-

437 4375 545 4431 nici
572 4375 813 4447 corporis
840 4374 1194 4447 configurata.
1228 4375 1356 4445 Qua:
1383 4378 1486 4432 etsi
1514 4379 1874 4448 :equalitatem
1903 4382 2013 4452 glo-

2114 3209 2262 3257 core,
2305 3194 2358 3251 id
2392 3203 2496 3259 est,
2539 3194 2593 3247 in
2628 3193 2815 3258 vitulo,
2852 3195 2945 3267 qui
2984 3202 3145 3247 terrae
3179 3193 3432 3262 cperibus
3467 3193 3693 3249 haereat.

2111 3284 2483 3354 Quartamque
2531 3292 2737 3354 ponunt
2781 3300 2903 3353 qum
2949 3298 3111 3353 super
3142 3285 3255 3339 hzec
3296 3294 3351 3338 et
3390 3293 3544 3339 extra
3579 3284 3698 3339 haec:

2112 3378 2215 3430 tria
2244 3384 2325 3431 est
2350 3391 2512 3447 quam
2538 3375 2712 3431 Gut-ci
2744 3384 2937 3430 vocant
2955 3380 3279 3448 συντήρησιν,
3312 3390 3431 3445 qua:
3459 3375 3694 3431 scintilla

2110 3467 2485 3532 conscientiae,
2538 3467 2594 3521 in
2641 3465 2774 3521 Cain
2820 3481 3034 3536 quoque
3075 3474 3358 3536 peccatore
3406 3474 3695 3536 postquam

2110 3558 2315 3627 ejectus
2337 3566 2421 3613 est
2448 3559 2514 3612 de
2535 3559 2810 3627 paradiso,
2834 3574 2942 3612 non
2968 3558 3322 3628 extinguitur,
3349 3566 3404 3611 et
3432 3572 3539 3626 qua
3562 3558 3693 3613 victi

2109 3651 2472 3720 voluptatibus
2513 3650 2597 3705 vel
2643 3650 2826 3705 furore
2878 3651 3098 3719 ipsaque
3147 3649 3415 3703 interdum
3467 3649 3697 3703 rationis

2109 3739 2321 3810 decepti
2370 3739 2722 3796 similitudine
2775 3754 2874 3793 nos
2922 3753 3151 3808 peccare
3192 3738 3478 3801 sentimus,
3527 3753 3694 3808 quam

2110 3834 2327 3904 proprie
2360 3832 2553 3901 aquilze
2582 3833 2844 3901 deputant
2890 3845 2996 3885 non
3044 3843 3103 3885 se
3147 3829 3463 3889 miscentem
3496 3829 3694 3895 tribus,

2111 3926 2204 3980 sed
2237 3924 2339 3979 tria
2367 3923 2607 3978 errantia
2644 3922 3005 3992 corrigentem
3032 3960 3046 3984 ,
3096 3934 3258 3989 quem
3301 3918 3356 3972 in
3396 3917 3696 3987 Scriptuiis

2112 4014 2381 4068 interdum
2412 4012 2589 4068 vocari
2626 4011 2858 4082 legimus
2889 4010 3138 4080 spiritum
3158 4049 3174 4074 ,
3208 4028 3227 4060 ί
3259 4008 3351 4077 qui
3384 4008 3696 4077 interpellat

2110 4121 2209 4176 pro
2255 4104 2408 4159 nobis
2455 4102 2745 4170 gemitibus
2791 4098 3238 4155 inenarrabilibus
3273 4097 3446 4169 (Rom.
3488 4096 3632 4173 vqt).
3670 4118 3686 4148 ι

2117 4215 2135 4247 ι
2167 4194 2335 4249 Nemo
2364 4193 2508 4249 enim
2539 4193 2643 4247 scit
2663 4206 2726 4245 ea
2748 4206 2870 4261 quae
2900 4189 3134 4244 hominis
3153 4196 3299 4253 sunt,
3332 4187 3436 4242 nisi
3465 4188 3694 4257 spiritus

2113 4290 2205 4359 qui
2236 4290 2289 4343 in
2318 4304 2383 4343 eo
2409 4297 2511 4353 est,
2543 4305 2561 4338 ι
2587 4301 2746 4356 quem
2771 4296 2825 4340 et
2861 4284 3058 4339 Paulus
3081 4284 3148 4339 ad
3178 4284 3696 4341 Thessalonicenses

2112 4381 2375 4445 scribens,
2425 4394 2548 4433 cum
2599 4379 2777 4432 anima
2809 4384 2863 4431 et
2891 4391 3117 4447 corpore
3160 4377 3367 4431 servari
3418 4377 3694 4446 integrum

438 4464 534 4517 ria:
578 4464 694 4533 ejus
738 4479 844 4518 non
895 4464 1094 4520 habent
1145 4481 1241 4535 per
1288 4474 1563 4532 naturam,
1607 4468 2011 4526 similitudinem
2045 4492 2089 4548 ι)
2116 4473 2454 4541 deprecatur.
2493 4470 2560 4523 Et
2585 4480 2764 4525 tamen
2794 4469 2936 4523 hanc
2963 4483 3175 4538 quoque
3211 4469 3381 4538 ipsam
3410 4470 3695 4524 conscien-

439 4558 882 4628 conligurationis
931 4558 1048 4628 ejus
1100 4560 1375 4615 habebunt
1425 4576 1523 4630 per
1567 4562 1817 4631 gratiam.
1875 4565 2012 4631 Quia

442 4650 624 4716 itaque
673 4650 966 4705 similitudo
1015 4652 1133 4722 ejus
1185 4667 1329 4707 nunc
1380 4653 1434 4707 in
1487 4655 1726 4710 moribus
1782 4658 2014 4712 trahitur

438 4737 763 4803 electorum;
800 4748 858 4794 et
898 4740 955 4794 in
998 4743 1415 4809 resurrectione,
1448 4744 1691 4813 sequitur
1720 4746 2012 4803 similitudo

441 4826 761 4880 aeternitatis
792 4827 847 4881 in
895 4839 1095 4894 mente,
1146 4832 1401 4899 quoniam
1430 4832 1734 4888 videbimus
1762 4850 1882 4888 eum
1911 4836 2014 4891 sic-

443 4917 521 4972 uti
554 4926 671 4987 ‘est.
722 4917 789 4971 Et
827 4919 954 4989 quia
985 4920 1391 4976 similitudinem
1431 4937 1645 4991 quoque
1674 4923 1818 4979 illius
1847 4926 2010 4980 etiam

442 5026 670 5081 corpora
709 5020 896 5067 nostra
932 5013 1233 5082 percipient
1265 5015 1320 5068 in
1352 5015 1775 5085 configuratione
1801 5058 1815 5080 ,
1868 5028 2014 5074 recte

444 5103 511 5158 de
550 5102 755 5157 sanctis
793 5101 1116 5157 animalibus
1147 5101 1377 5169 dicatur,
1412 5122 1431 5154 ι
1464 5105 1759 5159 similitudo
1784 5105 2015 5163 hominis

445 5195 501 5249 iu
529 5194 628 5249 eis.
650 5211 670 5244 ι

521 5302 541 5335 ι
573 5283 815 5349 Quatuor
843 5280 1008 5337 facies
1039 5282 1162 5347 uni,
1210 5292 1267 5338 et
1310 5292 1542 5355 quatuor
1567 5299 1756 5357 penna:
1786 5286 1874 5339 uni
1895 5327 1910 5350 ,
1963 5296 2016 5341 ct

450 5392 469 5425 ι
504 5373 667 5443 pedes
696 5387 915 5439 eorum,
954 5371 1118 5443 pedes
1144 5373 1299 5428 recti.
1349 5374 1415 5428 Et
1441 5374 1623 5444 planta
1651 5375 1803 5444 pedis
1828 5390 2015 5431 eormn

449 5481 469 5515 ι
501 5462 657 5532 quasi
692 5465 875 5533 planta
903 5462 1055 5532 pedis
1084 5462 1252 5517 vituli.
1308 5462 1376 5517 Et
1401 5464 1647 5518 scintilla:
1674 5465 1825 5533 quasi
1856 5480 2014 5534 aspe—

450 5572 471 5607 ι
502 5562 624 5611 ctus
647 5555 773 5610 atris
799 5554 1101 5609 candentis.
1133 5554 1199 5609 Et
1222 5568 1413 5608 manus
1439 5553 1670 5607 hominis
1696 5554 1795 5609 sub
1823 5554 2015 5623 pennis

453 5658 475 5693 ι
506 5658 693 5698 eorum
723 5645 777 5699 in
799 5654 1034 5714 quatitur
1061 5643 1329 5714 partibus.
1352 5662 1370 5694 ι
1395 5640 1661 5712 (Ηὶετοη.)
1686 5641 1761 5695 De
1787 5643 1872 5697 his
1897 5659 2014 5712 quae

450 5734 789 5802 propheticus
815 5752 991 5791 sermo
1010 5736 1263 5792 describit
1281 5734 1598 5791 conabimur
1619 5734 1745 5803 quid
1768 5735 1919 5789 nobis
1936 5735 2012 5789 vi-

2120 4562 2249 4616 tiam
2290 4562 2442 4632 juxta
2482 4560 2612 4615 illud
2640 4561 2782 4629 quod
2834 4559 2887 4613 in
2934 4559 3240 4614 Proverbiis
3271 4561 3534 4628 scriptum
3564 4570 3693 4614 est:

2124 4672 2141 4703 ι
2175 4652 2374 4722 Impius
2426 4668 2549 4706 cum
2600 4650 2807 4704 venerit
2858 4650 2911 4704 in
2961 4648 3285 4719 profundum
3343 4659 3695 4720 peccatorum

2117 4741 2412 4797 contemnit
2434 4740 2616 4812 (Prov.
2642 4738 2820 4810 xvm),
2853 4759 2871 4791 ι
2897 4740 3171 4794 cernimus
3194 4742 3519 4809 prmcipitari
3548 4744 3699 4812 apud

2116 4832 2376 4901 quosdam
2414 4838 2470 4884 et
2495 4845 2651 4885 suum
2679 4828 2855 4884 locum
2883 4830 3165 4895 omittere,
3208 4829 3300 4898 qui
3331 4845 3397 4884 ne
3427 4831 3695 4899 pudorem

2114 4921 2332 4992 quidem
2370 4929 2423 4976 et
2451 4919 2826 4974 verecundiam
2857 4920 3055 4973 habent
3102 4920 3158 4972 in
3187 4919 3417 4985 delictis,
3467 4931 3527 4975 et
3569 4936 3695 4975 me-

2116 5017 2308 5063 rentur
2335 5008 2559 5062 audire:
2594 5027 2612 5058 ‹
2647 5007 2836 5062 Facies
2876 5006 3182 5061 meretricis
3227 5006 3370 5062 facta
3418 5017 3505 5063 est
3551 5010 3697 5077 tibi,

2116 5100 2293 5156 nescis
2323 5099 2641 5153 erubescere
2664 5097 2797 5171 (Jer.
2824 5096 2930 5169 ιιι).
2950 5117 2971 5150 ι
3007 5096 3155 5152 Hanc
3185 5098 3349 5169 igitur
3367 5101 3697 5170 quadrigam

2119 5192 2170 5246 in
2208 5190 2408 5261 auriga:
2438 5190 2680 5254 modum,
2715 5190 2854 5244 Deus
2886 5189 3054 5260 regit,
3082 5198 3137 5244 et
3162 5190 3533 5259 incompOsitis
3558 5207 3701 5246 cur-

2118 5291 2326 5336 rentem
2356 5281 2610 5351 gradibus
2638 5278 2897 5344 refrenat,
2930 5279 3264 5348 docilemque
3295 5279 3454 5345 facit,
3493 5290 3546 5336 et
3591 5298 3703 5336 suo

2118 5384 2310 5440 parere
2337 5371 2480 5440 cogit
2514 5368 2758 5439 imperio.
2808 5368 2979 5435 Quam
3007 5368 3422 5437 disputationem
3451 5371 3702 5438 partium

2118 5461 2339 5524 animm,
2372 5460 2424 5514 id
2452 5467 2568 5524 est,
2609 5458 2845 5514 hominis
2871 5458 2963 5527 qui
2999 5458 3175 5513 minor
3221 5459 3451 5513 mundus
3485 5459 3555 5513 ab
3588 5460 3703 5516 iis-

2116 5549 2238 5603 dem
2285 5549 2619 5618 philosophis
2650 5547 2968 5617 appellatur,
3006 5547 3173 5602 etiam
3210 5562 3309 5602 nos
3338 5548 3702 5617 attingemus.

2118 5640 2255 5696 Sunt
2293 5641 2384 5711 qui
2429 5639 2745 5710 simpliciter
2790 5640 2847 5692 in
2891 5646 3125 5708 quatuor
3168 5639 3489 5693 animalibus
3529 5640 3706 5709 juxta

2120 5733 2380 5803 llippocra
2389 5731 2454 5785 tis
2468 5731 2815 5797 sententiam,
2832 5741 3063 5799 quatuor
3076 5732 3403 5784 arbitrantur
3420 5731 3708 5788 elementa
