3950 6184
368 290 469 347 sua

1349 290 1689 352 COMMENT.
1733 296 1797 350 1N
1837 261 2292 354 EZEClllELEM.
2334 329 2402 338 —
2443 301 2569 356 LIB.
2607 302 2645 356 ι.

3525 309 3631 366 510

366 411 660 459 nnmstrart
692 402 757 456 de
786 402 980 473 quibus
1002 411 1251 458 constant
1271 417 1473 467 omma,
1500 414 1722 469 terram,
1746 406 1945 477 ignem,
1976 416 2024 471 Α
2052 424 2180 463 oves
2204 425 2373 476 meas,
2401 419 2455 465 et
2478 422 2809 482 cognoscunt
2833 430 2917 469 me
2943 431 3095 471 mere.
3120 435 3139 469 ι
3172 413 3275 485 Qui
3300 432 3487 475 rursus
3511 422 3582 475 ait
3610 440 3624 476 ;

364 511 583 558 aerem,
629 510 861 563 aquam,
908 509 1027 563 quae
1056 495 1325 564 quomodo
1354 496 1456 551 sibi
1493 496 1842 563 misceantur,
1893 508 1948 553 et

367 602 489 642 eum
521 586 730 658 singula
759 585 896 650 sint,
930 585 1031 640 sibi
1057 584 1244 654 juncta
1275 585 1578 650 videantur,
1608 586 1946 656 invicemque

360 697 418 737 se
453 684 709 747 tangant,
748 685 804 730 et
838 675 891 729 in
930 690 1037 728 una
1072 690 1301 745 persona
1332 675 1687 729 animantium
1714 686 1947 745 quatuor

365 770 575 840 species
602 768 835 823 habeant
862 782 927 821 ac
956 768 1176 838 ﬁguras,
1205 782 1309 820 non
1340 777 1422 821 est
1448 768 1710 838 propositi
1743 769 1940 838 operis.

360 866 606 932 Quatuor
632 876 848 931 quoque
876 869 1024 915 rotas
1058 860 1125 914 de
1163 859 1397 915 terrenis
1428 859 1495 914 ad
1528 860 1778 914 sublimia
1816 875 1945 914 con-

362 962 650 1026 surgentes
681 952 908 1022 singulis
933 961 988 1006 et
1015 949 1475 1021 quadriformibus
1497 948 1712 1019 iunctas
1737 950 1945 1004 anima-

362 1046 534 1111 libus,
573 1043 661 1098 vel
709 1044 1019 1099 eorumdem
1067 1041 1455 1096 elementorum
1512 1040 1942 1096 commistionem

359 1136 662 1198 aestimant,
694 1133 779 1188 vel
808 1141 1045 1202 quatuor
1075 1141 1381 1201 temporum
1412 1131 1677 1185 circulum
1706 1131 1797 1200 qui
1835 1140 1945 1185 ter-

360 1227 445 1283 nis
489 1226 778 1282 coniicitur
805 1224 1082 1279 mensibus
1103 1263 1117 1287 ,
1170 1238 1481 1292 annumque
1512 1233 1811 1278 vertentem
1850 1223 1942 1291 qui

360 1316 429 1370 ab
456 1330 524 1370 eo
548 1315 694 1385 quod
725 1329 939 1384 semper
969 1322 1231 1377 vertatur,
1262 1322 1317 1367 et
1347 1313 1399 1367 in
1440 1328 1498 1367 se
1526 1314 1711 1369 redeat
1744 1329 1941 1368 nomen

359 1408 651 1478 acceperit.
691 1407 769 1461 De
798 1407 994 1476 quibus
1029 1407 1252 1476 pulchre
1289 1420 1396 1460 uno
1424 1406 1698 1461 versiculo
1736 1404 1939 1461 dictum

359 1511 487 1556 est:

453 1612 571 1674 Ver,
589 1620 755 1671 astas,
777 1624 1053 1671 autumnus,
1078 1611 1251 1671 hiems,
1271 1618 1322 1661 et
1345 1613 1544 1671 mensis,
1571 1617 1621 1661 et
1643 1623 1813 1660 annus.

356 1720 618 1790 Quodque
649 1721 845 1780 dieitur
876 1739 889 1776 :
914 1722 1043 1777 Erat
1070 1731 1184 1777 rota
1217 1723 1271 1777 in
1300 1733 1448 1788 tota,
1478 1738 1677 1777 annum
1711 1723 1766 1777 in
1796 1738 1939 1777 anno

356 1812 650 1890 significari
678 1820 892 1879 putant.
932 1813 1010 1868 De
1039 1828 1146 1868 duo
1175 1813 1314 1869 alius
1337 1822 1495 1885 poeta
1524 1813 1767 1886 (Virgil.)
1793 1833 1806 1869 :

604 1942 704 1999 Sua
726 1954 817 2005 per
837 1946 1044 2004 vestigia
1067 1943 1269 1994 volvitur
1293 1957 1463 1994 annus.

351 2044 711 2099 l-‘irmamenti
739 2045 900 2099 etiam
925 2044 1357 2109 similitudinem,
1380 2061 1501 2115 qua:
1523 2047 1777 2120 crystallo
1799 2062 1944 2103 com-

351 2149 596 2209 paratur,
622 2139 820 2196 ccelum
845 2140 945 2194 hoc
965 2139 1107 2208 quod
1131 2140 1458 2210 suspicimus
1481 2141 1707 2213 intelligi
1728 2142 1938 2207 volunt,

351 2235 452 2289 sub
480 2247 592 2302 quo
621 2232 914 2286 volvuntur
945 2240 1002 2287 et
1040 2240 1316 2286 transeunt
1350 2241 1582 2303 quatuor
1611 2235 1935 2299 animantia,

351 2326 720 2391 thronumque
747 2321 944 2377 coloris
981 2323 1220 2393 sapphiri
1247 2363 1261 2387 ,
1299 2332 1354 2378 et
1383 2324 1660 2379 sedentem
1707 2325 1941 2394 desuper

352 2414 631 2470 hominem
661 2414 763 2468 sub
796 2413 1031 2467 humana
1065 2413 1445 2478 similitudine,
1491 2414 1772 2483 imperium
1803 2431 1936 2469 eun-

352 2513 435 2559 cta
480 2503 723 2572 regentis
763 2504 1051 2573 omniaque
1098 2504 1349 2559 habentis
1384 2506 1484 2560 sub
1516 2506 1744 2578 pedibus
1789 2506 1936 2570 suis,

350 2596 762 2666 omnipotentiaa
808 2595 905 2651 Dei
955 2596 1188 2651 describi
1234 2604 1557 2664 autumant,
1611 2598 1824 2667 dicique
1871 2599 1938 2654 ad

350 2696 679 2743 extremum.
734 2686 861 2742 Haec
887 2686 1023 2741 visio
1060 2685 1432 2742 similitudinis
1473 2688 1657 2758 gloria:
1703 2688 1933 2742 Domini.

351 2777 454 2833 Per
478 2792 601 2847 quae
628 2777 783 2847 quasi
810 2792 911 2847 per
935 2777 1200 2847 picturam
1231 2778 1518 2846 quamdam
1545 2786 1599 2832 et
1624 2777 1935 2849 imaginem,

349 2870 747 2939 providentiam
778 2867 1173 2934 demonstrari,
1212 2868 1465 2937 quodque
1495 2869 1659 2938 pedes
1688 2868 1936 2922 animan-

352 2962 486 3017 tium
526 2961 663 3016 recti
702 2975 823 3015 esse
854 2959 1122 3024 dicantur,
1168 2967 1225 3014 et
1258 2959 1439 3028 planta
1476 2959 1628 3029 pedis
1662 2958 1813 3013 vituli
1843 2974 1937 3014 seu

352 3052 583 3108 rotunda
605 3093 621 3119 ,
657 3059 872 3107 terrena
899 3065 1126 3121 quaeque
1155 3051 1221 3105 ad
1254 3050 1497 3106 cmlestia
1525 3050 1843 3115 subvolare,
1882 3058 1937 3103 et

349 3145 605 3200 omnibus
631 3143 842 3215 angulis
868 3142 1159 3212 amputatis
1184 3142 1570 3197 rotunditatem
1602 3141 1783 3211 sequi,
1814 3157 1935 3210 qua:

351 3234 593 3289 omnium
627 3234 919 3304 figurarum
956 3232 1317 3304 pulcherrima
1348 3238 1457 3295 est,
1500 3231 1765 3287 scintillas
1793 3231 1931 3285 ruti-

350 3324 529 3380 lantes
571 3331 765 3379 cuncta
811 3324 969 3395 plena
1012 3324 1231 3379 luminis
1272 3322 1532 3378 indicare.
1579 3340 1597 3373 ‹
1634 3323 1700 3375 Ει
1741 3336 1934 3377 manus

352 3418 591 3473 hominis
629 3417 729 3472 sub
765 3417 977 3486 pennis.
1014 3436 1033 3467 ι
1090 3415 1223 3470 Tam
1272 3415 1443 3485 ipsius
1489 3413 1723 3469 hominis
1769 3429 1929 3483 quam

351 3508 529 3568 leonis
558 3517 615 3562 et
643 3508 794 3562 vituli
825 3517 881 3563 et
910 3507 1126 3579 aquilae,
1156 3515 1213 3562 ut
1248 3507 1388 3561 ratio
1415 3514 1609 3561 cuncta
1642 3513 1930 3570 sustentet,

351 3614 416 3653 ac
445 3598 514 3652 de
539 3597 844 3652 humilitate
874 3605 1109 3662 terrena,
1137 3596 1205 3651 ad
1233 3595 1472 3651 coelestia
1502 3595 1762 3650 sublevet.
1807 3594 1932 3650 Huic

348 3696 405 3743 et
433 3689 502 3742 ad
532 3688 843 3757 Evangelia,
879 3697 936 3742 et
960 3688 1025 3742 ad
1055 3694 1251 3742 cuneta
1285 3701 1405 3754 qua:
1436 3701 1597 3755 supra
1628 3686 1928 3756 posuimus,

348 3780 561 3836 referre
593 3793 898 3849 possumus.
930 3778 1160 3833 Audisse
1186 3791 1273 3832 me
1299 3776 1518 3830 memini
1548 3785 1782 3846 quatuor
1809 3791 1931 3846 per-

349 3873 709 3936 turbationes,
743 3870 809 3927 de
836 3870 1034 3941 quibus
1078 3869 1390 3939 plenissime
1421 3866 1611 3923 Cicero
1639 3868 1691 3921 in
1722 3866 1928 3923 Tuscu-

344 3962 490 4017 lanis
535 3962 801 4034 disputat,
854 3961 1066 4031 gaudii,
1121 3959 1488 4030 :egritudinis,
1541 3959 1827 4028 cupidinis,
1875 3964 1929 4012 et

343 4053 596 4116 timoris,
632 4066 862 4122 quorum
907 4052 1013 4106 duo
1051 4051 1335 4121 praesentia
1357 4090 1373 4116 ,
1420 4051 1526 4105 duo
1558 4049 1736 4103 futura
1767 4049 1922 4112 sunt,

344 4161 447 4216 per
467 4153 701 4214 quatuor
728 4143 1019 4214 significari
1046 4144 1323 4206 animalia,
1349 4144 1414 4198 de
1454 4143 1650 4213 quibus
1679 4152 1731 4197 et
1757 4141 1918 4213 Virgi-

346 4236 454 4291 lius
482 4235 750 4291 breviter:
773 4258 791 4286 ι
820 4234 956 4290 llinc
974 4235 1581 4303 metuuntcupiuntque,
1613 4234 1922 4303 delentque,

341 4330 773 4400 gaudentque,»
804 4343 923 4396 quae
951 4328 1062 4398 regi
1093 4327 1323 4381 debeant
1352 4326 1561 4380 ratione
1591 4335 1645 4380 et
1684 4325 1922 4395 potentia

342 4421 460 4485 Dei,
486 4420 791 4489 quibusque
815 4418 1073 4487 oppositae
1115 4417 1224 4472 sint
1268 4416 1376 4470 imo
1418 4416 1680 4485 impositze
1699 4416 1924 4469 virtutes

338 4520 602 4580 quatuor,
632 4510 939 4579 prudentia,
973 4506 1199 4576 iustitia,
1231 4505 1514 4572 fortitudo,
1545 4506 1921 4575 temperantia,

336 4612 401 4656 ut
447 4617 639 4657 earum
670 4603 1041 4672 gubernentur
1069 4599 1315 4654 arbitrio.
1346 4599 1476 4665 Qua:
1517 4599 1787 4668 quomodo
1815 4598 1918 4652 vul~

337 4695 488 4750 tibus
521 4694 786 4759 hominis,
825 4693 1031 4756 leonis,
1069 4690 1332 4760 vitulique
1367 4699 1419 4745 et
1452 4688 1646 4759 aquilae
1668 4699 1926 4759 eoapten-

335 4795 454 4851 tur,
482 4786 706 4841 omnino
737 4792 1022 4839 tacuerunt
1050 4782 1277 4855 (δυτψ).
1326 4781 1524 4835 Sancta
1551 4790 1786 4850 quatuor
1811 4780 1927 4835 ani-

332 4876 543 4938 malia,
590 4889 711 4943 quae
753 4874 1051 4943 prophetia
1093 4873 1286 4942 spiritu
1336 4873 1512 4926 futura
1561 4870 1927 4939 prmvidentur

326 4968 525 5026 subtili
549 4967 861 5021 narratione
886 4965 1286 5029 describuntur,
1311 4979 1433 5019 cum
1459 4963 1657 5018 dicitur
1684 4981 1696 5016 :
1730 4981 1748 5012 ι
1782 4962 1925 5029 Qua-

326 5071 468 5117 tuor
506 5060 675 5114 faeics
716 5058 829 5120 uni,
865 5066 919 5113 et
956 5067 1190 5127 quatuor
1223 5072 1411 5126 pennae
1451 5056 1562 5109 uni.
1596 5075 1614 5106 ι
1664 5055 1801 5119 Quid
1828 5070 1923 5122 per

313 5138 557 5217 ‘faciem,
601 5151 706 5204 nisi
751 5150 964 5213 notitia,
1007 5157 1062 5203 et
1103 5148 1229 5217 quid
1277 5163 1373 5217 per
1407 5162 1637 5217 pennam
1682 5145 1784 5200 nisi
1832 5161 1924 5199 vo-

323 5245 482 5301 latus
526 5242 894 5313 exprimitur?
936 5241 1040 5296 Per
1078 5240 1271 5296 faciem
1313 5243 1511 5310 quippe
1555 5240 1923 5309 unusquisque

320 5333 708 5404 cognoscitur,
735 5346 833 5400 per
866 5344 1096 5401 pennam
1132 5345 1262 5385 vero
1303 5331 1354 5383 in
1384 5329 1549 5382 altum
1589 5329 1767 5382 avium
1796 5345 1920 5383 cor-

320 5439 471 5497 pora
513 5422 884 5478 sublevantur.
928 5421 1121 5475 Facies
1165 5421 1350 5488 itaque
1383 5420 1449 5473 ad
1478 5418 1637 5473 ﬁdem
1665 5420 1916 5489 pertinet.

318 5516 523 5573 Pcnna
570 5514 637 5567 ad
667 5511 1198 5581 contemplationem.
1243 5509 1347 5563 Per
1371 5508 1529 5563 fidem
1576 5524 1810 5579 namque
1853 5509 1921 5564 ab

317 5605 713 5675 omnipotente
759 5604 871 5658 Deo
914 5602 1311 5673 eognoseimur.
1366 5600 1517 5655 Sicut
1554 5600 1668 5670 ipse
1703 5600 1770 5655 de
1806 5601 1921 5654 suis

314 5700 531 5760 ovibus
571 5697 740 5753 dicit:
777 5715 794 5747 ι
831 5697 940 5767 Ego
977 5712 1096 5752 sum
1139 5705 1325 5765 pastor
1348 5696 1542 5758 bonus,
1572 5704 1625 5749 et
1653 5708 1917 5763 cognosco

2052 517 2071 550 ‹
2090 498 2201 568 Ego
2220 501 2331 554 scio
2350 516 2483 569 quos
2504 503 2775 572 elegerint.
2801 523 2817 554 ι
2842 503 2946 559 Per
2966 507 3477 577 contemplationem
3498 524 3629 565 vero

2046 592 2170 661 quia
2200 606 2362 660 super
2389 595 2746 663 nosmetipsos
2776 595 3012 651 tollimur
3036 598 3188 667 quasi
3219 599 3271 652 in
3303 614 3427 654 aere
3454 600 3630 655 eleva-

2047 696 2187 735 mur.
2222 682 2462 748 Quatuor
2488 700 2616 757 ergo
2645 686 2810 741 facies
2836 689 2926 742 uni
2958 684 3101 743 sunt.
3142 690 3277 757 Quia
3303 691 3351 745 si
3382 692 3628 762 requiras

2046 774 2173 843 quid
2206 774 2487 828 Mattlneus
2517 776 2581 831 de
2619 777 2994 845 incarnatione
3022 779 3232 835 Domini
3261 782 3491 849 sentiat,
3525 783 3628 839 huc

2046 865 2299 919 nimirum
2354 868 2518 921 sentit
2563 868 2707 937 quod
2756 868 2997 935 Marcus,
3046 871 3223 927 Lucas
3268 882 3322 927 et
3368 871 3625 929 Joannes.

2046 952 2101 1009 Si
2141 971 2353 1025 qureras
2391 957 2519 1026 quid
2555 956 2792 1014 Joannes
2831 962 3067 1027 sentiat,
3118 964 3220 1017 hoc
3249 963 3433 1033 procul
3467 965 3629 1019 dubio

2044 1050 2186 1119 quod
2243 1048 2453 1115 Lucas,
2512 1050 2724 1105 Marcus
2786 1061 2840 1106 et
2901 1053 3204 1109 Mattlneus.
3272 1056 3330 1110 Si
3384 1057 3632 1125 requiras

2044 1140 2172 1208 quid
2226 1139 2477 1206 Marcus,
2541 1142 2644 1196 hoc
2698 1143 2840 1210 quod
2900 1143 3220 1210 lli-attinens,
3283 1143 3516 1201 Joannes
3575 1154 3632 1200 et

2043 1231 2237 1287 Lucas.
2299 1232 2355 1287 Si
2401 1234 2647 1302 requiras
2691 1233 2819 1303 quid
2864 1234 3074 1298 Lucas,
3126 1237 3228 1290 hoc
3273 1235 3416 1305 quod
3461 1233 3625 1291 Joan—

2044 1339 2157 1388 nes,
2183 1323 2463 1378 Matthmus
2491 1333 2543 1378 et
2580 1323 2794 1379 Marcus
2819 1327 3001 1380 sentit.
3043 1326 3285 1393 Quatuor
3312 1342 3441 1398 ergo
3466 1326 3632 1383 facies

2045 1414 2133 1467 uni
2162 1423 2305 1479 sunt,
2337 1414 2462 1483 quia
2502 1414 2692 1489 notitia
2741 1414 2865 1469 fidei
2892 1432 2997 1485 qua
3043 1425 3440 1487 cognoscuntur
3467 1433 3496 1470 a
3528 1417 3632 1471 Do—

2043 1505 2189 1557 mino
2221 1504 2328 1557 Deo
2355 1505 2469 1574 ipsa
2504 1514 2586 1559 est
2612 1505 2663 1557 in
2690 1520 2817 1568 uno,
2846 1521 2965 1575 qua:
2992 1514 3074 1560 est
3102 1507 3263 1561 simul
3294 1506 3346 1560 in
3378 1516 3627 1576 quatuor.

2043 1592 2195 1659 Quod
2228 1592 2370 1646 enim
2398 1593 2449 1647 in
2477 1611 2582 1649 uno
2610 1594 2909 1659 inveneris,
2953 1594 3055 1650 hoc
3087 1597 3139 1651 in
3171 1598 3422 1652 omnibus
3471 1598 3631 1652 simul

2042 1692 2275 1753 quatuor
2302 1685 2664 1756 recognoscis.
2697 1703 2715 1735 ι
2749 1685 2816 1739 Ει
2842 1694 3073 1754 quatuor
3094 1704 3282 1757 pennae
3299 1689 3409 1742 uni.
3448 1708 3465 1739 ι
3493 1689 3630 1756 Quia

1973 1761 2016 1821 Β
2044 1774 2137 1829 Dei
2164 1776 2546 1845 omnipotentis
2600 1776 2764 1830 filium
2794 1777 3081 1832 Dominum
3132 1778 3312 1834 Jesum
3351 1778 3626 1835 Christum

1960 3107 2006 3169 C

2044 1868 2201 1922 simul
2221 1882 2409 1923 omnes
2430 1869 2770 1923 concorditer
2791 1868 3109 1938 praedicant,
3131 1879 3187 1926 et
3208 1870 3274 1925 ad
3295 1872 3627 1927 divinitatem

2041 1955 2158 2025 ejus
2197 1958 2393 2012 mentis
2419 1957 2603 2013 oculos
2651 1958 2906 2024 levantes,
2941 1975 3114 2029 penna
3162 1960 3633 2031 contemplationis

2040 2049 2240 2104 volant.
2287 2050 2749 2121 Evangelistarum
2781 2067 2910 2121 ergo
2938 2050 3107 2106 facies
3133 2052 3200 2106 ad
3242 2052 3630 2107 humanitatem

2043 2142 2252 2195 Domini
2302 2142 2554 2211 pertinet,
2593 2157 2768 2212 penna
2813 2142 2879 2196 ad
2908 2143 3243 2199 divinitatem
3273 2163 3285 2198 :
3317 2145 3441 2215 quia
3484 2145 3536 2199 in
3567 2161 3633 2199 co

2040 2250 2198 2304 quem
2229 2249 2546 2304 corporeum
2596 2235 2867 2304 aspiciunt
2892 2236 3043 2305 quasi
3076 2235 3268 2291 faciem
3322 2236 3627 2292 intendunt.

2042 2321 2146 2376 Sed
2193 2322 2318 2376 dum
2354 2322 2499 2375 hunc
2535 2336 2655 2376 esse
2698 2321 3219 2392 incircumscriptum
3251 2334 3414 2393 atque
3451 2324 3630 2377 incor-

2037 2431 2261 2486 poreum
2300 2431 2365 2470 ex
2391 2416 2673 2470 divinitate
2719 2417 3066 2481 anmmtiant,
3096 2432 3193 2486 per
3217 2415 3629 2486 contemplatio—

2038 2506 2123 2559 nis
2148 2520 2403 2575 pennam,
2434 2506 2586 2575 quasi
2636 2505 2688 2559 in
2723 2520 2848 2559 aera
2875 2505 3138 2560 levantur.
3185 2504 3324 2572 Quia
3362 2505 3543 2575 itaque
3572 2513 3628 2560 et

2037 2608 2145 2647 una
2191 2601 2276 2648 est
2327 2593 2461 2649 fides
2508 2594 2896 2648 incarnationis
2925 2593 3041 2662 ejus
3085 2593 3138 2648 in
3168 2593 3417 2647 omnibus
3445 2603 3500 2647 et
3528 2608 3627 2662 par

2037 2688 2420 2759 contemplatio
2454 2689 2753 2744 divinitatis
2781 2688 2897 2758 ejus
2951 2690 3004 2743 in
3043 2689 3289 2761 singulis,
3312 2698 3459 2745 recte
3483 2706 3626 2744 nunc

2038 2780 2502 2851 dieitur,quatuor
2529 2779 2693 2834 facies
2708 2780 2817 2843 uni,
2837 2788 2891 2835 et
2909 2789 3139 2849 quatuor
3166 2795 3356 2851 penna:
3383 2780 3497 2834 uni.
3519 2779 3624 2836 Sed

2037 2888 2156 2942 quae
2181 2873 2353 2927 virtus
2387 2885 2553 2937 esset,
2607 2873 2650 2927 si
2692 2872 2850 2927 iidem
2894 2882 3056 2944 atque
3112 2872 3620 2942 contemplationem

2038 2962 2248 3016 Domini
2296 2961 2559 3017 habentes
2600 2963 2983 3032 praedicatores
3029 2961 3171 3016 illius
3225 2972 3410 3033 saneta
3459 2978 3621 3030 opera

2039 3066 2145 3105 non
2191 3052 2488 3106 haberent?
2537 3050 2794 3121 Sequitur
2824 3073 2835 3106 :
2874 3043 2901 3103 ’ί
2953 3053 3018 3107 Ει
3046 3053 3210 3123 pedes
3244 3066 3430 3108 eorum
3460 3052 3623 3121 pedes

2042 3143 2193 3196 recti.
2218 3163 2236 3194 ι
2257 3141 2393 3208 Quid
2408 3158 2505 3213 per
2528 3144 2710 3212 pedes,
2730 3143 2831 3196 nisi
2857 3158 3076 3213 gressus
3095 3151 3309 3196 actuum
3337 3142 3630 3213 designan—

2039 3232 2157 3285 tur?
2182 3230 2423 3299 Quatuor
2463 3248 2591 3302 ergo
2636 3231 2948 3285 animalium
3006 3233 3169 3301 pedes
3216 3232 3348 3287 recti
3379 3247 3498 3286 esse
3525 3232 3620 3285 de-

2035 3322 2361 3377 scribuntur.
2424 3321 2562 3388 Quia
2615 3327 2925 3375 sanctorum
2959 3321 3426 3391 Evangelistarum
3460 3329 3622 3390 atque

2034 3412 2274 3467 omnium
2312 3410 2676 3481 perfectorum
2704 3426 2870 3482 Opera
2893 3411 2959 3465 ad
2995 3411 3322 3482 sequendam
3365 3411 3616 3480 iniquita-

2035 3512 2142 3559 tem
2181 3519 2288 3558 non
2323 3513 2446 3560 sunt
2493 3511 2715 3558 retorta.
2765 3503 2828 3557 lii
2880 3511 3060 3558 autem
3096 3503 3259 3573 pedes
3285 3510 3464 3557 rectos
3512 3517 3619 3555 non

2035 3594 2257 3657 habent,
2284 3594 2375 3664 qui
2428 3595 2494 3649 ad
2533 3593 2673 3648 mala
2726 3593 2912 3647 mundi
2958 3608 3078 3664 qua:
3122 3591 3440 3662 reliquerint
3472 3590 3621 3647 refle—

2033 3692 2271 3738 ctuntur.
2299 3685 2375 3738 De
2398 3682 2592 3754 quibus
2616 3684 2874 3753 scriptum
2903 3691 2988 3738 est
3013 3701 3028 3737 :
3064 3701 3081 3734 ι
3105 3681 3267 3737 Canis
3282 3696 3530 3736 reversus
3554 3680 3620 3732 ad

2032 3775 2292 3830 vomitum
2319 3790 2495 3840 suum,
2526 3783 2581 3829 et
2607 3790 2700 3831 sus
2729 3775 2838 3830 lota
2868 3775 2921 3829 in
2964 3774 3249 3830 volutabro
3288 3773 3385 3828 luti
3436 3770 3617 3845 (Prov.

2032 3866 2204 3937 xxvi).
2229 3884 2246 3916 ›
2274 3864 2482 3920 Utvero
2508 3866 2560 3920 in
2574 3866 2776 3921 eisdem
2794 3865 3239 3937 praedicatoribus
3251 3864 3475 3930 sanctis,
3496 3863 3619 3919 vitae

2031 3958 2286 4027 gravitas,
2304 3957 2560 4013 fortitudo
2576 3967 2738 4028 atque
2754 3959 3010 4014 discretio
3037 3965 3447 4023 monstraretur,
3477 3966 3620 4012 recte

2030 4049 2395 4120 subiungitur:
2418 4068 2436 4100 ι
2456 4050 2519 4104 Et
2534 4050 2713 4120 planta
2733 4051 2885 4120 pedis
2898 4044 3082 4105 eorum
3101 4050 3253 4120 quasi
3270 4049 3454 4120 planta
3470 4049 3620 4120 pedis

2030 4140 2202 4194 vituli.
2226 4160 2244 4191 ι
2279 4140 2413 4209 Quia
2438 4141 2579 4195 enim
2601 4141 2985 4210 przedieatores
3013 4139 3188 4195 sancti
3214 4138 3375 4194 boum
3404 4139 3620 4194 nomine

2031 4232 2400 4302 designantur,
2424 4232 2578 4286 docet
2622 4231 2821 4286 Paulus
2850 4228 3120 4300 apostolus
3146 4269 3159 4296 ,
3205 4229 3340 4298 legis
3381 4230 3620 4283 testimo-

2030 4332 2177 4385 nium
2203 4345 2518 4401 exponens:
2556 4348 2576 4381 ι
2613 4329 2726 4384 Non
2760 4329 3040 4384 obturabis
3068 4344 3130 4384 os
3178 4326 3303 4382 bovi
3338 4326 3613 4380 trittnaati

2031 4421 2079 4492 (Ι
2106 4421 2346 4489 Comx).
2371 4422 2428 4476 in
2453 4422 2657 4476 sanctis
2678 4437 2805 4491 ergo
2833 4419 3280 4489 praedicatoribus
3309 4417 3490 4488 planta
3522 4434 3616 4487 pe-

2029 4514 2111 4568 dis
2164 4521 2247 4568 est
2276 4513 2449 4577 vituli,
2475 4512 2678 4567 scilicet
2719 4519 2773 4566 et
2821 4522 3030 4565 mature
3081 4509 3339 4564 incedens
3372 4518 3427 4563 et
3458 4508 3615 4564 furtis

2029 4619 2083 4666 et
2119 4611 2307 4665 divisa.
2358 4609 2492 4675 Quia
2529 4607 2897 4677 unusquisque
2940 4605 3264 4677 praedicator
3307 4612 3361 4659 et
3389 4619 3616 4658 venera-

2028 4701 2227 4755 tionem
2249 4700 2412 4754 habet
2436 4699 2487 4752 in
2517 4699 2846 4760 maturitate,
2865 4702 2921 4750 et
2950 4694 3319 4749 fortitudinem
3346 4692 3401 4747 in
3424 4706 3608 4762 opere,

2027 4800 2079 4845 et
2108 4790 2424 4844 divisionem
2448 4786 2655 4855 ungula:
2683 4788 2733 4839 in
2762 4785 3104 4839 discretione.
3137 4782 3252 4838 Non
3283 4782 3427 4837 enim
3454 4780 3615 4837 facile

2027 4879 2340 4949 prtedicatio
2382 4879 2499 4949 ejus
2526 4878 2807 4946 accipitur,
2859 4876 2902 4930 si
2940 4875 3074 4931 levis
3126 4875 3181 4930 in
3229 4874 3469 4928 moribus
3492 4887 3611 4928 esse

2030 4970 2294 5025 videatur.
2340 4968 2405 5021 Et
2444 4968 2585 5022 nulla
2621 4969 2726 5022 erit
2772 4966 3099 5021 maturitatis
3125 4966 3380 5028 ostensio,
3410 4964 3452 5019 si
3477 4980 3608 5018 con-

2022 5059 2110 5111 ‘tra
2159 5057 2384 5112 adversa
2437 5057 2617 5111 omnia
2677 5072 2783 5110 non
2834 5054 3069 5109 adfuerit
3103 5055 3282 5124 operis
3332 5053 3607 5106 fortitudo.

2030 5146 2257 5202 Virtutis
2290 5156 2470 5201 autem
2502 5146 2749 5201 meritum
2782 5147 2896 5216 ipsa
2920 5146 3176 5200 fortitudo
3205 5143 3384 5215 operis
3405 5142 3602 5196 admit-

2029 5238 2114 5301 tit,
2151 5237 2196 5291 si
2226 5236 2455 5292 discreta
2494 5236 2549 5290 in
2608 5234 2876 5290 intellectu
2910 5251 3015 5288 non
3050 5232 3226 5288 fuerit.
3278 5233 3415 5285 Ecce
3461 5230 3604 5283 enim

2029 5342 2235 5382 sacram
2268 5325 2602 5396 Scripturam
2656 5324 2908 5396 legimus,
2961 5325 3006 5378 si
3044 5325 3221 5378 omnia
3261 5322 3329 5377 ad
3371 5321 3601 5375 litteram

2029 5418 2352 5483 sentiamus,
2386 5418 2639 5473 virtutem
2668 5416 3009 5472 discretionis
3038 5417 3336 5470 amittimus
3360 5454 3376 5476 .
3424 5413 3471 5467 si
3495 5427 3609 5467 om-

2029 5510 2117 5563 nia
2149 5508 2215 5563 ad
2261 5508 2556 5578 spiritalem
2587 5508 2894 5579 allegoriam
2922 5507 3197 5571 ducimus,
3241 5504 3488 5559 similiter
3515 5502 3602 5558 in-

2027 5598 2367 5654 discretionis
2390 5597 2615 5654 stultitia
2646 5597 2892 5669 ligamur,
2919 5597 3101 5666 legunt
3124 5595 3267 5649 enim
3306 5608 3460 5654 sacra
3495 5592 3598 5647 elo-

2026 5688 2148 5759 quia
2173 5689 2553 5759 praedicatores
2583 5687 2752 5743 sancti
2781 5695 2836 5740 et
2870 5683 3156 5754 aliquando
3184 5683 3236 5737 in
3260 5680 3486 5737 historia
3514 5680 3592 5735 lit~
