3950 6184
362 312 456 372 5H

1014 315 1074 368 B.
1113 312 1360 367 RABANI
1402 308 1615 363 .llAUlll
1656 305 1973 363 AllClllEP.
2018 305 2324 362 Μῡῦϋῖςτ.
2365 302 2647 358 OPERUM
2694 301 2869 358 PARS
2908 302 2968 356 Il.

3524 305 3628 361 fit?

362 434 534 479 teram
559 431 874 496 suscipiunt,
897 425 1185 492 aliquanlo
1207 435 1334 475 vero
1364 435 1460 489 per
1490 418 1936 489 significationem
1967 424 2015 481 Α
2043 417 2158 486 ipsa
2191 414 2543 486 ergojustitia
2577 431 2701 469 vere
2720 413 2931 482 justitia
2955 424 3056 479 est,
3082 430 3202 484 quae
3232 431 3289 470 se
3321 425 3625 485 temperan—

366 514 560 568 litterae
592 514 837 583 spiritum
876 512 1187 579 requirunt,
1235 518 1289 562 et
1321 507 1477 561 modo
1501 506 1636 560 bona
1672 505 1810 559 facta
1844 522 1936 574 pa-

365 614 509 658 trum
543 604 976 674 praacedentium,
1015 600 1156 653 sicut
1202 598 1355 668 juxta
1386 596 1617 649 litteram
1641 595 1937 659 inveniunt,

365 698 666 759 imitantur,
697 694 855 748 modo
880 694 1122 762 quaedam
1167 687 1462 760 quaejuxta
1500 688 1778 742 historiam
1824 686 1943 739 imi-

365 788 527 841 tanda
560 802 663 839 non
712 793 855 847 sunt,
890 783 1202 852 spiritaliter
1233 780 1552 848 intelligunt,
1592 787 1648 833 et
1672 776 1739 831 ad
1768 776 1941 845 profe-

364 888 509 934 ctum
545 877 786 930 tendunt.
812 875 949 940 Quid
982 873 1122 926 aliud
1154 870 1534 941 praedicatores
1564 868 1732 922 sancti
1762 868 1814 921 in
1846 881 1944 921 suo

362 982 546 1038 opere,
574 966 672 1019 nisi
706 966 755 1017 in
785 966 916 1033 pede
952 961 1205 1033 ungulam
1261 960 1491 1023 findunt,
1520 959 1586 1012 de
1615 957 1808 1026 quibus
1851 955 1945 1009 ad-

363 1059 467 1112 lme
511 1064 694 1125 aperte
748 1054 1031 1107 subditur:
1069 1070 1086 1101 ί
1128 1052 1193 1104 Et
1241 1048 1484 1103 scintillae
1511 1048 1662 1117 quasi
1695 1055 1945 1114 aspectus

361 1149 485 1202 aeris
514 1145 809 1201 candentis.
843 1165 861 1196 υ
894 1142 1042 1197 Ᾱῦτίε
1083 1141 1357 1195 metallmn
1384 1138 1534 1192 valde
1561 1153 1814 1191 sonorum
1839 1144 1943 1190 est.

362 1240 429 1295 Et
450 1247 594 1293 recte
618 1253 776 1293 voces
806 1235 1212 1306 praedicantium
1252 1231 1345 1285 aeri
1385 1236 1785 1297 comparantur,
1820 1226 1947 1296 quia

369 1351 387 1382 c
418 1332 470 1385 in
502 1345 714 1384 omnem
750 1337 948 1382 terram
987 1326 1153 1380 exivit
1179 1338 1343 1378 sonus
1387 1337 1571 1377 eorum
1596 1361 1610 1384 ,
1638 1330 1691 1375 et
1721 1319 1775 1372 in
1814 1318 1948 1373 fines

362 1423 511 1476 orbis
536 1430 692 1475 terrae
721 1420 884 1473 verba
907 1432 1092 1471 eorum
1123 1414 1294 1486 (Psal.
1328 1412 1504 1483 xvut).
1530 1432 1548 1462 ι
1581 1410 1727 1464 Bene
1767 1419 1948 1463 autem

360 1526 436 1565 aes
464 1511 702 1566 candens
725 1508 937 1573 dicitur,
968 1506 1093 1574 quia
1134 1504 1242 1557 vita
1281 1501 1686 1573 praedicantium
1718 1508 1873 1554 sonat
1895 1508 1950 1552 et

362 1604 533 1657 ardet.
562 1602 729 1656 Ardet
776 1601 919 1654 enim
954 1597 1253 1662 desiderio,
1295 1602 1452 1650 sonat
1480 1594 1666 1647 verbo.
1699 1590 1798 1645 jEs
1822 1606 1951 1661 ergo

362 1692 601 1745 canalens
626 1698 708 1744 est
728 1687 1040 1758 praedicatio
1068 1701 1315 1741 accensa.
1336 1684 1441 1739 Sed
1462 1682 1528 1739 de
1556 1683 1820 1737 candente
1844 1697 1952 1735 aere

2044 510 2130 561 tiae
2159 508 2311 563 freno
2341 507 2672 570 moderatur,
2704 515 2762 560 ut
2814 506 2867 559 in
2908 506 3023 561 zelo
3056 521 3162 574 quo
3193 506 3423 575 quisque
3458 505 3629 562 fervet

2042 598 2113 652 sit
2139 598 2305 651 etiam
2330 608 2656 667 temperans,
2692 613 2757 650 ne
2785 596 2830 651 si
2867 596 2987 665 plus
3028 595 3235 650 ferveat
3259 597 3453 665 perdat
3471 597 3629 667 justi-

2042 692 2194 756 tiam,
2223 708 2343 746 cum
2377 708 2595 745 servare
2625 690 2986 745 moderamina
3010 690 3239 760 ignorat.
3294 691 3420 744 Dum
3446 700 3625 746 autem

2042 792 2168 837 sunt
2196 791 2505 836 sanctorum
2550 781 2964 850 praaalieatorum
2999 780 3144 847 vitae,
3193 781 3367 835 activa
3425 782 3631 837 scilicet

2051 881 2099 928 3t
2130 872 2562 941 contemplativa.
2584 870 2689 926 Sed
2715 872 2894 926 activa
2919 871 3068 941 prior
3092 879 3177 926 est
3202 879 3445 941 tempore
3468 886 3627 940 quam

2043 966 2493 1036 contemplativa,
2550 965 2678 1034 quia
2731 979 2797 1018 ex
2858 963 2999 1019 bono
3064 979 3229 1033 opere
3276 964 3512 1020 tenditur
3562 964 3626 1017 ad

2044 1057 2590 1126 contemplationem;
2639 1056 3057 1126 contemplativa
3107 1065 3284 1111 autem
3333 1054 3508 1124 major
3548 1064 3633 1110 est

2045 1146 2238 1200 merito
2284 1162 2446 1215 quam
2499 1146 2710 1211 activa,
2752 1147 2880 1216 quia
2930 1147 3048 1201 haec
3095 1146 3149 1200 in
3200 1161 3299 1201 usu
3351 1146 3631 1214 praesentis

2046 1236 2226 1304 operis
2249 1235 2480 1301 laborat,
2513 1235 2600 1289 illa
2629 1251 2759 1291 vero
2782 1249 2975 1306 sapore
3000 1235 3192 1290 intimo
3222 1243 3502 1290 venturam
3519 1235 3629 1303 jam

2047 1327 2288 1396 requiem
2312 1326 2580 1396 degustat.
2596 1326 2733 1394 Quid
2756 1326 2937 1396 itaque
2957 1341 3054 1395 per
3076 1341 3289 1391 manus,
3305 1327 3408 1382 nisi
3432 1327 3627 1390 activa,

2047 1423 2103 1469 et
2129 1415 2255 1486 quid
2277 1430 2373 1484 per
2392 1431 2597 1484 pennas
2624 1416 2731 1471 nisi
2766 1415 3183 1487 contemplativa
3212 1418 3321 1470 vita
3347 1418 3590 1487 signatur
3610 1419 3635 1471 ?

2052 1504 2240 1560 Manus
2273 1521 2399 1575 ergo
2440 1507 2673 1561 hominis
2701 1508 2800 1562 sub
2850 1508 3041 1576 pennis
3065 1522 3254 1562 eorum
3301 1516 3404 1573 est,
3436 1509 3489 1563 id
3530 1518 3632 1572 est,

2051 1596 2223 1650 virtus
2246 1597 2426 1666 operis
2454 1597 2555 1652 sub
2591 1596 2769 1652 volatu
2802 1598 3286 1669 contemplationis.
3320 1598 3471 1666 Quod
3499 1600 3633 1654 bene

2054 1688 2109 1741 in
2131 1687 2421 1758 Evangelio
2465 1688 2584 1742 dua:
2628 1688 2731 1742 illae
2769 1689 3021 1744 mulieres
3060 1690 3374 1759 designant,
3428 1689 3632 1744 Martha

363 1781 605 1836 scintillae
654 1780 939 1851 proderant,
966 1780 1090 1848 quia
1128 1778 1192 1833 de
1245 1792 1430 1832 eorum
1483 1772 2260 1831 exhortationibusBseilieet
2298 1781 2353 1829 et
2403 1774 2587 1830 Maria.
2641 1793 2660 1826 ι
2718 1774 2927 1830 Martha
2977 1777 3120 1830 enim
3169 1777 3445 1849 satagebat
3493 1779 3637 1832 circa

362 1874 523 1928 verba
554 1872 883 1926 ﬂammantia
913 1871 981 1924 ad
1028 1884 1186 1924 aures
1239 1869 1573 1923 audientium
1624 1866 1945 1937 procedunt.

367 1963 535 2017 Recte
569 1971 749 2016 autem
780 1960 1192 2031 praedicatorum
1216 1960 1379 2013 verba
1402 1958 1647 2013 scintillae
1674 1957 1953 2026 appellata:

366 2064 510 2120 sunt,
540 2056 664 2125 quia
700 2068 793 2108 eos
821 2068 956 2122 quos
1003 2053 1058 2106 in
1088 2052 1251 2106 corde
1282 2051 1587 2122 tetigerint,
1638 2049 1949 2104 incendunt.

364 2144 824 2201 Considerandum
871 2157 1083 2213 quoque
1130 2150 1215 2196 est
1250 2141 1390 2210 quod
1434 2139 1680 2195 scintillae
1727 2138 1954 2193 subtiles

367 2237 522 2291 valde
561 2245 616 2290 et
644 2243 835 2290 tenues
864 2243 1010 2289 sunt.
1044 2234 1180 2301 Quia
1208 2249 1332 2288 eum
1360 2232 1741 2303 praedicatores
1780 2230 1953 2286 sancti

367 2330 433 2384 de
462 2328 671 2383 caelesti
701 2327 876 2397 patria
902 2326 1212 2396 loquuntur,
1246 2339 1352 2379 non
1385 2333 1594 2378 tantmn
1626 2323 1807 2378 valent
1828 2338 1956 2392 ape—

369 2423 480 2477 rire
508 2421 706 2485 verbo,
753 2428 1012 2488 quantum
1061 2426 1285 2488 possunt
1334 2416 1526 2470 ardere
1552 2413 1838 2470 desiderio.
1880 2412 1955 2465 Ex

369 2529 556 2568 eorum
592 2528 722 2582 ergo
756 2511 960 2582 lingua,
997 2510 1150 2581 quasi
1181 2509 1425 2579 quadam
1468 2507 1535 2561 ad
1587 2522 1684 2561 nos
1710 2505 1957 2561 scintillae

366 2605 613 2668 veniunt,
648 2603 773 2672 quia
800 2602 866 2657 de
886 2601 1090 2656 cmlesti
1115 2601 1285 2670 patria
1310 2600 1360 2653 in
1387 2615 1574 2653 eorum
1605 2612 1736 2653 voce
1758 2598 1845 2651 vix
1887 2605 1961 2650 te-

369 2711 477 2750 nue
508 2694 710 2765 aliquid
744 2694 1111 2765 cognoscitur,
1141 2692 1283 2764 quod
1311 2700 1490 2748 tamen
1537 2691 1606 2745 ab
1631 2691 1711 2745 eis
1742 2707 1848 2745 non
1882 2699 1960 2744 te.-

370 2789 554 2845 nuitcr
591 2796 824 2841 amatur.
868 2785 1052 2855 Neque
1102 2786 1246 2839 enim
1285 2784 1561 2838 emlestem
1593 2781 1818 2852 gloriam
1867 2787 1959 2833 aut

375 2886 584 2933 tamtum
614 2876 797 2930 videre
846 2875 1118 2930 sullieiunt
1166 2880 1431 2945 quantum
1472 2880 1555 2927 est
1581 2912 1594 2936 ,
1636 2879 1730 2925 aut
1754 2879 1959 2925 tantum

370 2969 520 3039 loqui
559 2967 852 3039 praevalent
889 2976 1152 3038 quantum
1182 2966 1389 3020 vident.
1436 2962 1684 3020 Candens
1721 2979 1851 3034 ergo
1887 2977 1961 3017 aes

373 3064 632 3119 scintillas
677 3062 912 3133 projicit,
940 3059 1153 3131 quando
1208 3059 1293 3113 vix
1359 3058 1590 3112 tenuiter
1638 3056 1963 3127 praedicator

2052 1866 2302 1935 frequens
2333 1866 2709 1932 ministerium,
2737 1865 2900 1921 Maria
2927 1876 3108 1921 autem
3134 1867 3353 1922 sedebat
3376 1868 3443 1921 ad
3472 1868 3631 1936 pedes

2052 1955 2287 2021 Domini,
2322 1966 2378 2011 et
2402 1957 2567 2011 verba
2601 1954 2719 2025 ejus
2739 1956 2993 2012 audiebat
3014 1955 3164 2028 (Luc.
3188 1957 3267 2029 ι).
3302 1977 3321 2010 ι
3349 1958 3481 2015 Erat
3502 1975 3639 2029 ergo

2053 2062 2159 2100 una
2181 2046 2386 2101 intenta
2410 2046 2580 2115 operi,
2612 2046 2783 2102 altera
2812 2048 3274 2118 contemplationi.
3306 2048 3423 2106 Una
3450 2050 3637 2105 activae

2053 2136 2345 2202 serviebat,
2378 2151 2476 2207 per
2504 2137 2836 2192 exteriorum
2878 2138 3273 2203 ministerium,
3317 2139 3484 2194 altera
3511 2155 3639 2195 con-

2053 2227 2396 2297 templativae,
2428 2243 2525 2297 per
2550 2229 2957 2299 suspensionem
2997 2231 3176 2286 cordis
3202 2231 3256 2284 in
3283 2231 3525 2285 verbum.
3576 2231 3642 2286 Et

2055 2318 2301 2388 quamvis
2323 2318 2495 2372 activa
2520 2317 2661 2374 bona
2678 2321 2767 2385 sit,
2793 2320 2984 2375 melior
3005 2330 3184 2375 tamen
3208 2331 3291 2377 est
3312 2321 3639 2392 contempla-

2056 2415 2187 2467 tiva.
2220 2411 2354 2479 Quia
2378 2413 2479 2467 ista
2506 2429 2627 2467 cmn
2660 2414 2871 2469 mortali
2899 2415 3008 2469 vita
3033 2414 3211 2471 deficit
3237 2455 3253 2480 ,
3297 2415 3386 2470 illa
3429 2432 3558 2471 vero
3588 2416 3639 2470 in

2057 2501 2349 2557 immortali
2369 2503 2478 2557 vita
2502 2503 2710 2575 plenius
2724 2506 3008 2560 excrescit.
3027 2506 3179 2563 Unde
3192 2508 3412 2573 dicitur,
3434 2528 3452 2559 ι
3478 2508 3643 2563 Maria

2056 2595 2316 2664 optimam
2342 2603 2550 2665 partem
2578 2596 2761 2668 elegit,
2791 2612 2910 2668 qua:
2944 2614 3052 2653 non
3081 2597 3360 2654 auferetur
3392 2601 3463 2654 ab
3495 2616 3578 2654 ea.
3618 2621 3641 2653 ι

2058 2686 2193 2753 Quia
2224 2687 2387 2757 igitur
2413 2688 2589 2742 activa
2618 2689 2793 2743 minor
2838 2698 2923 2744 est
2950 2690 3164 2754 merito,
3197 2707 3359 2761 quam
3399 2701 3641 2746 contem-

2059 2777 2277 2847 plativa,
2294 2787 2441 2833 recte
2469 2794 2611 2834 nunc
2631 2778 2829 2833 dicitur
2849 2796 2863 2833 :
2886 2797 2904 2830 ι
2925 2779 3113 2835 Manus
3138 2780 3372 2836 hominis
3395 2782 3496 2835 sub
3517 2797 3645 2851 pen-

2060 2869 2143 2925 nis
2174 2886 2382 2925 eorum.
2414 2888 2433 2921 ›
2464 2869 2602 2923 Nam
2629 2869 2733 2925 etsi
2756 2884 2854 2940 per
2878 2870 3110 2925 activam
3142 2871 3269 2926 boni
3310 2871 3509 2941 aliquid
3536 2872 3649 2941 agi-

2061 2976 2204 3025 mus,
2237 2962 2305 3015 ad
2356 2960 2580 3016 cteleste
2627 2968 2807 3015 tamen
2833 2960 3159 3016 desiderium
3193 2976 3291 3031 per
3318 2962 3644 3031 contempla-

2065 3051 2225 3106 tivam
2252 3051 2512 3107 volamus.
2538 3050 2690 3108 Unde
2717 3061 2773 3105 et
2799 3052 2939 3121 apud
2962 3048 3177 3123 Moysen
3201 3052 3374 3107 activa
3396 3054 3647 3113 servitus,

372 3155 520 3225 loqui
549 3126 742 3209 sufficit
772 3126 877 3208 hoc
910 3126 1051 3205 unde
1082 3151 1194 3220 ipse
1229 3149 1443 3206 fortiter
1472 3147 1721 3221 ignescit.
1771 3147 1960 3201 Divina
1988 3126 2035 3187 (ἶ
2065 3141 2478 3212 contemplativa
2494 3149 2673 3196 autem
2696 3141 2918 3197 libertas
2933 3152 3174 3197 vocatur.
3193 3142 3256 3197 Et
3272 3159 3396 3198 eum
3411 3152 3650 3213 utraeque

371 3253 551 3299 autem
596 3244 797 3313 pietate
851 3242 1048 3313 agitur,
1078 3248 1138 3295 ut
1174 3256 1239 3296 ex
1272 3239 1403 3310 ipsis
1434 3238 1683 3294 scintillis
1710 3237 1965 3292 tenuissi-

373 3335 477 3390 mis
514 3334 783 3389 audientis
812 3333 1026 3389 animus
1062 3331 1442 3387 inllammetur.
1469 3330 1605 3399 Quia
1659 3336 1787 3384 sunt
1837 3329 1960 3399 qui-

374 3428 518 3494 dam,
552 3427 644 3497 qui
673 3428 799 3482 dum
831 3442 999 3497 parva
1051 3426 1279 3481 audiunt
1328 3424 1530 3494 majore
1564 3424 1831 3480 desiderio
1878 3439 1964 3479 re-

374 3521 607 3591 plentur,
634 3529 688 3575 et
718 3521 841 3575 inde
883 3518 1119 3591 perfecte
1150 3519 1203 3572 in
1235 3518 1328 3573 Dei
1363 3532 1548 3572 amore
1583 3516 1793 3582 ardent,
1824 3515 1965 3571 unde

370 3612 461 3665 vix
534 3611 875 3666 tenuissimas
941 3611 1231 3666 verborum
1297 3608 1560 3665 scintillas
1634 3607 1961 3677 acceperint.

375 3702 610 3756 Verbum
639 3703 838 3773 quippe
884 3701 1305 3773 praedicationis,
1345 3715 1530 3755 semen
1585 3700 1638 3754 in
1675 3701 1837 3755 corde
1866 3714 1966 3752 au-

376 3794 575 3848 dientis
592 3803 694 3848 est.
726 3793 790 3847 Et
812 3794 1028 3849 auditor
1054 3792 1227 3846 bonus
1252 3790 1372 3846 inde
1398 3791 1601 3860 profert
1625 3790 1966 3861 postmodum

380 3898 631 3954 magnam
662 3898 894 3937 messem
922 3882 1196 3947 scientiae,
1252 3882 1394 3936 unde
1422 3896 1650 3952 parvum
1692 3880 1845 3951 prius
1882 3894 1971 3935 ac-

379 3982 601 4043 ceperat
629 3986 812 4026 semen
841 3971 1057 4041 linguae.

459 4082 477 4114 ι
518 4063 585 4116 Et
611 4077 825 4125 manus,
859 4061 1055 4130 inquit,
1088 4062 1322 4116 hominis
1352 4062 1451 4116 sub
1480 4061 1672 4130 pennis
1699 4076 1884 4116 eorum
1911 4061 1966 4115 in

384 4174 403 4204 ‹
436 4161 672 4225 quatuor
705 4160 907 4224 partes.
937 4172 955 4203 ‹
985 4150 1217 4207 Possunt
1246 4152 1349 4206 hoc
1375 4153 1427 4207 in
1452 4152 1570 4207 loco
1593 4162 1829 4223 quatuor
1849 4169 1972 4222 par-

379 4253 464 4299 tes
508 4243 754 4315 regiones
780 4250 1012 4313 quatuor
1041 4241 1225 4296 mundi
1260 4241 1451 4311 accipi.
1485 4240 1726 4307 Scilicet,
1764 4242 1968 4307 oriens,

377 4335 654 4403 occidens,
672 4335 925 4391 meridies
937 4343 990 4389 et
1011 4334 1473 4405 septentrionalis.
1494 4333 1628 4401 Quia
1660 4342 1971 4389 sanctorum

380 4430 715 4501 prmdicatio,
744 4437 967 4483 auctore
1000 4428 1130 4493 Deo,
1162 4426 1215 4480 in
1259 4427 1471 4482 eunetis
1516 4426 1700 4480 mundi
1730 4425 1971 4495 partibus

380 4528 465 4575 est
499 4535 737 4590 egressa.
782 4520 1075 4575 Possumus
1126 4518 1291 4573 etiam
1340 4533 1439 4587 per
1483 4525 1717 4587 quatuor
1758 4524 1970 4587 partes,

382 4609 710 4679 principales
731 4618 963 4679 quatuor
982 4609 1210 4664 virtutes
1242 4608 1490 4678 accipere
1507 4648 1521 4673 _.
1565 4624 1632 4662 ex
1669 4608 1866 4678 quibus
1890 4622 1975 4661 re—

383 4700 543 4769 liquae
566 4698 796 4753 virtutes
825 4700 1096 4765 oriuntur,
1124 4699 1395 4764 videlicet,
1425 4699 1787 4770 prudentiam,
1824 4698 1975 4753 forti-

383 4792 646 4854 tudinem,
668 4789 935 4859 justitiam
972 4798 1135 4860 atque
1160 4791 1595 4860 temperantiam.
1637 4789 1783 4858 Quas
1818 4789 1978 4843 nimi-

383 4897 503 4935 rum
541 4881 768 4935 virtutes
800 4888 927 4933 tunc
964 4881 1233 4936 veraciter
1281 4880 1602 4950 accipimus,
1635 4895 1758 4933 cum
1786 4893 1973 4933 earum

380 4974 629 5030 ordinem
662 4972 1019 5029 custodimus.
1085 4973 1267 5028 Prima
1306 4974 1507 5043 quippe
1558 4971 1863 5041 prudentia,
1893 4984 1978 5024 se-

381 5066 558 5122 cunda
603 5064 884 5130 fortitudo,
918 5064 1075 5119 tertia
1118 5065 1352 5135 justitia,
1382 5073 1576 5135 quarta
1623 5061 1978 5132 temperantia

380 5169 482 5217 est.
509 5159 645 5228 Quid
666 5159 809 5214 enim
844 5158 1101 5229 prodesse
1145 5167 1323 5228 potest
1352 5157 1638 5227 prudentia
1664 5196 1679 5222 ,
1741 5156 1784 5210 si
1826 5154 1978 5209 forti-

384 5254 514 5310 tudo
545 5252 724 5308 desit?
753 5249 905 5306 Scire
936 5250 1134 5306 ctenim
1182 5250 1430 5319 cuiquam
1480 5249 1623 5319 quod
1656 5262 1760 5301 non
1802 5254 1981 5316 potest

384 5348 564 5402 facere
592 5360 751 5416 poma
791 5344 963 5416 magis
990 5358 1153 5413 quam
1195 5342 1369 5397 virtus
1414 5350 1515 5396 est.
1566 5340 1673 5395 Sed
1709 5339 1798 5407 qui
1845 5352 1974 5405 pru-

384 5438 572 5493 denter
597 5435 850 5505 intelligit
875 5434 1019 5504 quod
1047 5442 1242 5505 agatur
1266 5473 1281 5497 ,
1337 5440 1393 5486 et
1435 5431 1653 5486 fortiter
1685 5430 1795 5500 agit
1830 5428 1976 5498 quod

387 5527 730 5590 intellexerit,
750 5524 865 5595 jam
898 5524 1084 5597 procul
1124 5523 1286 5580 dubio
1312 5522 1494 5592 justus
1543 5530 1665 5611 est;
1698 5520 1805 5575 Sed
1857 5519 1975 5588 ejus

384 5616 640 5686 justitiam
675 5618 1028 5687 temperantia
1059 5616 1209 5685 sequi
1241 5616 1401 5670 debet
1431 5655 1448 5680 ,
1502 5614 1626 5683 quia
1659 5612 1978 5683 plerumque

386 5708 593 5777 iustitia
630 5710 674 5765 si
711 5714 925 5767 modum
958 5728 1062 5767 non
1105 5712 1265 5766 habet
1312 5712 1365 5764 in
1389 5709 1762 5765 crudelitatem
1798 5708 1973 5772 cadet,

2063 3237 2188 3291 vitae
2211 3252 2274 3290 ex
2308 3235 2448 3289 dono
2478 3233 2587 3290 sint
2616 3235 2825 3305 gratiae.
2853 3235 3109 3305 quamdiu
3142 3244 3321 3289 tamen
3358 3235 3502 3289 inter
3528 3250 3649 3303 ιιι-οι

2064 3328 2240 3382 ximos
2268 3326 2519 3392 vivimus,
2558 3341 2661 3380 una
2692 3326 2848 3382 nobis
2868 3327 2921 3381 in
2948 3326 3274 3382 necessitate
3308 3335 3388 3380 est
3409 3366 3424 3391 ,
3476 3327 3646 3379 altera

2064 3418 2118 3472 in
2147 3416 2442 3472 voluntate.
2473 3415 2603 3483 Quis
2651 3417 2794 3471 enim
2842 3431 3174 3488 cognoscens
3206 3415 3397 3480 Deum,
3426 3414 3492 3468 ad
3538 3414 3653 3482 ejus

2063 3523 2290 3580 regnum
2321 3507 2640 3579 ingreditur,
2666 3508 2768 3564 nisi
2817 3506 2956 3563 bene
3008 3507 3159 3577 prius
3194 3507 3493 3578 operetur?
3522 3505 3650 3561 Sine

2064 3599 2480 3669 contemplativa
2510 3614 2636 3670 ergo
2665 3599 2774 3654 vita
2804 3599 3008 3654 intrare
3036 3608 3261 3670 possunt
3286 3599 3354 3653 ad
3377 3597 3651 3653 ccelestem

2065 3690 2319 3761 patriam,
2353 3690 2445 3759 qui
2499 3692 2640 3745 bona
2670 3705 2791 3760 quae
2821 3699 3048 3760 possunt
3076 3689 3293 3759 operari
3330 3704 3438 3744 non
3491 3688 3655 3759 negli-

2067 3792 2217 3854 gunt.
2251 3783 2381 3838 Sine
2422 3783 2598 3838 activa
2629 3791 2812 3838 autem
2841 3783 3050 3838 intrare
3078 3797 3184 3837 non
3213 3790 3456 3852 possunt,
3482 3783 3526 3837 si
3558 3798 3655 3836 ne-

2066 3874 2273 3945 gligunt
2301 3875 2442 3930 bona
2464 3874 2678 3945 operari
2704 3890 2824 3946 quae
2853 3884 3100 3945 possunt.
3155 3874 3248 3930 Illa
3292 3890 3422 3946 ergo
3466 3874 3522 3929 in
3566 3889 3656 3929 ne~

2070 3968 2340 4033 cessitate,
2369 3968 2485 4022 bace
2506 3967 2561 4022 in
2585 3967 2859 4023 voluntate
2886 3977 2993 4023 est.
3024 3968 3117 4023 [lla
3145 3968 3199 4022 in
3244 3968 3527 4033 servitute,
3553 3968 3656 4023 ista

2069 4060 2123 4114 in
2146 4060 2419 4115 libertate.
2446 4060 2582 4116 llinc
2614 4071 2699 4115 est
2730 4060 2875 4116 enim
2907 4060 3049 4131 quod
3080 4061 3148 4115 ad
3181 4059 3400 4132 Moysen
3427 4060 3656 4115 dicitur:
3716 4131 3730 4142 θ

2076 4172 2093 4203 ι
2107 4152 2162 4209 Si
2186 4153 2384 4208 emeris
2409 4169 2625 4208 servum
2640 4152 2951 4217 Hebraeum,
2968 4168 3061 4208 sex
3077 4153 3234 4208 annis
3249 4152 3450 4207 serviet
3472 4152 3587 4216 tibi,
3607 4153 3659 4207 iu

2070 4242 2299 4312 septimo
2324 4242 2633 4312 egredietur
2662 4242 2798 4297 liber
2837 4243 3028 4311 gratis,
3052 4256 3178 4296 cum
3220 4241 3367 4311 quali
3395 4252 3542 4298 veste
3583 4243 3664 4297 in-

2074 4331 2311 4395 traverit,
2343 4348 2464 4386 cum
2493 4331 2584 4386 tali
2633 4341 2792 4387 exeat
2830 4331 3025 4402 (Exod.
3075 4332 3210 4404 xxi).
3252 4351 3270 4383 ι
3308 4332 3511 4388 Servus
3536 4348 3663 4387 vero

2079 4422 2333 4477 Hebraeus
2355 4431 2567 4493 emptus
2613 4439 2707 4478 sex
2736 4424 2892 4477 anuis
2918 4424 3124 4478 servire
3149 4423 3485 4492 praecipitur,
3507 4425 3579 4478 ita
3607 4434 3664 4478 ut

2075 4515 2128 4567 in
2152 4515 2384 4584 septimo
2410 4515 2545 4569 liber
2585 4525 2744 4570 exeat
2786 4515 2976 4585 gratis.
3008 4516 3144 4582 Quid
3172 4516 3315 4571 enim
3359 4531 3459 4586 per
3510 4532 3665 4572 sena-

2076 4608 2213 4660 rium
2242 4623 2559 4672 numerum,
2611 4608 2713 4662 nisi
2742 4608 2930 4662 activae
2961 4608 3081 4662 vitae
3127 4605 3390 4676 perfectio
3419 4608 3665 4679 designa-

2076 4698 2199 4752 tur?
2224 4698 2360 4765 Quid
2393 4714 2491 4768 per
2524 4699 2887 4767 septenariam
2943 4698 3042 4751 nisi
3103 4698 3523 4768 contemplativa
3574 4714 3663 4753 ex-

2075 4790 2357 4859 primitur?
2394 4790 2500 4845 Sex
2523 4804 2653 4844 vero
2679 4793 2837 4844 anuis
2862 4789 3108 4853 servivit,
3155 4797 3208 4842 et
3250 4789 3484 4857 septimo
3515 4803 3664 4858 egro-

2077 4881 2223 4935 ditur
2254 4881 2409 4947 liber,
2442 4882 2532 4950 qui
2564 4897 2659 4951 per
2679 4880 2910 4935 activam
2942 4894 3105 4950 quam
3134 4877 3375 4949 perfecte
3400 4880 3665 4933 exhibue-

2079 4974 2149 5028 rit
2168 4974 2235 5027 ad
2258 4972 2686 5043 contemplativa:
2716 4972 2839 5026 vitae
2867 4970 3175 5025 libertatem
3205 4969 3421 5024 transit.
3455 4969 3666 5023 Etenim

2074 5080 2263 5120 servus
2287 5074 2372 5119 est
2404 5065 2495 5133 qui
2523 5080 2619 5134 per
2646 5064 2879 5118 activam
2907 5064 3072 5116 vitam
3101 5061 3413 5116 hominibus
3454 5061 3667 5116 servire

2076 5159 2357 5228 disposuit,
2391 5167 2451 5212 ut
2481 5168 2604 5228 post
2645 5170 2885 5227 praesens
2936 5155 3195 5209 saeculum
3238 5153 3307 5207 ad
3357 5152 3668 5207 libertatem

2079 5263 2263 5303 veram
2291 5248 2465 5303 valeat
2493 5247 2776 5316 pervenire
2801 5262 2815 5298 :
2844 5246 2913 5301 de
2932 5260 3038 5314 qua
3067 5258 3163 5315 per
3186 5241 3413 5297 Paulum
3434 5241 3665 5297 dicitur:

2082 5360 2101 5393 ί
2141 5341 2275 5410 Quia
2302 5349 2357 5396 et
2385 5341 2500 5411 ipsa
2523 5347 2771 5394 creatura
2822 5336 3139 5392 liberabitur
3166 5349 3195 5387 a
3229 5335 3496 5388 servitute
3539 5348 3662 5388 cor—

2077 5433 2366 5504 ruptionis,
2395 5432 2449 5487 in
2494 5431 2802 5486 libertatem
2843 5429 3029 5500 gloriae
3074 5427 3307 5482 filiorum
3351 5426 3445 5482 Dei
3475 5425 3666 5497 (Rom.

2078 5524 2220 5597 vm).
2258 5544 2277 5576 ι
2306 5523 2460 5579 Tune
2489 5531 2691 5578 etenim
2719 5535 2849 5576 vera
2872 5519 2924 5573 in
2951 5518 3109 5573 nobis
3140 5516 3363 5571 libertas
3390 5517 3518 5579 erit,
3542 5530 3670 5569 cum

2082 5616 2146 5669 ad
2168 5613 2394 5684 gloriam
2427 5611 2656 5666 filiorum
2699 5609 2794 5664 Dei
2835 5608 3054 5677 adoptio
3109 5616 3293 5662 nostra
3338 5604 3666 5675 pervenerit.

2085 5706 2236 5761 Nunc
2262 5720 2393 5775 ergo
2421 5720 2525 5759 non
2550 5701 2721 5758 solum
2743 5700 2921 5755 activa
2952 5700 3061 5754 vita
3091 5699 3146 5753 in
3170 5698 3434 5753 servitute
3454 5696 3669 5761 est,sed
