  <div class='ocr_page' id='page_1' title='image "/cluster/home/n/w/nwhite01/storage/ocr_20150623/110/hvd.32044054759758/262.png"; bbox 0 0 3950 6184; ppageno 0'>
   <div class='ocr_carea' id='block_1_1' title="bbox 310 254 418 311">
    <p class='ocr_par' dir='ltr' id='par_1_1' title="bbox 310 254 418 311">
     <span class='ocr_line' id='line_1_1' title="bbox 310 254 418 311; baseline -0.009 0"><span class='ocrx_word' id='word_1_1' title='bbox 310 256 345 311; x_wconf 81' lang='grc'>5</span> <span class='ocrx_word' id='word_1_2' title='bbox 356 254 418 311; x_wconf 64' lang='lat' dir='ltr'><strong>l3</strong></span> 
     </span>
    </p>
   </div>
   <div class='ocr_carea' id='block_1_2' title="bbox 1267 259 2580 321">
    <p class='ocr_par' dir='ltr' id='par_1_2' title="bbox 1267 259 2580 321">
     <span class='ocr_line' id='line_1_2' title="bbox 1267 259 2580 321; baseline 0.003 -5"><span class='ocrx_word' id='word_1_3' title='bbox 1267 259 1618 316; x_wconf 72' lang='lat' dir='ltr'><strong>COMMENT.</strong></span> <span class='ocrx_word' id='word_1_4' title='bbox 1660 261 1726 317; x_wconf 75' lang='grc' dir='ltr'>ΙΝ</span> <span class='ocrx_word' id='word_1_5' title='bbox 1768 260 2228 318; x_wconf 75' lang='lat' dir='ltr'><strong>EZECIIIELEM.</strong></span> <span class='ocrx_word' id='word_1_6' title='bbox 2270 296 2338 305; x_wconf 87' lang='lat'><strong>-—-</strong></span> <span class='ocrx_word' id='word_1_7' title='bbox 2376 264 2505 321; x_wconf 85' lang='lat' dir='ltr'><strong>LIB.</strong></span> <span class='ocrx_word' id='word_1_8' title='bbox 2543 266 2580 320; x_wconf 92' lang='lat' dir='ltr'><strong>l.</strong></span> 
     </span>
    </p>
   </div>
   <div class='ocr_carea' id='block_1_3' title="bbox 3477 282 3576 339">
    <p class='ocr_par' dir='ltr' id='par_1_3' title="bbox 3477 282 3576 339">
     <span class='ocr_line' id='line_1_3' title="bbox 3477 282 3576 339; baseline 0.02 -2"><span class='ocrx_word' id='word_1_9' title='bbox 3477 282 3576 339; x_wconf 72' lang='lat' dir='ltr'><strong>5H</strong></span> 
     </span>
    </p>
   </div>
   <div class='ocr_carea' id='block_1_4' title="bbox 313 364 3581 451">
    <p class='ocr_par' dir='ltr' id='par_1_4' title="bbox 313 364 3581 451">
     <span class='ocr_line' id='line_1_4' title="bbox 313 364 3581 451; baseline 0.007 -30"><span class='ocrx_word' id='word_1_10' title='bbox 313 371 424 439; x_wconf 84' lang='lat' dir='ltr'><strong>ipsa</strong></span> <span class='ocrx_word' id='word_1_11' title='bbox 452 383 668 439; x_wconf 87' lang='lat' dir='ltr'><strong>quoque</strong></span> <span class='ocrx_word' id='word_1_12' title='bbox 708 364 1089 440; x_wconf 83' lang='lat' dir='ltr'><strong>contemplatio</strong></span> <span class='ocrx_word' id='word_1_13' title='bbox 1129 386 1231 442; x_wconf 90' lang='lat' dir='ltr'><strong>qua</strong></span> <span class='ocrx_word' id='word_1_14' title='bbox 1277 389 1437 443; x_wconf 80' lang='lat' dir='ltr'><strong>super</strong></span> <span class='ocrx_word' id='word_1_15' title='bbox 1479 391 1577 432; x_wconf 85' lang='lat' dir='ltr'><strong>nos</strong></span> <span class='ocrx_word' id='word_1_16' title='bbox 1624 375 1888 445; x_wconf 80' lang='lat' dir='ltr'><strong>rapimur,</strong></span> <span class='ocrx_word' id='word_1_17' title='bbox 1921 376 1967 434; x_wconf 76' lang='grc' dir='ltr'><strong>Α</strong></span> <span class='ocrx_word' id='word_1_18' title='bbox 1995 374 2095 427; x_wconf 92' lang='lat' dir='ltr'><strong>sim</strong></span> <span class='ocrx_word' id='word_1_19' title='bbox 2126 376 2227 429; x_wconf 82' lang='lat' dir='ltr'><strong>sibi</strong></span> <span class='ocrx_word' id='word_1_20' title='bbox 2261 376 2312 430; x_wconf 90' lang='lat' dir='ltr'><strong>in</strong></span> <span class='ocrx_word' id='word_1_21' title='bbox 2355 378 2637 431; x_wconf 87' lang='lat' dir='ltr'><strong>charitatis</strong></span> <span class='ocrx_word' id='word_1_22' title='bbox 2666 385 2825 446; x_wconf 87' lang='lat' dir='ltr'><strong>atque</strong></span> <span class='ocrx_word' id='word_1_23' title='bbox 2863 380 3162 436; x_wconf 75' lang='lat' dir='ltr'><strong>concordize</strong></span> <span class='ocrx_word' id='word_1_24' title='bbox 3195 396 3325 451; x_wconf 84' lang='lat' dir='ltr'><strong>pace</strong></span> <span class='ocrx_word' id='word_1_25' title='bbox 3371 389 3581 443; x_wconf 63' lang='lat' dir='ltr'><strong>sociati.</strong></span> 
     </span>
    </p>
   </div>
   <div class='ocr_carea' id='block_1_5' title="bbox 311 459 1891 532">
    <p class='ocr_par' dir='ltr' id='par_1_5' title="bbox 311 459 1891 532">
     <span class='ocr_line' id='line_1_5' title="bbox 311 459 1891 532; baseline 0.004 -20"><span class='ocrx_word' id='word_1_26' title='bbox 311 459 618 514; x_wconf 83' lang='lat' dir='ltr'><strong>libertatem</strong></span> <span class='ocrx_word' id='word_1_27' title='bbox 645 460 840 515; x_wconf 89' lang='lat' dir='ltr'><strong>mentis</strong></span> <span class='ocrx_word' id='word_1_28' title='bbox 863 462 1036 515; x_wconf 83' lang='lat' dir='ltr'><strong>adhuc</strong></span> <span class='ocrx_word' id='word_1_29' title='bbox 1078 463 1312 532; x_wconf 83' lang='lat' dir='ltr'><strong>perfecte</strong></span> <span class='ocrx_word' id='word_1_30' title='bbox 1341 480 1447 518; x_wconf 91' lang='lat' dir='ltr'><strong>non</strong></span> <span class='ocrx_word' id='word_1_31' title='bbox 1497 467 1702 523; x_wconf 87' lang='lat' dir='ltr'><strong>obtinet</strong></span> <span class='ocrx_word' id='word_1_32' title='bbox 1730 505 1744 529; x_wconf 97' lang='lat'><strong>,</strong></span> <span class='ocrx_word' id='word_1_33' title='bbox 1795 465 1891 519; x_wconf 90' lang='lat' dir='ltr'><strong>sed</strong></span> 
     </span>
    </p>
   </div>
   <div class='ocr_carea' id='block_1_6' title="bbox 308 547 1888 624">
    <p class='ocr_par' dir='ltr' id='par_1_6' title="bbox 308 547 1888 624">
     <span class='ocr_line' id='line_1_6' title="bbox 308 547 1888 624; baseline 0.002 -20"><span class='ocrx_word' id='word_1_34' title='bbox 308 547 573 617; x_wconf 69' lang='lat' dir='ltr'><strong>imitatur,</strong></span> <span class='ocrx_word' id='word_1_35' title='bbox 596 551 721 621; x_wconf 89' lang='lat' dir='ltr'><strong>quia</strong></span> <span class='ocrx_word' id='word_1_36' title='bbox 748 551 838 605; x_wconf 90' lang='lat' dir='ltr'><strong>illa</strong></span> <span class='ocrx_word' id='word_1_37' title='bbox 861 553 1015 622; x_wconf 84' lang='lat' dir='ltr'><strong>quies</strong></span> <span class='ocrx_word' id='word_1_38' title='bbox 1042 554 1226 608; x_wconf 91' lang='lat' dir='ltr'><strong>intima</strong></span> <span class='ocrx_word' id='word_1_39' title='bbox 1267 555 1317 608; x_wconf 92' lang='lat' dir='ltr'><strong>in</strong></span> <span class='ocrx_word' id='word_1_40' title='bbox 1342 556 1628 624; x_wconf 81' lang='lat' dir='ltr'><strong>aenigmate</strong></span> <span class='ocrx_word' id='word_1_41' title='bbox 1655 555 1888 609; x_wconf 87' lang='lat' dir='ltr'><strong>videtur.</strong></span> 
     </span>
    </p>
   </div>
   <div class='ocr_carea' id='block_1_7' title="bbox 307 642 1890 715">
    <p class='ocr_par' dir='ltr' id='par_1_7' title="bbox 307 642 1890 715">
     <span class='ocr_line' id='line_1_7' title="bbox 307 642 1890 715; baseline 0.002 -19"><span class='ocrx_word' id='word_1_42' title='bbox 307 642 422 712; x_wconf 82' lang='lat' dir='ltr'><strong>ipsa</strong></span> <span class='ocrx_word' id='word_1_43' title='bbox 446 651 627 697; x_wconf 88' lang='lat' dir='ltr'><strong>tamen</strong></span> <span class='ocrx_word' id='word_1_44' title='bbox 659 643 712 697; x_wconf 92' lang='lat' dir='ltr'><strong>in</strong></span> <span class='ocrx_word' id='word_1_45' title='bbox 740 644 1079 713; x_wconf 87' lang='lat' dir='ltr'><strong>quantalibet</strong></span> <span class='ocrx_word' id='word_1_46' title='bbox 1122 645 1191 699; x_wconf 89' lang='lat' dir='ltr'><strong>sit</strong></span> <span class='ocrx_word' id='word_1_47' title='bbox 1217 645 1689 715; x_wconf 78' lang='lat' dir='ltr'><strong>contemplationis</strong></span> <span class='ocrx_word' id='word_1_48' title='bbox 1719 660 1890 714; x_wconf 85' lang='lat' dir='ltr'><strong>angu-</strong></span> 
     </span>
    </p>
   </div>
   <div class='ocr_carea' id='block_1_8' title="bbox 305 732 1892 804">
    <p class='ocr_par' dir='ltr' id='par_1_8' title="bbox 305 732 1892 804">
     <span class='ocr_line' id='line_1_8' title="bbox 305 732 1892 804; baseline 0 -17"><span class='ocrx_word' id='word_1_49' title='bbox 305 734 425 795; x_wconf 88' lang='lat' dir='ltr'><strong>stia,</strong></span> <span class='ocrx_word' id='word_1_50' title='bbox 461 732 640 787; x_wconf 78' lang='lat' dir='ltr'><strong>aetiva</strong></span> <span class='ocrx_word' id='word_1_51' title='bbox 670 732 781 786; x_wconf 91' lang='lat' dir='ltr'><strong>vita</strong></span> <span class='ocrx_word' id='word_1_52' title='bbox 835 733 946 803; x_wconf 88' lang='lat' dir='ltr'><strong>jam</strong></span> <span class='ocrx_word' id='word_1_53' title='bbox 992 733 1146 788; x_wconf 90' lang='lat' dir='ltr'><strong>valde</strong></span> <span class='ocrx_word' id='word_1_54' title='bbox 1186 742 1270 788; x_wconf 89' lang='lat' dir='ltr'><strong>est</strong></span> <span class='ocrx_word' id='word_1_55' title='bbox 1310 734 1472 789; x_wconf 84' lang='lat' dir='ltr'><strong>latior</strong></span> <span class='ocrx_word' id='word_1_56' title='bbox 1520 743 1681 804; x_wconf 87' lang='lat' dir='ltr'><strong>atque</strong></span> <span class='ocrx_word' id='word_1_57' title='bbox 1725 734 1892 789; x_wconf 80' lang='lat' dir='ltr'><strong>subli-</strong></span> 
     </span>
    </p>
   </div>
   <div class='ocr_carea' id='block_1_9' title="bbox 306 821 1887 891">
    <p class='ocr_par' dir='ltr' id='par_1_9' title="bbox 306 821 1887 891">
     <span class='ocr_line' id='line_1_9' title="bbox 306 821 1887 891; baseline 0.001 -17"><span class='ocrx_word' id='word_1_58' title='bbox 306 821 466 886; x_wconf 90' lang='lat' dir='ltr'><strong>mior,</strong></span> <span class='ocrx_word' id='word_1_59' title='bbox 493 836 616 890; x_wconf 71' lang='lat' dir='ltr'><strong>qua:</strong></span> <span class='ocrx_word' id='word_1_60' title='bbox 639 821 707 875; x_wconf 93' lang='lat' dir='ltr'><strong>ad</strong></span> <span class='ocrx_word' id='word_1_61' title='bbox 754 822 1041 891; x_wconf 73' lang='lat' dir='ltr'><strong>quamdam</strong></span> <span class='ocrx_word' id='word_1_62' title='bbox 1071 823 1268 876; x_wconf 88' lang='lat' dir='ltr'><strong>mentis</strong></span> <span class='ocrx_word' id='word_1_63' title='bbox 1318 822 1622 877; x_wconf 85' lang='lat' dir='ltr'><strong>libertatem</strong></span> <span class='ocrx_word' id='word_1_64' title='bbox 1675 824 1887 887; x_wconf 84' lang='lat' dir='ltr'><strong>transit,</strong></span> 
     </span>
    </p>
   </div>
   <div class='ocr_carea' id='block_1_10' title="bbox 306 911 1891 983">
    <p class='ocr_par' dir='ltr' id='par_1_10' title="bbox 306 911 1891 983">
     <span class='ocr_line' id='line_1_10' title="bbox 306 911 1891 983; baseline 0.002 -19"><span class='ocrx_word' id='word_1_65' title='bbox 306 911 626 980; x_wconf 90' lang='lat' dir='ltr'><strong>temporalia</strong></span> <span class='ocrx_word' id='word_1_66' title='bbox 653 926 758 965; x_wconf 91' lang='lat' dir='ltr'><strong>non</strong></span> <span class='ocrx_word' id='word_1_67' title='bbox 813 911 1076 981; x_wconf 80' lang='lat' dir='ltr'><strong>cogitans,</strong></span> <span class='ocrx_word' id='word_1_68' title='bbox 1116 912 1210 966; x_wconf 89' lang='lat' dir='ltr'><strong>sed</strong></span> <span class='ocrx_word' id='word_1_69' title='bbox 1252 921 1473 966; x_wconf 69' lang='lat' dir='ltr'><strong>acterna.</strong></span> <span class='ocrx_word' id='word_1_70' title='bbox 1526 912 1660 979; x_wconf 88' lang='lat' dir='ltr'><strong>Quia</strong></span> <span class='ocrx_word' id='word_1_71' title='bbox 1709 913 1891 983; x_wconf 85' lang='lat' dir='ltr'><strong>itaque</strong></span> 
     </span>
    </p>
   </div>
   <div class='ocr_carea' id='block_1_11' title="bbox 304 998 1890 1069">
    <p class='ocr_par' dir='ltr' id='par_1_11' title="bbox 304 998 1890 1069">
     <span class='ocr_line' id='line_1_11' title="bbox 304 998 1890 1069; baseline 0.003 -17"><span class='ocrx_word' id='word_1_72' title='bbox 304 998 722 1069; x_wconf 85' lang='lat' dir='ltr'><strong>contemplativa</strong></span> <span class='ocrx_word' id='word_1_73' title='bbox 752 998 859 1052; x_wconf 86' lang='lat' dir='ltr'><strong>vita</strong></span> <span class='ocrx_word' id='word_1_74' title='bbox 876 999 943 1053; x_wconf 88' lang='lat' dir='ltr'><strong>ad</strong></span> <span class='ocrx_word' id='word_1_75' title='bbox 964 1000 1241 1069; x_wconf 86' lang='lat' dir='ltr'><strong>superiora</strong></span> <span class='ocrx_word' id='word_1_76' title='bbox 1266 1001 1463 1065; x_wconf 81' lang='lat' dir='ltr'><strong>evolat,</strong></span> <span class='ocrx_word' id='word_1_77' title='bbox 1487 1013 1541 1056; x_wconf 90' lang='lat' dir='ltr'><strong>et</strong></span> <span class='ocrx_word' id='word_1_78' title='bbox 1562 1001 1751 1056; x_wconf 72' lang='lat' dir='ltr'><strong>activae</strong></span> <span class='ocrx_word' id='word_1_79' title='bbox 1768 1002 1890 1056; x_wconf 69' lang='lat' dir='ltr'><strong>vita:</strong></span> 
     </span>
    </p>
   </div>
   <div class='ocr_carea' id='block_1_12' title="bbox 304 1088 1890 1161">
    <p class='ocr_par' dir='ltr' id='par_1_12' title="bbox 304 1088 1890 1161">
     <span class='ocr_line' id='line_1_12' title="bbox 304 1088 1890 1161; baseline 0.003 -22"><span class='ocrx_word' id='word_1_80' title='bbox 304 1088 461 1157; x_wconf 82' lang='lat' dir='ltr'><strong>longe</strong></span> <span class='ocrx_word' id='word_1_81' title='bbox 496 1096 761 1158; x_wconf 85' lang='lat' dir='ltr'><strong>superest,</strong></span> <span class='ocrx_word' id='word_1_82' title='bbox 799 1088 1028 1157; x_wconf 86' lang='lat' dir='ltr'><strong>quadam</strong></span> <span class='ocrx_word' id='word_1_83' title='bbox 1057 1098 1113 1143; x_wconf 91' lang='lat' dir='ltr'><strong>ut</strong></span> <span class='ocrx_word' id='word_1_84' title='bbox 1144 1089 1217 1143; x_wconf 89' lang='lat' dir='ltr'><strong>ita</strong></span> <span class='ocrx_word' id='word_1_85' title='bbox 1240 1090 1414 1144; x_wconf 88' lang='lat' dir='ltr'><strong>dicam</strong></span> <span class='ocrx_word' id='word_1_86' title='bbox 1450 1091 1707 1161; x_wconf 80' lang='lat' dir='ltr'><strong>dignitate</strong></span> <span class='ocrx_word' id='word_1_87' title='bbox 1732 1105 1890 1145; x_wconf 84' lang='lat' dir='ltr'><strong>secu-</strong></span> 
     </span>
    </p>
   </div>
   <div class='ocr_carea' id='block_1_13' title="bbox 304 1180 1891 1248">
    <p class='ocr_par' dir='ltr' id='par_1_13' title="bbox 304 1180 1891 1248">
     <span class='ocr_line' id='line_1_13' title="bbox 304 1180 1891 1248; baseline 0.004 -15"><span class='ocrx_word' id='word_1_88' title='bbox 304 1181 482 1234; x_wconf 88' lang='lat' dir='ltr'><strong>ritatis</strong></span> <span class='ocrx_word' id='word_1_89' title='bbox 505 1195 635 1243; x_wconf 66' lang='lat' dir='ltr'><strong>suae,</strong></span> <span class='ocrx_word' id='word_1_90' title='bbox 661 1187 784 1248; x_wconf 84' lang='lat' dir='ltr'><strong>apte</strong></span> <span class='ocrx_word' id='word_1_91' title='bbox 808 1195 950 1234; x_wconf 91' lang='lat' dir='ltr'><strong>nunc</strong></span> <span class='ocrx_word' id='word_1_92' title='bbox 973 1180 1190 1245; x_wconf 91' lang='lat' dir='ltr'><strong>dicitur,</strong></span> <span class='ocrx_word' id='word_1_93' title='bbox 1211 1201 1228 1232; x_wconf 85' lang='lat' dir='ltr'><strong>t</strong></span> <span class='ocrx_word' id='word_1_94' title='bbox 1251 1191 1304 1235; x_wconf 89' lang='lat' dir='ltr'><strong>et</strong></span> <span class='ocrx_word' id='word_1_95' title='bbox 1326 1198 1517 1236; x_wconf 91' lang='lat' dir='ltr'><strong>manus</strong></span> <span class='ocrx_word' id='word_1_96' title='bbox 1540 1184 1772 1238; x_wconf 86' lang='lat' dir='ltr'><strong>hominis</strong></span> <span class='ocrx_word' id='word_1_97' title='bbox 1791 1184 1891 1240; x_wconf 86' lang='lat' dir='ltr'><strong>sub</strong></span> 
     </span>
    </p>
   </div>
   <div class='ocr_carea' id='block_1_14' title="bbox 303 1270 1889 1343">
    <p class='ocr_par' dir='ltr' id='par_1_14' title="bbox 303 1270 1889 1343">
     <span class='ocr_line' id='line_1_14' title="bbox 303 1270 1889 1343; baseline 0.004 -21"><span class='ocrx_word' id='word_1_98' title='bbox 303 1270 496 1338; x_wconf 84' lang='lat' dir='ltr'><strong>pennis</strong></span> <span class='ocrx_word' id='word_1_99' title='bbox 522 1283 707 1322; x_wconf 91' lang='lat' dir='ltr'><strong>eorum</strong></span> <span class='ocrx_word' id='word_1_100' title='bbox 736 1277 839 1322; x_wconf 91' lang='lat' dir='ltr'><strong>est.</strong></span> <span class='ocrx_word' id='word_1_101' title='bbox 878 1288 896 1319; x_wconf 70' lang='grc' dir='ltr'><strong>ι</strong></span> <span class='ocrx_word' id='word_1_102' title='bbox 934 1270 1066 1336; x_wconf 89' lang='lat' dir='ltr'><strong>Quia</strong></span> <span class='ocrx_word' id='word_1_103' title='bbox 1100 1271 1203 1325; x_wconf 91' lang='lat' dir='ltr'><strong>nisi</strong></span> <span class='ocrx_word' id='word_1_104' title='bbox 1236 1270 1375 1325; x_wconf 87' lang='lat' dir='ltr'><strong>Deus</strong></span> <span class='ocrx_word' id='word_1_105' title='bbox 1404 1272 1565 1327; x_wconf 91' lang='lat' dir='ltr'><strong>homo</strong></span> <span class='ocrx_word' id='word_1_106' title='bbox 1597 1272 1769 1339; x_wconf 86' lang='lat' dir='ltr'><strong>fieret,</strong></span> <span class='ocrx_word' id='word_1_107' title='bbox 1797 1275 1889 1343; x_wconf 89' lang='lat' dir='ltr'><strong>qui</strong></span> 
     </span>
    </p>
   </div>
   <div class='ocr_carea' id='block_1_15' title="bbox 304 1359 1888 1431">
    <p class='ocr_par' dir='ltr' id='par_1_15' title="bbox 304 1359 1888 1431">
     <span class='ocr_line' id='line_1_15' title="bbox 304 1359 1888 1431; baseline 0.004 -19"><span class='ocrx_word' id='word_1_108' title='bbox 304 1368 514 1414; x_wconf 85' lang='lat' dir='ltr'><strong>mentes</strong></span> <span class='ocrx_word' id='word_1_109' title='bbox 554 1359 957 1429; x_wconf 67' lang='lat' dir='ltr'><strong>praedicantium</strong></span> <span class='ocrx_word' id='word_1_110' title='bbox 995 1362 1060 1414; x_wconf 88' lang='lat' dir='ltr'><strong>ad</strong></span> <span class='ocrx_word' id='word_1_111' title='bbox 1108 1360 1349 1416; x_wconf 61' lang='lat' dir='ltr'><strong>coelestia</strong></span> <span class='ocrx_word' id='word_1_112' title='bbox 1376 1362 1750 1431; x_wconf 85' lang='lat' dir='ltr'><strong>sublevasset,</strong></span> <span class='ocrx_word' id='word_1_113' title='bbox 1798 1366 1888 1421; x_wconf 89' lang='lat' dir='ltr'><strong>illa</strong></span> 
     </span>
    </p>
   </div>
   <div class='ocr_carea' id='block_1_16' title="bbox 301 1449 1888 1529">
    <p class='ocr_par' dir='ltr' id='par_1_16' title="bbox 301 1449 1888 1529">
     <span class='ocr_line' id='line_1_16' title="bbox 301 1449 1888 1529; baseline 0.005 -28"><span class='ocrx_word' id='word_1_114' title='bbox 301 1464 423 1518; x_wconf 74' lang='lat' dir='ltr'><strong>qua:</strong></span> <span class='ocrx_word' id='word_1_115' title='bbox 458 1449 1014 1529; x_wconf 43' lang='lat' dir='ltr'><strong>apparettgﬂanimaiia</strong></span> <span class='ocrx_word' id='word_1_116' title='bbox 1044 1465 1150 1504; x_wconf 89' lang='lat' dir='ltr'><strong>non</strong></span> <span class='ocrx_word' id='word_1_117' title='bbox 1177 1450 1441 1504; x_wconf 86' lang='lat' dir='ltr'><strong>volarent.</strong></span> <span class='ocrx_word' id='word_1_118' title='bbox 1482 1449 1590 1506; x_wconf 86' lang='lat' dir='ltr'><strong>Nec</strong></span> <span class='ocrx_word' id='word_1_119' title='bbox 1616 1453 1888 1509; x_wconf 91' lang='lat' dir='ltr'><strong>immerito</strong></span> 
     </span>
    </p>
   </div>
   <div class='ocr_carea' id='block_1_17' title="bbox 300 1526 1889 1621">
    <p class='ocr_par' dir='ltr' id='par_1_17' title="bbox 300 1526 1889 1621">
     <span class='ocr_line' id='line_1_17' title="bbox 300 1526 1889 1621; baseline 0.003 -26"><span class='ocrx_word' id='word_1_120' title='bbox 300 1555 496 1595; x_wconf 88' lang='lat' dir='ltr'><strong>manus</strong></span> <span class='ocrx_word' id='word_1_121' title='bbox 535 1526 912 1621; x_wconf 45' lang='lat' dir='ltr'><strong>bomﬁﬁsse</strong></span> <span class='ocrx_word' id='word_1_122' title='bbox 935 1541 1035 1595; x_wconf 88' lang='lat' dir='ltr'><strong>sub</strong></span> <span class='ocrx_word' id='word_1_123' title='bbox 1063 1542 1258 1610; x_wconf 88' lang='lat' dir='ltr'><strong>pennis</strong></span> <span class='ocrx_word' id='word_1_124' title='bbox 1301 1542 1515 1608; x_wconf 92' lang='lat' dir='ltr'><strong>dicitur,</strong></span> <span class='ocrx_word' id='word_1_125' title='bbox 1542 1545 1669 1613; x_wconf 86' lang='lat' dir='ltr'><strong>quia</strong></span> <span class='ocrx_word' id='word_1_126' title='bbox 1702 1544 1769 1598; x_wconf 90' lang='lat' dir='ltr'><strong>de</strong></span> <span class='ocrx_word' id='word_1_127' title='bbox 1795 1561 1889 1599; x_wconf 91' lang='lat' dir='ltr'><strong>eo-</strong></span> 
     </span>
    </p>
   </div>
   <div class='ocr_carea' id='block_1_18' title="bbox 300 1616 1882 1706">
    <p class='ocr_par' dir='ltr' id='par_1_18' title="bbox 300 1616 1882 1706">
     <span class='ocr_line' id='line_1_18' title="bbox 300 1616 1882 1706; baseline 0.004 -24"><span class='ocrx_word' id='word_1_128' title='bbox 300 1630 423 1684; x_wconf 86' lang='lat' dir='ltr'><strong>dem</strong></span> <span class='ocrx_word' id='word_1_129' title='bbox 480 1616 839 1699; x_wconf 77' lang='lat' dir='ltr'><strong>Redemptore</strong></span> <span class='ocrx_word' id='word_1_130' title='bbox 889 1638 1075 1685; x_wconf 77' lang='lat' dir='ltr'><strong>nostro</strong></span> <span class='ocrx_word' id='word_1_131' title='bbox 1113 1632 1372 1701; x_wconf 89' lang='lat' dir='ltr'><strong>scriptum</strong></span> <span class='ocrx_word' id='word_1_132' title='bbox 1435 1640 1518 1687; x_wconf 90' lang='lat' dir='ltr'><strong>est</strong></span> <span class='ocrx_word' id='word_1_133' title='bbox 1577 1632 1765 1704; x_wconf 78' lang='lat' dir='ltr'><strong>(Hebr.</strong></span> <span class='ocrx_word' id='word_1_134' title='bbox 1802 1633 1882 1706; x_wconf 84' lang='lat' dir='ltr'><strong>t):</strong></span> 
     </span>
    </p>
   </div>
   <div class='ocr_carea' id='block_1_19' title="bbox 1995 463 3577 543">
    <p class='ocr_par' dir='ltr' id='par_1_19' title="bbox 1995 463 3577 543">
     <span class='ocr_line' id='line_1_19' title="bbox 1995 463 3577 543; baseline 0.01 -28"><span class='ocrx_word' id='word_1_135' title='bbox 1995 470 2099 516; x_wconf 91' lang='lat' dir='ltr'><strong>tur.</strong></span> <span class='ocrx_word' id='word_1_136' title='bbox 2158 463 2341 519; x_wconf 86' lang='lat' dir='ltr'><strong>Penna</strong></span> <span class='ocrx_word' id='word_1_137' title='bbox 2407 474 2584 519; x_wconf 87' lang='lat' dir='ltr'><strong>autem</strong></span> <span class='ocrx_word' id='word_1_138' title='bbox 2617 466 2840 520; x_wconf 85' lang='lat' dir='ltr'><strong>alterius</strong></span> <span class='ocrx_word' id='word_1_139' title='bbox 2891 468 2958 521; x_wconf 89' lang='lat' dir='ltr'><strong>ab</strong></span> <span class='ocrx_word' id='word_1_140' title='bbox 3013 468 3184 524; x_wconf 88' lang='lat' dir='ltr'><strong>altero</strong></span> <span class='ocrx_word' id='word_1_141' title='bbox 3215 471 3384 527; x_wconf 66' lang='lat' dir='ltr'><strong>divisa</strong></span> <span class='ocrx_word' id='word_1_142' title='bbox 3412 486 3577 543; x_wconf 81' lang='lat' dir='ltr'><strong>esset,</strong></span> 
     </span>
    </p>
   </div>
   <div class='ocr_carea' id='block_1_20' title="bbox 1993 551 3578 633">
    <p class='ocr_par' dir='ltr' id='par_1_20' title="bbox 1993 551 3578 633">
     <span class='ocr_line' id='line_1_20' title="bbox 1993 551 3578 633; baseline 0.009 -28"><span class='ocrx_word' id='word_1_143' title='bbox 1993 551 2118 605; x_wconf 80' lang='lat' dir='ltr'><strong>siin</strong></span> <span class='ocrx_word' id='word_1_144' title='bbox 2168 552 2270 606; x_wconf 90' lang='lat' dir='ltr'><strong>hoc</strong></span> <span class='ocrx_word' id='word_1_145' title='bbox 2294 554 2437 622; x_wconf 90' lang='lat' dir='ltr'><strong>quod</strong></span> <span class='ocrx_word' id='word_1_146' title='bbox 2490 555 2855 623; x_wconf 84' lang='lat' dir='ltr'><strong>unusquisque</strong></span> <span class='ocrx_word' id='word_1_147' title='bbox 2911 556 2963 609; x_wconf 92' lang='lat' dir='ltr'><strong>in</strong></span> <span class='ocrx_word' id='word_1_148' title='bbox 3014 559 3329 627; x_wconf 82' lang='lat' dir='ltr'><strong>sapientiam</strong></span> <span class='ocrx_word' id='word_1_149' title='bbox 3380 564 3578 633; x_wconf 81' lang='lat' dir='ltr'><strong>evolat,</strong></span> 
     </span>
    </p>
   </div>
   <div class='ocr_carea' id='block_1_21' title="bbox 1993 640 3580 719">
    <p class='ocr_par' dir='ltr' id='par_1_21' title="bbox 1993 640 3580 719">
     <span class='ocr_line' id='line_1_21' title="bbox 1993 640 3580 719; baseline 0.011 -25"><span class='ocrx_word' id='word_1_150' title='bbox 1993 640 2193 695; x_wconf 87' lang='lat' dir='ltr'><strong>habere</strong></span> <span class='ocrx_word' id='word_1_151' title='bbox 2217 656 2403 710; x_wconf 90' lang='lat' dir='ltr'><strong>pacem</strong></span> <span class='ocrx_word' id='word_1_152' title='bbox 2429 657 2551 697; x_wconf 89' lang='lat' dir='ltr'><strong>cum</strong></span> <span class='ocrx_word' id='word_1_153' title='bbox 2571 643 2742 698; x_wconf 88' lang='lat' dir='ltr'><strong>altero</strong></span> <span class='ocrx_word' id='word_1_154' title='bbox 2764 654 3057 700; x_wconf 83' lang='lat' dir='ltr'><strong>recusaret.</strong></span> <span class='ocrx_word' id='word_1_155' title='bbox 3076 649 3331 719; x_wconf 74' lang='lat' dir='ltr'><strong>Sequitur</strong></span> <span class='ocrx_word' id='word_1_156' title='bbox 3354 672 3367 706; x_wconf 88' lang='lat'><strong>:</strong></span> <span class='ocrx_word' id='word_1_157' title='bbox 3407 673 3426 707; x_wconf 82' lang='lat' dir='ltr'><strong>t</strong></span> <span class='ocrx_word' id='word_1_158' title='bbox 3458 654 3580 712; x_wconf 86' lang='lat' dir='ltr'><strong>Non</strong></span> 
     </span>
    </p>
   </div>
   <div class='ocr_carea' id='block_1_22' title="bbox 1994 731 3578 811">
    <p class='ocr_par' dir='ltr' id='par_1_22' title="bbox 1994 731 3578 811">
     <span class='ocr_line' id='line_1_22' title="bbox 1994 731 3578 811; baseline 0.011 -27"><span class='ocrx_word' id='word_1_159' title='bbox 1994 731 2404 784; x_wconf 85' lang='lat' dir='ltr'><strong>revertebantur</strong></span> <span class='ocrx_word' id='word_1_160' title='bbox 2423 746 2542 785; x_wconf 92' lang='lat' dir='ltr'><strong>cum</strong></span> <span class='ocrx_word' id='word_1_161' title='bbox 2562 732 2889 796; x_wconf 88' lang='lat' dir='ltr'><strong>incederent,</strong></span> <span class='ocrx_word' id='word_1_162' title='bbox 2907 736 2997 790; x_wconf 79' lang='lat' dir='ltr'><strong>sed</strong></span> <span class='ocrx_word' id='word_1_163' title='bbox 3018 741 3435 811; x_wconf 83' lang='lat' dir='ltr'><strong>unumquodque</strong></span> <span class='ocrx_word' id='word_1_164' title='bbox 3451 755 3578 801; x_wconf 84' lang='lat' dir='ltr'><strong>ante</strong></span> 
     </span>
    </p>
   </div>
   <div class='ocr_carea' id='block_1_23' title="bbox 1993 815 3581 893">
    <p class='ocr_par' dir='ltr' id='par_1_23' title="bbox 1993 815 3581 893">
     <span class='ocr_line' id='line_1_23' title="bbox 1993 815 3581 893; baseline 0.012 -23"><span class='ocrx_word' id='word_1_165' title='bbox 1993 815 2183 871; x_wconf 86' lang='lat' dir='ltr'><strong>faciem</strong></span> <span class='ocrx_word' id='word_1_166' title='bbox 2212 834 2363 872; x_wconf 89' lang='lat' dir='ltr'><strong>suam</strong></span> <span class='ocrx_word' id='word_1_167' title='bbox 2386 820 2781 889; x_wconf 67' lang='lat' dir='ltr'><strong>gradiebatur.»</strong></span> <span class='ocrx_word' id='word_1_168' title='bbox 2810 821 3049 877; x_wconf 85' lang='lat' dir='ltr'><strong>Pennata</strong></span> <span class='ocrx_word' id='word_1_169' title='bbox 3078 826 3350 893; x_wconf 82' lang='lat' dir='ltr'><strong>animalia,</strong></span> <span class='ocrx_word' id='word_1_170' title='bbox 3390 832 3581 888; x_wconf 88' lang='lat' dir='ltr'><strong>videli—</strong></span> 
     </span>
    </p>
   </div>
   <div class='ocr_carea' id='block_1_24' title="bbox 1992 909 3578 977">
    <p class='ocr_par' dir='ltr' id='par_1_24' title="bbox 1992 909 3578 977">
     <span class='ocr_line' id='line_1_24' title="bbox 1992 909 3578 977; baseline 0.008 -15"><span class='ocrx_word' id='word_1_171' title='bbox 1992 917 2077 962; x_wconf 90' lang='lat' dir='ltr'><strong>cet</strong></span> <span class='ocrx_word' id='word_1_172' title='bbox 2100 909 2488 977; x_wconf 67' lang='lat' dir='ltr'><strong>praedicatores</strong></span> <span class='ocrx_word' id='word_1_173' title='bbox 2513 911 2724 975; x_wconf 89' lang='lat' dir='ltr'><strong>sancti,</strong></span> <span class='ocrx_word' id='word_1_174' title='bbox 2764 928 2884 966; x_wconf 91' lang='lat' dir='ltr'><strong>cum</strong></span> <span class='ocrx_word' id='word_1_175' title='bbox 2945 913 3195 969; x_wconf 80' lang='lat' dir='ltr'><strong>incedunt</strong></span> <span class='ocrx_word' id='word_1_176' title='bbox 3230 918 3450 973; x_wconf 89' lang='lat' dir='ltr'><strong>minime</strong></span> <span class='ocrx_word' id='word_1_177' title='bbox 3488 936 3578 976; x_wconf 86' lang='lat' dir='ltr'><strong>rc-</strong></span> 
     </span>
    </p>
   </div>
   <div class='ocr_carea' id='block_1_25' title="bbox 1992 1001 3578 1079">
    <p class='ocr_par' dir='ltr' id='par_1_25' title="bbox 1992 1001 3578 1079">
     <span class='ocr_line' id='line_1_25' title="bbox 1992 1001 3578 1079; baseline 0.008 -25"><span class='ocrx_word' id='word_1_178' title='bbox 1992 1009 2298 1065; x_wconf 86' lang='lat' dir='ltr'><strong>vertuntur,</strong></span> <span class='ocrx_word' id='word_1_179' title='bbox 2326 1002 2448 1071; x_wconf 89' lang='lat' dir='ltr'><strong>quia</strong></span> <span class='ocrx_word' id='word_1_180' title='bbox 2477 1001 2556 1055; x_wconf 90' lang='lat' dir='ltr'><strong>sic</strong></span> <span class='ocrx_word' id='word_1_181' title='bbox 2582 1017 2612 1055; x_wconf 92' lang='lat' dir='ltr'><strong>a</strong></span> <span class='ocrx_word' id='word_1_182' title='bbox 2649 1003 2879 1057; x_wconf 88' lang='lat' dir='ltr'><strong>terrenis</strong></span> <span class='ocrx_word' id='word_1_183' title='bbox 2923 1006 3130 1060; x_wconf 54' lang='lat' dir='ltr'><strong>actinos</strong></span> <span class='ocrx_word' id='word_1_184' title='bbox 3182 1007 3249 1061; x_wconf 83' lang='lat' dir='ltr'><strong>ad</strong></span> <span class='ocrx_word' id='word_1_185' title='bbox 3314 1011 3578 1079; x_wconf 88' lang='lat' dir='ltr'><strong>spiritalia</strong></span> 
     </span>
    </p>
   </div>
   <div class='ocr_carea' id='block_1_26' title="bbox 1991 1092 3577 1164">
    <p class='ocr_par' dir='ltr' id='par_1_26' title="bbox 1991 1092 3577 1164">
     <span class='ocr_line' id='line_1_26' title="bbox 1991 1092 3577 1164; baseline 0.008 -21"><span class='ocrx_word' id='word_1_186' title='bbox 1991 1100 2404 1161; x_wconf 85' lang='lat' dir='ltr'><strong>pertranseuut,</strong></span> <span class='ocrx_word' id='word_1_187' title='bbox 2468 1099 2528 1145; x_wconf 91' lang='lat' dir='ltr'><strong>ut</strong></span> <span class='ocrx_word' id='word_1_188' title='bbox 2562 1092 2628 1145; x_wconf 85' lang='lat' dir='ltr'><strong>ad</strong></span> <span class='ocrx_word' id='word_1_189' title='bbox 2675 1106 2737 1145; x_wconf 90' lang='lat' dir='ltr'><strong>ea</strong></span> <span class='ocrx_word' id='word_1_190' title='bbox 2773 1108 2891 1161; x_wconf 69' lang='lat' dir='ltr'><strong>qum</strong></span> <span class='ocrx_word' id='word_1_191' title='bbox 2936 1093 3320 1164; x_wconf 83' lang='lat' dir='ltr'><strong>dercliquerint</strong></span> <span class='ocrx_word' id='word_1_192' title='bbox 3350 1099 3577 1155; x_wconf 89' lang='lat' dir='ltr'><strong>ulterius</strong></span> 
     </span>
    </p>
   </div>
   <div class='ocr_carea' id='block_1_27' title="bbox 1992 1178 3570 1254">
    <p class='ocr_par' dir='ltr' id='par_1_27' title="bbox 1992 1178 3570 1254">
     <span class='ocr_line' id='line_1_27' title="bbox 1992 1178 3570 1254; baseline 0.004 -21"><span class='ocrx_word' id='word_1_193' title='bbox 1992 1179 2296 1235; x_wconf 88' lang='lat' dir='ltr'><strong>nullatenus</strong></span> <span class='ocrx_word' id='word_1_194' title='bbox 2332 1178 2697 1235; x_wconf 81' lang='lat' dir='ltr'><strong>reflectantur.</strong></span> <span class='ocrx_word' id='word_1_195' title='bbox 2745 1182 2906 1246; x_wconf 85' lang='lat' dir='ltr'><strong>Quasi</strong></span> <span class='ocrx_word' id='word_1_196' title='bbox 2960 1183 3102 1236; x_wconf 89' lang='lat' dir='ltr'><strong>enim</strong></span> <span class='ocrx_word' id='word_1_197' title='bbox 3144 1199 3240 1252; x_wconf 92' lang='lat' dir='ltr'><strong>per</strong></span> <span class='ocrx_word' id='word_1_198' title='bbox 3282 1201 3441 1254; x_wconf 80' lang='lat' dir='ltr'><strong>quam</strong></span> <span class='ocrx_word' id='word_1_199' title='bbox 3467 1188 3570 1241; x_wconf 80' lang='lat' dir='ltr'><strong>lam</strong></span> 
     </span>
    </p>
   </div>
   <div class='ocr_carea' id='block_1_28' title="bbox 1989 1269 3571 1347">
    <p class='ocr_par' dir='ltr' id='par_1_28' title="bbox 1989 1269 3571 1347">
     <span class='ocr_line' id='line_1_28' title="bbox 1989 1269 3571 1347; baseline 0.004 -24"><span class='ocrx_word' id='word_1_200' title='bbox 1989 1269 2131 1323; x_wconf 89' lang='lat' dir='ltr'><strong>viam</strong></span> <span class='ocrx_word' id='word_1_201' title='bbox 2155 1270 2235 1323; x_wconf 90' lang='lat' dir='ltr'><strong>eis</strong></span> <span class='ocrx_word' id='word_1_202' title='bbox 2261 1270 2526 1331; x_wconf 89' lang='lat' dir='ltr'><strong>incedere,</strong></span> <span class='ocrx_word' id='word_1_203' title='bbox 2550 1278 2634 1324; x_wconf 89' lang='lat' dir='ltr'><strong>est</strong></span> <span class='ocrx_word' id='word_1_204' title='bbox 2670 1279 2850 1325; x_wconf 87' lang='lat' dir='ltr'><strong>mente</strong></span> <span class='ocrx_word' id='word_1_205' title='bbox 2880 1271 2958 1325; x_wconf 91' lang='lat' dir='ltr'><strong>ire</strong></span> <span class='ocrx_word' id='word_1_206' title='bbox 2988 1287 3202 1341; x_wconf 82' lang='lat' dir='ltr'><strong>seraper</strong></span> <span class='ocrx_word' id='word_1_207' title='bbox 3226 1275 3571 1347; x_wconf 85' lang='lat' dir='ltr'><strong>adtneliora,</strong></span> 
     </span>
    </p>
   </div>
   <div class='ocr_carea' id='block_1_29' title="bbox 1990 1363 3576 1433">
    <p class='ocr_par' dir='ltr' id='par_1_29' title="bbox 1990 1363 3576 1433">
     <span class='ocr_line' id='line_1_29' title="bbox 1990 1363 3576 1433; baseline 0.006 -20"><span class='ocrx_word' id='word_1_208' title='bbox 1990 1375 2096 1429; x_wconf 88' lang='lat' dir='ltr'><strong>quo</strong></span> <span class='ocrx_word' id='word_1_209' title='bbox 2118 1370 2305 1416; x_wconf 91' lang='lat' dir='ltr'><strong>contra</strong></span> <span class='ocrx_word' id='word_1_210' title='bbox 2334 1363 2400 1417; x_wconf 92' lang='lat' dir='ltr'><strong>de</strong></span> <span class='ocrx_word' id='word_1_211' title='bbox 2432 1364 2670 1433; x_wconf 76' lang='lat' dir='ltr'><strong>reprobis</strong></span> <span class='ocrx_word' id='word_1_212' title='bbox 2704 1366 2937 1419; x_wconf 89' lang='lat' dir='ltr'><strong>dicitur:</strong></span> <span class='ocrx_word' id='word_1_213' title='bbox 2968 1383 2987 1417; x_wconf 73' lang='grc' dir='ltr'><strong>ι</strong></span> <span class='ocrx_word' id='word_1_214' title='bbox 3021 1365 3187 1420; x_wconf 81' lang='lat' dir='ltr'><strong>Nemo</strong></span> <span class='ocrx_word' id='word_1_215' title='bbox 3211 1368 3432 1422; x_wconf 91' lang='lat' dir='ltr'><strong>mittens</strong></span> <span class='ocrx_word' id='word_1_216' title='bbox 3455 1385 3576 1423; x_wconf 91' lang='lat' dir='ltr'><strong>ma-</strong></span> 
     </span>
    </p>
   </div>
   <div class='ocr_carea' id='block_1_30' title="bbox 1990 1449 3579 1524">
    <p class='ocr_par' dir='ltr' id='par_1_30' title="bbox 1990 1449 3579 1524">
     <span class='ocr_line' id='line_1_30' title="bbox 1990 1449 3579 1524; baseline 0.006 -23"><span class='ocrx_word' id='word_1_217' title='bbox 1990 1463 2116 1502; x_wconf 90' lang='lat' dir='ltr'><strong>num</strong></span> <span class='ocrx_word' id='word_1_218' title='bbox 2142 1464 2296 1503; x_wconf 89' lang='lat' dir='ltr'><strong>suam</strong></span> <span class='ocrx_word' id='word_1_219' title='bbox 2348 1449 2400 1503; x_wconf 91' lang='lat' dir='ltr'><strong>in</strong></span> <span class='ocrx_word' id='word_1_220' title='bbox 2432 1459 2617 1505; x_wconf 87' lang='lat' dir='ltr'><strong>aratro</strong></span> <span class='ocrx_word' id='word_1_221' title='bbox 2645 1460 2699 1506; x_wconf 89' lang='lat' dir='ltr'><strong>et</strong></span> <span class='ocrx_word' id='word_1_222' title='bbox 2734 1453 3025 1523; x_wconf 88' lang='lat' dir='ltr'><strong>respiciens</strong></span> <span class='ocrx_word' id='word_1_223' title='bbox 3073 1463 3250 1519; x_wconf 91' lang='lat' dir='ltr'><strong>retro,</strong></span> <span class='ocrx_word' id='word_1_224' title='bbox 3307 1466 3463 1524; x_wconf 87' lang='lat' dir='ltr'><strong>aptus</strong></span> <span class='ocrx_word' id='word_1_225' title='bbox 3492 1464 3579 1511; x_wconf 91' lang='lat' dir='ltr'><strong>est</strong></span> 
     </span>
    </p>
   </div>
   <div class='ocr_carea' id='block_1_31' title="bbox 1992 1538 3577 1612">
    <p class='ocr_par' dir='ltr' id='par_1_31' title="bbox 1992 1538 3577 1612">
     <span class='ocr_line' id='line_1_31' title="bbox 1992 1538 3577 1612; baseline 0.008 -23"><span class='ocrx_word' id='word_1_226' title='bbox 1992 1550 2156 1605; x_wconf 84' lang='lat' dir='ltr'><strong>regno</strong></span> <span class='ocrx_word' id='word_1_227' title='bbox 2182 1538 2274 1591; x_wconf 90' lang='lat' dir='ltr'><strong>Dei</strong></span> <span class='ocrx_word' id='word_1_228' title='bbox 2304 1538 2454 1609; x_wconf 79' lang='lat' dir='ltr'><strong>(an.</strong></span> <span class='ocrx_word' id='word_1_229' title='bbox 2486 1544 2582 1609; x_wconf 76' lang='lat' dir='ltr'><strong>ix).</strong></span> <span class='ocrx_word' id='word_1_230' title='bbox 2609 1560 2627 1592; x_wconf 77' lang='grc' dir='ltr'><strong>ι</strong></span> <span class='ocrx_word' id='word_1_231' title='bbox 2658 1541 2868 1594; x_wconf 86' lang='lat' dir='ltr'><strong>Manum</strong></span> <span class='ocrx_word' id='word_1_232' title='bbox 2895 1543 3090 1612; x_wconf 83' lang='lat' dir='ltr'><strong>quippe</strong></span> <span class='ocrx_word' id='word_1_233' title='bbox 3111 1543 3163 1597; x_wconf 90' lang='lat' dir='ltr'><strong>in</strong></span> <span class='ocrx_word' id='word_1_234' title='bbox 3187 1553 3428 1599; x_wconf 88' lang='lat' dir='ltr'><strong>aratrum</strong></span> <span class='ocrx_word' id='word_1_235' title='bbox 3458 1546 3577 1602; x_wconf 88' lang='lat' dir='ltr'><strong>mit-</strong></span> 
     </span>
    </p>
   </div>
   <div class='ocr_carea' id='block_1_32' title="bbox 1991 1630 3577 1699">
    <p class='ocr_par' dir='ltr' id='par_1_32' title="bbox 1991 1630 3577 1699">
     <span class='ocr_line' id='line_1_32' title="bbox 1991 1630 3577 1699; baseline 0.01 -24"><span class='ocrx_word' id='word_1_236' title='bbox 1991 1632 2106 1679; x_wconf 86' lang='lat' dir='ltr'><strong>tere</strong></span> <span class='ocrx_word' id='word_1_237' title='bbox 2131 1634 2232 1689; x_wconf 92' lang='lat' dir='ltr'><strong>est,</strong></span> <span class='ocrx_word' id='word_1_238' title='bbox 2275 1634 2427 1697; x_wconf 82' lang='lat' dir='ltr'><strong>quasi</strong></span> <span class='ocrx_word' id='word_1_239' title='bbox 2468 1644 2564 1697; x_wconf 83' lang='lat' dir='ltr'><strong>per</strong></span> <span class='ocrx_word' id='word_1_240' title='bbox 2589 1630 2870 1698; x_wconf 88' lang='lat' dir='ltr'><strong>quemdam</strong></span> <span class='ocrx_word' id='word_1_241' title='bbox 2918 1634 3351 1699; x_wconf 80' lang='lat' dir='ltr'><strong>compunctionis</strong></span> <span class='ocrx_word' id='word_1_242' title='bbox 3390 1651 3577 1690; x_wconf 88' lang='lat' dir='ltr'><strong>vome-</strong></span> 
     </span>
    </p>
   </div>
   <div class='ocr_carea' id='block_1_33' title="bbox 303 1715 3578 1794">
    <p class='ocr_par' dir='ltr' id='par_1_33' title="bbox 303 1715 3578 1794">
     <span class='ocr_line' id='line_1_33' title="bbox 303 1715 3578 1794; baseline 0.002 -23"><span class='ocrx_word' id='word_1_243' title='bbox 303 1737 323 1769; x_wconf 70' lang='grc' dir='ltr'><strong>ι</strong></span> <span class='ocrx_word' id='word_1_244' title='bbox 351 1718 455 1784; x_wconf 83' lang='lat' dir='ltr'><strong>Qui</strong></span> <span class='ocrx_word' id='word_1_245' title='bbox 482 1735 608 1774; x_wconf 89' lang='lat' dir='ltr'><strong>cum</strong></span> <span class='ocrx_word' id='word_1_246' title='bbox 640 1720 713 1774; x_wconf 88' lang='lat' dir='ltr'><strong>sit</strong></span> <span class='ocrx_word' id='word_1_247' title='bbox 744 1720 999 1790; x_wconf 84' lang='lat' dir='ltr'><strong>splendor</strong></span> <span class='ocrx_word' id='word_1_248' title='bbox 1026 1722 1242 1791; x_wconf 72' lang='lat' dir='ltr'><strong>glorizc,</strong></span> <span class='ocrx_word' id='word_1_249' title='bbox 1271 1729 1326 1776; x_wconf 91' lang='lat' dir='ltr'><strong>et</strong></span> <span class='ocrx_word' id='word_1_250' title='bbox 1360 1723 1528 1792; x_wconf 84' lang='lat' dir='ltr'><strong>tigura</strong></span> <span class='ocrx_word' id='word_1_251' title='bbox 1575 1724 1891 1779; x_wconf 59' lang='lat' dir='ltr'><strong>substantiae</strong></span> <span class='ocrx_word' id='word_1_252' title='bbox 1919 1727 1966 1785; x_wconf 78' lang='grc' dir='ltr'><strong>Β</strong></span> <span class='ocrx_word' id='word_1_253' title='bbox 1995 1727 2107 1767; x_wconf 85' lang='lat' dir='ltr'><strong>rem</strong></span> <span class='ocrx_word' id='word_1_254' title='bbox 2138 1716 2205 1768; x_wconf 89' lang='lat' dir='ltr'><strong>ad</strong></span> <span class='ocrx_word' id='word_1_255' title='bbox 2231 1715 2584 1784; x_wconf 78' lang='lat' dir='ltr'><strong>proferendos</strong></span> <span class='ocrx_word' id='word_1_256' title='bbox 2629 1719 2835 1773; x_wconf 86' lang='lat' dir='ltr'><strong>fructus</strong></span> <span class='ocrx_word' id='word_1_257' title='bbox 2870 1729 3066 1773; x_wconf 87' lang='lat' dir='ltr'><strong>terram</strong></span> <span class='ocrx_word' id='word_1_258' title='bbox 3116 1722 3200 1775; x_wconf 93' lang='lat' dir='ltr'><strong>sui</strong></span> <span class='ocrx_word' id='word_1_259' title='bbox 3243 1725 3422 1778; x_wconf 89' lang='lat' dir='ltr'><strong>cordis</strong></span> <span class='ocrx_word' id='word_1_260' title='bbox 3448 1741 3578 1794; x_wconf 85' lang='lat' dir='ltr'><strong>ape-</strong></span> 
     </span>
    </p>
   </div>
   <div class='ocr_carea' id='block_1_34' title="bbox 300 1808 1889 1883">
    <p class='ocr_par' dir='ltr' id='par_1_34' title="bbox 300 1808 1889 1883">
     <span class='ocr_line' id='line_1_34' title="bbox 300 1808 1889 1883; baseline 0.006 -25"><span class='ocrx_word' id='word_1_261' title='bbox 300 1808 438 1878; x_wconf 77' lang='lat' dir='ltr'><strong>ejus,</strong></span> <span class='ocrx_word' id='word_1_262' title='bbox 468 1818 803 1879; x_wconf 89' lang='lat' dir='ltr'><strong>portansque</strong></span> <span class='ocrx_word' id='word_1_263' title='bbox 839 1811 1018 1865; x_wconf 83' lang='lat' dir='ltr'><strong>omnia</strong></span> <span class='ocrx_word' id='word_1_264' title='bbox 1054 1812 1219 1865; x_wconf 82' lang='lat' dir='ltr'><strong>verbo</strong></span> <span class='ocrx_word' id='word_1_265' title='bbox 1243 1813 1383 1866; x_wconf 72' lang='lat' dir='ltr'><strong>vine.</strong></span> <span class='ocrx_word' id='word_1_266' title='bbox 1415 1831 1432 1863; x_wconf 73' lang='grc' dir='ltr'><strong>ι</strong></span> <span class='ocrx_word' id='word_1_267' title='bbox 1457 1811 1586 1880; x_wconf 88' lang='lat' dir='ltr'><strong>Ejus</strong></span> <span class='ocrx_word' id='word_1_268' title='bbox 1615 1827 1744 1883; x_wconf 83' lang='lat' dir='ltr'><strong>ergo</strong></span> <span class='ocrx_word' id='word_1_269' title='bbox 1775 1827 1889 1868; x_wconf 89' lang='lat' dir='ltr'><strong>ma-</strong></span> 
     </span>
    </p>
   </div>
   <div class='ocr_carea' id='block_1_35' title="bbox 299 1898 1885 1975">
    <p class='ocr_par' dir='ltr' id='par_1_35' title="bbox 299 1898 1885 1975">
     <span class='ocr_line' id='line_1_35' title="bbox 299 1898 1885 1975; baseline 0.006 -25"><span class='ocrx_word' id='word_1_270' title='bbox 299 1912 405 1953; x_wconf 90' lang='lat' dir='ltr'><strong>nus</strong></span> <span class='ocrx_word' id='word_1_271' title='bbox 437 1898 603 1953; x_wconf 89' lang='lat' dir='ltr'><strong>corda</strong></span> <span class='ocrx_word' id='word_1_272' title='bbox 626 1909 807 1955; x_wconf 87' lang='lat' dir='ltr'><strong>nostra</strong></span> <span class='ocrx_word' id='word_1_273' title='bbox 823 1908 1022 1969; x_wconf 87' lang='lat' dir='ltr'><strong>portat.</strong></span> <span class='ocrx_word' id='word_1_274' title='bbox 1071 1901 1200 1972; x_wconf 83' lang='lat' dir='ltr'><strong>Ejus</strong></span> <span class='ocrx_word' id='word_1_275' title='bbox 1245 1918 1437 1957; x_wconf 88' lang='lat' dir='ltr'><strong>manus</strong></span> <span class='ocrx_word' id='word_1_276' title='bbox 1466 1903 1520 1957; x_wconf 92' lang='lat' dir='ltr'><strong>in</strong></span> <span class='ocrx_word' id='word_1_277' title='bbox 1551 1906 1885 1975; x_wconf 84' lang='lat' dir='ltr'><strong>contempla-</strong></span> 
     </span>
    </p>
   </div>
   <div class='ocr_carea' id='block_1_36' title="bbox 300 1990 1888 2068">
    <p class='ocr_par' dir='ltr' id='par_1_36' title="bbox 300 1990 1888 2068">
     <span class='ocr_line' id='line_1_36' title="bbox 300 1990 1888 2068; baseline 0.004 -24"><span class='ocrx_word' id='word_1_278' title='bbox 300 1990 448 2047; x_wconf 89' lang='lat' dir='ltr'><strong>tione</strong></span> <span class='ocrx_word' id='word_1_279' title='bbox 470 2007 573 2047; x_wconf 90' lang='lat' dir='ltr'><strong>nos</strong></span> <span class='ocrx_word' id='word_1_280' title='bbox 601 1992 864 2047; x_wconf 84' lang='lat' dir='ltr'><strong>sublevat.</strong></span> <span class='ocrx_word' id='word_1_281' title='bbox 898 1992 1006 2048; x_wconf 87' lang='lat' dir='ltr'><strong>Nisi</strong></span> <span class='ocrx_word' id='word_1_282' title='bbox 1031 1995 1172 2048; x_wconf 81' lang='lat' dir='ltr'><strong>enim</strong></span> <span class='ocrx_word' id='word_1_283' title='bbox 1205 2002 1265 2049; x_wconf 89' lang='lat' dir='ltr'><strong>ut</strong></span> <span class='ocrx_word' id='word_1_284' title='bbox 1286 1996 1488 2050; x_wconf 90' lang='lat' dir='ltr'><strong>dictum</strong></span> <span class='ocrx_word' id='word_1_285' title='bbox 1516 2005 1598 2051; x_wconf 87' lang='lat' dir='ltr'><strong>est</strong></span> <span class='ocrx_word' id='word_1_286' title='bbox 1642 1998 1888 2068; x_wconf 88' lang='lat' dir='ltr'><strong>omnipo-</strong></span> 
     </span>
    </p>
   </div>
   <div class='ocr_carea' id='block_1_37' title="bbox 299 2081 1885 2153">
    <p class='ocr_par' dir='ltr' id='par_1_37' title="bbox 299 2081 1885 2153">
     <span class='ocr_line' id='line_1_37' title="bbox 299 2081 1885 2153; baseline 0.005 -18"><span class='ocrx_word' id='word_1_287' title='bbox 299 2083 467 2137; x_wconf 85' lang='lat' dir='ltr'><strong>tentis</strong></span> <span class='ocrx_word' id='word_1_288' title='bbox 486 2081 723 2137; x_wconf 76' lang='lat' dir='ltr'><strong>Verbum</strong></span> <span class='ocrx_word' id='word_1_289' title='bbox 747 2091 968 2153; x_wconf 88' lang='lat' dir='ltr'><strong>propter</strong></span> <span class='ocrx_word' id='word_1_290' title='bbox 994 2084 1244 2140; x_wconf 86' lang='lat' dir='ltr'><strong>homines</strong></span> <span class='ocrx_word' id='word_1_291' title='bbox 1269 2086 1429 2140; x_wconf 89' lang='lat' dir='ltr'><strong>homo</strong></span> <span class='ocrx_word' id='word_1_292' title='bbox 1458 2086 1629 2153; x_wconf 88' lang='lat' dir='ltr'><strong>fieret,</strong></span> <span class='ocrx_word' id='word_1_293' title='bbox 1649 2088 1885 2143; x_wconf 87' lang='lat' dir='ltr'><strong>humana</strong></span> 
     </span>
    </p>
   </div>
   <div class='ocr_carea' id='block_1_38' title="bbox 297 2170 1888 2242">
    <p class='ocr_par' dir='ltr' id='par_1_38' title="bbox 297 2170 1888 2242">
     <span class='ocr_line' id='line_1_38' title="bbox 297 2170 1888 2242; baseline 0.006 -19"><span class='ocrx_word' id='word_1_294' title='bbox 297 2170 463 2224; x_wconf 83' lang='lat' dir='ltr'><strong>corda</strong></span> <span class='ocrx_word' id='word_1_295' title='bbox 486 2170 554 2224; x_wconf 87' lang='lat' dir='ltr'><strong>ad</strong></span> <span class='ocrx_word' id='word_1_296' title='bbox 584 2172 1052 2242; x_wconf 87' lang='lat' dir='ltr'><strong>contemplandam</strong></span> <span class='ocrx_word' id='word_1_297' title='bbox 1078 2174 1235 2229; x_wconf 87' lang='lat' dir='ltr'><strong>Verbi</strong></span> <span class='ocrx_word' id='word_1_298' title='bbox 1260 2175 1635 2231; x_wconf 78' lang='lat' dir='ltr'><strong>excellentiam</strong></span> <span class='ocrx_word' id='word_1_299' title='bbox 1662 2193 1768 2232; x_wconf 88' lang='lat' dir='ltr'><strong>non</strong></span> <span class='ocrx_word' id='word_1_300' title='bbox 1794 2192 1888 2233; x_wconf 89' lang='lat' dir='ltr'><strong>vo-</strong></span> 
     </span>
    </p>
   </div>
   <div class='ocr_carea' id='block_1_39' title="bbox 296 2260 1886 2333">
    <p class='ocr_par' dir='ltr' id='par_1_39' title="bbox 296 2260 1886 2333">
     <span class='ocr_line' id='line_1_39' title="bbox 296 2260 1886 2333; baseline 0.005 -19"><span class='ocrx_word' id='word_1_301' title='bbox 296 2260 494 2317; x_wconf 87' lang='lat' dir='ltr'><strong>larent.</strong></span> <span class='ocrx_word' id='word_1_302' title='bbox 526 2261 655 2317; x_wconf 88' lang='lat' dir='ltr'><strong>lude</strong></span> <span class='ocrx_word' id='word_1_303' title='bbox 683 2277 812 2333; x_wconf 81' lang='lat' dir='ltr'><strong>ergo</strong></span> <span class='ocrx_word' id='word_1_304' title='bbox 841 2263 1069 2319; x_wconf 65' lang='lat' dir='ltr'><strong>excelsae</strong></span> <span class='ocrx_word' id='word_1_305' title='bbox 1097 2264 1253 2321; x_wconf 70' lang='lat' dir='ltr'><strong>factm</strong></span> <span class='ocrx_word' id='word_1_306' title='bbox 1276 2276 1403 2320; x_wconf 89' lang='lat' dir='ltr'><strong>sunt</strong></span> <span class='ocrx_word' id='word_1_307' title='bbox 1430 2267 1710 2321; x_wconf 90' lang='lat' dir='ltr'><strong>hominum</strong></span> <span class='ocrx_word' id='word_1_308' title='bbox 1738 2284 1886 2322; x_wconf 89' lang='lat' dir='ltr'><strong>men-</strong></span> 
     </span>
    </p>
   </div>
   <div class='ocr_carea' id='block_1_40' title="bbox 297 2353 1885 2425">
    <p class='ocr_par' dir='ltr' id='par_1_40' title="bbox 297 2353 1885 2425">
     <span class='ocr_line' id='line_1_40' title="bbox 297 2353 1885 2425; baseline 0.003 -20"><span class='ocrx_word' id='word_1_309' title='bbox 297 2362 401 2417; x_wconf 89' lang='lat' dir='ltr'><strong>tes,</strong></span> <span class='ocrx_word' id='word_1_310' title='bbox 444 2354 590 2408; x_wconf 87' lang='lat' dir='ltr'><strong>unde</strong></span> <span class='ocrx_word' id='word_1_311' title='bbox 620 2353 762 2408; x_wconf 89' lang='lat' dir='ltr'><strong>inter</strong></span> <span class='ocrx_word' id='word_1_312' title='bbox 794 2353 1041 2409; x_wconf 89' lang='lat' dir='ltr'><strong>homines</strong></span> <span class='ocrx_word' id='word_1_313' title='bbox 1067 2355 1314 2425; x_wconf 86' lang='lat' dir='ltr'><strong>apparuit</strong></span> <span class='ocrx_word' id='word_1_314' title='bbox 1356 2356 1571 2411; x_wconf 81' lang='lat' dir='ltr'><strong>humilis</strong></span> <span class='ocrx_word' id='word_1_315' title='bbox 1602 2357 1761 2412; x_wconf 90' lang='lat' dir='ltr'><strong>Deus.</strong></span> <span class='ocrx_word' id='word_1_316' title='bbox 1789 2357 1885 2410; x_wconf 93' lang='lat' dir='ltr'><strong>Di-</strong></span> 
     </span>
    </p>
   </div>
   <div class='ocr_carea' id='block_1_41' title="bbox 295 2443 1883 2515">
    <p class='ocr_par' dir='ltr' id='par_1_41' title="bbox 295 2443 1883 2515">
     <span class='ocr_line' id='line_1_41' title="bbox 295 2443 1883 2515; baseline 0.003 -19"><span class='ocrx_word' id='word_1_317' title='bbox 295 2450 453 2496; x_wconf 89' lang='lat' dir='ltr'><strong>catur</strong></span> <span class='ocrx_word' id='word_1_318' title='bbox 482 2443 667 2512; x_wconf 88' lang='lat' dir='ltr'><strong>itaque</strong></span> <span class='ocrx_word' id='word_1_319' title='bbox 692 2444 758 2498; x_wconf 86' lang='lat' dir='ltr'><strong>de</strong></span> <span class='ocrx_word' id='word_1_320' title='bbox 790 2445 991 2500; x_wconf 83' lang='lat' dir='ltr'><strong>sanctis</strong></span> <span class='ocrx_word' id='word_1_321' title='bbox 1018 2445 1364 2511; x_wconf 86' lang='lat' dir='ltr'><strong>animalibus,</strong></span> <span class='ocrx_word' id='word_1_322' title='bbox 1393 2447 1623 2515; x_wconf 81' lang='lat' dir='ltr'><strong>dicatur,</strong></span> <span class='ocrx_word' id='word_1_323' title='bbox 1644 2467 1663 2500; x_wconf 82' lang='lat' dir='ltr'><strong>t</strong></span> <span class='ocrx_word' id='word_1_324' title='bbox 1683 2456 1740 2503; x_wconf 89' lang='lat' dir='ltr'><strong>et</strong></span> <span class='ocrx_word' id='word_1_325' title='bbox 1766 2463 1883 2502; x_wconf 85' lang='lat' dir='ltr'><strong>ma-</strong></span> 
     </span>
    </p>
   </div>
   <div class='ocr_carea' id='block_1_42' title="bbox 297 2533 1281 2605">
    <p class='ocr_par' dir='ltr' id='par_1_42' title="bbox 297 2533 1281 2605">
     <span class='ocr_line' id='line_1_42' title="bbox 297 2533 1281 2605; baseline 0.002 -20"><span class='ocrx_word' id='word_1_326' title='bbox 297 2547 398 2587; x_wconf 89' lang='lat' dir='ltr'><strong>nus</strong></span> <span class='ocrx_word' id='word_1_327' title='bbox 418 2533 660 2589; x_wconf 81' lang='lat' dir='ltr'><strong>hominis</strong></span> <span class='ocrx_word' id='word_1_328' title='bbox 682 2535 781 2588; x_wconf 89' lang='lat' dir='ltr'><strong>sub</strong></span> <span class='ocrx_word' id='word_1_329' title='bbox 807 2535 999 2605; x_wconf 89' lang='lat' dir='ltr'><strong>pennis</strong></span> <span class='ocrx_word' id='word_1_330' title='bbox 1029 2550 1237 2590; x_wconf 91' lang='lat' dir='ltr'><strong>eorum.</strong></span> <span class='ocrx_word' id='word_1_331' title='bbox 1263 2556 1281 2587; x_wconf 75' lang='grc' dir='ltr'><strong>ι</strong></span> 
     </span>
    </p>
   </div>
   <div class='ocr_carea' id='block_1_43' title="bbox 368 2623 1880 2696">
    <p class='ocr_par' dir='ltr' id='par_1_43' title="bbox 368 2623 1880 2696">
     <span class='ocr_line' id='line_1_43' title="bbox 368 2623 1880 2696; baseline 0.005 -20"><span class='ocrx_word' id='word_1_332' title='bbox 368 2642 390 2675; x_wconf 74' lang='grc' dir='ltr'><strong>ι</strong></span> <span class='ocrx_word' id='word_1_333' title='bbox 422 2624 493 2679; x_wconf 87' lang='lat' dir='ltr'><strong>Et</strong></span> <span class='ocrx_word' id='word_1_334' title='bbox 518 2623 687 2680; x_wconf 80' lang='lat' dir='ltr'><strong>facies</strong></span> <span class='ocrx_word' id='word_1_335' title='bbox 709 2634 766 2679; x_wconf 91' lang='lat' dir='ltr'><strong>et</strong></span> <span class='ocrx_word' id='word_1_336' title='bbox 789 2640 994 2694; x_wconf 83' lang='lat' dir='ltr'><strong>pennas</strong></span> <span class='ocrx_word' id='word_1_337' title='bbox 1010 2639 1109 2696; x_wconf 89' lang='lat' dir='ltr'><strong>per</strong></span> <span class='ocrx_word' id='word_1_338' title='bbox 1129 2635 1363 2696; x_wconf 90' lang='lat' dir='ltr'><strong>quatuor</strong></span> <span class='ocrx_word' id='word_1_339' title='bbox 1382 2636 1561 2695; x_wconf 87' lang='lat' dir='ltr'><strong>partes</strong></span> <span class='ocrx_word' id='word_1_340' title='bbox 1590 2628 1880 2695; x_wconf 76' lang='lat' dir='ltr'><strong>habebant,</strong></span> 
     </span>
    </p>
   </div>
   <div class='ocr_carea' id='block_1_44' title="bbox 297 2711 1878 2785">
    <p class='ocr_par' dir='ltr' id='par_1_44' title="bbox 297 2711 1878 2785">
     <span class='ocr_line' id='line_1_44' title="bbox 297 2711 1878 2785; baseline 0.007 -22"><span class='ocrx_word' id='word_1_341' title='bbox 297 2730 319 2763; x_wconf 74' lang='grc' dir='ltr'><strong>ι</strong></span> <span class='ocrx_word' id='word_1_342' title='bbox 345 2711 830 2784; x_wconf 70' lang='lat' dir='ltr'><strong>juncttequeerant</strong></span> <span class='ocrx_word' id='word_1_343' title='bbox 859 2730 1049 2785; x_wconf 64' lang='lat' dir='ltr'><strong>pennae</strong></span> <span class='ocrx_word' id='word_1_344' title='bbox 1071 2731 1259 2771; x_wconf 89' lang='lat' dir='ltr'><strong>eorum</strong></span> <span class='ocrx_word' id='word_1_345' title='bbox 1280 2716 1503 2772; x_wconf 85' lang='lat' dir='ltr'><strong>alterius</strong></span> <span class='ocrx_word' id='word_1_346' title='bbox 1530 2719 1596 2773; x_wconf 87' lang='lat' dir='ltr'><strong>ad</strong></span> <span class='ocrx_word' id='word_1_347' title='bbox 1627 2719 1878 2774; x_wconf 88' lang='lat' dir='ltr'><strong>alterum.</strong></span> 
     </span>
    </p>
   </div>
   <div class='ocr_carea' id='block_1_45' title="bbox 297 2802 1883 2872">
    <p class='ocr_par' dir='ltr' id='par_1_45' title="bbox 297 2802 1883 2872">
     <span class='ocr_line' id='line_1_45' title="bbox 297 2802 1883 2872; baseline 0.007 -20"><span class='ocrx_word' id='word_1_348' title='bbox 297 2820 317 2852; x_wconf 78' lang='lat'><strong>¢</strong></span> <span class='ocrx_word' id='word_1_349' title='bbox 350 2802 470 2858; x_wconf 82' lang='lat' dir='ltr'><strong>Non</strong></span> <span class='ocrx_word' id='word_1_350' title='bbox 509 2804 926 2860; x_wconf 87' lang='lat' dir='ltr'><strong>revertebantur</strong></span> <span class='ocrx_word' id='word_1_351' title='bbox 967 2820 1090 2861; x_wconf 91' lang='lat' dir='ltr'><strong>cum</strong></span> <span class='ocrx_word' id='word_1_352' title='bbox 1149 2807 1493 2872; x_wconf 84' lang='lat' dir='ltr'><strong>incederent,</strong></span> <span class='ocrx_word' id='word_1_353' title='bbox 1554 2809 1649 2864; x_wconf 87' lang='lat' dir='ltr'><strong>sed</strong></span> <span class='ocrx_word' id='word_1_354' title='bbox 1691 2825 1883 2865; x_wconf 90' lang='lat' dir='ltr'><strong>unum-</strong></span> 
     </span>
    </p>
   </div>
   <div class='ocr_carea' id='block_1_46' title="bbox 293 2892 1879 2965">
    <p class='ocr_par' dir='ltr' id='par_1_46' title="bbox 293 2892 1879 2965">
     <span class='ocr_line' id='line_1_46' title="bbox 293 2892 1879 2965; baseline 0.006 -21"><span class='ocrx_word' id='word_1_355' title='bbox 293 2910 312 2942; x_wconf 74' lang='grc' dir='ltr'><strong>ε</strong></span> <span class='ocrx_word' id='word_1_356' title='bbox 340 2892 601 2962; x_wconf 84' lang='lat' dir='ltr'><strong>quodque</strong></span> <span class='ocrx_word' id='word_1_357' title='bbox 661 2902 787 2948; x_wconf 89' lang='lat' dir='ltr'><strong>ante</strong></span> <span class='ocrx_word' id='word_1_358' title='bbox 839 2893 1029 2950; x_wconf 80' lang='lat' dir='ltr'><strong>faciem</strong></span> <span class='ocrx_word' id='word_1_359' title='bbox 1089 2911 1241 2951; x_wconf 89' lang='lat' dir='ltr'><strong>suam</strong></span> <span class='ocrx_word' id='word_1_360' title='bbox 1296 2896 1666 2965; x_wconf 83' lang='lat' dir='ltr'><strong>gradiebatnr,</strong></span> <span class='ocrx_word' id='word_1_361' title='bbox 1703 2916 1722 2950; x_wconf 73' lang='grc' dir='ltr'><strong>ι</strong></span> <span class='ocrx_word' id='word_1_362' title='bbox 1772 2908 1879 2954; x_wconf 90' lang='lat' dir='ltr'><strong>etc.</strong></span> 
     </span>
    </p>
   </div>
   <div class='ocr_carea' id='block_1_47' title="bbox 287 2981 1883 3059">
    <p class='ocr_par' dir='ltr' id='par_1_47' title="bbox 287 2981 1883 3059">
     <span class='ocr_line' id='line_1_47' title="bbox 287 2981 1883 3059; baseline 0.004 -22"><span class='ocrx_word' id='word_1_363' title='bbox 287 2983 570 3053; x_wconf 68' lang='lat' dir='ltr'><strong>(Hier-on.)</strong></span> <span class='ocrx_word' id='word_1_364' title='bbox 596 2981 788 3038; x_wconf 71' lang='lat' dir='ltr'><strong>Iuncta</strong></span> <span class='ocrx_word' id='word_1_365' title='bbox 809 2984 911 3040; x_wconf 86' lang='lat' dir='ltr'><strong>sibi</strong></span> <span class='ocrx_word' id='word_1_366' title='bbox 940 2993 1069 3041; x_wconf 85' lang='lat' dir='ltr'><strong>sunt</strong></span> <span class='ocrx_word' id='word_1_367' title='bbox 1087 2986 1375 3057; x_wconf 80' lang='lat' dir='ltr'><strong>Evangelia</strong></span> <span class='ocrx_word' id='word_1_368' title='bbox 1404 2988 1720 3059; x_wconf 69' lang='lat' dir='ltr'><strong>haerentque</strong></span> <span class='ocrx_word' id='word_1_369' title='bbox 1762 3004 1883 3043; x_wconf 84' lang='lat' dir='ltr'><strong>mu-</strong></span> 
     </span>
    </p>
   </div>
   <div class='ocr_carea' id='block_1_48' title="bbox 1989 1806 3574 1884">
    <p class='ocr_par' dir='ltr' id='par_1_48' title="bbox 1989 1806 3574 1884">
     <span class='ocr_line' id='line_1_48' title="bbox 1989 1806 3574 1884; baseline 0.011 -26"><span class='ocrx_word' id='word_1_370' title='bbox 1989 1806 2116 1870; x_wconf 88' lang='lat' dir='ltr'><strong>rire,</strong></span> <span class='ocrx_word' id='word_1_371' title='bbox 2139 1807 2230 1860; x_wconf 85' lang='lat' dir='ltr'><strong>sed</strong></span> <span class='ocrx_word' id='word_1_372' title='bbox 2256 1817 2402 1862; x_wconf 87' lang='lat' dir='ltr'><strong>retro</strong></span> <span class='ocrx_word' id='word_1_373' title='bbox 2417 1817 2787 1876; x_wconf 87' lang='lat' dir='ltr'><strong>postaratrum</strong></span> <span class='ocrx_word' id='word_1_374' title='bbox 2806 1813 3017 1879; x_wconf 88' lang='lat' dir='ltr'><strong>aspicit,</strong></span> <span class='ocrx_word' id='word_1_375' title='bbox 3045 1815 3134 1883; x_wconf 90' lang='lat' dir='ltr'><strong>qui</strong></span> <span class='ocrx_word' id='word_1_376' title='bbox 3183 1825 3304 1884; x_wconf 84' lang='lat' dir='ltr'><strong>post</strong></span> <span class='ocrx_word' id='word_1_377' title='bbox 3350 1821 3574 1875; x_wconf 75' lang='lat' dir='ltr'><strong>exordia</strong></span> 
     </span>
    </p>
   </div>
   <div class='ocr_carea' id='block_1_49' title="bbox 1986 1895 3574 1974">
    <p class='ocr_par' dir='ltr' id='par_1_49' title="bbox 1986 1895 3574 1974">
     <span class='ocr_line' id='line_1_49' title="bbox 1986 1895 3574 1974; baseline 0.01 -24"><span class='ocrx_word' id='word_1_378' title='bbox 1986 1895 2111 1950; x_wconf 86' lang='lat' dir='ltr'><strong>boni</strong></span> <span class='ocrx_word' id='word_1_379' title='bbox 2141 1896 2342 1965; x_wconf 83' lang='lat' dir='ltr'><strong>cperis,</strong></span> <span class='ocrx_word' id='word_1_380' title='bbox 2372 1899 2439 1951; x_wconf 91' lang='lat' dir='ltr'><strong>ad</strong></span> <span class='ocrx_word' id='word_1_381' title='bbox 2488 1899 2628 1952; x_wconf 88' lang='lat' dir='ltr'><strong>mala</strong></span> <span class='ocrx_word' id='word_1_382' title='bbox 2659 1901 2967 1965; x_wconf 85' lang='lat' dir='ltr'><strong>revertitur,</strong></span> <span class='ocrx_word' id='word_1_383' title='bbox 3006 1917 3127 1970; x_wconf 80' lang='lat' dir='ltr'><strong>quae</strong></span> <span class='ocrx_word' id='word_1_384' title='bbox 3178 1904 3413 1974; x_wconf 82' lang='lat' dir='ltr'><strong>reliquit.</strong></span> <span class='ocrx_word' id='word_1_385' title='bbox 3465 1909 3574 1965; x_wconf 85' lang='lat' dir='ltr'><strong>Sed</strong></span> 
     </span>
    </p>
   </div>
   <div class='ocr_carea' id='block_1_50' title="bbox 1986 1985 3577 2067">
    <p class='ocr_par' dir='ltr' id='par_1_50' title="bbox 1986 1985 3577 2067">
     <span class='ocr_line' id='line_1_50' title="bbox 1986 1985 3577 2067; baseline 0.009 -30"><span class='ocrx_word' id='word_1_386' title='bbox 1986 1985 2112 2054; x_wconf 90' lang='lat' dir='ltr'><strong>quia</strong></span> <span class='ocrx_word' id='word_1_387' title='bbox 2139 1987 2242 2039; x_wconf 90' lang='lat' dir='ltr'><strong>hoc</strong></span> <span class='ocrx_word' id='word_1_388' title='bbox 2265 1986 2451 2041; x_wconf 89' lang='lat' dir='ltr'><strong>electis</strong></span> <span class='ocrx_word' id='word_1_389' title='bbox 2466 1987 2558 2042; x_wconf 89' lang='lat' dir='ltr'><strong>Dei</strong></span> <span class='ocrx_word' id='word_1_390' title='bbox 2592 1988 2810 2043; x_wconf 90' lang='lat' dir='ltr'><strong>minime</strong></span> <span class='ocrx_word' id='word_1_391' title='bbox 2838 1992 3118 2061; x_wconf 89' lang='lat' dir='ltr'><strong>contingit,</strong></span> <span class='ocrx_word' id='word_1_392' title='bbox 3144 2000 3290 2047; x_wconf 87' lang='lat' dir='ltr'><strong>recte</strong></span> <span class='ocrx_word' id='word_1_393' title='bbox 3305 2011 3447 2050; x_wconf 90' lang='lat' dir='ltr'><strong>nunc</strong></span> <span class='ocrx_word' id='word_1_394' title='bbox 3478 2014 3577 2067; x_wconf 88' lang='lat' dir='ltr'><strong>per</strong></span> 
     </span>
    </p>
   </div>
   <div class='ocr_carea' id='block_1_51' title="bbox 1985 2075 3580 2147">
    <p class='ocr_par' dir='ltr' id='par_1_51' title="bbox 1985 2075 3580 2147">
     <span class='ocr_line' id='line_1_51' title="bbox 1985 2075 3580 2147; baseline 0.008 -18"><span class='ocrx_word' id='word_1_395' title='bbox 1985 2075 2310 2147; x_wconf 89' lang='lat' dir='ltr'><strong>Prophetam</strong></span> <span class='ocrx_word' id='word_1_396' title='bbox 2353 2077 2591 2131; x_wconf 89' lang='lat' dir='ltr'><strong>dicitur:</strong></span> <span class='ocrx_word' id='word_1_397' title='bbox 2625 2077 2740 2132; x_wconf 84' lang='lat' dir='ltr'><strong>Non</strong></span> <span class='ocrx_word' id='word_1_398' title='bbox 2785 2081 3194 2134; x_wconf 89' lang='lat' dir='ltr'><strong>revertebantur</strong></span> <span class='ocrx_word' id='word_1_399' title='bbox 3218 2098 3341 2137; x_wconf 89' lang='lat' dir='ltr'><strong>cum</strong></span> <span class='ocrx_word' id='word_1_400' title='bbox 3366 2085 3580 2141; x_wconf 83' lang='lat' dir='ltr'><strong>incede-</strong></span> 
     </span>
    </p>
   </div>
   <div class='ocr_carea' id='block_1_52' title="bbox 1986 2167 3578 2238">
    <p class='ocr_par' dir='ltr' id='par_1_52' title="bbox 1986 2167 3578 2238">
     <span class='ocr_line' id='line_1_52' title="bbox 1986 2167 3578 2238; baseline 0.006 -16"><span class='ocrx_word' id='word_1_401' title='bbox 1986 2178 2126 2223; x_wconf 89' lang='lat' dir='ltr'><strong>rent.</strong></span> <span class='ocrx_word' id='word_1_402' title='bbox 2163 2167 2265 2235; x_wconf 87' lang='lat' dir='ltr'><strong>Qui</strong></span> <span class='ocrx_word' id='word_1_403' title='bbox 2299 2185 2397 2224; x_wconf 86' lang='lat' dir='ltr'><strong>cur</strong></span> <span class='ocrx_word' id='word_1_404' title='bbox 2442 2186 2548 2226; x_wconf 90' lang='lat' dir='ltr'><strong>non</strong></span> <span class='ocrx_word' id='word_1_405' title='bbox 2591 2172 2999 2227; x_wconf 87' lang='lat' dir='ltr'><strong>revertebantur</strong></span> <span class='ocrx_word' id='word_1_406' title='bbox 3024 2172 3246 2238; x_wconf 86' lang='lat' dir='ltr'><strong>indicat,</strong></span> <span class='ocrx_word' id='word_1_407' title='bbox 3275 2190 3397 2229; x_wconf 89' lang='lat' dir='ltr'><strong>cum</strong></span> <span class='ocrx_word' id='word_1_408' title='bbox 3450 2178 3578 2231; x_wconf 88' lang='lat' dir='ltr'><strong>sub-</strong></span> 
     </span>
    </p>
   </div>
   <div class='ocr_carea' id='block_1_53' title="bbox 1978 2256 3577 2335">
    <p class='ocr_par' dir='ltr' id='par_1_53' title="bbox 1978 2256 3577 2335">
     <span class='ocr_line' id='line_1_53' title="bbox 1978 2256 3577 2335; baseline 0.005 -23"><span class='ocrx_word' id='word_1_409' title='bbox 1978 2256 2194 2330; x_wconf 84' lang='lat' dir='ltr'><strong>jungit:</strong></span> <span class='ocrx_word' id='word_1_410' title='bbox 2235 2277 2253 2310; x_wconf 85' lang='lat' dir='ltr'><strong>t</strong></span> <span class='ocrx_word' id='word_1_411' title='bbox 2289 2260 2715 2332; x_wconf 73' lang='lat' dir='ltr'><strong>Unumquodque</strong></span> <span class='ocrx_word' id='word_1_412' title='bbox 2741 2270 2865 2316; x_wconf 89' lang='lat' dir='ltr'><strong>ante</strong></span> <span class='ocrx_word' id='word_1_413' title='bbox 2894 2262 3085 2317; x_wconf 80' lang='lat' dir='ltr'><strong>faciem</strong></span> <span class='ocrx_word' id='word_1_414' title='bbox 3128 2279 3278 2318; x_wconf 90' lang='lat' dir='ltr'><strong>suam</strong></span> <span class='ocrx_word' id='word_1_415' title='bbox 3301 2266 3577 2335; x_wconf 86' lang='lat' dir='ltr'><strong>gradieba-</strong></span> 
     </span>
    </p>
   </div>
   <div class='ocr_carea' id='block_1_54' title="bbox 1986 2348 3575 2424">
    <p class='ocr_par' dir='ltr' id='par_1_54' title="bbox 1986 2348 3575 2424">
     <span class='ocr_line' id='line_1_54' title="bbox 1986 2348 3575 2424; baseline 0.003 -21"><span class='ocrx_word' id='word_1_416' title='bbox 1986 2357 2093 2403; x_wconf 86' lang='lat' dir='ltr'><strong>tur.</strong></span> <span class='ocrx_word' id='word_1_417' title='bbox 2134 2368 2152 2400; x_wconf 73' lang='grc' dir='ltr'><strong>ι</strong></span> <span class='ocrx_word' id='word_1_418' title='bbox 2191 2348 2331 2404; x_wconf 82' lang='lat' dir='ltr'><strong>Ante</strong></span> <span class='ocrx_word' id='word_1_419' title='bbox 2354 2365 2453 2404; x_wconf 92' lang='lat' dir='ltr'><strong>nos</strong></span> <span class='ocrx_word' id='word_1_420' title='bbox 2481 2351 2625 2405; x_wconf 89' lang='lat' dir='ltr'><strong>enim</strong></span> <span class='ocrx_word' id='word_1_421' title='bbox 2648 2360 2847 2405; x_wconf 78' lang='lat' dir='ltr'><strong>:cterna</strong></span> <span class='ocrx_word' id='word_1_422' title='bbox 2874 2360 3001 2405; x_wconf 88' lang='lat' dir='ltr'><strong>sunt</strong></span> <span class='ocrx_word' id='word_1_423' title='bbox 3025 2392 3039 2417; x_wconf 96' lang='lat'><strong>,</strong></span> <span class='ocrx_word' id='word_1_424' title='bbox 3079 2361 3202 2422; x_wconf 90' lang='lat' dir='ltr'><strong>post</strong></span> <span class='ocrx_word' id='word_1_425' title='bbox 3240 2370 3338 2409; x_wconf 88' lang='lat' dir='ltr'><strong>nos</strong></span> <span class='ocrx_word' id='word_1_426' title='bbox 3375 2364 3575 2424; x_wconf 87' lang='lat' dir='ltr'><strong>tempo-</strong></span> 
     </span>
    </p>
   </div>
   <div class='ocr_carea' id='block_1_55' title="bbox 1986 2439 3574 2512">
    <p class='ocr_par' dir='ltr' id='par_1_55' title="bbox 1986 2439 3574 2512">
     <span class='ocr_line' id='line_1_55' title="bbox 1986 2439 3574 2512; baseline 0.004 -20"><span class='ocrx_word' id='word_1_427' title='bbox 1986 2439 2139 2504; x_wconf 88' lang='lat' dir='ltr'><strong>ralia,</strong></span> <span class='ocrx_word' id='word_1_428' title='bbox 2180 2441 2304 2509; x_wconf 89' lang='lat' dir='ltr'><strong>quia</strong></span> <span class='ocrx_word' id='word_1_429' title='bbox 2342 2444 2409 2495; x_wconf 84' lang='lat' dir='ltr'><strong>ad</strong></span> <span class='ocrx_word' id='word_1_430' title='bbox 2452 2440 2540 2495; x_wconf 89' lang='lat' dir='ltr'><strong>illa</strong></span> <span class='ocrx_word' id='word_1_431' title='bbox 2577 2450 2865 2512; x_wconf 79' lang='lat' dir='ltr'><strong>pergentes</strong></span> <span class='ocrx_word' id='word_1_432' title='bbox 2912 2442 3236 2508; x_wconf 90' lang='lat' dir='ltr'><strong>invenimus,</strong></span> <span class='ocrx_word' id='word_1_433' title='bbox 3260 2453 3315 2497; x_wconf 92' lang='lat' dir='ltr'><strong>et</strong></span> <span class='ocrx_word' id='word_1_434' title='bbox 3350 2443 3450 2498; x_wconf 90' lang='lat' dir='ltr'><strong>ista</strong></span> <span class='ocrx_word' id='word_1_435' title='bbox 3489 2459 3574 2498; x_wconf 88' lang='lat' dir='ltr'><strong>re-</strong></span> 
     </span>
    </p>
   </div>
   <div class='ocr_carea' id='block_1_56' title="bbox 1984 2530 3577 2601">
    <p class='ocr_par' dir='ltr' id='par_1_56' title="bbox 1984 2530 3577 2601">
     <span class='ocr_line' id='line_1_56' title="bbox 1984 2530 3577 2601; baseline 0.002 -16"><span class='ocrx_word' id='word_1_436' title='bbox 1984 2530 2239 2585; x_wconf 85' lang='lat' dir='ltr'><strong>cedentes</strong></span> <span class='ocrx_word' id='word_1_437' title='bbox 2284 2532 2440 2601; x_wconf 92' lang='lat' dir='ltr'><strong>quasi</strong></span> <span class='ocrx_word' id='word_1_438' title='bbox 2473 2539 2595 2600; x_wconf 90' lang='lat' dir='ltr'><strong>post</strong></span> <span class='ocrx_word' id='word_1_439' title='bbox 2630 2532 2845 2597; x_wconf 88' lang='lat' dir='ltr'><strong>dorsum</strong></span> <span class='ocrx_word' id='word_1_440' title='bbox 2902 2530 3277 2601; x_wconf 86' lang='lat' dir='ltr'><strong>relinquimus.</strong></span> <span class='ocrx_word' id='word_1_441' title='bbox 3337 2532 3486 2587; x_wconf 86' lang='lat' dir='ltr'><strong>llntle</strong></span> <span class='ocrx_word' id='word_1_442' title='bbox 3520 2541 3577 2588; x_wconf 88' lang='lat' dir='ltr'><strong>et</strong></span> 
     </span>
    </p>
   </div>
   <div class='ocr_carea' id='block_1_57' title="bbox 1984 2620 3574 2690">
    <p class='ocr_par' dir='ltr' id='par_1_57' title="bbox 1984 2620 3574 2690">
     <span class='ocr_line' id='line_1_57' title="bbox 1984 2620 3574 2690; baseline 0.003 -19"><span class='ocrx_word' id='word_1_443' title='bbox 1984 2632 2237 2687; x_wconf 86' lang='lat' dir='ltr'><strong>magnum</strong></span> <span class='ocrx_word' id='word_1_444' title='bbox 2268 2620 2395 2685; x_wconf 88' lang='lat' dir='ltr'><strong>illud</strong></span> <span class='ocrx_word' id='word_1_445' title='bbox 2424 2629 2713 2688; x_wconf 88' lang='lat' dir='ltr'><strong>pennatum</strong></span> <span class='ocrx_word' id='word_1_446' title='bbox 2737 2620 2935 2672; x_wconf 88' lang='lat' dir='ltr'><strong>animal</strong></span> <span class='ocrx_word' id='word_1_447' title='bbox 2967 2620 3197 2684; x_wconf 88' lang='lat' dir='ltr'><strong>dicebat,</strong></span> <span class='ocrx_word' id='word_1_448' title='bbox 3230 2620 3374 2690; x_wconf 91' lang='lat' dir='ltr'><strong>quod</strong></span> <span class='ocrx_word' id='word_1_449' title='bbox 3402 2636 3574 2690; x_wconf 88' lang='lat' dir='ltr'><strong>usqtte</strong></span> 
     </span>
    </p>
   </div>
   <div class='ocr_carea' id='block_1_58' title="bbox 1984 2710 3689 2783">
    <p class='ocr_par' dir='ltr' id='par_1_58' title="bbox 1984 2710 3689 2783">
     <span class='ocr_line' id='line_1_58' title="bbox 1984 2710 3689 2783; baseline 0.002 -20"><span class='ocrx_word' id='word_1_450' title='bbox 1984 2711 2052 2765; x_wconf 88' lang='lat' dir='ltr'><strong>ad</strong></span> <span class='ocrx_word' id='word_1_451' title='bbox 2083 2710 2205 2765; x_wconf 77' lang='lat' dir='ltr'><strong>coeli</strong></span> <span class='ocrx_word' id='word_1_452' title='bbox 2241 2711 2380 2765; x_wconf 86' lang='lat' dir='ltr'><strong>tertii</strong></span> <span class='ocrx_word' id='word_1_453' title='bbox 2405 2719 2613 2766; x_wconf 87' lang='lat' dir='ltr'><strong>secreta</strong></span> <span class='ocrx_word' id='word_1_454' title='bbox 2653 2710 2928 2765; x_wconf 88' lang='lat' dir='ltr'><strong>velaverat</strong></span> <span class='ocrx_word' id='word_1_455' title='bbox 2957 2728 2969 2763; x_wconf 88' lang='lat'><strong>:</strong></span> <span class='ocrx_word' id='word_1_456' title='bbox 3009 2728 3028 2762; x_wconf 86' lang='grc'><strong>‹</strong></span> <span class='ocrx_word' id='word_1_457' title='bbox 3070 2710 3244 2767; x_wconf 90' lang='lat' dir='ltr'><strong>Unum</strong></span> <span class='ocrx_word' id='word_1_458' title='bbox 3276 2727 3424 2775; x_wconf 90' lang='lat' dir='ltr'><strong>vero,</strong></span> <span class='ocrx_word' id='word_1_459' title='bbox 3454 2728 3576 2783; x_wconf 78' lang='lat' dir='ltr'><strong>qua:</strong></span> <span class='ocrx_word' id='word_1_460' title='bbox 3674 2748 3689 2757; x_wconf 61' lang='grc' dir='ltr'><strong>ε</strong></span> 
     </span>
    </p>
   </div>
   <div class='ocr_carea' id='block_1_59' title="bbox 1984 2800 3573 2869">
    <p class='ocr_par' dir='ltr' id='par_1_59' title="bbox 1984 2800 3573 2869">
     <span class='ocr_line' id='line_1_59' title="bbox 1984 2800 3573 2869; baseline 0.003 -16"><span class='ocrx_word' id='word_1_461' title='bbox 1984 2807 2130 2854; x_wconf 88' lang='lat' dir='ltr'><strong>retro</strong></span> <span class='ocrx_word' id='word_1_462' title='bbox 2152 2809 2277 2854; x_wconf 90' lang='lat' dir='ltr'><strong>sunt</strong></span> <span class='ocrx_word' id='word_1_463' title='bbox 2296 2800 2526 2866; x_wconf 90' lang='lat' dir='ltr'><strong>oblitus;</strong></span> <span class='ocrx_word' id='word_1_464' title='bbox 2553 2801 2607 2854; x_wconf 92' lang='lat' dir='ltr'><strong>in</strong></span> <span class='ocrx_word' id='word_1_465' title='bbox 2631 2815 2691 2855; x_wconf 77' lang='lat' dir='ltr'><strong>ea</strong></span> <span class='ocrx_word' id='word_1_466' title='bbox 2715 2815 2833 2869; x_wconf 68' lang='lat' dir='ltr'><strong>quae</strong></span> <span class='ocrx_word' id='word_1_467' title='bbox 2851 2809 2974 2855; x_wconf 87' lang='lat' dir='ltr'><strong>sunt</strong></span> <span class='ocrx_word' id='word_1_468' title='bbox 2997 2809 3123 2855; x_wconf 88' lang='lat' dir='ltr'><strong>ante</strong></span> <span class='ocrx_word' id='word_1_469' title='bbox 3147 2803 3444 2857; x_wconf 77' lang='lat' dir='ltr'><strong>extendens</strong></span> <span class='ocrx_word' id='word_1_470' title='bbox 3468 2819 3573 2866; x_wconf 89' lang='lat' dir='ltr'><strong>tne,</strong></span> 
     </span>
    </p>
   </div>
   <div class='ocr_carea' id='block_1_60' title="bbox 1984 2890 3575 2963">
    <p class='ocr_par' dir='ltr' id='par_1_60' title="bbox 1984 2890 3575 2963">
     <span class='ocr_line' id='line_1_60' title="bbox 1984 2890 3575 2963; baseline 0 -17"><span class='ocrx_word' id='word_1_471' title='bbox 1984 2905 2183 2961; x_wconf 84' lang='lat' dir='ltr'><strong>sequor</strong></span> <span class='ocrx_word' id='word_1_472' title='bbox 2231 2893 2297 2944; x_wconf 67' lang='lat' dir='ltr'><strong>ad</strong></span> <span class='ocrx_word' id='word_1_473' title='bbox 2356 2893 2592 2960; x_wconf 86' lang='lat' dir='ltr'><strong>palmam</strong></span> <span class='ocrx_word' id='word_1_474' title='bbox 2658 2905 2903 2960; x_wconf 71' lang='lat' dir='ltr'><strong>superna:</strong></span> <span class='ocrx_word' id='word_1_475' title='bbox 2947 2893 3247 2946; x_wconf 77' lang='lat' dir='ltr'><strong>vocationis</strong></span> <span class='ocrx_word' id='word_1_476' title='bbox 3301 2890 3575 2963; x_wconf 81' lang='lat' dir='ltr'><strong>(Philipp.</strong></span> 
     </span>
    </p>
   </div>
   <div class='ocr_carea' id='block_1_61' title="bbox 1985 2982 3579 3053">
    <p class='ocr_par' dir='ltr' id='par_1_61' title="bbox 1985 2982 3579 3053">
     <span class='ocr_line' id='line_1_61' title="bbox 1985 2982 3579 3053; baseline 0.001 -16"><span class='ocrx_word' id='word_1_477' title='bbox 1985 2982 2093 3053; x_wconf 91' lang='lat' dir='ltr'><strong>nt).</strong></span> <span class='ocrx_word' id='word_1_478' title='bbox 2133 3002 2152 3036; x_wconf 76' lang='grc' dir='ltr'><strong>ι</strong></span> <span class='ocrx_word' id='word_1_479' title='bbox 2189 2983 2248 3036; x_wconf 88' lang='grc' dir='ltr'><strong>ιιι</strong></span> <span class='ocrx_word' id='word_1_480' title='bbox 2278 2984 2551 3037; x_wconf 87' lang='lat' dir='ltr'><strong>anteriora</strong></span> <span class='ocrx_word' id='word_1_481' title='bbox 2579 2983 2778 3038; x_wconf 90' lang='lat' dir='ltr'><strong>etenim</strong></span> <span class='ocrx_word' id='word_1_482' title='bbox 2808 2992 3060 3037; x_wconf 80' lang='lat' dir='ltr'><strong>extentus</strong></span> <span class='ocrx_word' id='word_1_483' title='bbox 3088 2998 3276 3038; x_wconf 88' lang='lat' dir='ltr'><strong>eorum</strong></span> <span class='ocrx_word' id='word_1_484' title='bbox 3323 3000 3444 3053; x_wconf 76' lang='lat' dir='ltr'><strong>qua:</strong></span> <span class='ocrx_word' id='word_1_485' title='bbox 3497 2999 3579 3038; x_wconf 88' lang='lat' dir='ltr'><strong>rc-</strong></span> 
     </span>
    </p>
   </div>
   <div class='ocr_carea' id='block_1_62' title="bbox 288 3063 3572 3147">
    <p class='ocr_par' dir='ltr' id='par_1_62' title="bbox 288 3063 3572 3147">
     <span class='ocr_line' id='line_1_62' title="bbox 288 3063 3572 3147; baseline -0 -18"><span class='ocrx_word' id='word_1_486' title='bbox 288 3086 404 3140; x_wconf 86' lang='lat' dir='ltr'><strong>tuo,</strong></span> <span class='ocrx_word' id='word_1_487' title='bbox 430 3084 489 3131; x_wconf 88' lang='lat' dir='ltr'><strong>et</strong></span> <span class='ocrx_word' id='word_1_488' title='bbox 530 3073 587 3129; x_wconf 90' lang='lat' dir='ltr'><strong>in</strong></span> <span class='ocrx_word' id='word_1_489' title='bbox 628 3082 741 3132; x_wconf 90' lang='lat' dir='ltr'><strong>toto</strong></span> <span class='ocrx_word' id='word_1_490' title='bbox 763 3075 894 3131; x_wconf 88' lang='lat' dir='ltr'><strong>orbe</strong></span> <span class='ocrx_word' id='word_1_491' title='bbox 923 3075 1197 3132; x_wconf 85' lang='lat' dir='ltr'><strong>volitantia</strong></span> <span class='ocrx_word' id='word_1_492' title='bbox 1252 3077 1358 3133; x_wconf 89' lang='lat' dir='ltr'><strong>huc</strong></span> <span class='ocrx_word' id='word_1_493' title='bbox 1402 3077 1635 3147; x_wconf 85' lang='lat' dir='ltr'><strong>illucque</strong></span> <span class='ocrx_word' id='word_1_494' title='bbox 1674 3078 1883 3135; x_wconf 88' lang='lat' dir='ltr'><strong>discur-</strong></span> <span class='ocrx_word' id='word_1_495' title='bbox 1909 3063 1955 3123; x_wconf 87' lang='lat' dir='ltr'>C</span> <span class='ocrx_word' id='word_1_496' title='bbox 1987 3082 2072 3129; x_wconf 91' lang='lat' dir='ltr'><strong>tro</strong></span> <span class='ocrx_word' id='word_1_497' title='bbox 2106 3083 2233 3130; x_wconf 88' lang='lat' dir='ltr'><strong>sunt</strong></span> <span class='ocrx_word' id='word_1_498' title='bbox 2259 3073 2462 3128; x_wconf 90' lang='lat' dir='ltr'><strong>oblitus</strong></span> <span class='ocrx_word' id='word_1_499' title='bbox 2488 3072 2692 3138; x_wconf 78' lang='lat' dir='ltr'><strong>fuerat;</strong></span> <span class='ocrx_word' id='word_1_500' title='bbox 2727 3073 2852 3142; x_wconf 86' lang='lat' dir='ltr'><strong>quia</strong></span> <span class='ocrx_word' id='word_1_501' title='bbox 2880 3073 3197 3144; x_wconf 82' lang='lat' dir='ltr'><strong>temporalia</strong></span> <span class='ocrx_word' id='word_1_502' title='bbox 3246 3074 3572 3144; x_wconf 78' lang='lat' dir='ltr'><strong>deSpiciens,</strong></span> 
     </span>
    </p>
   </div>
   <div class='ocr_carea' id='block_1_63' title="bbox 287 3165 1882 3241">
    <p class='ocr_par' dir='ltr' id='par_1_63' title="bbox 287 3165 1882 3241">
     <span class='ocr_line' id='line_1_63' title="bbox 287 3165 1882 3241; baseline 0.003 -19"><span class='ocrx_word' id='word_1_503' title='bbox 287 3177 442 3232; x_wconf 88' lang='lat' dir='ltr'><strong>runt,</strong></span> <span class='ocrx_word' id='word_1_504' title='bbox 474 3182 579 3222; x_wconf 91' lang='lat' dir='ltr'><strong>nec</strong></span> <span class='ocrx_word' id='word_1_505' title='bbox 606 3165 806 3222; x_wconf 87' lang='lat' dir='ltr'><strong>habent</strong></span> <span class='ocrx_word' id='word_1_506' title='bbox 849 3167 1010 3222; x_wconf 77' lang='lat' dir='ltr'><strong>finem</strong></span> <span class='ocrx_word' id='word_1_507' title='bbox 1032 3168 1261 3230; x_wconf 90' lang='lat' dir='ltr'><strong>volatus,</strong></span> <span class='ocrx_word' id='word_1_508' title='bbox 1289 3183 1389 3224; x_wconf 91' lang='lat' dir='ltr'><strong>nec</strong></span> <span class='ocrx_word' id='word_1_509' title='bbox 1414 3169 1705 3240; x_wconf 89' lang='lat' dir='ltr'><strong>aliquando</strong></span> <span class='ocrx_word' id='word_1_510' title='bbox 1730 3186 1882 3241; x_wconf 86' lang='lat' dir='ltr'><strong>supe-</strong></span> 
     </span>
    </p>
   </div>
   <div class='ocr_carea' id='block_1_64' title="bbox 285 3257 1880 3332">
    <p class='ocr_par' dir='ltr' id='par_1_64' title="bbox 285 3257 1880 3332">
     <span class='ocr_line' id='line_1_64' title="bbox 285 3257 1880 3332; baseline 0.004 -20"><span class='ocrx_word' id='word_1_511' title='bbox 285 3267 488 3313; x_wconf 87' lang='lat' dir='ltr'><strong>rantur</strong></span> <span class='ocrx_word' id='word_1_512' title='bbox 513 3266 571 3312; x_wconf 90' lang='lat' dir='ltr'><strong>et</strong></span> <span class='ocrx_word' id='word_1_513' title='bbox 604 3257 883 3325; x_wconf 87' lang='lat' dir='ltr'><strong>recedunt,</strong></span> <span class='ocrx_word' id='word_1_514' title='bbox 924 3259 1020 3314; x_wconf 83' lang='lat' dir='ltr'><strong>sed</strong></span> <span class='ocrx_word' id='word_1_515' title='bbox 1045 3274 1261 3328; x_wconf 88' lang='lat' dir='ltr'><strong>semper</strong></span> <span class='ocrx_word' id='word_1_516' title='bbox 1309 3260 1376 3314; x_wconf 90' lang='lat' dir='ltr'><strong>ad</strong></span> <span class='ocrx_word' id='word_1_517' title='bbox 1406 3259 1661 3316; x_wconf 86' lang='lat' dir='ltr'><strong>ulteriora</strong></span> <span class='ocrx_word' id='word_1_518' title='bbox 1688 3277 1880 3332; x_wconf 87' lang='lat' dir='ltr'><strong>proce-</strong></span> 
     </span>
    </p>
   </div>
   <div class='ocr_carea' id='block_1_65' title="bbox 283 3346 1881 3409">
    <p class='ocr_par' dir='ltr' id='par_1_65' title="bbox 283 3346 1881 3409">
     <span class='ocr_line' id='line_1_65' title="bbox 283 3346 1881 3409; baseline 0.004 -7"><span class='ocrx_word' id='word_1_519' title='bbox 283 3349 447 3403; x_wconf 88' lang='lat' dir='ltr'><strong>dunt.</strong></span> <span class='ocrx_word' id='word_1_520' title='bbox 478 3346 636 3403; x_wconf 88' lang='lat' dir='ltr'><strong>Unde</strong></span> <span class='ocrx_word' id='word_1_521' title='bbox 680 3356 735 3403; x_wconf 88' lang='lat' dir='ltr'><strong>et</strong></span> <span class='ocrx_word' id='word_1_522' title='bbox 753 3347 950 3403; x_wconf 87' lang='lat' dir='ltr'><strong>Paulus</strong></span> <span class='ocrx_word' id='word_1_523' title='bbox 974 3348 1139 3405; x_wconf 87' lang='lat' dir='ltr'><strong>dicit:</strong></span> <span class='ocrx_word' id='word_1_524' title='bbox 1175 3368 1193 3400; x_wconf 77' lang='grc' dir='ltr'><strong>ι</strong></span> <span class='ocrx_word' id='word_1_525' title='bbox 1224 3349 1631 3406; x_wconf 60' lang='lat' dir='ltr'><strong>Praeteritorum</strong></span> <span class='ocrx_word' id='word_1_526' title='bbox 1660 3352 1881 3409; x_wconf 85' lang='lat' dir='ltr'><strong>oblivis-</strong></span> 
     </span>
    </p>
   </div>
   <div class='ocr_carea' id='block_1_66' title="bbox 283 3437 1873 3513">
    <p class='ocr_par' dir='ltr' id='par_1_66' title="bbox 283 3437 1873 3513">
     <span class='ocr_line' id='line_1_66' title="bbox 283 3437 1873 3513; baseline 0.001 -19"><span class='ocrx_word' id='word_1_527' title='bbox 283 3455 438 3503; x_wconf 86' lang='lat' dir='ltr'><strong>cens,</strong></span> <span class='ocrx_word' id='word_1_528' title='bbox 466 3447 526 3494; x_wconf 94' lang='lat' dir='ltr'><strong>et</strong></span> <span class='ocrx_word' id='word_1_529' title='bbox 573 3439 628 3493; x_wconf 86' lang='lat' dir='ltr'><strong>in</strong></span> <span class='ocrx_word' id='word_1_530' title='bbox 678 3437 918 3494; x_wconf 88' lang='lat' dir='ltr'><strong>futurum</strong></span> <span class='ocrx_word' id='word_1_531' title='bbox 967 3454 1054 3495; x_wconf 85' lang='lat' dir='ltr'><strong>tne</strong></span> <span class='ocrx_word' id='word_1_532' title='bbox 1087 3440 1388 3496; x_wconf 79' lang='lat' dir='ltr'><strong>extendens</strong></span> <span class='ocrx_word' id='word_1_533' title='bbox 1417 3439 1674 3513; x_wconf 81' lang='lat' dir='ltr'><strong>(Philipp.</strong></span> <span class='ocrx_word' id='word_1_534' title='bbox 1708 3442 1812 3513; x_wconf 91' lang='grc' dir='ltr'>ιιι).</span> <span class='ocrx_word' id='word_1_535' title='bbox 1853 3463 1873 3495; x_wconf 78' lang='grc' dir='ltr'><strong>ι</strong></span> 
     </span>
    </p>
   </div>
   <div class='ocr_carea' id='block_1_67' title="bbox 284 3528 1876 3601">
    <p class='ocr_par' dir='ltr' id='par_1_67' title="bbox 284 3528 1876 3601">
     <span class='ocr_line' id='line_1_67' title="bbox 284 3528 1876 3601; baseline 0.005 -20"><span class='ocrx_word' id='word_1_536' title='bbox 284 3528 402 3584; x_wconf 76' lang='lat' dir='ltr'><strong>Hoc</strong></span> <span class='ocrx_word' id='word_1_537' title='bbox 429 3536 615 3583; x_wconf 88' lang='lat' dir='ltr'><strong>autem</strong></span> <span class='ocrx_word' id='word_1_538' title='bbox 642 3536 698 3583; x_wconf 89' lang='lat' dir='ltr'><strong>et</strong></span> <span class='ocrx_word' id='word_1_539' title='bbox 715 3529 780 3583; x_wconf 92' lang='lat' dir='ltr'><strong>de</strong></span> <span class='ocrx_word' id='word_1_540' title='bbox 808 3528 1097 3584; x_wconf 88' lang='lat' dir='ltr'><strong>virtutibus</strong></span> <span class='ocrx_word' id='word_1_541' title='bbox 1126 3530 1321 3584; x_wconf 78' lang='lat' dir='ltr'><strong>anitnze</strong></span> <span class='ocrx_word' id='word_1_542' title='bbox 1367 3546 1656 3601; x_wconf 88' lang='lat' dir='ltr'><strong>possumus</strong></span> <span class='ocrx_word' id='word_1_543' title='bbox 1674 3532 1876 3600; x_wconf 87' lang='lat' dir='ltr'><strong>dicere,</strong></span> 
     </span>
    </p>
   </div>
   <div class='ocr_carea' id='block_1_68' title="bbox 285 3617 1882 3691">
    <p class='ocr_par' dir='ltr' id='par_1_68' title="bbox 285 3617 1882 3691">
     <span class='ocr_line' id='line_1_68' title="bbox 285 3617 1882 3691; baseline 0.005 -19"><span class='ocrx_word' id='word_1_544' title='bbox 285 3628 335 3673; x_wconf 85' lang='lat' dir='ltr'><strong>et</strong></span> <span class='ocrx_word' id='word_1_545' title='bbox 386 3618 460 3673; x_wconf 87' lang='lat' dir='ltr'><strong>de</strong></span> <span class='ocrx_word' id='word_1_546' title='bbox 506 3617 690 3672; x_wconf 85' lang='lat' dir='ltr'><strong>volatu</strong></span> <span class='ocrx_word' id='word_1_547' title='bbox 721 3626 1041 3687; x_wconf 88' lang='lat' dir='ltr'><strong>temporum,</strong></span> <span class='ocrx_word' id='word_1_548' title='bbox 1079 3620 1561 3691; x_wconf 84' lang='lat' dir='ltr'><strong>commistioneque</strong></span> <span class='ocrx_word' id='word_1_549' title='bbox 1591 3623 1882 3680; x_wconf 90' lang='lat' dir='ltr'><strong>elemento-</strong></span> 
     </span>
    </p>
   </div>
   <div class='ocr_carea' id='block_1_69' title="bbox 288 3708 1879 3783">
    <p class='ocr_par' dir='ltr' id='par_1_69' title="bbox 288 3708 1879 3783">
     <span class='ocr_line' id='line_1_69' title="bbox 288 3708 1879 3783; baseline 0.004 -20"><span class='ocrx_word' id='word_1_550' title='bbox 288 3724 433 3773; x_wconf 88' lang='lat' dir='ltr'><strong>rum,</strong></span> <span class='ocrx_word' id='word_1_551' title='bbox 468 3708 613 3777; x_wconf 89' lang='lat' dir='ltr'><strong>quod</strong></span> <span class='ocrx_word' id='word_1_552' title='bbox 641 3708 914 3777; x_wconf 62' lang='lat' dir='ltr'><strong>praeterita</strong></span> <span class='ocrx_word' id='word_1_553' title='bbox 948 3709 1313 3778; x_wconf 85' lang='lat' dir='ltr'><strong>relinquentes</strong></span> <span class='ocrx_word' id='word_1_554' title='bbox 1343 3726 1556 3781; x_wconf 87' lang='lat' dir='ltr'><strong>semper</strong></span> <span class='ocrx_word' id='word_1_555' title='bbox 1581 3712 1650 3767; x_wconf 88' lang='lat' dir='ltr'><strong>ad</strong></span> <span class='ocrx_word' id='word_1_556' title='bbox 1695 3714 1879 3783; x_wconf 88' lang='lat' dir='ltr'><strong>priora</strong></span> 
     </span>
    </p>
   </div>
   <div class='ocr_carea' id='block_1_70' title="bbox 287 3797 1878 3877">
    <p class='ocr_par' dir='ltr' id='par_1_70' title="bbox 287 3797 1878 3877">
     <span class='ocr_line' id='line_1_70' title="bbox 287 3797 1878 3877; baseline 0.006 -25"><span class='ocrx_word' id='word_1_557' title='bbox 287 3799 572 3856; x_wconf 82' lang='lat' dir='ltr'><strong>festinent.</strong></span> <span class='ocrx_word' id='word_1_558' title='bbox 602 3797 754 3866; x_wconf 89' lang='lat' dir='ltr'><strong>Quod</strong></span> <span class='ocrx_word' id='word_1_559' title='bbox 785 3810 965 3856; x_wconf 87' lang='lat' dir='ltr'><strong>autem</strong></span> <span class='ocrx_word' id='word_1_560' title='bbox 992 3808 1232 3871; x_wconf 88' lang='lat' dir='ltr'><strong>tempora</strong></span> <span class='ocrx_word' id='word_1_561' title='bbox 1273 3802 1523 3857; x_wconf 86' lang='lat' dir='ltr'><strong>labantur</strong></span> <span class='ocrx_word' id='word_1_562' title='bbox 1563 3812 1618 3859; x_wconf 91' lang='lat' dir='ltr'><strong>et</strong></span> <span class='ocrx_word' id='word_1_563' title='bbox 1648 3803 1878 3877; x_wconf 80' lang='lat' dir='ltr'><strong>fugiant,</strong></span> 
     </span>
    </p>
   </div>
   <div class='ocr_carea' id='block_1_71' title="bbox 288 3891 1219 3950">
    <p class='ocr_par' dir='ltr' id='par_1_71' title="bbox 288 3891 1219 3950">
     <span class='ocr_line' id='line_1_71' title="bbox 288 3891 1219 3950; baseline 0.003 -4"><span class='ocrx_word' id='word_1_564' title='bbox 288 3892 441 3947; x_wconf 87' lang='lat' dir='ltr'><strong>brevi</strong></span> <span class='ocrx_word' id='word_1_565' title='bbox 471 3891 743 3946; x_wconf 85' lang='lat' dir='ltr'><strong>versiculo</strong></span> <span class='ocrx_word' id='word_1_566' title='bbox 779 3892 1183 3950; x_wconf 86' lang='lat' dir='ltr'><strong>demonstratur</strong></span> <span class='ocrx_word' id='word_1_567' title='bbox 1207 3913 1219 3949; x_wconf 92' lang='lat'>:</span> 
     </span>
    </p>
   </div>
   <div class='ocr_carea' id='block_1_72' title="bbox 474 3996 1684 4063">
    <p class='ocr_par' dir='ltr' id='par_1_72' title="bbox 474 3996 1684 4063">
     <span class='ocr_line' id='line_1_72' title="bbox 474 3996 1684 4063; baseline 0.003 -16"><span class='ocrx_word' id='word_1_568' title='bbox 474 3996 576 4047; x_wconf 83' lang='lat' dir='ltr'><strong>Sed</strong></span> <span class='ocrx_word' id='word_1_569' title='bbox 600 3996 723 4060; x_wconf 79' lang='lat' dir='ltr'><strong>fugit</strong></span> <span class='ocrx_word' id='word_1_570' title='bbox 750 4000 961 4061; x_wconf 82' lang='lat' dir='ltr'><strong>interea,</strong></span> <span class='ocrx_word' id='word_1_571' title='bbox 984 3998 1107 4062; x_wconf 78' lang='lat' dir='ltr'><strong>fugit</strong></span> <span class='ocrx_word' id='word_1_572' title='bbox 1128 4001 1450 4063; x_wconf 80' lang='lat' dir='ltr'><strong>irrepat-abite</strong></span> <span class='ocrx_word' id='word_1_573' title='bbox 1474 4008 1684 4063; x_wconf 84' lang='lat' dir='ltr'><strong>tempus.</strong></span> 
     </span>
    </p>
   </div>
   <div class='ocr_carea' id='block_1_73' title="bbox 287 4079 1875 4152">
    <p class='ocr_par' dir='ltr' id='par_1_73' title="bbox 287 4079 1875 4152">
     <span class='ocr_line' id='line_1_73' title="bbox 287 4079 1875 4152; baseline 0.003 -16"><span class='ocrx_word' id='word_1_574' title='bbox 287 4079 496 4152; x_wconf 72' lang='grc' dir='ltr'><strong>(ϐπ-ες.)</strong></span> <span class='ocrx_word' id='word_1_575' title='bbox 519 4080 625 4137; x_wconf 89' lang='lat' dir='ltr'><strong>Per</strong></span> <span class='ocrx_word' id='word_1_576' title='bbox 648 4091 882 4152; x_wconf 88' lang='lat' dir='ltr'><strong>quatuor</strong></span> <span class='ocrx_word' id='word_1_577' title='bbox 909 4092 1090 4152; x_wconf 89' lang='lat' dir='ltr'><strong>partes</strong></span> <span class='ocrx_word' id='word_1_578' title='bbox 1112 4082 1280 4139; x_wconf 90' lang='lat' dir='ltr'><strong>facies</strong></span> <span class='ocrx_word' id='word_1_579' title='bbox 1304 4094 1358 4140; x_wconf 90' lang='lat' dir='ltr'><strong>et</strong></span> <span class='ocrx_word' id='word_1_580' title='bbox 1395 4100 1598 4151; x_wconf 85' lang='lat' dir='ltr'><strong>pennas</strong></span> <span class='ocrx_word' id='word_1_581' title='bbox 1622 4087 1875 4142; x_wconf 88' lang='lat' dir='ltr'><strong>animalia</strong></span> 
     </span>
    </p>
   </div>
   <div class='ocr_carea' id='block_1_74' title="bbox 290 4172 1870 4247">
    <p class='ocr_par' dir='ltr' id='par_1_74' title="bbox 290 4172 1870 4247">
     <span class='ocr_line' id='line_1_74' title="bbox 290 4172 1870 4247; baseline 0.004 -22"><span class='ocrx_word' id='word_1_582' title='bbox 290 4173 517 4236; x_wconf 83' lang='lat' dir='ltr'><strong>habent,</strong></span> <span class='ocrx_word' id='word_1_583' title='bbox 537 4172 665 4242; x_wconf 87' lang='lat' dir='ltr'><strong>quia</strong></span> <span class='ocrx_word' id='word_1_584' title='bbox 700 4173 753 4227; x_wconf 90' lang='lat' dir='ltr'><strong>in</strong></span> <span class='ocrx_word' id='word_1_585' title='bbox 787 4173 997 4229; x_wconf 88' lang='lat' dir='ltr'><strong>cunctis</strong></span> <span class='ocrx_word' id='word_1_586' title='bbox 1021 4174 1205 4228; x_wconf 90' lang='lat' dir='ltr'><strong>mundi</strong></span> <span class='ocrx_word' id='word_1_587' title='bbox 1232 4176 1544 4245; x_wconf 80' lang='lat' dir='ltr'><strong>regionibus</strong></span> <span class='ocrx_word' id='word_1_588' title='bbox 1575 4178 1870 4247; x_wconf 81' lang='lat' dir='ltr'><strong>praedican-</strong></span> 
     </span>
    </p>
   </div>
   <div class='ocr_carea' id='block_1_75' title="bbox 289 4260 1880 4336">
    <p class='ocr_par' dir='ltr' id='par_1_75' title="bbox 289 4260 1880 4336">
     <span class='ocr_line' id='line_1_75' title="bbox 289 4260 1880 4336; baseline 0.004 -21"><span class='ocrx_word' id='word_1_589' title='bbox 289 4272 374 4316; x_wconf 85' lang='lat' dir='ltr'><strong>tes</strong></span> <span class='ocrx_word' id='word_1_590' title='bbox 387 4260 786 4328; x_wconf 86' lang='lat' dir='ltr'><strong>demonstrant,</strong></span> <span class='ocrx_word' id='word_1_591' title='bbox 805 4263 1062 4333; x_wconf 89' lang='lat' dir='ltr'><strong>quidquid</strong></span> <span class='ocrx_word' id='word_1_592' title='bbox 1078 4264 1142 4318; x_wconf 88' lang='lat' dir='ltr'><strong>de</strong></span> <span class='ocrx_word' id='word_1_593' title='bbox 1156 4264 1508 4329; x_wconf 86' lang='lat' dir='ltr'><strong>humanitate,</strong></span> <span class='ocrx_word' id='word_1_594' title='bbox 1532 4267 1790 4336; x_wconf 81' lang='lat' dir='ltr'><strong>quidquid</strong></span> <span class='ocrx_word' id='word_1_595' title='bbox 1813 4269 1880 4323; x_wconf 89' lang='lat' dir='ltr'><strong>de</strong></span> 
     </span>
    </p>
   </div>
   <div class='ocr_carea' id='block_1_76' title="bbox 286 4350 1881 4421">
    <p class='ocr_par' dir='ltr' id='par_1_76' title="bbox 286 4350 1881 4421">
     <span class='ocr_line' id='line_1_76' title="bbox 286 4350 1881 4421; baseline 0.004 -18"><span class='ocrx_word' id='word_1_596' title='bbox 286 4350 580 4405; x_wconf 76' lang='lat' dir='ltr'><strong>divinitate</strong></span> <span class='ocrx_word' id='word_1_597' title='bbox 600 4356 767 4406; x_wconf 88' lang='lat' dir='ltr'><strong>nostri</strong></span> <span class='ocrx_word' id='word_1_598' title='bbox 794 4351 1166 4421; x_wconf 79' lang='lat' dir='ltr'><strong>Redemptoris</strong></span> <span class='ocrx_word' id='word_1_599' title='bbox 1199 4353 1451 4408; x_wconf 88' lang='lat' dir='ltr'><strong>sentiunt.</strong></span> <span class='ocrx_word' id='word_1_600' title='bbox 1481 4355 1617 4421; x_wconf 81' lang='lat' dir='ltr'><strong>Quia</strong></span> <span class='ocrx_word' id='word_1_601' title='bbox 1638 4355 1765 4409; x_wconf 89' lang='lat' dir='ltr'><strong>dum</strong></span> <span class='ocrx_word' id='word_1_602' title='bbox 1796 4356 1881 4410; x_wconf 86' lang='lat' dir='ltr'><strong>in-</strong></span> 
     </span>
    </p>
   </div>
   <div class='ocr_carea' id='block_1_77' title="bbox 1983 3163 3571 3235">
    <p class='ocr_par' dir='ltr' id='par_1_77' title="bbox 1983 3163 3571 3235">
     <span class='ocr_line' id='line_1_77' title="bbox 1983 3163 3571 3235; baseline -0.003 -14"><span class='ocrx_word' id='word_1_603' title='bbox 1983 3165 2097 3221; x_wconf 89' lang='lat' dir='ltr'><strong>sola</strong></span> <span class='ocrx_word' id='word_1_604' title='bbox 2123 3180 2244 3235; x_wconf 83' lang='lat' dir='ltr'><strong>quae</strong></span> <span class='ocrx_word' id='word_1_605' title='bbox 2272 3175 2399 3219; x_wconf 90' lang='lat' dir='ltr'><strong>sunt</strong></span> <span class='ocrx_word' id='word_1_606' title='bbox 2428 3173 2628 3218; x_wconf 66' lang='lat' dir='ltr'><strong>aeterna</strong></span> <span class='ocrx_word' id='word_1_607' title='bbox 2658 3164 2987 3232; x_wconf 78' lang='lat' dir='ltr'><strong>requirebat.</strong></span> <span class='ocrx_word' id='word_1_608' title='bbox 3038 3163 3181 3218; x_wconf 83' lang='lat' dir='ltr'><strong>Ante</strong></span> <span class='ocrx_word' id='word_1_609' title='bbox 3211 3163 3405 3218; x_wconf 89' lang='lat' dir='ltr'><strong>faciem</strong></span> <span class='ocrx_word' id='word_1_610' title='bbox 3443 3179 3571 3235; x_wconf 82' lang='lat' dir='ltr'><strong>ergo</strong></span> 
     </span>
    </p>
   </div>
   <div class='ocr_carea' id='block_1_78' title="bbox 1983 3255 3573 3326">
    <p class='ocr_par' dir='ltr' id='par_1_78' title="bbox 1983 3255 3573 3326">
     <span class='ocr_line' id='line_1_78' title="bbox 1983 3255 3573 3326; baseline -0.002 -13"><span class='ocrx_word' id='word_1_611' title='bbox 1983 3273 2133 3313; x_wconf 90' lang='lat' dir='ltr'><strong>suam</strong></span> <span class='ocrx_word' id='word_1_612' title='bbox 2167 3258 2486 3326; x_wconf 85' lang='lat' dir='ltr'><strong>gradiuntur</strong></span> <span class='ocrx_word' id='word_1_613' title='bbox 2514 3264 2699 3310; x_wconf 88' lang='lat' dir='ltr'><strong>sancta</strong></span> <span class='ocrx_word' id='word_1_614' title='bbox 2752 3255 3008 3308; x_wconf 82' lang='lat' dir='ltr'><strong>attimalia</strong></span> <span class='ocrx_word' id='word_1_615' title='bbox 3032 3295 3045 3318; x_wconf 91' lang='lat'><strong>,</strong></span> <span class='ocrx_word' id='word_1_616' title='bbox 3102 3256 3227 3325; x_wconf 90' lang='lat' dir='ltr'><strong>quia</strong></span> <span class='ocrx_word' id='word_1_617' title='bbox 3254 3265 3311 3310; x_wconf 91' lang='lat' dir='ltr'><strong>et</strong></span> <span class='ocrx_word' id='word_1_618' title='bbox 3356 3271 3419 3311; x_wconf 89' lang='lat' dir='ltr'><strong>ea</strong></span> <span class='ocrx_word' id='word_1_619' title='bbox 3452 3271 3573 3325; x_wconf 80' lang='lat' dir='ltr'><strong>qua:</strong></span> 
     </span>
    </p>
   </div>
   <div class='ocr_carea' id='block_1_79' title="bbox 1984 3345 3574 3416">
    <p class='ocr_par' dir='ltr' id='par_1_79' title="bbox 1984 3345 3574 3416">
     <span class='ocr_line' id='line_1_79' title="bbox 1984 3345 3574 3416; baseline -0.001 -15"><span class='ocrx_word' id='word_1_620' title='bbox 1984 3348 2338 3416; x_wconf 84' lang='lat' dir='ltr'><strong>reliquerunt,</strong></span> <span class='ocrx_word' id='word_1_621' title='bbox 2361 3346 2505 3401; x_wconf 91' lang='lat' dir='ltr'><strong>nullo</strong></span> <span class='ocrx_word' id='word_1_622' title='bbox 2515 3346 2628 3416; x_wconf 90' lang='lat' dir='ltr'><strong>jam</strong></span> <span class='ocrx_word' id='word_1_623' title='bbox 2649 3345 2886 3414; x_wconf 88' lang='lat' dir='ltr'><strong>appetitu</strong></span> <span class='ocrx_word' id='word_1_624' title='bbox 2910 3345 3224 3414; x_wconf 85' lang='lat' dir='ltr'><strong>respiciunt,</strong></span> <span class='ocrx_word' id='word_1_625' title='bbox 3246 3354 3302 3400; x_wconf 91' lang='lat' dir='ltr'><strong>et</strong></span> <span class='ocrx_word' id='word_1_626' title='bbox 3330 3347 3385 3399; x_wconf 93' lang='lat' dir='ltr'><strong>in</strong></span> <span class='ocrx_word' id='word_1_627' title='bbox 3414 3355 3574 3401; x_wconf 73' lang='lat' dir='ltr'><strong>teter-</strong></span> 
     </span>
    </p>
   </div>
   <div class='ocr_carea' id='block_1_80' title="bbox 1982 3438 3575 3506">
    <p class='ocr_par' dir='ltr' id='par_1_80' title="bbox 1982 3438 3575 3506">
     <span class='ocr_line' id='line_1_80' title="bbox 1982 3438 3575 3506; baseline 0.001 -15"><span class='ocrx_word' id='word_1_628' title='bbox 1982 3439 2067 3492; x_wconf 90' lang='lat' dir='ltr'><strong>nis</strong></span> <span class='ocrx_word' id='word_1_629' title='bbox 2109 3451 2231 3506; x_wconf 69' lang='lat' dir='ltr'><strong>quae</strong></span> <span class='ocrx_word' id='word_1_630' title='bbox 2274 3445 2550 3506; x_wconf 86' lang='lat' dir='ltr'><strong>appetunt,</strong></span> <span class='ocrx_word' id='word_1_631' title='bbox 2587 3440 2689 3491; x_wconf 86' lang='lat' dir='ltr'><strong>sub</strong></span> <span class='ocrx_word' id='word_1_632' title='bbox 2748 3438 3217 3506; x_wconf 87' lang='lat' dir='ltr'><strong>contemplationis</strong></span> <span class='ocrx_word' id='word_1_633' title='bbox 3261 3453 3374 3493; x_wconf 69' lang='lat' dir='ltr'><strong>suae</strong></span> <span class='ocrx_word' id='word_1_634' title='bbox 3416 3439 3575 3493; x_wconf 89' lang='lat' dir='ltr'><strong>oculo</strong></span> 
     </span>
    </p>
   </div>
   <div class='ocr_carea' id='block_1_81' title="bbox 1981 3525 3574 3596">
    <p class='ocr_par' dir='ltr' id='par_1_81' title="bbox 1981 3525 3574 3596">
     <span class='ocr_line' id='line_1_81' title="bbox 1981 3525 3574 3596; baseline 0.001 -17"><span class='ocrx_word' id='word_1_635' title='bbox 1981 3526 2108 3580; x_wconf 88' lang='lat' dir='ltr'><strong>boni</strong></span> <span class='ocrx_word' id='word_1_636' title='bbox 2143 3527 2324 3596; x_wconf 88' lang='lat' dir='ltr'><strong>operis</strong></span> <span class='ocrx_word' id='word_1_637' title='bbox 2352 3527 2541 3594; x_wconf 90' lang='lat' dir='ltr'><strong>pedem</strong></span> <span class='ocrx_word' id='word_1_638' title='bbox 2573 3534 2795 3594; x_wconf 88' lang='lat' dir='ltr'><strong>ponunt.</strong></span> <span class='ocrx_word' id='word_1_639' title='bbox 2827 3525 3081 3595; x_wconf 82' lang='lat' dir='ltr'><strong>Quisquis</strong></span> <span class='ocrx_word' id='word_1_640' title='bbox 3107 3527 3289 3595; x_wconf 89' lang='lat' dir='ltr'><strong>itaque</strong></span> <span class='ocrx_word' id='word_1_641' title='bbox 3307 3525 3423 3595; x_wconf 87' lang='lat' dir='ltr'><strong>jam</strong></span> <span class='ocrx_word' id='word_1_642' title='bbox 3444 3533 3574 3581; x_wconf 87' lang='lat' dir='ltr'><strong>ante</strong></span> 
     </span>
    </p>
   </div>
   <div class='ocr_carea' id='block_1_82' title="bbox 1981 3617 3574 3688">
    <p class='ocr_par' dir='ltr' id='par_1_82' title="bbox 1981 3617 3574 3688">
     <span class='ocr_line' id='line_1_82' title="bbox 1981 3617 3574 3688; baseline 0.001 -17"><span class='ocrx_word' id='word_1_643' title='bbox 1981 3618 2175 3673; x_wconf 84' lang='lat' dir='ltr'><strong>faciem</strong></span> <span class='ocrx_word' id='word_1_644' title='bbox 2198 3634 2350 3673; x_wconf 91' lang='lat' dir='ltr'><strong>suam</strong></span> <span class='ocrx_word' id='word_1_645' title='bbox 2372 3617 2650 3672; x_wconf 83' lang='lat' dir='ltr'><strong>ambulare</strong></span> <span class='ocrx_word' id='word_1_646' title='bbox 2677 3618 2999 3683; x_wconf 83' lang='lat' dir='ltr'><strong>decreverit,</strong></span> <span class='ocrx_word' id='word_1_647' title='bbox 3026 3632 3217 3688; x_wconf 85' lang='lat' dir='ltr'><strong>magna</strong></span> <span class='ocrx_word' id='word_1_648' title='bbox 3246 3619 3297 3671; x_wconf 89' lang='lat' dir='ltr'><strong>ei</strong></span> <span class='ocrx_word' id='word_1_649' title='bbox 3326 3619 3574 3673; x_wconf 83' lang='lat' dir='ltr'><strong>conside-</strong></span> 
     </span>
    </p>
   </div>
   <div class='ocr_carea' id='block_1_83' title="bbox 1980 3709 3571 3780">
    <p class='ocr_par' dir='ltr' id='par_1_83' title="bbox 1980 3709 3571 3780">
     <span class='ocr_line' id='line_1_83' title="bbox 1980 3709 3571 3780; baseline 0.002 -16"><span class='ocrx_word' id='word_1_650' title='bbox 1980 3712 2191 3765; x_wconf 88' lang='lat' dir='ltr'><strong>ratione</strong></span> <span class='ocrx_word' id='word_1_651' title='bbox 2214 3710 2548 3780; x_wconf 87' lang='lat' dir='ltr'><strong>pensandum</strong></span> <span class='ocrx_word' id='word_1_652' title='bbox 2570 3718 2681 3774; x_wconf 89' lang='lat' dir='ltr'><strong>est;</strong></span> <span class='ocrx_word' id='word_1_653' title='bbox 2705 3710 2847 3779; x_wconf 89' lang='lat' dir='ltr'><strong>quod</strong></span> <span class='ocrx_word' id='word_1_654' title='bbox 2863 3709 3020 3765; x_wconf 86' lang='lat' dir='ltr'><strong>aliter</strong></span> <span class='ocrx_word' id='word_1_655' title='bbox 3040 3718 3188 3765; x_wconf 88' lang='lat' dir='ltr'><strong>retro</strong></span> <span class='ocrx_word' id='word_1_656' title='bbox 3201 3710 3487 3780; x_wconf 85' lang='lat' dir='ltr'><strong>respicitur</strong></span> <span class='ocrx_word' id='word_1_657' title='bbox 3502 3729 3571 3767; x_wconf 74' lang='lat' dir='ltr'><strong>ex</strong></span> 
     </span>
    </p>
   </div>
   <div class='ocr_carea' id='block_1_84' title="bbox 1980 3799 3575 3875">
    <p class='ocr_par' dir='ltr' id='par_1_84' title="bbox 1980 3799 3575 3875">
     <span class='ocr_line' id='line_1_84' title="bbox 1980 3799 3575 3875; baseline 0 -20"><span class='ocrx_word' id='word_1_658' title='bbox 1980 3817 2167 3870; x_wconf 87' lang='lat' dir='ltr'><strong>opere,</strong></span> <span class='ocrx_word' id='word_1_659' title='bbox 2198 3810 2360 3872; x_wconf 90' lang='lat' dir='ltr'><strong>atque</strong></span> <span class='ocrx_word' id='word_1_660' title='bbox 2392 3800 2548 3855; x_wconf 88' lang='lat' dir='ltr'><strong>aliter</strong></span> <span class='ocrx_word' id='word_1_661' title='bbox 2572 3814 2638 3854; x_wconf 82' lang='lat' dir='ltr'><strong>ex</strong></span> <span class='ocrx_word' id='word_1_662' title='bbox 2667 3800 3014 3875; x_wconf 79' lang='lat' dir='ltr'><strong>cogitatione.</strong></span> <span class='ocrx_word' id='word_1_663' title='bbox 3046 3799 3184 3856; x_wconf 88' lang='lat' dir='ltr'><strong>Sunt</strong></span> <span class='ocrx_word' id='word_1_664' title='bbox 3219 3802 3418 3856; x_wconf 90' lang='lat' dir='ltr'><strong>etenim</strong></span> <span class='ocrx_word' id='word_1_665' title='bbox 3449 3804 3575 3872; x_wconf 90' lang='lat' dir='ltr'><strong>qui-</strong></span> 
     </span>
    </p>
   </div>
   <div class='ocr_carea' id='block_1_85' title="bbox 1981 3894 3571 3966">
    <p class='ocr_par' dir='ltr' id='par_1_85' title="bbox 1981 3894 3571 3966">
     <span class='ocr_line' id='line_1_85' title="bbox 1981 3894 3571 3966; baseline 0.003 -17"><span class='ocrx_word' id='word_1_666' title='bbox 1981 3896 2104 3949; x_wconf 79' lang='lat' dir='ltr'><strong>dam</strong></span> <span class='ocrx_word' id='word_1_667' title='bbox 2138 3896 2229 3964; x_wconf 90' lang='lat' dir='ltr'><strong>qui</strong></span> <span class='ocrx_word' id='word_1_668' title='bbox 2259 3909 2451 3965; x_wconf 85' lang='lat' dir='ltr'><strong>magna</strong></span> <span class='ocrx_word' id='word_1_669' title='bbox 2497 3894 2823 3960; x_wconf 88' lang='lat' dir='ltr'><strong>deliberant,</strong></span> <span class='ocrx_word' id='word_1_670' title='bbox 2870 3904 2927 3951; x_wconf 90' lang='lat' dir='ltr'><strong>et</strong></span> <span class='ocrx_word' id='word_1_671' title='bbox 2970 3905 3317 3966; x_wconf 86' lang='lat' dir='ltr'><strong>peccatorum</strong></span> <span class='ocrx_word' id='word_1_672' title='bbox 3351 3912 3571 3953; x_wconf 91' lang='lat' dir='ltr'><strong>suorum</strong></span> 
     </span>
    </p>
   </div>
   <div class='ocr_carea' id='block_1_86' title="bbox 1981 3984 3575 4058">
    <p class='ocr_par' dir='ltr' id='par_1_86' title="bbox 1981 3984 3575 4058">
     <span class='ocr_line' id='line_1_86' title="bbox 1981 3984 3575 4058; baseline 0.003 -19"><span class='ocrx_word' id='word_1_673' title='bbox 1981 3985 2183 4040; x_wconf 88' lang='lat' dir='ltr'><strong>conscii</strong></span> <span class='ocrx_word' id='word_1_674' title='bbox 2238 3984 2404 4038; x_wconf 89' lang='lat' dir='ltr'><strong>multa</strong></span> <span class='ocrx_word' id='word_1_675' title='bbox 2451 3999 2516 4039; x_wconf 83' lang='lat' dir='ltr'><strong>ex</strong></span> <span class='ocrx_word' id='word_1_676' title='bbox 2559 3985 2645 4041; x_wconf 88' lang='lat' dir='ltr'><strong>his</strong></span> <span class='ocrx_word' id='word_1_677' title='bbox 2697 4001 2817 4056; x_wconf 77' lang='lat' dir='ltr'><strong>quae</strong></span> <span class='ocrx_word' id='word_1_678' title='bbox 2851 3986 3128 4057; x_wconf 83' lang='lat' dir='ltr'><strong>posident</strong></span> <span class='ocrx_word' id='word_1_679' title='bbox 3165 3988 3352 4058; x_wconf 78' lang='lat' dir='ltr'><strong>egenis</strong></span> <span class='ocrx_word' id='word_1_680' title='bbox 3387 3989 3575 4045; x_wconf 82' lang='lat' dir='ltr'><strong>distri-</strong></span> 
     </span>
    </p>
   </div>
   <div class='ocr_carea' id='block_1_87' title="bbox 1980 4078 3574 4148">
    <p class='ocr_par' dir='ltr' id='par_1_87' title="bbox 1980 4078 3574 4148">
     <span class='ocr_line' id='line_1_87' title="bbox 1980 4078 3574 4148; baseline 0.006 -17"><span class='ocrx_word' id='word_1_681' title='bbox 1980 4078 2152 4132; x_wconf 85' lang='lat' dir='ltr'><strong>buete</strong></span> <span class='ocrx_word' id='word_1_682' title='bbox 2177 4085 2538 4147; x_wconf 83' lang='lat' dir='ltr'><strong>pertractant,</strong></span> <span class='ocrx_word' id='word_1_683' title='bbox 2562 4086 2623 4132; x_wconf 91' lang='lat' dir='ltr'><strong>ut</strong></span> <span class='ocrx_word' id='word_1_684' title='bbox 2669 4079 2855 4148; x_wconf 91' lang='lat' dir='ltr'><strong>culpas</strong></span> <span class='ocrx_word' id='word_1_685' title='bbox 2903 4094 3030 4134; x_wconf 89' lang='lat' dir='ltr'><strong>suas</strong></span> <span class='ocrx_word' id='word_1_686' title='bbox 3074 4091 3199 4136; x_wconf 90' lang='lat' dir='ltr'><strong>ante</strong></span> <span class='ocrx_word' id='word_1_687' title='bbox 3256 4082 3348 4137; x_wconf 91' lang='lat' dir='ltr'><strong>Dei</strong></span> <span class='ocrx_word' id='word_1_688' title='bbox 3389 4084 3574 4140; x_wconf 90' lang='lat' dir='ltr'><strong>oculos</strong></span> 
     </span>
    </p>
   </div>
   <div class='ocr_carea' id='block_1_88' title="bbox 1982 4166 3575 4241">
    <p class='ocr_par' dir='ltr' id='par_1_88' title="bbox 1982 4166 3575 4241">
     <span class='ocr_line' id='line_1_88' title="bbox 1982 4166 3575 4241; baseline 0.004 -22"><span class='ocrx_word' id='word_1_689' title='bbox 1982 4166 2368 4221; x_wconf 76' lang='lat' dir='ltr'><strong>misericordia:</strong></span> <span class='ocrx_word' id='word_1_690' title='bbox 2401 4168 2698 4224; x_wconf 86' lang='lat' dir='ltr'><strong>visceribus</strong></span> <span class='ocrx_word' id='word_1_691' title='bbox 2724 4170 3008 4223; x_wconf 87' lang='lat' dir='ltr'><strong>redimant.</strong></span> <span class='ocrx_word' id='word_1_692' title='bbox 3034 4168 3261 4240; x_wconf 85' lang='lat' dir='ltr'><strong>Jamque</strong></span> <span class='ocrx_word' id='word_1_693' title='bbox 3295 4172 3410 4228; x_wconf 70' lang='lat' dir='ltr'><strong>haec</strong></span> <span class='ocrx_word' id='word_1_694' title='bbox 3444 4189 3575 4241; x_wconf 87' lang='lat' dir='ltr'><strong>ope-</strong></span> 
     </span>
    </p>
   </div>
   <div class='ocr_carea' id='block_1_89' title="bbox 1982 4256 3574 4332">
    <p class='ocr_par' dir='ltr' id='par_1_89' title="bbox 1982 4256 3574 4332">
     <span class='ocr_line' id='line_1_89' title="bbox 1982 4256 3574 4332; baseline 0.005 -24"><span class='ocrx_word' id='word_1_695' title='bbox 1982 4256 2090 4309; x_wconf 88' lang='lat' dir='ltr'><strong>rari</strong></span> <span class='ocrx_word' id='word_1_696' title='bbox 2120 4256 2396 4321; x_wconf 76' lang='lat' dir='ltr'><strong>inchoent,</strong></span> <span class='ocrx_word' id='word_1_697' title='bbox 2427 4266 2482 4312; x_wconf 91' lang='lat' dir='ltr'><strong>et</strong></span> <span class='ocrx_word' id='word_1_698' title='bbox 2512 4258 2829 4328; x_wconf 87' lang='lat' dir='ltr'><strong>plerumque</strong></span> <span class='ocrx_word' id='word_1_699' title='bbox 2855 4274 2976 4313; x_wconf 87' lang='lat' dir='ltr'><strong>cum</strong></span> <span class='ocrx_word' id='word_1_700' title='bbox 3020 4268 3316 4328; x_wconf 84' lang='lat' dir='ltr'><strong>operantur</strong></span> <span class='ocrx_word' id='word_1_701' title='bbox 3338 4277 3574 4332; x_wconf 87' lang='lat' dir='ltr'><strong>pauper-</strong></span> 
     </span>
    </p>
   </div>
   <div class='ocr_carea' id='block_1_90' title="bbox 1982 4345 3571 4418">
    <p class='ocr_par' dir='ltr' id='par_1_90' title="bbox 1982 4345 3571 4418">
     <span class='ocr_line' id='line_1_90' title="bbox 1982 4345 3571 4418; baseline 0.005 -19"><span class='ocrx_word' id='word_1_702' title='bbox 1982 4346 2108 4400; x_wconf 89' lang='lat' dir='ltr'><strong>tatis</strong></span> <span class='ocrx_word' id='word_1_703' title='bbox 2142 4345 2306 4400; x_wconf 90' lang='lat' dir='ltr'><strong>timor</strong></span> <span class='ocrx_word' id='word_1_704' title='bbox 2329 4362 2517 4402; x_wconf 88' lang='lat' dir='ltr'><strong>eorum</strong></span> <span class='ocrx_word' id='word_1_705' title='bbox 2560 4353 2797 4402; x_wconf 89' lang='lat' dir='ltr'><strong>animum</strong></span> <span class='ocrx_word' id='word_1_706' title='bbox 2828 4349 3087 4412; x_wconf 85' lang='lat' dir='ltr'><strong>concutit,</strong></span> <span class='ocrx_word' id='word_1_707' title='bbox 3111 4360 3272 4418; x_wconf 85' lang='lat' dir='ltr'><strong>atque</strong></span> <span class='ocrx_word' id='word_1_708' title='bbox 3318 4351 3571 4407; x_wconf 89' lang='lat' dir='ltr'><strong>timentes</strong></span> 
     </span>
    </p>
   </div>
   <div class='ocr_carea' id='block_1_91' title="bbox 286 4433 3571 4514">
    <p class='ocr_par' dir='ltr' id='par_1_91' title="bbox 286 4433 3571 4514">
     <span class='ocr_line' id='line_1_91' title="bbox 286 4433 3571 4514; baseline 0 -18"><span class='ocrx_word' id='word_1_709' title='bbox 286 4449 579 4497; x_wconf 85' lang='lat' dir='ltr'><strong>carnatum</strong></span> <span class='ocrx_word' id='word_1_710' title='bbox 601 4442 770 4497; x_wconf 90' lang='lat' dir='ltr'><strong>Deum</strong></span> <span class='ocrx_word' id='word_1_711' title='bbox 794 4441 990 4511; x_wconf 88' lang='lat' dir='ltr'><strong>ubique</strong></span> <span class='ocrx_word' id='word_1_712' title='bbox 1009 4443 1328 4512; x_wconf 63' lang='lat' dir='ltr'><strong>praedicant,</strong></span> <span class='ocrx_word' id='word_1_713' title='bbox 1355 4444 1409 4497; x_wconf 91' lang='lat' dir='ltr'><strong>in</strong></span> <span class='ocrx_word' id='word_1_714' title='bbox 1435 4455 1667 4514; x_wconf 83' lang='lat' dir='ltr'><strong>quatuor</strong></span> <span class='ocrx_word' id='word_1_715' title='bbox 1694 4448 1875 4501; x_wconf 63' lang='lat' dir='ltr'><strong>ntuudi</strong></span> <span class='ocrx_word' id='word_1_716' title='bbox 1903 4433 1957 4491; x_wconf 92' lang='lat' dir='ltr'><strong>D</strong></span> <span class='ocrx_word' id='word_1_717' title='bbox 1981 4450 2048 4489; x_wconf 86' lang='lat' dir='ltr'><strong>ne</strong></span> <span class='ocrx_word' id='word_1_718' title='bbox 2075 4444 2286 4506; x_wconf 79' lang='lat' dir='ltr'><strong>egeant,</strong></span> <span class='ocrx_word' id='word_1_719' title='bbox 2319 4452 2449 4507; x_wconf 84' lang='lat' dir='ltr'><strong>erga</strong></span> <span class='ocrx_word' id='word_1_720' title='bbox 2488 4446 2710 4507; x_wconf 85' lang='lat' dir='ltr'><strong>egentes</strong></span> <span class='ocrx_word' id='word_1_721' title='bbox 2740 4447 2960 4491; x_wconf 88' lang='lat' dir='ltr'><strong>tenaces</strong></span> <span class='ocrx_word' id='word_1_722' title='bbox 3010 4437 3144 4490; x_wconf 80' lang='lat' dir='ltr'><strong>fiunt</strong></span> <span class='ocrx_word' id='word_1_723' title='bbox 3167 4478 3182 4503; x_wconf 94' lang='lat'><strong>,</strong></span> <span class='ocrx_word' id='word_1_724' title='bbox 3242 4453 3472 4509; x_wconf 89' lang='lat' dir='ltr'><strong>seseque</strong></span> <span class='ocrx_word' id='word_1_725' title='bbox 3500 4442 3571 4496; x_wconf 91' lang='lat' dir='ltr'><strong>ab</strong></span> 
     </span>
    </p>
   </div>
   <div class='ocr_carea' id='block_1_92' title="bbox 286 4531 1875 4604">
    <p class='ocr_par' dir='ltr' id='par_1_92' title="bbox 286 4531 1875 4604">
     <span class='ocr_line' id='line_1_92' title="bbox 286 4531 1875 4604; baseline 0.002 -16"><span class='ocrx_word' id='word_1_726' title='bbox 286 4534 543 4604; x_wconf 89' lang='lat' dir='ltr'><strong>partibus</strong></span> <span class='ocrx_word' id='word_1_727' title='bbox 562 4531 729 4589; x_wconf 86' lang='lat' dir='ltr'><strong>facies</strong></span> <span class='ocrx_word' id='word_1_728' title='bbox 751 4533 1154 4600; x_wconf 89' lang='lat' dir='ltr'><strong>demonstrant;</strong></span> <span class='ocrx_word' id='word_1_729' title='bbox 1178 4535 1413 4604; x_wconf 89' lang='lat' dir='ltr'><strong>dumque</strong></span> <span class='ocrx_word' id='word_1_730' title='bbox 1432 4551 1555 4591; x_wconf 89' lang='lat' dir='ltr'><strong>eum</strong></span> <span class='ocrx_word' id='word_1_731' title='bbox 1577 4551 1697 4592; x_wconf 89' lang='lat' dir='ltr'><strong>esse</strong></span> <span class='ocrx_word' id='word_1_732' title='bbox 1711 4553 1875 4591; x_wconf 89' lang='lat' dir='ltr'><strong>unum</strong></span> 
     </span>
    </p>
   </div>
   <div class='ocr_carea' id='block_1_93' title="bbox 285 4621 1879 4696">
    <p class='ocr_par' dir='ltr' id='par_1_93' title="bbox 285 4621 1879 4696">
     <span class='ocr_line' id='line_1_93' title="bbox 285 4621 1879 4696; baseline 0.001 -17"><span class='ocrx_word' id='word_1_733' title='bbox 285 4639 412 4679; x_wconf 87' lang='lat' dir='ltr'><strong>cum</strong></span> <span class='ocrx_word' id='word_1_734' title='bbox 425 4621 592 4677; x_wconf 81' lang='lat' dir='ltr'><strong>Patre</strong></span> <span class='ocrx_word' id='word_1_735' title='bbox 609 4630 664 4678; x_wconf 89' lang='lat' dir='ltr'><strong>et</strong></span> <span class='ocrx_word' id='word_1_736' title='bbox 686 4622 889 4692; x_wconf 88' lang='lat' dir='ltr'><strong>Spiritu</strong></span> <span class='ocrx_word' id='word_1_737' title='bbox 903 4631 1090 4680; x_wconf 88' lang='lat' dir='ltr'><strong>sancto</strong></span> <span class='ocrx_word' id='word_1_738' title='bbox 1110 4624 1451 4683; x_wconf 87' lang='lat' dir='ltr'><strong>annuntiant.</strong></span> <span class='ocrx_word' id='word_1_739' title='bbox 1470 4626 1668 4696; x_wconf 83' lang='lat' dir='ltr'><strong>ubique</strong></span> <span class='ocrx_word' id='word_1_740' title='bbox 1688 4641 1879 4696; x_wconf 84' lang='lat' dir='ltr'><strong>pennae</strong></span> 
     </span>
    </p>
   </div>
   <div class='ocr_carea' id='block_1_94' title="bbox 283 4710 1877 4785">
    <p class='ocr_par' dir='ltr' id='par_1_94' title="bbox 283 4710 1877 4785">
     <span class='ocr_line' id='line_1_94' title="bbox 283 4710 1877 4785; baseline 0.003 -20"><span class='ocrx_word' id='word_1_741' title='bbox 283 4710 765 4782; x_wconf 86' lang='lat' dir='ltr'><strong>contemplationis</strong></span> <span class='ocrx_word' id='word_1_742' title='bbox 795 4711 996 4767; x_wconf 86' lang='lat' dir='ltr'><strong>volant.</strong></span> <span class='ocrx_word' id='word_1_743' title='bbox 1022 4712 1263 4780; x_wconf 83' lang='lat' dir='ltr'><strong>Quorum</strong></span> <span class='ocrx_word' id='word_1_744' title='bbox 1295 4729 1486 4784; x_wconf 71' lang='lat' dir='ltr'><strong>pennae</strong></span> <span class='ocrx_word' id='word_1_745' title='bbox 1514 4715 1716 4785; x_wconf 75' lang='lat' dir='ltr'><strong>juncta:</strong></span> <span class='ocrx_word' id='word_1_746' title='bbox 1752 4724 1877 4770; x_wconf 89' lang='lat' dir='ltr'><strong>sunt</strong></span> 
     </span>
    </p>
   </div>
   <div class='ocr_carea' id='block_1_95' title="bbox 285 4803 1878 4872">
    <p class='ocr_par' dir='ltr' id='par_1_95' title="bbox 285 4803 1878 4872">
     <span class='ocr_line' id='line_1_95' title="bbox 285 4803 1878 4872; baseline 0.001 -11"><span class='ocrx_word' id='word_1_747' title='bbox 285 4806 517 4862; x_wconf 84' lang='lat' dir='ltr'><strong>alterius</strong></span> <span class='ocrx_word' id='word_1_748' title='bbox 545 4803 613 4859; x_wconf 88' lang='lat' dir='ltr'><strong>ad</strong></span> <span class='ocrx_word' id='word_1_749' title='bbox 642 4804 890 4859; x_wconf 86' lang='lat' dir='ltr'><strong>alterum.</strong></span> <span class='ocrx_word' id='word_1_750' title='bbox 916 4803 1052 4872; x_wconf 87' lang='lat' dir='ltr'><strong>Quia</strong></span> <span class='ocrx_word' id='word_1_751' title='bbox 1072 4806 1250 4861; x_wconf 87' lang='lat' dir='ltr'><strong>omnis</strong></span> <span class='ocrx_word' id='word_1_752' title='bbox 1268 4821 1459 4863; x_wconf 90' lang='lat' dir='ltr'><strong>eorum</strong></span> <span class='ocrx_word' id='word_1_753' title='bbox 1479 4807 1673 4871; x_wconf 89' lang='lat' dir='ltr'><strong>virtus,</strong></span> <span class='ocrx_word' id='word_1_754' title='bbox 1699 4807 1878 4862; x_wconf 90' lang='lat' dir='ltr'><strong>omnis</strong></span> 
     </span>
    </p>
   </div>
   <div class='ocr_carea' id='block_1_96' title="bbox 284 4897 1879 4969">
    <p class='ocr_par' dir='ltr' id='par_1_96' title="bbox 284 4897 1879 4969">
     <span class='ocr_line' id='line_1_96' title="bbox 284 4897 1879 4969; baseline 0.001 -16"><span class='ocrx_word' id='word_1_755' title='bbox 284 4897 562 4969; x_wconf 82' lang='lat' dir='ltr'><strong>sapientia</strong></span> <span class='ocrx_word' id='word_1_756' title='bbox 578 4937 595 4962; x_wconf 93' lang='lat'><strong>,</strong></span> <span class='ocrx_word' id='word_1_757' title='bbox 617 4912 721 4965; x_wconf 89' lang='lat' dir='ltr'><strong>qua</strong></span> <span class='ocrx_word' id='word_1_758' title='bbox 743 4906 970 4954; x_wconf 69' lang='lat' dir='ltr'><strong>eteteros</strong></span> <span class='ocrx_word' id='word_1_759' title='bbox 995 4898 1242 4954; x_wconf 88' lang='lat' dir='ltr'><strong>homines</strong></span> <span class='ocrx_word' id='word_1_760' title='bbox 1265 4898 1740 4969; x_wconf 90' lang='lat' dir='ltr'><strong>contemplationis</strong></span> <span class='ocrx_word' id='word_1_761' title='bbox 1767 4914 1879 4955; x_wconf 65' lang='lat' dir='ltr'><strong>sua:</strong></span> 
     </span>
    </p>
   </div>
   <div class='ocr_carea' id='block_1_97' title="bbox 282 4986 1882 5060">
    <p class='ocr_par' dir='ltr' id='par_1_97' title="bbox 282 4986 1882 5060">
     <span class='ocr_line' id='line_1_97' title="bbox 282 4986 1882 5060; baseline 0.004 -20"><span class='ocrx_word' id='word_1_762' title='bbox 282 4986 472 5042; x_wconf 84' lang='lat' dir='ltr'><strong>volatu</strong></span> <span class='ocrx_word' id='word_1_763' title='bbox 499 4987 912 5053; x_wconf 86' lang='lat' dir='ltr'><strong>transcendunt,</strong></span> <span class='ocrx_word' id='word_1_764' title='bbox 938 4988 1176 5044; x_wconf 89' lang='lat' dir='ltr'><strong>vicissim</strong></span> <span class='ocrx_word' id='word_1_765' title='bbox 1198 4990 1300 5044; x_wconf 88' lang='lat' dir='ltr'><strong>sibi</strong></span> <span class='ocrx_word' id='word_1_766' title='bbox 1329 4990 1381 5044; x_wconf 92' lang='lat' dir='ltr'><strong>in</strong></span> <span class='ocrx_word' id='word_1_767' title='bbox 1403 5005 1533 5059; x_wconf 89' lang='lat' dir='ltr'><strong>pace</strong></span> <span class='ocrx_word' id='word_1_768' title='bbox 1557 4998 1717 5060; x_wconf 88' lang='lat' dir='ltr'><strong>atque</strong></span> <span class='ocrx_word' id='word_1_769' title='bbox 1752 5006 1882 5046; x_wconf 84' lang='lat' dir='ltr'><strong>nna-</strong></span> 
     </span>
    </p>
   </div>
   <div class='ocr_carea' id='block_1_98' title="bbox 286 5075 1881 5150">
    <p class='ocr_par' dir='ltr' id='par_1_98' title="bbox 286 5075 1881 5150">
     <span class='ocr_line' id='line_1_98' title="bbox 286 5075 1881 5150; baseline 0.003 -19"><span class='ocrx_word' id='word_1_770' title='bbox 286 5077 542 5131; x_wconf 85' lang='lat' dir='ltr'><strong>nitnitate</strong></span> <span class='ocrx_word' id='word_1_771' title='bbox 570 5075 935 5146; x_wconf 75' lang='lat' dir='ltr'><strong>coniungitur.</strong></span> <span class='ocrx_word' id='word_1_772' title='bbox 974 5077 1123 5134; x_wconf 90' lang='lat' dir='ltr'><strong>Unde</strong></span> <span class='ocrx_word' id='word_1_773' title='bbox 1157 5086 1212 5132; x_wconf 90' lang='lat' dir='ltr'><strong>et</strong></span> <span class='ocrx_word' id='word_1_774' title='bbox 1250 5079 1510 5150; x_wconf 90' lang='lat' dir='ltr'><strong>scriptum</strong></span> <span class='ocrx_word' id='word_1_775' title='bbox 1536 5089 1657 5135; x_wconf 82' lang='lat' dir='ltr'><strong>est:</strong></span> <span class='ocrx_word' id='word_1_776' title='bbox 1694 5099 1713 5131; x_wconf 75' lang='grc' dir='ltr'><strong>ι</strong></span> <span class='ocrx_word' id='word_1_777' title='bbox 1751 5079 1881 5148; x_wconf 63' lang='lat' dir='ltr'><strong>Quae</strong></span> 
     </span>
    </p>
   </div>
   <div class='ocr_carea' id='block_1_99' title="bbox 284 5167 1876 5240">
    <p class='ocr_par' dir='ltr' id='par_1_99' title="bbox 284 5167 1876 5240">
     <span class='ocr_line' id='line_1_99' title="bbox 284 5167 1876 5240; baseline 0.001 -18"><span class='ocrx_word' id='word_1_778' title='bbox 284 5167 580 5223; x_wconf 80' lang='lat' dir='ltr'><strong>desursum</strong></span> <span class='ocrx_word' id='word_1_779' title='bbox 603 5175 690 5222; x_wconf 86' lang='lat' dir='ltr'><strong>est</strong></span> <span class='ocrx_word' id='word_1_780' title='bbox 715 5168 975 5238; x_wconf 85' lang='lat' dir='ltr'><strong>sapientia</strong></span> <span class='ocrx_word' id='word_1_781' title='bbox 996 5207 1011 5233; x_wconf 92' lang='lat'><strong>,</strong></span> <span class='ocrx_word' id='word_1_782' title='bbox 1040 5168 1272 5238; x_wconf 90' lang='lat' dir='ltr'><strong>primum</strong></span> <span class='ocrx_word' id='word_1_783' title='bbox 1304 5169 1521 5240; x_wconf 89' lang='lat' dir='ltr'><strong>quidem</strong></span> <span class='ocrx_word' id='word_1_784' title='bbox 1545 5170 1740 5239; x_wconf 88' lang='lat' dir='ltr'><strong>pudica</strong></span> <span class='ocrx_word' id='word_1_785' title='bbox 1770 5180 1876 5236; x_wconf 90' lang='lat' dir='ltr'><strong>est,</strong></span> 
     </span>
    </p>
   </div>
   <div class='ocr_carea' id='block_1_100' title="bbox 281 5256 1882 5331">
    <p class='ocr_par' dir='ltr' id='par_1_100' title="bbox 281 5256 1882 5331">
     <span class='ocr_line' id='line_1_100' title="bbox 281 5256 1882 5331; baseline 0.004 -19"><span class='ocrx_word' id='word_1_786' title='bbox 281 5256 486 5313; x_wconf 81' lang='lat' dir='ltr'><strong>deinde</strong></span> <span class='ocrx_word' id='word_1_787' title='bbox 538 5257 763 5328; x_wconf 86' lang='lat' dir='ltr'><strong>pacifica</strong></span> <span class='ocrx_word' id='word_1_788' title='bbox 808 5259 1015 5330; x_wconf 70' lang='lat' dir='ltr'><strong>(Iacob.</strong></span> <span class='ocrx_word' id='word_1_789' title='bbox 1049 5258 1155 5331; x_wconf 86' lang='lat' dir='ltr'><strong>tn).</strong></span> <span class='ocrx_word' id='word_1_790' title='bbox 1195 5278 1214 5311; x_wconf 72' lang='grc' dir='ltr'><strong>ι</strong></span> <span class='ocrx_word' id='word_1_791' title='bbox 1259 5261 1329 5315; x_wconf 83' lang='grc' dir='ltr'>Ει</span> <span class='ocrx_word' id='word_1_792' title='bbox 1356 5261 1498 5317; x_wconf 84' lang='lat' dir='ltr'><strong>unde</strong></span> <span class='ocrx_word' id='word_1_793' title='bbox 1526 5262 1730 5317; x_wconf 88' lang='lat' dir='ltr'><strong>eisdem</strong></span> <span class='ocrx_word' id='word_1_794' title='bbox 1766 5263 1882 5319; x_wconf 89' lang='lat' dir='ltr'><strong>suis</strong></span> 
     </span>
    </p>
   </div>
   <div class='ocr_carea' id='block_1_101' title="bbox 283 5349 1876 5421">
    <p class='ocr_par' dir='ltr' id='par_1_101' title="bbox 283 5349 1876 5421">
     <span class='ocr_line' id='line_1_101' title="bbox 283 5349 1876 5421; baseline 0.003 -18"><span class='ocrx_word' id='word_1_795' title='bbox 283 5349 742 5419; x_wconf 66' lang='lat' dir='ltr'><strong>praedicatoribus</strong></span> <span class='ocrx_word' id='word_1_796' title='bbox 771 5351 980 5407; x_wconf 77' lang='lat' dir='ltr'><strong>Veritas</strong></span> <span class='ocrx_word' id='word_1_797' title='bbox 1023 5352 1190 5407; x_wconf 91' lang='lat' dir='ltr'><strong>dicit:</strong></span> <span class='ocrx_word' id='word_1_798' title='bbox 1226 5371 1246 5403; x_wconf 87' lang='grc'><strong>‹</strong></span> <span class='ocrx_word' id='word_1_799' title='bbox 1279 5352 1483 5408; x_wconf 86' lang='lat' dir='ltr'><strong>Habete</strong></span> <span class='ocrx_word' id='word_1_800' title='bbox 1510 5354 1563 5407; x_wconf 93' lang='lat' dir='ltr'><strong>in</strong></span> <span class='ocrx_word' id='word_1_801' title='bbox 1595 5355 1748 5409; x_wconf 89' lang='lat' dir='ltr'><strong>vobis</strong></span> <span class='ocrx_word' id='word_1_802' title='bbox 1777 5356 1876 5421; x_wconf 90' lang='lat' dir='ltr'><strong>sal,</strong></span> 
     </span>
    </p>
   </div>
   <div class='ocr_carea' id='block_1_102' title="bbox 281 5442 1879 5515">
    <p class='ocr_par' dir='ltr' id='par_1_102' title="bbox 281 5442 1879 5515">
     <span class='ocr_line' id='line_1_102' title="bbox 281 5442 1879 5515; baseline 0.004 -22"><span class='ocrx_word' id='word_1_803' title='bbox 281 5447 352 5493; x_wconf 86' lang='lat' dir='ltr'><strong>et</strong></span> <span class='ocrx_word' id='word_1_804' title='bbox 396 5454 585 5509; x_wconf 82' lang='lat' dir='ltr'><strong>pacem</strong></span> <span class='ocrx_word' id='word_1_805' title='bbox 634 5442 826 5496; x_wconf 87' lang='lat' dir='ltr'><strong>habete</strong></span> <span class='ocrx_word' id='word_1_806' title='bbox 854 5442 996 5496; x_wconf 87' lang='lat' dir='ltr'><strong>inter</strong></span> <span class='ocrx_word' id='word_1_807' title='bbox 1021 5457 1116 5497; x_wconf 89' lang='lat' dir='ltr'><strong>vos</strong></span> <span class='ocrx_word' id='word_1_808' title='bbox 1147 5442 1342 5513; x_wconf 72' lang='lat' dir='ltr'><strong>(Marc.</strong></span> <span class='ocrx_word' id='word_1_809' title='bbox 1394 5443 1494 5511; x_wconf 79' lang='lat' dir='ltr'><strong>ix).</strong></span> <span class='ocrx_word' id='word_1_810' title='bbox 1536 5442 1719 5498; x_wconf 87' lang='lat' dir='ltr'><strong>Penna</strong></span> <span class='ocrx_word' id='word_1_811' title='bbox 1747 5458 1879 5515; x_wconf 85' lang='lat' dir='ltr'><strong>ergo</strong></span> 
     </span>
    </p>
   </div>
   <div class='ocr_carea' id='block_1_103' title="bbox 283 5528 1879 5603">
    <p class='ocr_par' dir='ltr' id='par_1_103' title="bbox 283 5528 1879 5603">
     <span class='ocr_line' id='line_1_103' title="bbox 283 5528 1879 5603; baseline 0.003 -19"><span class='ocrx_word' id='word_1_812' title='bbox 283 5528 610 5585; x_wconf 80' lang='lat' dir='ltr'><strong>animalium</strong></span> <span class='ocrx_word' id='word_1_813' title='bbox 648 5531 873 5588; x_wconf 70' lang='lat' dir='ltr'><strong>alterius</strong></span> <span class='ocrx_word' id='word_1_814' title='bbox 894 5532 962 5588; x_wconf 87' lang='lat' dir='ltr'><strong>ad</strong></span> <span class='ocrx_word' id='word_1_815' title='bbox 996 5533 1225 5587; x_wconf 88' lang='lat' dir='ltr'><strong>alterum</strong></span> <span class='ocrx_word' id='word_1_816' title='bbox 1263 5533 1510 5603; x_wconf 83' lang='lat' dir='ltr'><strong>jungitur</strong></span> <span class='ocrx_word' id='word_1_817' title='bbox 1539 5547 1553 5586; x_wconf 90' lang='lat'>:</span> <span class='ocrx_word' id='word_1_818' title='bbox 1584 5533 1708 5603; x_wconf 88' lang='lat' dir='ltr'><strong>quia</strong></span> <span class='ocrx_word' id='word_1_819' title='bbox 1753 5548 1879 5588; x_wconf 80' lang='lat' dir='ltr'><strong>san-</strong></span> 
     </span>
    </p>
   </div>
   <div class='ocr_carea' id='block_1_104' title="bbox 290 5622 1880 5692">
    <p class='ocr_par' dir='ltr' id='par_1_104' title="bbox 290 5622 1880 5692">
     <span class='ocr_line' id='line_1_104' title="bbox 290 5622 1880 5692; baseline 0.003 -18"><span class='ocrx_word' id='word_1_820' title='bbox 290 5628 503 5675; x_wconf 68' lang='lat' dir='ltr'><strong>istorum</strong></span> <span class='ocrx_word' id='word_1_821' title='bbox 533 5622 948 5691; x_wconf 67' lang='lat' dir='ltr'><strong>praedicatorum</strong></span> <span class='ocrx_word' id='word_1_822' title='bbox 987 5623 1164 5678; x_wconf 88' lang='lat' dir='ltr'><strong>virtus</strong></span> <span class='ocrx_word' id='word_1_823' title='bbox 1217 5632 1380 5692; x_wconf 86' lang='lat' dir='ltr'><strong>atque</strong></span> <span class='ocrx_word' id='word_1_824' title='bbox 1420 5624 1682 5691; x_wconf 80' lang='lat' dir='ltr'><strong>sapientia</strong></span> <span class='ocrx_word' id='word_1_825' title='bbox 1718 5625 1880 5679; x_wconf 88' lang='lat' dir='ltr'><strong>vicis-</strong></span> 
     </span>
    </p>
   </div>
   <div class='ocr_carea' id='block_1_105' title="bbox 1982 4528 3566 4598">
    <p class='ocr_par' dir='ltr' id='par_1_105' title="bbox 1982 4528 3566 4598">
     <span class='ocr_line' id='line_1_105' title="bbox 1982 4528 3566 4598; baseline 0.005 -19"><span class='ocrx_word' id='word_1_826' title='bbox 1982 4540 2043 4579; x_wconf 87' lang='lat' dir='ltr'><strong>ea</strong></span> <span class='ocrx_word' id='word_1_827' title='bbox 2070 4541 2231 4595; x_wconf 90' lang='lat' dir='ltr'><strong>quam</strong></span> <span class='ocrx_word' id='word_1_828' title='bbox 2258 4536 2536 4596; x_wconf 73' lang='lat' dir='ltr'><strong>cmperant</strong></span> <span class='ocrx_word' id='word_1_829' title='bbox 2579 4528 2718 4581; x_wconf 88' lang='lat' dir='ltr'><strong>bona</strong></span> <span class='ocrx_word' id='word_1_830' title='bbox 2747 4528 3057 4597; x_wconf 90' lang='lat' dir='ltr'><strong>operatione</strong></span> <span class='ocrx_word' id='word_1_831' title='bbox 3113 4530 3463 4598; x_wconf 89' lang='lat' dir='ltr'><strong>suspendunt.</strong></span> <span class='ocrx_word' id='word_1_832' title='bbox 3500 4533 3566 4587; x_wconf 90' lang='lat' dir='ltr'><strong>Hi</strong></span> 
     </span>
    </p>
   </div>
   <div class='ocr_carea' id='block_1_106' title="bbox 1983 4615 3567 4686">
    <p class='ocr_par' dir='ltr' id='par_1_106' title="bbox 1983 4615 3567 4686">
     <span class='ocr_line' id='line_1_106' title="bbox 1983 4615 3567 4686; baseline 0.004 -17"><span class='ocrx_word' id='word_1_833' title='bbox 1983 4615 2238 4670; x_wconf 89' lang='lat' dir='ltr'><strong>nitnirutn</strong></span> <span class='ocrx_word' id='word_1_834' title='bbox 2271 4616 2581 4670; x_wconf 90' lang='lat' dir='ltr'><strong>incedentes</strong></span> <span class='ocrx_word' id='word_1_835' title='bbox 2610 4616 2809 4669; x_wconf 84' lang='lat' dir='ltr'><strong>reversi</strong></span> <span class='ocrx_word' id='word_1_836' title='bbox 2854 4624 3000 4681; x_wconf 88' lang='lat' dir='ltr'><strong>sunt,</strong></span> <span class='ocrx_word' id='word_1_837' title='bbox 3025 4618 3149 4686; x_wconf 82' lang='lat' dir='ltr'><strong>quia</strong></span> <span class='ocrx_word' id='word_1_838' title='bbox 3197 4629 3323 4672; x_wconf 83' lang='lat' dir='ltr'><strong>ante</strong></span> <span class='ocrx_word' id='word_1_839' title='bbox 3370 4620 3567 4677; x_wconf 86' lang='lat' dir='ltr'><strong>faciem</strong></span> 
     </span>
    </p>
   </div>
   <div class='ocr_carea' id='block_1_107' title="bbox 1982 4708 3567 4787">
    <p class='ocr_par' dir='ltr' id='par_1_107' title="bbox 1982 4708 3567 4787">
     <span class='ocr_line' id='line_1_107' title="bbox 1982 4708 3567 4787; baseline 0.004 -24"><span class='ocrx_word' id='word_1_840' title='bbox 1982 4723 2132 4763; x_wconf 89' lang='lat' dir='ltr'><strong>suam</strong></span> <span class='ocrx_word' id='word_1_841' title='bbox 2167 4708 2445 4763; x_wconf 89' lang='lat' dir='ltr'><strong>ambulare</strong></span> <span class='ocrx_word' id='word_1_842' title='bbox 2493 4709 2796 4763; x_wconf 86' lang='lat' dir='ltr'><strong>noluerunt.</strong></span> <span class='ocrx_word' id='word_1_843' title='bbox 2848 4708 2987 4763; x_wconf 90' lang='lat' dir='ltr'><strong>Sunt</strong></span> <span class='ocrx_word' id='word_1_844' title='bbox 3042 4726 3178 4766; x_wconf 78' lang='lat' dir='ltr'><strong>vero</strong></span> <span class='ocrx_word' id='word_1_845' title='bbox 3204 4715 3445 4769; x_wconf 91' lang='lat' dir='ltr'><strong>nonnulli</strong></span> <span class='ocrx_word' id='word_1_846' title='bbox 3476 4718 3567 4787; x_wconf 89' lang='lat' dir='ltr'><strong>qtti</strong></span> 
     </span>
    </p>
   </div>
   <div class='ocr_carea' id='block_1_108' title="bbox 1981 4798 3570 4872">
    <p class='ocr_par' dir='ltr' id='par_1_108' title="bbox 1981 4798 3570 4872">
     <span class='ocr_line' id='line_1_108' title="bbox 1981 4798 3570 4872; baseline 0.006 -20"><span class='ocrx_word' id='word_1_847' title='bbox 1981 4798 2121 4852; x_wconf 90' lang='lat' dir='ltr'><strong>bona</strong></span> <span class='ocrx_word' id='word_1_848' title='bbox 2168 4798 2384 4867; x_wconf 88' lang='lat' dir='ltr'><strong>quidem</strong></span> <span class='ocrx_word' id='word_1_849' title='bbox 2422 4813 2542 4866; x_wconf 70' lang='lat' dir='ltr'><strong>qua:</strong></span> <span class='ocrx_word' id='word_1_850' title='bbox 2580 4808 2845 4853; x_wconf 89' lang='lat' dir='ltr'><strong>noverunt</strong></span> <span class='ocrx_word' id='word_1_851' title='bbox 2885 4810 3204 4869; x_wconf 90' lang='lat' dir='ltr'><strong>operantur,</strong></span> <span class='ocrx_word' id='word_1_852' title='bbox 3247 4811 3406 4872; x_wconf 90' lang='lat' dir='ltr'><strong>atque</strong></span> <span class='ocrx_word' id='word_1_853' title='bbox 3454 4807 3570 4862; x_wconf 67' lang='lat' dir='ltr'><strong>hinc</strong></span> 
     </span>
    </p>
   </div>
   <div class='ocr_carea' id='block_1_109' title="bbox 1980 4889 3567 4956">
    <p class='ocr_par' dir='ltr' id='par_1_109' title="bbox 1980 4889 3567 4956">
     <span class='ocr_line' id='line_1_109' title="bbox 1980 4889 3567 4956; baseline 0.007 -15"><span class='ocrx_word' id='word_1_854' title='bbox 1980 4896 2267 4956; x_wconf 88' lang='lat' dir='ltr'><strong>operantes</strong></span> <span class='ocrx_word' id='word_1_855' title='bbox 2294 4889 2522 4943; x_wconf 89' lang='lat' dir='ltr'><strong>meliora</strong></span> <span class='ocrx_word' id='word_1_856' title='bbox 2549 4889 2885 4954; x_wconf 88' lang='lat' dir='ltr'><strong>deliberant,</strong></span> <span class='ocrx_word' id='word_1_857' title='bbox 2935 4892 3029 4946; x_wconf 90' lang='lat' dir='ltr'><strong>sed</strong></span> <span class='ocrx_word' id='word_1_858' title='bbox 3069 4902 3426 4951; x_wconf 84' lang='lat' dir='ltr'><strong>retractantes</strong></span> <span class='ocrx_word' id='word_1_859' title='bbox 3455 4912 3567 4952; x_wconf 82' lang='lat' dir='ltr'><strong>me-</strong></span> 
     </span>
    </p>
   </div>
   <div class='ocr_carea' id='block_1_110' title="bbox 1983 4979 3566 5055">
    <p class='ocr_par' dir='ltr' id='par_1_110' title="bbox 1983 4979 3566 5055">
     <span class='ocr_line' id='line_1_110' title="bbox 1983 4979 3566 5055; baseline 0.006 -22"><span class='ocrx_word' id='word_1_860' title='bbox 1983 4979 2114 5035; x_wconf 87' lang='lat' dir='ltr'><strong>liora</strong></span> <span class='ocrx_word' id='word_1_861' title='bbox 2168 4982 2310 5051; x_wconf 88' lang='lat' dir='ltr'><strong>quod</strong></span> <span class='ocrx_word' id='word_1_862' title='bbox 2360 4981 2665 5036; x_wconf 87' lang='lat' dir='ltr'><strong>deliberant</strong></span> <span class='ocrx_word' id='word_1_863' title='bbox 2719 4982 3026 5037; x_wconf 90' lang='lat' dir='ltr'><strong>immutant.</strong></span> <span class='ocrx_word' id='word_1_864' title='bbox 3062 4985 3126 5039; x_wconf 84' lang='lat' dir='ltr'><strong>Et</strong></span> <span class='ocrx_word' id='word_1_865' title='bbox 3162 4987 3375 5055; x_wconf 87' lang='lat' dir='ltr'><strong>quidem</strong></span> <span class='ocrx_word' id='word_1_866' title='bbox 3428 4989 3566 5042; x_wconf 85' lang='lat' dir='ltr'><strong>bona</strong></span> 
     </span>
    </p>
   </div>
   <div class='ocr_carea' id='block_1_111' title="bbox 1983 5075 3567 5147">
    <p class='ocr_par' dir='ltr' id='par_1_111' title="bbox 1983 5075 3567 5147">
     <span class='ocr_line' id='line_1_111' title="bbox 1983 5075 3567 5147; baseline 0.005 -20"><span class='ocrx_word' id='word_1_867' title='bbox 1983 5081 2168 5143; x_wconf 84' lang='lat' dir='ltr'><strong>agunt,</strong></span> <span class='ocrx_word' id='word_1_868' title='bbox 2192 5088 2312 5143; x_wconf 66' lang='lat' dir='ltr'><strong>quae</strong></span> <span class='ocrx_word' id='word_1_869' title='bbox 2338 5080 2637 5143; x_wconf 72' lang='lat' dir='ltr'><strong>cmperant,</strong></span> <span class='ocrx_word' id='word_1_870' title='bbox 2662 5075 2755 5128; x_wconf 91' lang='lat' dir='ltr'><strong>sed</strong></span> <span class='ocrx_word' id='word_1_871' title='bbox 2786 5075 2840 5129; x_wconf 92' lang='lat' dir='ltr'><strong>in</strong></span> <span class='ocrx_word' id='word_1_872' title='bbox 2877 5075 3188 5131; x_wconf 87' lang='lat' dir='ltr'><strong>melioribus</strong></span> <span class='ocrx_word' id='word_1_873' title='bbox 3214 5094 3334 5147; x_wconf 67' lang='lat' dir='ltr'><strong>quae</strong></span> <span class='ocrx_word' id='word_1_874' title='bbox 3365 5080 3567 5135; x_wconf 77' lang='lat' dir='ltr'><strong>delibe-</strong></span> 
     </span>
    </p>
   </div>
   <div class='ocr_carea' id='block_1_112' title="bbox 1985 5166 3568 5240">
    <p class='ocr_par' dir='ltr' id='par_1_112' title="bbox 1985 5166 3568 5240">
     <span class='ocr_line' id='line_1_112' title="bbox 1985 5166 3568 5240; baseline 0.003 -21"><span class='ocrx_word' id='word_1_875' title='bbox 1985 5176 2235 5221; x_wconf 82' lang='lat' dir='ltr'><strong>raverant</strong></span> <span class='ocrx_word' id='word_1_876' title='bbox 2257 5167 2632 5221; x_wconf 89' lang='lat' dir='ltr'><strong>succumbunt.</strong></span> <span class='ocrx_word' id='word_1_877' title='bbox 2682 5166 2745 5221; x_wconf 80' lang='lat' dir='ltr'><strong>Hi</strong></span> <span class='ocrx_word' id='word_1_878' title='bbox 2781 5169 3036 5223; x_wconf 90' lang='lat' dir='ltr'><strong>nimirum</strong></span> <span class='ocrx_word' id='word_1_879' title='bbox 3065 5181 3189 5224; x_wconf 89' lang='lat' dir='ltr'><strong>ante</strong></span> <span class='ocrx_word' id='word_1_880' title='bbox 3217 5171 3446 5224; x_wconf 89' lang='lat' dir='ltr'><strong>humana</strong></span> <span class='ocrx_word' id='word_1_881' title='bbox 3481 5172 3568 5240; x_wconf 80' lang='lat' dir='ltr'><strong>ju-</strong></span> 
     </span>
    </p>
   </div>
   <div class='ocr_carea' id='block_1_113' title="bbox 1982 5256 3569 5329">
    <p class='ocr_par' dir='ltr' id='par_1_113' title="bbox 1982 5256 3569 5329">
     <span class='ocr_line' id='line_1_113' title="bbox 1982 5256 3569 5329; baseline 0.003 -19"><span class='ocrx_word' id='word_1_882' title='bbox 1982 5256 2122 5310; x_wconf 88' lang='lat' dir='ltr'><strong>dicia</strong></span> <span class='ocrx_word' id='word_1_883' title='bbox 2144 5265 2287 5310; x_wconf 88' lang='lat' dir='ltr'><strong>stare</strong></span> <span class='ocrx_word' id='word_1_884' title='bbox 2309 5257 2560 5311; x_wconf 83' lang='lat' dir='ltr'><strong>videntur</strong></span> <span class='ocrx_word' id='word_1_885' title='bbox 2598 5256 2654 5310; x_wconf 85' lang='lat' dir='ltr'><strong>in</strong></span> <span class='ocrx_word' id='word_1_886' title='bbox 2681 5271 2864 5329; x_wconf 80' lang='lat' dir='ltr'><strong>apere,</strong></span> <span class='ocrx_word' id='word_1_887' title='bbox 2896 5259 2988 5313; x_wconf 90' lang='lat' dir='ltr'><strong>sed</strong></span> <span class='ocrx_word' id='word_1_888' title='bbox 3018 5268 3143 5314; x_wconf 88' lang='lat' dir='ltr'><strong>ante</strong></span> <span class='ocrx_word' id='word_1_889' title='bbox 3185 5260 3569 5327; x_wconf 74' lang='lat' dir='ltr'><strong>omnipotentis</strong></span> 
     </span>
    </p>
   </div>
   <div class='ocr_carea' id='block_1_114' title="bbox 1982 5346 3565 5419">
    <p class='ocr_par' dir='ltr' id='par_1_114' title="bbox 1982 5346 3565 5419">
     <span class='ocr_line' id='line_1_114' title="bbox 1982 5346 3565 5419; baseline 0.002 -19"><span class='ocrx_word' id='word_1_890' title='bbox 1982 5346 2077 5401; x_wconf 90' lang='lat' dir='ltr'><strong>Dei</strong></span> <span class='ocrx_word' id='word_1_891' title='bbox 2093 5347 2278 5402; x_wconf 89' lang='lat' dir='ltr'><strong>oculos</strong></span> <span class='ocrx_word' id='word_1_892' title='bbox 2292 5349 2598 5403; x_wconf 81' lang='lat' dir='ltr'><strong>ceciderunt</strong></span> <span class='ocrx_word' id='word_1_893' title='bbox 2616 5350 2666 5401; x_wconf 88' lang='lat' dir='ltr'><strong>in</strong></span> <span class='ocrx_word' id='word_1_894' title='bbox 2682 5349 3087 5415; x_wconf 84' lang='lat' dir='ltr'><strong>deliberatione,</strong></span> <span class='ocrx_word' id='word_1_895' title='bbox 3100 5351 3239 5406; x_wconf 79' lang='lat' dir='ltr'><strong>unde</strong></span> <span class='ocrx_word' id='word_1_896' title='bbox 3259 5351 3315 5405; x_wconf 86' lang='lat' dir='ltr'><strong>fit</strong></span> <span class='ocrx_word' id='word_1_897' title='bbox 3326 5350 3565 5419; x_wconf 82' lang='lat' dir='ltr'><strong>plerum-</strong></span> 
     </span>
    </p>
   </div>
   <div class='ocr_carea' id='block_1_115' title="bbox 1984 5441 3565 5511">
    <p class='ocr_par' dir='ltr' id='par_1_115' title="bbox 1984 5441 3565 5511">
     <span class='ocr_line' id='line_1_115' title="bbox 1984 5441 3565 5511; baseline 0.001 -16"><span class='ocrx_word' id='word_1_898' title='bbox 1984 5455 2090 5510; x_wconf 90' lang='lat' dir='ltr'><strong>que</strong></span> <span class='ocrx_word' id='word_1_899' title='bbox 2115 5450 2170 5495; x_wconf 90' lang='lat' dir='ltr'><strong>ut</strong></span> <span class='ocrx_word' id='word_1_900' title='bbox 2194 5449 2248 5495; x_wconf 88' lang='lat' dir='ltr'><strong>et</strong></span> <span class='ocrx_word' id='word_1_901' title='bbox 2270 5441 2467 5495; x_wconf 90' lang='lat' dir='ltr'><strong>bonum</strong></span> <span class='ocrx_word' id='word_1_902' title='bbox 2488 5456 2622 5511; x_wconf 90' lang='lat' dir='ltr'><strong>opus</strong></span> <span class='ocrx_word' id='word_1_903' title='bbox 2650 5456 2835 5497; x_wconf 84' lang='lat' dir='ltr'><strong>eorum</strong></span> <span class='ocrx_word' id='word_1_904' title='bbox 2862 5443 3039 5496; x_wconf 90' lang='lat' dir='ltr'><strong>minus</strong></span> <span class='ocrx_word' id='word_1_905' title='bbox 3057 5443 3165 5497; x_wconf 79' lang='lat' dir='ltr'><strong>Deo</strong></span> <span class='ocrx_word' id='word_1_906' title='bbox 3187 5441 3407 5510; x_wconf 86' lang='lat' dir='ltr'><strong>placeat,</strong></span> <span class='ocrx_word' id='word_1_907' title='bbox 3438 5441 3565 5511; x_wconf 88' lang='lat' dir='ltr'><strong>quia</strong></span> 
     </span>
    </p>
   </div>
   <div class='ocr_carea' id='block_1_116' title="bbox 1986 5532 3572 5603">
    <p class='ocr_par' dir='ltr' id='par_1_116' title="bbox 1986 5532 3572 5603">
     <span class='ocr_line' id='line_1_116' title="bbox 1986 5532 3572 5603; baseline -0.001 -15"><span class='ocrx_word' id='word_1_908' title='bbox 1986 5549 2107 5588; x_wconf 90' lang='lat' dir='ltr'><strong>cum</strong></span> <span class='ocrx_word' id='word_1_909' title='bbox 2134 5548 2229 5601; x_wconf 90' lang='lat' dir='ltr'><strong>pes</strong></span> <span class='ocrx_word' id='word_1_910' title='bbox 2267 5533 2467 5588; x_wconf 89' lang='lat' dir='ltr'><strong>mentis</strong></span> <span class='ocrx_word' id='word_1_911' title='bbox 2514 5534 2565 5587; x_wconf 91' lang='lat' dir='ltr'><strong>in</strong></span> <span class='ocrx_word' id='word_1_912' title='bbox 2614 5533 2819 5588; x_wconf 90' lang='lat' dir='ltr'><strong>meliori</strong></span> <span class='ocrx_word' id='word_1_913' title='bbox 2847 5534 3015 5603; x_wconf 81' lang='lat' dir='ltr'><strong>gradu</strong></span> <span class='ocrx_word' id='word_1_914' title='bbox 3056 5532 3454 5587; x_wconf 88' lang='lat' dir='ltr'><strong>deliberationis</strong></span> <span class='ocrx_word' id='word_1_915' title='bbox 3483 5532 3572 5587; x_wconf 88' lang='lat' dir='ltr'><strong>iu-</strong></span> 
     </span>
    </p>
   </div>
   <div class='ocr_carea' id='block_1_117' title="bbox 1984 5624 3539 5696">
    <p class='ocr_par' dir='ltr' id='par_1_117' title="bbox 1984 5624 3539 5696">
     <span class='ocr_line' id='line_1_117' title="bbox 1984 5624 3539 5696; baseline 0.001 -18"><span class='ocrx_word' id='word_1_916' title='bbox 1984 5634 2296 5679; x_wconf 88' lang='lat' dir='ltr'><strong>constanter</strong></span> <span class='ocrx_word' id='word_1_917' title='bbox 2322 5627 2559 5696; x_wconf 88' lang='lat' dir='ltr'><strong>ponitur,</strong></span> <span class='ocrx_word' id='word_1_918' title='bbox 2583 5626 2686 5679; x_wconf 88' lang='lat' dir='ltr'><strong>hoc</strong></span> <span class='ocrx_word' id='word_1_919' title='bbox 2721 5625 2832 5695; x_wconf 83' lang='lat' dir='ltr'><strong>ipsa</strong></span> <span class='ocrx_word' id='word_1_920' title='bbox 2887 5624 3223 5695; x_wconf 85' lang='lat' dir='ltr'><strong>cogitationis</strong></span> <span class='ocrx_word' id='word_1_921' title='bbox 3260 5624 3539 5680; x_wconf 83' lang='lat' dir='ltr'><strong>inconstan</strong></span> 
     </span>
    </p>
   </div>
  </div>
