3950 6184
386 307 490 364 515

1021 295 1081 349 Β.
1120 292 1372 349 RABANI
1415 290 1633 347 ΜΠ]Ηί
1674 288 1997 345 ARCIHEP.
2043 286 2348 343 MOGENT.
2392 287 2673 342 Ol‘iilti'ivl
2717 285 2895 341 PARS
2934 283 2995 338 ll.

3557 286 3655 341 5l6

382 423 459 477 tia
484 426 725 473 accusat.
755 413 860 469 Sed
881 415 1005 482 quia
1036 409 1261 481 perfecti
1289 407 1487 477 quique
1518 421 1712 476 magna
1751 421 1810 459 se
1856 405 1970 459 dis-
2001 414 2049 473 Α
2081 403 2231 474 xxx).
2272 424 2290 457 ι
2330 404 2521 474 Aquila
2555 406 2621 460 ad
2652 403 2900 459 sublimia
2933 403 3129 469 evolat,
3163 411 3218 457 et
3249 402 3660 461 irreverberatis

380 507 640 567 cretionis
688 504 982 560 subtilitate
1040 498 1416 568 conspiciunt,
1474 511 1541 549 ne
1586 496 1653 549 ad
1702 494 1973 549 deteriora

382 614 619 669 unquam
653 596 731 650 vel
778 595 829 648 in
875 607 1037 662 opere
1067 589 1147 643 vel
1180 589 1230 641 in
1259 587 1593 657 cogitatione
1629 585 1971 649 delabantur,

386 698 642 757 quantum
657 684 896 754 quotidie
912 680 1197 750 proficiant
1217 679 1549 733 incessanter
1562 684 1813 746 pensant,
1828 684 1975 731 recte

385 780 449 835 de
478 779 562 833 his
592 776 807 837 dicitur,
846 790 864 822 ‹
900 787 1006 825 non
1041 769 1453 824 revertebantur
1477 783 1598 822 cum
1639 765 1974 830 incederent,

380 870 473 927 sed
504 864 921 934 unumquodque
964 871 1089 916 ante
1129 860 1324 914 faciem
1362 874 1513 912 suam
1546 856 1912 927 gradiebatur.
1952 875 1970 906 ι

458 979 476 1011 ‹
510 955 818 1014 Similitudo
844 962 1021 1007 autem
1047 951 1226 1004 vultus
1273 964 1461 1004 eorum
1510 947 1677 1001 facies
1711 944 1974 1007 hominis,

403 1058 492 1103 (et
517 1046 684 1101 facies
709 1044 883 1099 leonis
909 1060 937 1096 a
982 1042 1190 1095 dextris
1241 1039 1481 1108 ipsorum
1523 1046 1774 1106 quatuor,
1811 1034 1977 1088 facies

384 1159 404 1193 ι
438 1149 617 1195 autem
647 1137 800 1192 bovis
831 1152 861 1189 a
894 1133 1130 1189 sinistris
1167 1132 1406 1200 ipsorum
1439 1138 1691 1197 quatuor,
1725 1138 1777 1181 et
1809 1125 1976 1180 facies

384 1250 402 1280 ι
441 1229 633 1298 aquila:
665 1229 895 1295 desuper
946 1225 1185 1293 ipsorum
1220 1230 1469 1290 quatuor.
1505 1240 1522 1272 ι
1567 1216 1837 1290 (Hieron)
1871 1214 1974 1267 Fa-

379 1321 490 1374 cies
517 1317 782 1389 principia
810 1315 942 1369 dicit
976 1312 1408 1383 Evangeliorum,
1438 1326 1467 1364 e
1505 1310 1702 1379 quibus
1726 1309 1890 1363 homo
1918 1315 1976 1361 et

380 1410 483 1473 leo,
510 1410 613 1462 hoc
641 1415 728 1461 est
775 1404 1031 1458 nativitas
1076 1400 1279 1456 Christi
1314 1408 1366 1454 et
1404 1399 1678 1468 propheta:
1736 1411 1837 1449 vox
1892 1404 1973 1448 to-

384 1500 565 1554 nantis
605 1497 657 1550 in
695 1510 880 1549 eremo
906 1494 1125 1547 dextras
1175 1500 1359 1561 partes
1408 1498 1635 1552 tenent,
1693 1487 1843 1541 vituli
1886 1502 1978 1541 au-

380 1599 511 1655 tem,
536 1588 587 1642 id
618 1593 721 1652 est,
749 1586 1092 1641 victimarum
1125 1591 1180 1636 et
1226 1581 1511 1637 sacerdotii
1551 1579 1857 1634 Judteorum
1917 1578 1973 1631 in

380 1680 617 1735 sinistris
644 1687 745 1743 est,
773 1677 915 1747 quod
944 1674 1201 1729 abolitum
1227 1672 1479 1726 transivit
1512 1671 1579 1725 ad
1608 1670 1969 1726 sacerdotium

2077 493 2247 548 oculis
2278 493 2408 548 solis
2437 494 2604 547 radiis
2634 491 2886 547 intendit.
2939 490 3128 547 Omnis
3153 491 3333 560 itaque
3362 493 3453 561 qui
3487 493 3541 547 in
3575 511 3664 547 ra-

2076 582 2223 635 tione
2247 580 2516 650 perfectus
2541 589 2625 635 est
2650 580 2810 635 homo
2841 589 2947 643 est,
2983 587 3036 633 et
3067 581 3281 648 quando
3311 582 3661 651 semetipsum

2076 676 2145 729 ab
2172 675 2329 744 hujus
2360 673 2542 727 mundi
2578 671 2852 741 voluptate
2890 687 2950 726 se
2978 671 3288 737 mortificat,
3316 673 3522 727 vitulus
3558 685 3660 730 est.

2076 763 2211 830 Quia
2246 778 2373 818 vero
2406 764 2521 834 ipsa
2551 778 2648 817 sua
2679 771 2976 832 spontanca
3029 761 3447 816 mortificatione
3472 772 3660 819 contra

2076 854 2303 908 adversa
2327 854 2505 907 omnia
2554 852 2926 908 fortitudinem
2964 853 3274 906 securitatis
3306 853 3490 917 habet,
3526 855 3663 909 unde

2076 944 2336 1012 scriptum
2371 952 2494 998 est:
2532 962 2551 995 ι
2596 942 2782 997 Justus
2826 952 3007 997 autem
3059 944 3214 1012 quasi
3270 943 3354 997 leo
3384 943 3661 1000 confidens

2076 1034 2279 1102 absque
2312 1042 2519 1089 terrore
2549 1034 2655 1088 erit
2688 1031 2871 1104 (Prov.
2912 1032 3129 1103 χει-ιιι),
3158 1033 3239 1087 leo
3265 1043 3368 1088 est.
3400 1034 3502 1099 Qui
3534 1050 3662 1090 vero

2076 1126 2380 1182 sublimiter
2432 1128 2831 1196 contemplatur
2898 1142 2962 1181 ea
3023 1142 3144 1196 qua:
3204 1128 3445 1182 ecelestia
3500 1138 3662 1199 atque

2076 1224 2279 1272 aeterna
2309 1226 2455 1281 sunt,
2511 1218 2691 1287 aquila
2728 1226 2830 1273 εει.
2859 1217 3028 1288 Igitur
3056 1220 3327 1289 quomodo
3356 1218 3657 1293 [quoniam]

2069 1306 2251 1376 justus
2275 1308 2505 1378 quisque
2531 1324 2629 1377 per
2680 1309 2945 1363 rationem
2997 1309 3181 1375 homo,
3206 1326 3304 1379 per
3333 1312 3660 1366 sacrificium

2076 1398 2509 1454 mortiﬁcationis
2533 1414 2644 1453 suae
2672 1398 2895 1464 vitulus,
2926 1415 3023 1469 per
3049 1400 3420 1456 fortitudinem
3453 1405 3651 1458 securi-

2077 1491 2205 1545 tatis
2228 1489 2333 1556 leo,
2367 1506 2464 1561 per
2492 1491 2999 1560 contemplationem
3028 1507 3159 1547 vero
3184 1492 3415 1548 elIieitur
3438 1496 3613 1565 aquila
3639 1512 3654 1551 :

2078 1588 2222 1635 recte
2260 1597 2357 1650 per
2390 1581 2505 1635 luce
2531 1589 2717 1635 sancta
2766 1581 3019 1635 animalia
3053 1582 3256 1653 signari
3289 1586 3657 1656 unusquisque

2074 1670 2353 1740 perfectus
2395 1679 2594 1741 potest.
2627 1672 2779 1738 Quod
2829 1672 3029 1726 idcirco
3071 1673 3319 1737 dicimus,
3345 1686 3516 1742 utea,
3543 1692 3658 1745 qua:

377 1770 635 1840 spiritale,
667 1769 733 1824 de
774 1782 880 1838 quo
924 1765 1126 1820 dictum
1155 1772 1238 1818 est
1266 1778 1280 1816 :
1318 1782 1336 1814 ‹
1371 1762 1449 1815 Tu
1502 1776 1562 1816 es
1615 1760 1870 1815 sacerdos
1918 1760 1974 1814 in
2004 1763 2049 1822 B
2077 1763 2143 1819 de
2166 1772 2400 1831 quatuor
2429 1763 2751 1819 animalibus
2774 1764 2917 1819 dicta
2967 1774 3094 1820 sunt
3124 1768 3400 1835 pertinere
3445 1786 3657 1839 quoque

376 1871 636 1919 aeternum
692 1859 989 1915 secundum
1035 1856 1279 1912 ordinem
1322 1853 1735 1910 Melchisedech
1789 1850 1967 1924 (Psal.

376 1953 507 2023 οη).
542 1972 561 2004 ι
604 1951 681 2005 Ita
710 1951 971 2005 duntaxat
1014 1953 1073 1999 ut
1100 1945 1279 2000 omnia
1318 1943 1420 1998 sibi
1472 1944 1717 1998 haereant
1749 1956 1968 2011 unoque

379 2056 608 2111 corpore
633 2046 975 2094 censeantur.
1008 2033 1199 2103 Aquila
1240 2040 1421 2088 autem
1459 2047 1578 2101 quae
1608 2039 1661 2086 et
1689 2046 1851 2100 super
1880 2047 1974 2085 na-

381 2132 668 2195 tivitatem,
705 2136 760 2183 et
787 2142 947 2196 super
990 2124 1325 2195 prophetiam
1349 2131 1453 2188 est,
1477 2138 1597 2194 qua:
1623 2122 1835 2177 Domini
1879 2138 1974 2178 ex-

379 2223 557 2293 pletur
571 2222 827 2286 adventu,
859 2227 915 2274 et
943 2233 1105 2287 super
1126 2216 1488 2273 sacerdotium
1505 2216 1647 2285 quod
1679 2216 1939 2285 pneteriit
1956 2256 1971 2282 ,

379 2323 531 2368 extra
554 2312 671 2366 haec
693 2310 873 2366 omnia
900 2318 1015 2373 est,
1044 2308 1111 2362 de
1143 2307 1427 2361 nativitate
1447 2305 1692 2361 referens
1723 2305 1972 2375 spiritali,

378 2401 650 2473 quomodo
676 2400 837 2455 Pater
866 2398 919 2452 in
947 2397 1084 2452 Filio
1112 2404 1168 2450 et
1193 2395 1360 2450 Filius
1386 2396 1440 2449 in
1465 2395 1625 2450 Patre
1650 2395 1741 2459 sit,
1774 2394 1843 2450 de
1868 2410 1975 2464 qua

378 2492 680 2549 rectissime
706 2492 903 2546 dicitur
930 2508 944 2544 :
977 2508 997 2541 ι
1032 2488 1450 2545 Generationem
1499 2487 1614 2555 ejus
1664 2488 1788 2556 quis
1812 2502 1975 2543 enar-

380 2584 555 2639 rabit?
596 2603 615 2636 ›
654 2582 791 2656 (ιω.
844 2581 986 2652 LIII.)
1015 2580 1122 2636 ista
1165 2588 1292 2635 sunt
1316 2578 1474 2648 juxta
1504 2578 1885 2649 Apocalypsin,
1916 2586 1977 2634 ut

379 2686 507 2731 ante
559 2674 672 2744 jam
732 2674 991 2737 diximus,
1017 2682 1252 2743 quatuor
1295 2671 1545 2727 animalia
1599 2672 1756 2742 plena
1803 2660 1974 2726 oculis

380 2776 506 2821 ante
527 2776 582 2821 et
608 2774 776 2830 retro,
807 2779 1035 2833 quorum
1058 2780 1223 2818 unum
1252 2764 1452 2818 animal
1479 2764 1659 2819 simile
1698 2764 1892 2828 leonis,
1920 2771 1978 2819 et

380 2856 677 2913 secundum
699 2854 876 2909 simile
894 2852 1067 2918 vituli,
1090 2862 1147 2908 et
1172 2853 1390 2907 tertium
1422 2853 1623 2906 habens
1652 2853 1845 2907 faciem
1878 2853 1975 2907 ho-

381 2950 563 3013 minis,
594 2958 650 3002 et
675 2952 926 3018 quartum
955 2944 1131 3000 simile
1175 2943 1370 3014 aquila:
1395 2943 1627 2997 volantis
1659 2942 1842 3016 (Apoc.
1867 2944 1969 3016 tv).

380 3039 565 3109 Ibique
600 3038 855 3093 dicuntur
877 3036 931 3090 in
957 3035 1176 3091 modum
1222 3034 1509 3103 Seraphim
1557 3050 1717 3089 senas
1769 3035 1971 3090 habere

384 3130 518 3195 alas,
547 3129 757 3193 duabus
806 3126 1039 3192 faciem,
1081 3135 1137 3181 et
1168 3125 1378 3180 duabus
1438 3125 1604 3195 pedes
1648 3126 1970 3196 operientia,
1996 3112 2047 3175 C

384 3219 592 3274 duabus
635 3227 814 3275 autem
855 3216 1114 3282 volantia,
1141 3223 1322 3271 etnec
1356 3216 1409 3270 in
1438 3216 1526 3271 die
1583 3231 1681 3271 nec
1708 3216 1761 3270 in
1817 3226 1976 3271 nocte

383 3308 676 3374 cessantia,
699 3320 862 3377 atque
890 3306 1143 3371 dicentia,
1172 3324 1191 3358 ι
1223 3304 1475 3370 Sanetus,
1497 3312 1732 3369 sanctus,
1759 3313 1976 3359 sanctus

385 3400 645 3455 Dominus
670 3398 812 3453 Deus
835 3398 1199 3468 omnipotens,
1222 3397 1314 3466 qui
1343 3404 1462 3450 erat
1488 3403 1544 3449 et
1573 3395 1667 3466 qui
1691 3403 1775 3450 est
1795 3403 1850 3449 et
1879 3394 1972 3463 qui

387 3502 647 3547 venturus
666 3499 769 3546 est.
793 3510 812 3542 ι
832 3488 1034 3563 (Ct-eg.)
1058 3488 1166 3545 Sed
1192 3489 1319 3558 quia
1345 3489 1502 3543 electi
1524 3503 1713 3544 omnes
1734 3488 1976 3541 membra

386 3592 514 3637 sunt
539 3582 894 3652 redemptoris
945 3581 1135 3645 nostri,
1183 3580 1299 3649 ipse
1329 3588 1508 3634 autem
1553 3579 1861 3648 redemptor
1885 3592 1979 3631 no-

383 3683 496 3729 ster
523 3681 685 3743 caput
706 3682 791 3729 est
817 3672 1060 3728 omnium
1079 3670 1376 3727 electorum
1400 3686 1497 3741 per
1523 3671 1627 3725 hoc
1643 3670 1785 3739 quod
1810 3682 1978 3722 mem-

385 3766 481 3818 bra
510 3762 626 3832 ejus
655 3768 881 3834 tigurata
911 3770 1056 3828 sunt,
1084 3762 1161 3817 nil
1194 3763 1376 3818 obstat
1404 3762 1450 3816 si
1478 3761 1644 3816 etiam
1671 3761 1728 3815 in
1752 3758 1837 3813 his
1859 3773 1977 3812 om-

388 3854 544 3909 nibus
573 3863 628 3908 et
643 3853 756 3924 ipse
783 3853 1048 3924 signetur,
1071 3853 1185 3923 ipse
1205 3852 1350 3907 enim
1372 3850 1682 3922 unigenitus
1704 3849 1799 3904 Dei
1831 3848 1979 3903 filius

388 3947 654 4002 veraciter
685 3944 861 4003 factus
888 3952 974 3999 est
1001 3936 1182 4007 homo,
1216 3944 1329 4013 ipse
1367 3943 1421 3997 in
1473 3942 1744 3998 sacriﬁcio
1773 3950 1980 3996 nostrae

392 4036 777 4107 redemptionis
808 4036 1062 4106 dignatus
1089 4042 1174 4089 est
1203 4035 1339 4089 mori
1389 4042 1448 4089 ut
1470 4034 1690 4089 vitulus.
1738 4033 1858 4104 Ipse
1882 4047 1981 4104 per

393 4132 644 4186 virtutem
676 4144 788 4184 suae
815 4126 1146 4183 fortitudinis
1191 4126 1427 4182 surrexit
1455 4134 1516 4180 ut
1534 4126 1638 4181 leo.
1670 4125 1780 4180 Leo
1817 4126 1980 4180 etiam

393 4222 595 4292 apertis
642 4220 817 4276 oculis
871 4219 1107 4275 dormire
1156 4215 1505 4288 perhibetur,
1569 4216 1695 4285 quia
1751 4216 1804 4270 in
1865 4216 1982 4284 ipsa

392 4323 569 4370 morte
594 4313 646 4368 in
672 4328 778 4383 qua
817 4326 884 4367 ex
916 4309 1250 4366 humanitate
1280 4308 1591 4377 redemptor
1628 4314 1813 4363 noster
1857 4307 1982 4361 dor-

395 4406 530 4461 mire
553 4403 746 4474 potuit,
777 4416 846 4457 ex
871 4400 1150 4456 divinitate
1180 4414 1275 4453 sua
1302 4397 1627 4453 immortalis
1655 4412 1979 4467 permanen-

394 4499 464 4553 do
493 4495 749 4567 vigilavit.
808 4493 924 4564 Ipse
961 4492 1125 4546 etiam
1166 4499 1289 4562 post
1332 4489 1789 4545 resurrectionem
1825 4503 1979 4543 suam
2009 4459 2054 4520 C

396 4586 696 4643 ascendens
726 4584 782 4639 in
831 4583 1019 4649 caelos,
1059 4582 1113 4636 in
1144 4579 1518 4652 superioribus
1554 4587 1638 4635 est
1664 4579 1903 4634 elevatus
1924 4587 1985 4633 ut

398 4675 599 4747 aquila.
624 4673 817 4729 Totum
849 4686 980 4740 ergo
1008 4669 1171 4727 simul
1200 4669 1357 4726 nobis
1387 4676 1494 4733 est,
1515 4669 1606 4737 qui
1634 4676 1688 4722 et
1714 4668 1984 4724 nascendo

400 4768 585 4829 homo,
612 4770 668 4818 ει
704 4760 983 4817 moriendo
1021 4760 1245 4825 vitulus,
1275 4767 1331 4815 et
1378 4758 1710 4829 resurgendo
1763 4758 1845 4812 leo
1873 4798 1887 4823 ,
1928 4765 1985 4812 et

399 4858 466 4913 ad
489 4855 657 4912 oculos
682 4852 1021 4909 ascendendo
1045 4851 1223 4923 aquila
1247 4851 1424 4906 factus
1449 4859 1550 4907 est.
1584 4850 1693 4906 Sed
1732 4851 1862 4920 quia
1888 4865 1985 4920 per

401 4950 519 5005 hee
546 4945 803 5002 animalia
833 4942 1203 5013 Evangelistas
1237 4951 1471 5013 quatuor
1497 4983 1514 5007 ,
1542 4951 1596 4997 et
1636 4943 1738 4997 sub
1793 4957 1982 4997 eorum

400 5037 579 5108 specie
622 5034 783 5090 simul
825 5033 1093 5103 perfectos
1125 5049 1313 5089 omnes
1348 5033 1463 5103 jam
1507 5034 1757 5104 superius
1781 5031 1985 5103 signiﬁ-

402 5143 531 5185 care
583 5127 839 5191 diximus,
884 5132 1054 5179 restat
1081 5133 1140 5178 ut
1172 5128 1441 5193 quomodo
1472 5126 1842 5195 unusquisque
1873 5124 1984 5179 ele-

403 5231 614 5277 ctorum
640 5216 761 5272 istis
786 5214 1100 5270 animalium
1129 5215 1426 5271 visionibus
1451 5216 1775 5286 exprimitur
1801 5226 1983 5272 osten-

403 5315 612 5367 damus.
643 5306 831 5364 Omnis
870 5307 1069 5361 etenim
1123 5306 1327 5361 electus
1375 5317 1539 5376 atque
1562 5310 1616 5362 in
1651 5309 1739 5362 via
1770 5309 1982 5364 Domini

405 5402 694 5473 perfectus,
722 5407 778 5453 et
804 5399 966 5452 homo
1002 5405 1060 5451 et
1087 5395 1309 5461 vitulus,
1335 5405 1388 5451 et
1416 5397 1499 5451 leo
1537 5398 1695 5452 simul
1721 5407 1776 5452 et
1801 5399 1981 5467 aquila

405 5503 507 5548 est.
554 5492 726 5548 llomo
770 5489 912 5545 enim
966 5487 1227 5543 rationale
1277 5496 1362 5543 est
1386 5488 1603 5542 animal.
1635 5488 1845 5544 Vitulus
1884 5506 1984 5543 au-

406 5595 514 5641 tem
543 5586 595 5639 in
626 5582 894 5640 sacrificio
930 5580 1155 5635 mactari
1198 5579 1371 5643 solet;
1410 5597 1429 5630 ι
1466 5579 1549 5634 leo
1576 5594 1705 5634 vero
1756 5578 1984 5633 fortissi-

411 5690 528 5730 mus
551 5676 866 5741 bestiarum,
914 5675 980 5729 ad
1004 5673 1200 5727 nullius
1227 5672 1440 5741 pavebit
1481 5687 1768 5726 occursum
1800 5668 1981 5743 (Prov.

2074 1853 2236 1907 etiam
2263 1854 2328 1907 ad
2356 1853 2723 1924 perfectorum
2775 1855 3014 1926 singulos
3063 1856 3513 1915 demonstremus.
3552 1860 3654 1915 Sed

2072 1958 2267 2015 magna
2301 1944 2457 1998 nobis
2486 1945 2551 1999 de
2597 1945 2799 2000 eisdem
2830 1947 3179 2017 evangelistis
3205 1957 3261 2002 et
3282 1951 3488 2005 sanctis
3522 1966 3657 2021 pra:-

2074 2035 2404 2091 dicatoribus
2451 2035 2678 2104 quaestio
2727 2036 2941 2100 oritur,
2997 2052 3094 2090 cur
3148 2037 3234 2092 leo
3289 2047 3346 2092 et
3402 2038 3565 2093 homo
3626 2055 3655 2092 a

2074 2127 2279 2182 dextris
2329 2126 2567 2196 ipsorum
2618 2140 2868 2196 quatuor,
2916 2127 3118 2181 vitulus
3165 2144 3293 2184 vero
3339 2145 3371 2183 a
3420 2130 3659 2186 sinistris

2074 2216 2313 2287 ipsorum
2386 2225 2617 2286 quatuor
2673 2232 2796 2272 esse
2860 2218 3224 2287 perhibetur:
3283 2235 3462 2291 neque
3515 2224 3657 2277 enim

2073 2308 2189 2362 sine
2219 2307 2580 2363 admiratione
2614 2316 2718 2373 est,
2749 2324 2849 2363 cur
2874 2310 2977 2364 duo
3000 2309 3089 2364 illa
3116 2326 3147 2363 a
3175 2310 3381 2367 dextris
3403 2321 3460 2367 et
3495 2330 3657 2367 unum

2074 2400 2178 2454 hoc
2213 2414 2330 2455 esse
2355 2415 2385 2453 a
2408 2400 2643 2455 sinistris
2700 2401 2917 2456 dicitur.
2959 2402 3026 2456 Et
3065 2418 3254 2460 rursus
3310 2409 3658 2475 qumrendum

2073 2506 2172 2546 cur
2206 2490 2383 2561 aquila
2416 2505 2523 2545 non
2553 2505 2584 2544 a
2613 2490 2819 2547 dextris
2845 2493 2928 2546 vel
2955 2509 2985 2546 a
3011 2495 3270 2561 sinistris,
3302 2496 3394 2550 sed
3428 2499 3657 2568 desuper

2075 2581 2312 2650 ipsorum
2334 2591 2566 2651 quatuor
2595 2598 2716 2637 esse
2754 2593 3106 2638 memoratur.
3140 2586 3283 2640 Duas
3310 2587 3493 2657 itaque
3512 2605 3656 2658 qua:-

2073 2673 2277 2728 Stiones
2304 2673 2460 2728 nobis
2494 2673 2814 2744 objecimus,
2868 2690 3002 2744 quas
3048 2685 3261 2745 oportet
3288 2686 3347 2731 ut
3377 2680 3656 2748 aperiente

2074 2762 2300 2817 Domino
2351 2762 2727 2818 dissolvamus.
2756 2763 2928 2818 Homo
2984 2765 3147 2836 igitur
3181 2776 3237 2820 et
3260 2765 3347 2821 leo
3375 2782 3405 2819 a
3428 2767 3651 2834 dextris,

2071 2855 2275 2910 vitulus
2300 2871 2431 2911 vero
2466 2872 2497 2910 a
2549 2856 2787 2911 sinistris
2838 2871 2961 2912 esse
2988 2857 3347 2928 perhibetur;
3390 2874 3420 2913 a
3451 2859 3657 2916 dextris

2074 2950 2219 3004 enim
2268 2950 2410 3017 beta,
2438 2966 2468 3005 a
2499 2952 2736 3007 sinistris
2790 2967 2918 3008 vero
2968 2955 3144 3009 tristia
3185 2955 3467 3010 habemus.
3503 2955 3653 3011 Unde

2076 3051 2131 3097 et
2161 3042 2441 3098 sinistrum
2472 3044 2628 3099 nobis
2674 3058 2797 3099 esse
2849 3045 3079 3100 dicimus
3122 3046 3247 3112 hoc,
3298 3048 3441 3116 quod
3469 3047 3655 3101 adver-

2077 3150 2197 3190 sum
2250 3149 2374 3190 esse
2417 3135 2774 3204 deputamus:
2806 3144 2863 3189 et
2905 3135 3047 3190 sicut
3085 3136 3295 3206 praefati
3347 3153 3534 3192 sumus
3563 3152 3657 3206 per

2077 3226 2353 3282 hominem
2393 3227 2716 3292 incarnatio,
2773 3242 2871 3296 per
2900 3228 3124 3282 vitulum
3154 3230 3357 3297 passio,
3410 3245 3508 3300 per
3544 3229 3655 3283 leo-

2076 3332 2202 3372 nem
2231 3332 2361 3373 vero
2392 3318 2632 3373 auctoris
2658 3319 2828 3373 nostri
2857 3320 3185 3375 resurrectio
3211 3322 3544 3393 designatur.
3581 3321 3656 3376 De

2077 3408 2449 3464 incarnatione
2501 3417 2683 3465 autem
2718 3410 2977 3480 unigeniti
3033 3410 3178 3477 Filii,
3235 3427 3341 3482 qua
3398 3413 3658 3483 redempti

2077 3516 2282 3565 sumus,
2314 3515 2504 3555 omnes
2531 3500 2688 3555 electi
2745 3500 2911 3555 laetati
2958 3511 3107 3557 sunt.
3138 3501 3214 3556 De
3245 3513 3420 3558 morte
3443 3518 3568 3557 vero
3597 3504 3657 3557 il—

2077 3589 2180 3644 lius
2203 3589 2304 3659 ipsi
2334 3589 2627 3645 electorum
2653 3589 2813 3658 primi
2844 3589 3017 3643 sancti
3048 3589 3291 3660 Apostoli
3333 3592 3655 3657 contristati,

2076 3682 2169 3752 qui
2201 3682 2394 3735 iterum
2421 3681 2487 3736 de
2512 3678 2630 3749 ejus
2680 3680 3076 3735 resurrectione
3133 3680 3302 3750 gavisi
3350 3689 3494 3737 sunt.
3525 3681 3657 3749 Quia

2077 3791 2210 3847 ergo
2238 3774 2355 3844 ejus
2392 3785 2448 3830 et
2493 3776 2747 3830 nativitas
2776 3783 2830 3830 et
2868 3776 3196 3830 resurrectio
3232 3776 3473 3832 lmtiliam
3497 3778 3656 3833 disci—

2077 3866 2219 3935 pulis
2240 3866 2471 3935 prtebuit
2498 3880 2633 3935 quos
2659 3866 2776 3935 ejus
2806 3866 2987 3936 passio
3032 3866 3395 3931 eontristavit,
3427 3868 3586 3923 homo
3606 3878 3659 3923 et

2079 3952 2164 4008 leo
2193 3968 2223 4007 a
2249 3953 2473 4018 dextris,
2505 3952 2706 4008 vitulus
2733 3968 2862 4007 vero
2894 3969 2923 4006 a
2954 3954 3190 4009 sinistris
3235 3955 3316 4010 eis
3368 3955 3532 4011 fuisse
3570 3958 3658 4011 de-

2080 4042 2355 4098 scribitur.
2399 4042 2504 4113 lpsi
2559 4058 2794 4113 namque
2848 4043 3194 4113 evangelista
3242 4046 3415 4100 sancti
3454 4047 3522 4102 de
3545 4046 3659 4116 ejus

2080 4131 2419 4187 humanitate
2453 4132 2623 4203 gavisi
2672 4140 2815 4195 sunt,
2847 4134 2915 4188 de
2959 4133 3077 4204 ejus
3102 4136 3499 4190 resurrectione
3527 4151 3657 4190 eon-

2081 4222 2302 4288 firmati,
2353 4222 2444 4292 qui
2495 4221 2562 4277 de
2596 4220 2715 4290 ejus
2767 4223 3018 4293 passione
3069 4222 3285 4278 fuerant
3331 4227 3655 4280 contristati.

2081 4314 2253 4370 Homo
2275 4329 2404 4385 ergo
2430 4321 2487 4368 et
2508 4313 2591 4368 leo
2611 4313 2692 4368 eis
2712 4328 2742 4366 a
2769 4313 2975 4368 dextris
3003 4321 3107 4379 est,
3134 4314 3257 4383 quia
3288 4313 3662 4385 Redemptoris

2083 4404 2253 4459 nostri
2280 4418 2374 4459 eos
2401 4402 2700 4457 inearnatio
2726 4402 3042 4467 viviﬁcavit,
3093 4404 3420 4458 resurrectio
3457 4404 3660 4459 conﬁr—

2084 4494 2270 4548 mavit.
2324 4492 2429 4548 Sed
2455 4492 2656 4547 vitulus
2682 4508 2712 4547 a
2738 4492 2975 4548 sinistris
3002 4512 3015 4547 :
3048 4493 3174 4562 quia
3225 4510 3370 4549 mors
3398 4495 3543 4550 illius
3568 4510 3665 4551 eos

2086 4583 2154 4638 ad
2184 4591 2515 4637 momentum
2570 4582 2830 4651 temporis
2884 4581 2940 4635 in
2990 4581 3303 4637 infidelitate
3347 4584 3661 4651 prostravit.

2082 4671 2213 4727 Jure
2237 4679 2416 4724 autem
2452 4668 2602 4725 locus
2632 4668 2826 4738 aquilae
2864 4686 2970 4726 non
2993 4669 3148 4740 juxta
3178 4671 3272 4726 sed
3296 4672 3667 4742 desuperesse

2084 4760 2428 4824 describitur,
2458 4760 2603 4857 ~quia
2636 4760 2750 4814 sive
2778 4774 2878 4828 per
2906 4760 3030 4825 hoc,
3077 4760 3220 4829 quod
3247 4760 3365 4830 ejus
3393 4763 3667 4817 ascensio.

2085 4868 2208 4908 nem
2234 4853 2431 4924 signat,
2461 4851 2557 4907 'seu
2579 4852 2704 4922 quia
2730 4852 2956 4907 verbum
2986 4852 3163 4908 Patris
3192 4851 3360 4907 Deum
3399 4855 3543 4924 apud
3568 4856 3668 4910 Pa-

2083 4954 2221 5000 trem
2249 4959 2369 4999 esse
2398 4944 2698 5010 denuntiat,
2726 4958 2890 5014 super
2917 4945 3277 5017 evangelistas
3304 4956 3535 5003 caeteros
3558 4948 3667 5003 vir-

2084 5044 2199 5090 tute
2222 5033 2691 5103 contemplationis
2732 5035 3013 5090 excrevit:
3047 5051 3169 5090 eum
3199 5036 3397 5106 quibus
3446 5039 3552 5094 etsi
3586 5039 3663 5095 si-

2083 5128 2193 5183 mul
2213 5127 2279 5183 de
2302 5126 2418 5196 ejus
2454 5125 2654 5182 deitate
2682 5127 2935 5195 loquitur,
2986 5126 3128 5181 hanc
3171 5134 3354 5181 tamen
3405 5128 3663 5182 omnibus

2082 5220 2334 5276 subtilius
2373 5218 2789 5289 contemplatur.
2846 5218 2956 5272 Sed
3007 5218 3052 5273 si
3081 5218 3259 5287 aquila
3316 5234 3438 5274 eum
3489 5219 3664 5274 tribus

2084 5308 2205 5364 aliis
2249 5308 2501 5377 adjuncta
2549 5315 2783 5377 quatuor
2813 5306 3069 5361 animalia
3108 5321 3227 5361 esse
3272 5317 3661 5371 memorantur,

2084 5398 2338 5453 nimirum
2364 5398 2634 5466 quomodo
2662 5397 2893 5464 desuper
2933 5396 3168 5464 ipsorum
3192 5404 3429 5465 quatuor
3455 5397 3666 5451 deseri-

2083 5487 2230 5541 bitur
2257 5527 2272 5553 ,
2302 5488 2404 5542 nisi
2434 5487 2559 5556 quia
2604 5484 2837 5540 Joannes
2860 5499 2957 5554 per
2983 5486 3103 5548 hoc,
3147 5484 3288 5553 quod
3316 5484 3369 5537 in
3400 5484 3667 5552 principio

2086 5578 2319 5634 Verbum
2375 5578 2531 5644 vidit,
2585 5577 2748 5631 etiam
2803 5590 2967 5644 super
3020 5574 3369 5643 semetipsum
3424 5575 3661 5639 transuit.

2088 5670 2221 5723 Nam
2251 5670 2352 5723 nisi
2379 5680 2434 5724 et
2464 5684 2522 5723 se
2554 5668 2855 5731 transisset,
2899 5667 3130 5722 Verbum
3174 5666 3229 5719 in
3265 5664 3530 5735 principio
3556 5681 3662 5717 non
