  <div class='ocr_page' id='page_1' title='image "/cluster/home/n/w/nwhite01/storage/ocr_20150623/110/hvd.32044054759758/264.png"; bbox 0 0 3950 6184; ppageno 0'>
   <div class='ocr_carea' id='block_1_1' title="bbox 302 211 402 270">
    <p class='ocr_par' dir='ltr' id='par_1_1' title="bbox 302 211 402 270">
     <span class='ocr_line' id='line_1_1' title="bbox 302 211 402 270; baseline -0.02 0"><span class='ocrx_word' id='word_1_1' title='bbox 302 211 402 270; x_wconf 65' lang='grc'><strong>51⁸2</strong></span> 
     </span>
    </p>
   </div>
   <div class='ocr_carea' id='block_1_2' title="bbox 1292 215 2571 279">
    <p class='ocr_par' dir='ltr' id='par_1_2' title="bbox 1292 215 2571 279">
     <span class='ocr_line' id='line_1_2' title="bbox 1292 215 2571 279; baseline -0.003 -6"><span class='ocrx_word' id='word_1_2' title='bbox 1292 215 1641 275; x_wconf 67' lang='grc' dir='ltr'><strong>ΟΟΜΜΕΝΤ.</strong></span> <span class='ocrx_word' id='word_1_3' title='bbox 1680 222 1746 276; x_wconf 73' lang='grc' dir='ltr'><strong>ΙΝ</strong></span> <span class='ocrx_word' id='word_1_4' title='bbox 1786 218 2239 279; x_wconf 74' lang='lat' dir='ltr'><strong>EZECHIELEM.</strong></span> <span class='ocrx_word' id='word_1_5' title='bbox 2282 249 2345 256; x_wconf 85' lang='lat'><strong>—-</strong></span> <span class='ocrx_word' id='word_1_6' title='bbox 2387 216 2511 271; x_wconf 80' lang='lat' dir='ltr'><strong>l.l3.</strong></span> <span class='ocrx_word' id='word_1_7' title='bbox 2554 217 2571 270; x_wconf 95' lang='lat' dir='ltr'><strong>l</strong></span> 
     </span>
    </p>
   </div>
   <div class='ocr_carea' id='block_1_3' title="bbox 3465 222 3571 283">
    <p class='ocr_par' dir='ltr' id='par_1_3' title="bbox 3465 222 3571 283">
     <span class='ocr_line' id='line_1_3' title="bbox 3465 222 3571 283; baseline 0.038 -4"><span class='ocrx_word' id='word_1_8' title='bbox 3465 222 3571 283; x_wconf 80' lang='lat' dir='ltr'><strong>5l8</strong></span> 
     </span>
    </p>
   </div>
   <div class='ocr_carea' id='block_1_4' title="bbox 300 325 3570 401">
    <p class='ocr_par' dir='ltr' id='par_1_4' title="bbox 300 325 3570 401">
     <span class='ocr_line' id='line_1_4' title="bbox 300 325 3570 401; baseline 0.003 -21"><span class='ocrx_word' id='word_1_9' title='bbox 300 327 549 382; x_wconf 84' lang='lat' dir='ltr'><strong>vidisset.</strong></span> <span class='ocrx_word' id='word_1_10' title='bbox 586 325 685 394; x_wconf 85' lang='lat' dir='ltr'><strong>Qui</strong></span> <span class='ocrx_word' id='word_1_11' title='bbox 747 343 873 399; x_wconf 82' lang='lat' dir='ltr'><strong>ergo</strong></span> <span class='ocrx_word' id='word_1_12' title='bbox 924 334 977 382; x_wconf 92' lang='lat' dir='ltr'><strong>et</strong></span> <span class='ocrx_word' id='word_1_13' title='bbox 1016 326 1248 397; x_wconf 80' lang='lat' dir='ltr'><strong>scipsum</strong></span> <span class='ocrx_word' id='word_1_14' title='bbox 1281 337 1619 399; x_wconf 83' lang='lat' dir='ltr'><strong>traugrcssus</strong></span> <span class='ocrx_word' id='word_1_15' title='bbox 1646 344 1744 394; x_wconf 81' lang='lat' dir='ltr'><strong>est,</strong></span> <span class='ocrx_word' id='word_1_16' title='bbox 1783 349 1887 386; x_wconf 84' lang='lat' dir='ltr'><strong>non</strong></span> <span class='ocrx_word' id='word_1_17' title='bbox 1922 335 1967 394; x_wconf 72' lang='grc' dir='ltr'><strong>Α</strong></span> <span class='ocrx_word' id='word_1_18' title='bbox 1994 330 2146 384; x_wconf 88' lang='lat' dir='ltr'><strong>dunt.</strong></span> <span class='ocrx_word' id='word_1_19' title='bbox 2201 327 2325 382; x_wconf 78' lang='lat' dir='ltr'><strong>Dum</strong></span> <span class='ocrx_word' id='word_1_20' title='bbox 2362 328 2562 396; x_wconf 88' lang='lat' dir='ltr'><strong>itaque,</strong></span> <span class='ocrx_word' id='word_1_21' title='bbox 2613 335 2671 380; x_wconf 89' lang='lat' dir='ltr'><strong>ut</strong></span> <span class='ocrx_word' id='word_1_22' title='bbox 2698 328 2896 381; x_wconf 77' lang='lat' dir='ltr'><strong>dictum</strong></span> <span class='ocrx_word' id='word_1_23' title='bbox 2943 336 3039 387; x_wconf 84' lang='lat' dir='ltr'><strong>est,</strong></span> <span class='ocrx_word' id='word_1_24' title='bbox 3067 343 3254 397; x_wconf 77' lang='lat' dir='ltr'><strong>penna:</strong></span> <span class='ocrx_word' id='word_1_25' title='bbox 3271 329 3570 401; x_wconf 70' lang='lat' dir='ltr'><strong>junguntur</strong></span> 
     </span>
    </p>
   </div>
   <div class='ocr_carea' id='block_1_5' title="bbox 299 414 1892 491">
    <p class='ocr_par' dir='ltr' id='par_1_5' title="bbox 299 414 1892 491">
     <span class='ocr_line' id='line_1_5' title="bbox 299 414 1892 491; baseline 0.004 -21"><span class='ocrx_word' id='word_1_26' title='bbox 299 414 412 484; x_wconf 89' lang='lat' dir='ltr'><strong>jam</strong></span> <span class='ocrx_word' id='word_1_27' title='bbox 442 416 780 471; x_wconf 89' lang='lat' dir='ltr'><strong>solummodo</strong></span> <span class='ocrx_word' id='word_1_28' title='bbox 808 433 969 487; x_wconf 87' lang='lat' dir='ltr'><strong>super</strong></span> <span class='ocrx_word' id='word_1_29' title='bbox 997 417 1117 479; x_wconf 81' lang='lat' dir='ltr'><strong>tria,</strong></span> <span class='ocrx_word' id='word_1_30' title='bbox 1170 418 1265 473; x_wconf 88' lang='lat' dir='ltr'><strong>sed</strong></span> <span class='ocrx_word' id='word_1_31' title='bbox 1292 416 1546 489; x_wconf 83' lang='lat' dir='ltr'><strong>adjuncto</strong></span> <span class='ocrx_word' id='word_1_32' title='bbox 1568 428 1621 475; x_wconf 89' lang='lat' dir='ltr'><strong>et</strong></span> <span class='ocrx_word' id='word_1_33' title='bbox 1650 437 1707 475; x_wconf 88' lang='lat' dir='ltr'><strong>se</strong></span> <span class='ocrx_word' id='word_1_34' title='bbox 1732 436 1892 491; x_wconf 90' lang='lat' dir='ltr'><strong>super</strong></span> 
     </span>
    </p>
   </div>
   <div class='ocr_carea' id='block_1_6' title="bbox 304 506 847 583">
    <p class='ocr_par' dir='ltr' id='par_1_6' title="bbox 304 506 847 583">
     <span class='ocr_line' id='line_1_6' title="bbox 304 506 847 583; baseline -0.004 -22"><span class='ocrx_word' id='word_1_35' title='bbox 304 516 545 578; x_wconf 82' lang='lat' dir='ltr'><strong>quatuor</strong></span> <span class='ocrx_word' id='word_1_36' title='bbox 574 506 697 560; x_wconf 90' lang='lat' dir='ltr'><strong>fuit.</strong></span> <span class='ocrx_word' id='word_1_37' title='bbox 846 580 847 583; x_wconf 13' lang='grc' dir='ltr'><strong>η</strong></span> 
     </span>
    </p>
   </div>
   <div class='ocr_carea' id='block_1_7' title="bbox 381 596 1890 667">
    <p class='ocr_par' dir='ltr' id='par_1_7' title="bbox 381 596 1890 667">
     <span class='ocr_line' id='line_1_7' title="bbox 381 596 1890 667; baseline 0.005 -19"><span class='ocrx_word' id='word_1_38' title='bbox 381 614 402 648; x_wconf 72' lang='grc' dir='ltr'><strong>ι</strong></span> <span class='ocrx_word' id='word_1_39' title='bbox 440 596 509 652; x_wconf 85' lang='lat' dir='ltr'><strong>Et</strong></span> <span class='ocrx_word' id='word_1_40' title='bbox 539 596 709 653; x_wconf 80' lang='lat' dir='ltr'><strong>facies</strong></span> <span class='ocrx_word' id='word_1_41' title='bbox 746 612 931 651; x_wconf 88' lang='lat' dir='ltr'><strong>eorum</strong></span> <span class='ocrx_word' id='word_1_42' title='bbox 962 605 1017 652; x_wconf 84' lang='lat' dir='ltr'><strong>et</strong></span> <span class='ocrx_word' id='word_1_43' title='bbox 1038 613 1224 667; x_wconf 76' lang='lat' dir='ltr'><strong>penna:</strong></span> <span class='ocrx_word' id='word_1_44' title='bbox 1252 612 1436 653; x_wconf 89' lang='lat' dir='ltr'><strong>corum</strong></span> <span class='ocrx_word' id='word_1_45' title='bbox 1465 609 1699 654; x_wconf 75' lang='lat' dir='ltr'><strong>exteutze</strong></span> <span class='ocrx_word' id='word_1_46' title='bbox 1729 600 1890 657; x_wconf 88' lang='lat' dir='ltr'><strong>desu-</strong></span> 
     </span>
    </p>
   </div>
   <div class='ocr_carea' id='block_1_8' title="bbox 310 687 1896 759">
    <p class='ocr_par' dir='ltr' id='par_1_8' title="bbox 310 687 1896 759">
     <span class='ocr_line' id='line_1_8' title="bbox 310 687 1896 759; baseline 0.005 -20"><span class='ocrx_word' id='word_1_47' title='bbox 310 709 328 739; x_wconf 71' lang='grc' dir='ltr'><strong>ι</strong></span> <span class='ocrx_word' id='word_1_48' title='bbox 364 704 478 759; x_wconf 83' lang='lat' dir='ltr'><strong>per.</strong></span> <span class='ocrx_word' id='word_1_49' title='bbox 502 689 631 743; x_wconf 69' lang='lat' dir='ltr'><strong>Duze</strong></span> <span class='ocrx_word' id='word_1_50' title='bbox 652 704 839 759; x_wconf 78' lang='lat' dir='ltr'><strong>pennae.</strong></span> <span class='ocrx_word' id='word_1_51' title='bbox 865 689 1196 758; x_wconf 82' lang='lat' dir='ltr'><strong>singulorum</strong></span> <span class='ocrx_word' id='word_1_52' title='bbox 1217 687 1896 759; x_wconf 76' lang='lat' dir='ltr'><strong>jungelzantur,etdmete-</strong></span> 
     </span>
    </p>
   </div>
   <div class='ocr_carea' id='block_1_9' title="bbox 311 780 1897 852">
    <p class='ocr_par' dir='ltr' id='par_1_9' title="bbox 311 780 1897 852">
     <span class='ocr_line' id='line_1_9' title="bbox 311 780 1897 852; baseline 0.004 -21"><span class='ocrx_word' id='word_1_53' title='bbox 311 800 328 831; x_wconf 75' lang='grc' dir='ltr'><strong>ι</strong></span> <span class='ocrx_word' id='word_1_54' title='bbox 367 780 569 850; x_wconf 78' lang='lat' dir='ltr'><strong>gebant</strong></span> <span class='ocrx_word' id='word_1_55' title='bbox 601 792 828 850; x_wconf 86' lang='lat' dir='ltr'><strong>corpora</strong></span> <span class='ocrx_word' id='word_1_56' title='bbox 859 794 1068 832; x_wconf 88' lang='lat' dir='ltr'><strong>eorum.</strong></span> <span class='ocrx_word' id='word_1_57' title='bbox 1105 798 1122 829; x_wconf 73' lang='grc' dir='ltr'><strong>ι</strong></span> <span class='ocrx_word' id='word_1_58' title='bbox 1163 780 1181 851; x_wconf 95' lang='grc'>(</span> <span class='ocrx_word' id='word_1_59' title='bbox 1200 780 1455 851; x_wconf 79' lang='lat' dir='ltr'><strong>Hieron.)</strong></span> <span class='ocrx_word' id='word_1_60' title='bbox 1480 781 1544 834; x_wconf 84' lang='lat' dir='ltr'><strong>Et</strong></span> <span class='ocrx_word' id='word_1_61' title='bbox 1568 798 1728 852; x_wconf 89' lang='lat' dir='ltr'><strong>supra</strong></span> <span class='ocrx_word' id='word_1_62' title='bbox 1758 783 1897 838; x_wconf 80' lang='lat' dir='ltr'><strong>dixi-</strong></span> 
     </span>
    </p>
   </div>
   <div class='ocr_carea' id='block_1_10' title="bbox 306 867 1897 941">
    <p class='ocr_par' dir='ltr' id='par_1_10' title="bbox 306 867 1897 941">
     <span class='ocr_line' id='line_1_10' title="bbox 306 867 1897 941; baseline 0.004 -19"><span class='ocrx_word' id='word_1_63' title='bbox 306 884 430 922; x_wconf 83' lang='lat' dir='ltr'><strong>mus</strong></span> <span class='ocrx_word' id='word_1_64' title='bbox 450 867 638 936; x_wconf 90' lang='lat' dir='ltr'><strong>juncta</strong></span> <span class='ocrx_word' id='word_1_65' title='bbox 664 868 766 923; x_wconf 86' lang='lat' dir='ltr'><strong>sibi</strong></span> <span class='ocrx_word' id='word_1_66' title='bbox 788 883 906 922; x_wconf 89' lang='lat' dir='ltr'><strong>esse</strong></span> <span class='ocrx_word' id='word_1_67' title='bbox 933 868 1244 937; x_wconf 81' lang='lat' dir='ltr'><strong>Evangelia,</strong></span> <span class='ocrx_word' id='word_1_68' title='bbox 1266 878 1321 923; x_wconf 91' lang='lat' dir='ltr'><strong>et</strong></span> <span class='ocrx_word' id='word_1_69' title='bbox 1350 880 1613 941; x_wconf 87' lang='lat' dir='ltr'><strong>tempora,</strong></span> <span class='ocrx_word' id='word_1_70' title='bbox 1635 884 1688 926; x_wconf 92' lang='lat' dir='ltr'><strong>et</strong></span> <span class='ocrx_word' id='word_1_71' title='bbox 1709 889 1897 929; x_wconf 86' lang='lat' dir='ltr'><strong>omnes</strong></span> 
     </span>
    </p>
   </div>
   <div class='ocr_carea' id='block_1_11' title="bbox 308 957 1896 1034">
    <p class='ocr_par' dir='ltr' id='par_1_11' title="bbox 308 957 1896 1034">
     <span class='ocr_line' id='line_1_11' title="bbox 308 957 1896 1034; baseline 0.005 -24"><span class='ocrx_word' id='word_1_72' title='bbox 308 957 607 1012; x_wconf 85' lang='lat' dir='ltr'><strong>rationales</strong></span> <span class='ocrx_word' id='word_1_73' title='bbox 634 966 916 1013; x_wconf 80' lang='lat' dir='ltr'><strong>creaturas</strong></span> <span class='ocrx_word' id='word_1_74' title='bbox 946 966 1284 1029; x_wconf 82' lang='lat' dir='ltr'><strong>quatuorque</strong></span> <span class='ocrx_word' id='word_1_75' title='bbox 1317 960 1577 1029; x_wconf 76' lang='lat' dir='ltr'><strong>virtutes;</strong></span> <span class='ocrx_word' id='word_1_76' title='bbox 1604 962 1680 1017; x_wconf 90' lang='lat' dir='ltr'><strong>ita</strong></span> <span class='ocrx_word' id='word_1_77' title='bbox 1711 971 1770 1017; x_wconf 92' lang='lat' dir='ltr'><strong>ut</strong></span> <span class='ocrx_word' id='word_1_78' title='bbox 1804 963 1896 1034; x_wconf 88' lang='lat' dir='ltr'><strong>qui</strong></span> 
     </span>
    </p>
   </div>
   <div class='ocr_carea' id='block_1_12' title="bbox 309 1047 1898 1120">
    <p class='ocr_par' dir='ltr' id='par_1_12' title="bbox 309 1047 1898 1120">
     <span class='ocr_line' id='line_1_12' title="bbox 309 1047 1898 1120; baseline 0.005 -20"><span class='ocrx_word' id='word_1_79' title='bbox 309 1064 415 1100; x_wconf 89' lang='lat' dir='ltr'><strong>una</strong></span> <span class='ocrx_word' id='word_1_80' title='bbox 444 1048 704 1111; x_wconf 77' lang='lat' dir='ltr'><strong>caruerit,</strong></span> <span class='ocrx_word' id='word_1_81' title='bbox 732 1047 982 1102; x_wconf 83' lang='lat' dir='ltr'><strong>omnibus</strong></span> <span class='ocrx_word' id='word_1_82' title='bbox 1007 1057 1206 1103; x_wconf 81' lang='lat' dir='ltr'><strong>careat.</strong></span> <span class='ocrx_word' id='word_1_83' title='bbox 1238 1050 1499 1120; x_wconf 83' lang='lat' dir='ltr'><strong>Quodque</strong></span> <span class='ocrx_word' id='word_1_84' title='bbox 1525 1052 1642 1106; x_wconf 74' lang='lat' dir='ltr'><strong>dum</strong></span> <span class='ocrx_word' id='word_1_85' title='bbox 1664 1060 1898 1108; x_wconf 69' lang='lat' dir='ltr'><strong>extenta:</strong></span> 
     </span>
    </p>
   </div>
   <div class='ocr_carea' id='block_1_13' title="bbox 309 1136 1895 1207">
    <p class='ocr_par' dir='ltr' id='par_1_13' title="bbox 309 1136 1895 1207">
     <span class='ocr_line' id='line_1_13' title="bbox 309 1136 1895 1207; baseline 0.004 -16"><span class='ocrx_word' id='word_1_86' title='bbox 309 1148 435 1191; x_wconf 87' lang='lat' dir='ltr'><strong>snut</strong></span> <span class='ocrx_word' id='word_1_87' title='bbox 462 1145 517 1190; x_wconf 88' lang='lat' dir='ltr'><strong>et</strong></span> <span class='ocrx_word' id='word_1_88' title='bbox 567 1137 620 1190; x_wconf 92' lang='lat' dir='ltr'><strong>in</strong></span> <span class='ocrx_word' id='word_1_89' title='bbox 672 1136 838 1190; x_wconf 90' lang='lat' dir='ltr'><strong>altum</strong></span> <span class='ocrx_word' id='word_1_90' title='bbox 870 1151 929 1191; x_wconf 91' lang='lat' dir='ltr'><strong>se</strong></span> <span class='ocrx_word' id='word_1_91' title='bbox 980 1137 1214 1202; x_wconf 84' lang='lat' dir='ltr'><strong>elevant,</strong></span> <span class='ocrx_word' id='word_1_92' title='bbox 1248 1139 1685 1207; x_wconf 73' lang='lat' dir='ltr'><strong>prmdicationem</strong></span> <span class='ocrx_word' id='word_1_93' title='bbox 1730 1142 1895 1197; x_wconf 75' lang='lat' dir='ltr'><strong>ccele-</strong></span> 
     </span>
    </p>
   </div>
   <div class='ocr_carea' id='block_1_14' title="bbox 311 1230 1896 1305">
    <p class='ocr_par' dir='ltr' id='par_1_14' title="bbox 311 1230 1896 1305">
     <span class='ocr_line' id='line_1_14' title="bbox 311 1230 1896 1305; baseline 0.006 -23"><span class='ocrx_word' id='word_1_94' title='bbox 311 1241 452 1283; x_wconf 89' lang='lat' dir='ltr'><strong>stem</strong></span> <span class='ocrx_word' id='word_1_95' title='bbox 485 1230 813 1298; x_wconf 74' lang='lat' dir='ltr'><strong>significant,</strong></span> <span class='ocrx_word' id='word_1_96' title='bbox 839 1237 893 1283; x_wconf 91' lang='lat' dir='ltr'><strong>et</strong></span> <span class='ocrx_word' id='word_1_97' title='bbox 917 1230 1099 1283; x_wconf 83' lang='lat' dir='ltr'><strong>omnia</strong></span> <span class='ocrx_word' id='word_1_98' title='bbox 1150 1232 1218 1286; x_wconf 90' lang='lat' dir='ltr'><strong>ad</strong></span> <span class='ocrx_word' id='word_1_99' title='bbox 1264 1230 1359 1287; x_wconf 90' lang='lat' dir='ltr'><strong>Dei</strong></span> <span class='ocrx_word' id='word_1_100' title='bbox 1392 1234 1614 1289; x_wconf 91' lang='lat' dir='ltr'><strong>tendere</strong></span> <span class='ocrx_word' id='word_1_101' title='bbox 1640 1234 1896 1305; x_wconf 85' lang='lat' dir='ltr'><strong>majesta—</strong></span> 
     </span>
    </p>
   </div>
   <div class='ocr_carea' id='block_1_15' title="bbox 313 1320 1898 1396">
    <p class='ocr_par' dir='ltr' id='par_1_15' title="bbox 313 1320 1898 1396">
     <span class='ocr_line' id='line_1_15' title="bbox 313 1320 1898 1396; baseline 0.006 -22"><span class='ocrx_word' id='word_1_102' title='bbox 313 1330 442 1374; x_wconf 85' lang='lat' dir='ltr'><strong>tem.</strong></span> <span class='ocrx_word' id='word_1_103' title='bbox 474 1320 602 1374; x_wconf 68' lang='lat' dir='ltr'><strong>Duae</strong></span> <span class='ocrx_word' id='word_1_104' title='bbox 632 1331 813 1375; x_wconf 89' lang='lat' dir='ltr'><strong>autem</strong></span> <span class='ocrx_word' id='word_1_105' title='bbox 848 1320 1045 1391; x_wconf 89' lang='lat' dir='ltr'><strong>quibus</strong></span> <span class='ocrx_word' id='word_1_106' title='bbox 1078 1329 1332 1392; x_wconf 87' lang='lat' dir='ltr'><strong>teguntur</strong></span> <span class='ocrx_word' id='word_1_107' title='bbox 1378 1341 1628 1396; x_wconf 87' lang='lat' dir='ltr'><strong>corpora,</strong></span> <span class='ocrx_word' id='word_1_108' title='bbox 1662 1328 1898 1384; x_wconf 87' lang='lat' dir='ltr'><strong>humana</strong></span> 
     </span>
    </p>
   </div>
   <div class='ocr_carea' id='block_1_16' title="bbox 312 1410 1895 1486">
    <p class='ocr_par' dir='ltr' id='par_1_16' title="bbox 312 1410 1895 1486">
     <span class='ocr_line' id='line_1_16' title="bbox 312 1410 1895 1486; baseline 0.006 -22"><span class='ocrx_word' id='word_1_109' title='bbox 312 1411 618 1465; x_wconf 78' lang='lat' dir='ltr'><strong>excluditur</strong></span> <span class='ocrx_word' id='word_1_110' title='bbox 645 1410 895 1476; x_wconf 88' lang='lat' dir='ltr'><strong>scientia,</strong></span> <span class='ocrx_word' id='word_1_111' title='bbox 925 1426 1026 1466; x_wconf 84' lang='lat' dir='ltr'><strong>nec</strong></span> <span class='ocrx_word' id='word_1_112' title='bbox 1054 1411 1326 1482; x_wconf 89' lang='lat' dir='ltr'><strong>perfectus</strong></span> <span class='ocrx_word' id='word_1_113' title='bbox 1349 1418 1621 1486; x_wconf 71' lang='lat' dir='ltr'><strong>prtebetur</strong></span> <span class='ocrx_word' id='word_1_114' title='bbox 1649 1418 1895 1485; x_wconf 87' lang='lat' dir='ltr'><strong>intuitus,</strong></span> 
     </span>
    </p>
   </div>
   <div class='ocr_carea' id='block_1_17' title="bbox 314 1500 1899 1576">
    <p class='ocr_par' dir='ltr' id='par_1_17' title="bbox 314 1500 1899 1576">
     <span class='ocr_line' id='line_1_17' title="bbox 314 1500 1899 1576; baseline 0.006 -22"><span class='ocrx_word' id='word_1_115' title='bbox 314 1501 533 1556; x_wconf 82' lang='lat' dir='ltr'><strong>dicente</strong></span> <span class='ocrx_word' id='word_1_116' title='bbox 590 1500 889 1570; x_wconf 80' lang='lat' dir='ltr'><strong>Apostolo:</strong></span> <span class='ocrx_word' id='word_1_117' title='bbox 930 1519 948 1552; x_wconf 73' lang='grc' dir='ltr'><strong>ι</strong></span> <span class='ocrx_word' id='word_1_118' title='bbox 988 1503 1068 1556; x_wconf 80' lang='lat' dir='ltr'><strong>Ex</strong></span> <span class='ocrx_word' id='word_1_119' title='bbox 1123 1514 1279 1573; x_wconf 90' lang='lat' dir='ltr'><strong>parte</strong></span> <span class='ocrx_word' id='word_1_120' title='bbox 1324 1507 1717 1576; x_wconf 89' lang='lat' dir='ltr'><strong>cognoscimus,</strong></span> <span class='ocrx_word' id='word_1_121' title='bbox 1750 1518 1804 1564; x_wconf 91' lang='lat' dir='ltr'><strong>et</strong></span> <span class='ocrx_word' id='word_1_122' title='bbox 1830 1525 1899 1564; x_wconf 81' lang='lat' dir='ltr'><strong>ex</strong></span> 
     </span>
    </p>
   </div>
   <div class='ocr_carea' id='block_1_18' title="bbox 316 1593 1898 1672">
    <p class='ocr_par' dir='ltr' id='par_1_18' title="bbox 316 1593 1898 1672">
     <span class='ocr_line' id='line_1_18' title="bbox 316 1593 1898 1672; baseline 0.005 -25"><span class='ocrx_word' id='word_1_123' title='bbox 316 1603 473 1663; x_wconf 88' lang='lat' dir='ltr'><strong>parte</strong></span> <span class='ocrx_word' id='word_1_124' title='bbox 519 1594 927 1663; x_wconf 88' lang='lat' dir='ltr'><strong>prophetamus.</strong></span> <span class='ocrx_word' id='word_1_125' title='bbox 978 1593 1111 1649; x_wconf 88' lang='lat' dir='ltr'><strong>Cum</strong></span> <span class='ocrx_word' id='word_1_126' title='bbox 1143 1606 1325 1652; x_wconf 89' lang='lat' dir='ltr'><strong>autem</strong></span> <span class='ocrx_word' id='word_1_127' title='bbox 1353 1599 1565 1653; x_wconf 75' lang='lat' dir='ltr'><strong>venerit</strong></span> <span class='ocrx_word' id='word_1_128' title='bbox 1594 1601 1735 1670; x_wconf 90' lang='lat' dir='ltr'><strong>quod</strong></span> <span class='ocrx_word' id='word_1_129' title='bbox 1769 1617 1898 1672; x_wconf 91' lang='lat' dir='ltr'><strong>per-</strong></span> 
     </span>
    </p>
   </div>
   <div class='ocr_carea' id='block_1_19' title="bbox 1997 417 3571 485">
    <p class='ocr_par' dir='ltr' id='par_1_19' title="bbox 1997 417 3571 485">
     <span class='ocr_line' id='line_1_19' title="bbox 1997 417 3571 485; baseline 0.004 -14"><span class='ocrx_word' id='word_1_130' title='bbox 1997 432 2237 480; x_wconf 90' lang='lat' dir='ltr'><strong>sursum,</strong></span> <span class='ocrx_word' id='word_1_131' title='bbox 2278 417 2493 484; x_wconf 90' lang='lat' dir='ltr'><strong>quando</strong></span> <span class='ocrx_word' id='word_1_132' title='bbox 2522 432 2675 470; x_wconf 90' lang='lat' dir='ltr'><strong>amor</strong></span> <span class='ocrx_word' id='word_1_133' title='bbox 2705 425 2753 470; x_wconf 89' lang='lat' dir='ltr'><strong>et</strong></span> <span class='ocrx_word' id='word_1_134' title='bbox 2789 431 2914 485; x_wconf 84' lang='lat' dir='ltr'><strong>spes</strong></span> <span class='ocrx_word' id='word_1_135' title='bbox 2950 417 3242 473; x_wconf 82' lang='lat' dir='ltr'><strong>electorum</strong></span> <span class='ocrx_word' id='word_1_136' title='bbox 3292 422 3457 476; x_wconf 83' lang='lat' dir='ltr'><strong>corda</strong></span> <span class='ocrx_word' id='word_1_137' title='bbox 3500 424 3571 478; x_wconf 80' lang='lat' dir='ltr'><strong>ad</strong></span> 
     </span>
    </p>
   </div>
   <div class='ocr_carea' id='block_1_20' title="bbox 1995 507 3575 579">
    <p class='ocr_par' dir='ltr' id='par_1_20' title="bbox 1995 507 3575 579">
     <span class='ocr_line' id='line_1_20' title="bbox 1995 507 3575 579; baseline 0.004 -16"><span class='ocrx_word' id='word_1_138' title='bbox 1995 508 2272 578; x_wconf 81' lang='lat' dir='ltr'><strong>superiora</strong></span> <span class='ocrx_word' id='word_1_139' title='bbox 2298 507 2527 573; x_wconf 78' lang='lat' dir='ltr'><strong>elevant,</strong></span> <span class='ocrx_word' id='word_1_140' title='bbox 2556 507 2622 560; x_wconf 84' lang='lat' dir='ltr'><strong>ad</strong></span> <span class='ocrx_word' id='word_1_141' title='bbox 2649 507 2890 562; x_wconf 83' lang='lat' dir='ltr'><strong>coelestia</strong></span> <span class='ocrx_word' id='word_1_142' title='bbox 2918 510 3268 579; x_wconf 87' lang='lat' dir='ltr'><strong>suspendunt.</strong></span> <span class='ocrx_word' id='word_1_143' title='bbox 3312 509 3444 569; x_wconf 65' lang='lat' dir='ltr'><strong>Dure</strong></span> <span class='ocrx_word' id='word_1_144' title='bbox 3470 529 3575 569; x_wconf 85' lang='lat' dir='ltr'><strong>au-</strong></span> 
     </span>
    </p>
   </div>
   <div class='ocr_carea' id='block_1_21' title="bbox 1995 605 3579 679">
    <p class='ocr_par' dir='ltr' id='par_1_21' title="bbox 1995 605 3579 679">
     <span class='ocr_line' id='line_1_21' title="bbox 1995 605 3579 679; baseline 0.006 -23"><span class='ocrx_word' id='word_1_145' title='bbox 1995 608 2103 656; x_wconf 87' lang='lat' dir='ltr'><strong>tem</strong></span> <span class='ocrx_word' id='word_1_146' title='bbox 2132 615 2321 670; x_wconf 82' lang='lat' dir='ltr'><strong>pennae</strong></span> <span class='ocrx_word' id='word_1_147' title='bbox 2344 608 2530 673; x_wconf 86' lang='lat' dir='ltr'><strong>tegunt</strong></span> <span class='ocrx_word' id='word_1_148' title='bbox 2552 617 2798 671; x_wconf 87' lang='lat' dir='ltr'><strong>corpora,</strong></span> <span class='ocrx_word' id='word_1_149' title='bbox 2826 605 3039 671; x_wconf 88' lang='lat' dir='ltr'><strong>quando</strong></span> <span class='ocrx_word' id='word_1_150' title='bbox 3067 620 3253 659; x_wconf 89' lang='lat' dir='ltr'><strong>eorum</strong></span> <span class='ocrx_word' id='word_1_151' title='bbox 3281 606 3421 663; x_wconf 88' lang='lat' dir='ltr'><strong>mala</strong></span> <span class='ocrx_word' id='word_1_152' title='bbox 3439 625 3579 679; x_wconf 73' lang='lat' dir='ltr'><strong>prm-</strong></span> 
     </span>
    </p>
   </div>
   <div class='ocr_carea' id='block_1_22' title="bbox 1997 692 3574 764">
    <p class='ocr_par' dir='ltr' id='par_1_22' title="bbox 1997 692 3574 764">
     <span class='ocr_line' id='line_1_22' title="bbox 1997 692 3574 764; baseline 0 -17"><span class='ocrx_word' id='word_1_153' title='bbox 1997 693 2157 747; x_wconf 89' lang='lat' dir='ltr'><strong>terita</strong></span> <span class='ocrx_word' id='word_1_154' title='bbox 2184 707 2213 745; x_wconf 92' lang='lat' dir='ltr'><strong>a</strong></span> <span class='ocrx_word' id='word_1_155' title='bbox 2244 700 2532 761; x_wconf 88' lang='lat' dir='ltr'><strong>conspectu</strong></span> <span class='ocrx_word' id='word_1_156' title='bbox 2561 692 2745 746; x_wconf 73' lang='lat' dir='ltr'><strong>aeterni</strong></span> <span class='ocrx_word' id='word_1_157' title='bbox 2779 692 2983 749; x_wconf 86' lang='lat' dir='ltr'><strong>Judicis</strong></span> <span class='ocrx_word' id='word_1_158' title='bbox 3036 695 3196 748; x_wconf 85' lang='lat' dir='ltr'><strong>timor</strong></span> <span class='ocrx_word' id='word_1_159' title='bbox 3220 704 3276 749; x_wconf 87' lang='lat' dir='ltr'><strong>et</strong></span> <span class='ocrx_word' id='word_1_160' title='bbox 3306 697 3574 764; x_wconf 79' lang='lat' dir='ltr'><strong>pmniten-</strong></span> 
     </span>
    </p>
   </div>
   <div class='ocr_carea' id='block_1_23' title="bbox 1999 786 3573 857">
    <p class='ocr_par' dir='ltr' id='par_1_23' title="bbox 1999 786 3573 857">
     <span class='ocr_line' id='line_1_23' title="bbox 1999 786 3573 857; baseline 0.003 -18"><span class='ocrx_word' id='word_1_161' title='bbox 1999 787 2070 840; x_wconf 89' lang='lat' dir='ltr'><strong>tia</strong></span> <span class='ocrx_word' id='word_1_162' title='bbox 2098 787 2452 841; x_wconf 89' lang='lat' dir='ltr'><strong>abscondunt.</strong></span> <span class='ocrx_word' id='word_1_163' title='bbox 2484 786 2541 840; x_wconf 89' lang='lat' dir='ltr'><strong>lu</strong></span> <span class='ocrx_word' id='word_1_164' title='bbox 2568 802 2632 840; x_wconf 89' lang='lat' dir='ltr'><strong>eo</strong></span> <span class='ocrx_word' id='word_1_165' title='bbox 2663 788 2804 841; x_wconf 87' lang='lat' dir='ltr'><strong>enim</strong></span> <span class='ocrx_word' id='word_1_166' title='bbox 2832 789 2973 856; x_wconf 79' lang='lat' dir='ltr'><strong>quod</strong></span> <span class='ocrx_word' id='word_1_167' title='bbox 3005 804 3356 857; x_wconf 83' lang='lat' dir='ltr'><strong>se/pcccasse</strong></span> <span class='ocrx_word' id='word_1_168' title='bbox 3383 793 3573 844; x_wconf 89' lang='lat' dir='ltr'><strong>memi-</strong></span> 
     </span>
    </p>
   </div>
   <div class='ocr_carea' id='block_1_24' title="bbox 1997 874 3570 948">
    <p class='ocr_par' dir='ltr' id='par_1_24' title="bbox 1997 874 3570 948">
     <span class='ocr_line' id='line_1_24' title="bbox 1997 874 3570 948; baseline 0.004 -21"><span class='ocrx_word' id='word_1_169' title='bbox 1997 883 2214 939; x_wconf 89' lang='lat' dir='ltr'><strong>nerunt,</strong></span> <span class='ocrx_word' id='word_1_170' title='bbox 2246 876 2373 944; x_wconf 85' lang='lat' dir='ltr'><strong>quia</strong></span> <span class='ocrx_word' id='word_1_171' title='bbox 2434 874 2824 945; x_wconf 88' lang='lat' dir='ltr'><strong>pertimescunt</strong></span> <span class='ocrx_word' id='word_1_172' title='bbox 2870 886 2924 933; x_wconf 92' lang='lat' dir='ltr'><strong>et</strong></span> <span class='ocrx_word' id='word_1_173' title='bbox 2972 877 3201 945; x_wconf 76' lang='lat' dir='ltr'><strong>deflent,</strong></span> <span class='ocrx_word' id='word_1_174' title='bbox 3244 880 3376 948; x_wconf 86' lang='lat' dir='ltr'><strong>quid</strong></span> <span class='ocrx_word' id='word_1_175' title='bbox 3425 879 3570 934; x_wconf 80' lang='lat' dir='ltr'><strong>aliud</strong></span> 
     </span>
    </p>
   </div>
   <div class='ocr_carea' id='block_1_25' title="bbox 1994 964 3574 1038">
    <p class='ocr_par' dir='ltr' id='par_1_25' title="bbox 1994 964 3574 1038">
     <span class='ocr_line' id='line_1_25' title="bbox 1994 964 3574 1038; baseline 0.003 -21"><span class='ocrx_word' id='word_1_176' title='bbox 1994 978 2156 1032; x_wconf 91' lang='lat' dir='ltr'><strong>quam</strong></span> <span class='ocrx_word' id='word_1_177' title='bbox 2195 979 2389 1032; x_wconf 89' lang='lat' dir='ltr'><strong>corpus</strong></span> <span class='ocrx_word' id='word_1_178' title='bbox 2417 964 2753 1033; x_wconf 88' lang='lat' dir='ltr'><strong>cooperiunt,</strong></span> <span class='ocrx_word' id='word_1_179' title='bbox 2781 966 2871 1035; x_wconf 90' lang='lat' dir='ltr'><strong>qui</strong></span> <span class='ocrx_word' id='word_1_180' title='bbox 2902 965 3040 1021; x_wconf 90' lang='lat' dir='ltr'><strong>facta</strong></span> <span class='ocrx_word' id='word_1_181' title='bbox 3085 968 3322 1022; x_wconf 90' lang='lat' dir='ltr'><strong>carnalia</strong></span> <span class='ocrx_word' id='word_1_182' title='bbox 3362 984 3458 1038; x_wconf 91' lang='lat' dir='ltr'><strong>per</strong></span> <span class='ocrx_word' id='word_1_183' title='bbox 3483 984 3574 1023; x_wconf 85' lang='lat' dir='ltr'><strong>su-</strong></span> 
     </span>
    </p>
   </div>
   <div class='ocr_carea' id='block_1_26' title="bbox 1996 1055 3567 1125">
    <p class='ocr_par' dir='ltr' id='par_1_26' title="bbox 1996 1055 3567 1125">
     <span class='ocr_line' id='line_1_26' title="bbox 1996 1055 3567 1125; baseline 0.003 -16"><span class='ocrx_word' id='word_1_184' title='bbox 1996 1055 2257 1125; x_wconf 84' lang='lat' dir='ltr'><strong>perducta</strong></span> <span class='ocrx_word' id='word_1_185' title='bbox 2312 1055 2453 1110; x_wconf 89' lang='lat' dir='ltr'><strong>bona</strong></span> <span class='ocrx_word' id='word_1_186' title='bbox 2492 1071 2655 1125; x_wconf 87' lang='lat' dir='ltr'><strong>opera</strong></span> <span class='ocrx_word' id='word_1_187' title='bbox 2695 1072 2724 1111; x_wconf 89' lang='lat' dir='ltr'><strong>a</strong></span> <span class='ocrx_word' id='word_1_188' title='bbox 2757 1058 3002 1112; x_wconf 88' lang='lat' dir='ltr'><strong>districto</strong></span> <span class='ocrx_word' id='word_1_189' title='bbox 3057 1061 3306 1114; x_wconf 77' lang='lat' dir='ltr'><strong>examine</strong></span> <span class='ocrx_word' id='word_1_190' title='bbox 3335 1063 3567 1116; x_wconf 85' lang='lat' dir='ltr'><strong>abscon-</strong></span> 
     </span>
    </p>
   </div>
   <div class='ocr_carea' id='block_1_27' title="bbox 1998 1143 3571 1219">
    <p class='ocr_par' dir='ltr' id='par_1_27' title="bbox 1998 1143 3571 1219">
     <span class='ocr_line' id='line_1_27' title="bbox 1998 1143 3571 1219; baseline 0.004 -20"><span class='ocrx_word' id='word_1_191' title='bbox 1998 1145 2171 1199; x_wconf 87' lang='lat' dir='ltr'><strong>dunt?</strong></span> <span class='ocrx_word' id='word_1_192' title='bbox 2192 1143 2467 1214; x_wconf 85' lang='lat' dir='ltr'><strong>Scriptum</strong></span> <span class='ocrx_word' id='word_1_193' title='bbox 2503 1146 2699 1215; x_wconf 87' lang='lat' dir='ltr'><strong>quippe</strong></span> <span class='ocrx_word' id='word_1_194' title='bbox 2727 1155 2849 1201; x_wconf 87' lang='lat' dir='ltr'><strong>est:</strong></span> <span class='ocrx_word' id='word_1_195' title='bbox 2883 1167 2900 1198; x_wconf 75' lang='grc' dir='ltr'>ί</span> <span class='ocrx_word' id='word_1_196' title='bbox 2934 1147 3083 1202; x_wconf 83' lang='lat' dir='ltr'><strong>Beati</strong></span> <span class='ocrx_word' id='word_1_197' title='bbox 3122 1166 3352 1219; x_wconf 91' lang='lat' dir='ltr'><strong>quorum</strong></span> <span class='ocrx_word' id='word_1_198' title='bbox 3382 1152 3571 1205; x_wconf 83' lang='lat' dir='ltr'><strong>remis-</strong></span> 
     </span>
    </p>
   </div>
   <div class='ocr_carea' id='block_1_28' title="bbox 1997 1236 3572 1313">
    <p class='ocr_par' dir='ltr' id='par_1_28' title="bbox 1997 1236 3572 1313">
     <span class='ocr_line' id='line_1_28' title="bbox 1997 1236 3572 1313; baseline 0.004 -22"><span class='ocrx_word' id='word_1_199' title='bbox 1997 1251 2073 1291; x_wconf 53' lang='lat' dir='ltr'><strong>sae</strong></span> <span class='ocrx_word' id='word_1_200' title='bbox 2099 1245 2225 1291; x_wconf 88' lang='lat' dir='ltr'><strong>sunt</strong></span> <span class='ocrx_word' id='word_1_201' title='bbox 2260 1236 2594 1306; x_wconf 84' lang='lat' dir='ltr'><strong>iniquitates,</strong></span> <span class='ocrx_word' id='word_1_202' title='bbox 2644 1246 2698 1291; x_wconf 88' lang='lat' dir='ltr'><strong>et</strong></span> <span class='ocrx_word' id='word_1_203' title='bbox 2726 1255 2955 1308; x_wconf 91' lang='lat' dir='ltr'><strong>quorum</strong></span> <span class='ocrx_word' id='word_1_204' title='bbox 3005 1251 3146 1295; x_wconf 89' lang='lat' dir='ltr'><strong>tecta</strong></span> <span class='ocrx_word' id='word_1_205' title='bbox 3195 1252 3322 1296; x_wconf 91' lang='lat' dir='ltr'><strong>sunt</strong></span> <span class='ocrx_word' id='word_1_206' title='bbox 3349 1253 3572 1313; x_wconf 87' lang='lat' dir='ltr'><strong>peccata</strong></span> 
     </span>
    </p>
   </div>
   <div class='ocr_carea' id='block_1_29' title="bbox 2000 1325 3573 1403">
    <p class='ocr_par' dir='ltr' id='par_1_29' title="bbox 2000 1325 3573 1403">
     <span class='ocr_line' id='line_1_29' title="bbox 2000 1325 3573 1403; baseline 0.006 -24"><span class='ocrx_word' id='word_1_207' title='bbox 2000 1325 2174 1399; x_wconf 82' lang='lat' dir='ltr'><strong>(Psal.</strong></span> <span class='ocrx_word' id='word_1_208' title='bbox 2215 1327 2389 1399; x_wconf 76' lang='lat' dir='ltr'><strong>XXXI).</strong></span> <span class='ocrx_word' id='word_1_209' title='bbox 2426 1347 2443 1379; x_wconf 85' lang='grc'><strong>›</strong></span> <span class='ocrx_word' id='word_1_210' title='bbox 2502 1329 2730 1384; x_wconf 88' lang='lat' dir='ltr'><strong>Pcccata</strong></span> <span class='ocrx_word' id='word_1_211' title='bbox 2785 1330 2928 1384; x_wconf 91' lang='lat' dir='ltr'><strong>enim</strong></span> <span class='ocrx_word' id='word_1_212' title='bbox 2964 1332 3214 1403; x_wconf 76' lang='lat' dir='ltr'><strong>tegimus,</strong></span> <span class='ocrx_word' id='word_1_213' title='bbox 3256 1349 3377 1388; x_wconf 86' lang='lat' dir='ltr'><strong>eum</strong></span> <span class='ocrx_word' id='word_1_214' title='bbox 3433 1336 3573 1388; x_wconf 90' lang='lat' dir='ltr'><strong>bona</strong></span> 
     </span>
    </p>
   </div>
   <div class='ocr_carea' id='block_1_30' title="bbox 2000 1417 3574 1493">
    <p class='ocr_par' dir='ltr' id='par_1_30' title="bbox 2000 1417 3574 1493">
     <span class='ocr_line' id='line_1_30' title="bbox 2000 1417 3574 1493; baseline 0.006 -22"><span class='ocrx_word' id='word_1_215' title='bbox 2000 1417 2140 1473; x_wconf 86' lang='lat' dir='ltr'><strong>facta</strong></span> <span class='ocrx_word' id='word_1_216' title='bbox 2171 1419 2328 1473; x_wconf 90' lang='lat' dir='ltr'><strong>malis</strong></span> <span class='ocrx_word' id='word_1_217' title='bbox 2355 1419 2565 1474; x_wconf 86' lang='lat' dir='ltr'><strong>actibus</strong></span> <span class='ocrx_word' id='word_1_218' title='bbox 2595 1421 3024 1490; x_wconf 88' lang='lat' dir='ltr'><strong>superponimus.</strong></span> <span class='ocrx_word' id='word_1_219' title='bbox 3068 1421 3237 1477; x_wconf 90' lang='lat' dir='ltr'><strong>Omne</strong></span> <span class='ocrx_word' id='word_1_220' title='bbox 3264 1425 3407 1478; x_wconf 92' lang='lat' dir='ltr'><strong>enim</strong></span> <span class='ocrx_word' id='word_1_221' title='bbox 3432 1428 3574 1493; x_wconf 80' lang='lat' dir='ltr'><strong>quod</strong></span> 
     </span>
    </p>
   </div>
   <div class='ocr_carea' id='block_1_31' title="bbox 1998 1508 3575 1584">
    <p class='ocr_par' dir='ltr' id='par_1_31' title="bbox 1998 1508 3575 1584">
     <span class='ocr_line' id='line_1_31' title="bbox 1998 1508 3575 1584; baseline 0.004 -21"><span class='ocrx_word' id='word_1_222' title='bbox 1998 1510 2327 1577; x_wconf 86' lang='lat' dir='ltr'><strong>cooperitur,</strong></span> <span class='ocrx_word' id='word_1_223' title='bbox 2386 1508 2612 1564; x_wconf 87' lang='lat' dir='ltr'><strong>inferius</strong></span> <span class='ocrx_word' id='word_1_224' title='bbox 2666 1510 2902 1580; x_wconf 88' lang='lat' dir='ltr'><strong>ponitur,</strong></span> <span class='ocrx_word' id='word_1_225' title='bbox 2934 1512 3112 1568; x_wconf 86' lang='lat' dir='ltr'><strong>ethoc</strong></span> <span class='ocrx_word' id='word_1_226' title='bbox 3148 1515 3290 1568; x_wconf 91' lang='lat' dir='ltr'><strong>unde</strong></span> <span class='ocrx_word' id='word_1_227' title='bbox 3332 1516 3575 1584; x_wconf 88' lang='lat' dir='ltr'><strong>operitur</strong></span> 
     </span>
    </p>
   </div>
   <div class='ocr_carea' id='block_1_32' title="bbox 2000 1600 3573 1672">
    <p class='ocr_par' dir='ltr' id='par_1_32' title="bbox 2000 1600 3573 1672">
     <span class='ocr_line' id='line_1_32' title="bbox 2000 1600 3573 1672; baseline 0.004 -17"><span class='ocrx_word' id='word_1_228' title='bbox 2000 1600 2228 1670; x_wconf 83' lang='lat' dir='ltr'><strong>desuper</strong></span> <span class='ocrx_word' id='word_1_229' title='bbox 2285 1600 2521 1656; x_wconf 87' lang='lat' dir='ltr'><strong>ducitur.</strong></span> <span class='ocrx_word' id='word_1_230' title='bbox 2595 1600 2821 1668; x_wconf 86' lang='lat' dir='ltr'><strong>Quando</strong></span> <span class='ocrx_word' id='word_1_231' title='bbox 2873 1617 3001 1672; x_wconf 84' lang='lat' dir='ltr'><strong>ergo</strong></span> <span class='ocrx_word' id='word_1_232' title='bbox 3067 1604 3380 1660; x_wconf 87' lang='lat' dir='ltr'><strong>abdicamus</strong></span> <span class='ocrx_word' id='word_1_233' title='bbox 3432 1607 3573 1661; x_wconf 86' lang='lat' dir='ltr'><strong>mala</strong></span> 
     </span>
    </p>
   </div>
   <div class='ocr_carea' id='block_1_33' title="bbox 316 1678 3573 1766">
    <p class='ocr_par' dir='ltr' id='par_1_33' title="bbox 316 1678 3573 1766">
     <span class='ocr_line' id='line_1_33' title="bbox 316 1678 3573 1766; baseline 0.004 -27"><span class='ocrx_word' id='word_1_234' title='bbox 316 1685 520 1739; x_wconf 87' lang='lat' dir='ltr'><strong>fectum</strong></span> <span class='ocrx_word' id='word_1_235' title='bbox 547 1693 649 1747; x_wconf 90' lang='lat' dir='ltr'><strong>est,</strong></span> <span class='ocrx_word' id='word_1_236' title='bbox 677 1685 1024 1741; x_wconf 88' lang='lat' dir='ltr'><strong>destruentur</strong></span> <span class='ocrx_word' id='word_1_237' title='bbox 1038 1702 1100 1740; x_wconf 90' lang='lat' dir='ltr'><strong>ea</strong></span> <span class='ocrx_word' id='word_1_238' title='bbox 1133 1702 1253 1756; x_wconf 75' lang='lat' dir='ltr'><strong>qua:</strong></span> <span class='ocrx_word' id='word_1_239' title='bbox 1275 1704 1341 1743; x_wconf 80' lang='lat' dir='ltr'><strong>ex</strong></span> <span class='ocrx_word' id='word_1_240' title='bbox 1368 1696 1522 1759; x_wconf 89' lang='lat' dir='ltr'><strong>parte</strong></span> <span class='ocrx_word' id='word_1_241' title='bbox 1543 1690 1734 1762; x_wconf 87' lang='lat' dir='ltr'><strong>suut(I</strong></span> <span class='ocrx_word' id='word_1_242' title='bbox 1768 1690 1889 1745; x_wconf 87' lang='lat' dir='ltr'><strong>Cor.</strong></span> <span class='ocrx_word' id='word_1_243' title='bbox 1927 1678 1969 1736; x_wconf 80' lang='grc' dir='ltr'><strong>Β</strong></span> <span class='ocrx_word' id='word_1_244' title='bbox 1999 1705 2116 1758; x_wconf 75' lang='lat' dir='ltr'><strong>qua:</strong></span> <span class='ocrx_word' id='word_1_245' title='bbox 2150 1689 2398 1754; x_wconf 83' lang='lat' dir='ltr'><strong>fecimus,</strong></span> <span class='ocrx_word' id='word_1_246' title='bbox 2426 1699 2481 1744; x_wconf 90' lang='lat' dir='ltr'><strong>et</strong></span> <span class='ocrx_word' id='word_1_247' title='bbox 2515 1690 2763 1761; x_wconf 83' lang='lat' dir='ltr'><strong>eligimus</strong></span> <span class='ocrx_word' id='word_1_248' title='bbox 2798 1692 2935 1747; x_wconf 91' lang='lat' dir='ltr'><strong>bona</strong></span> <span class='ocrx_word' id='word_1_249' title='bbox 2962 1708 3082 1762; x_wconf 73' lang='lat' dir='ltr'><strong>quae</strong></span> <span class='ocrx_word' id='word_1_250' title='bbox 3110 1694 3387 1759; x_wconf 83' lang='lat' dir='ltr'><strong>faciamus,</strong></span> <span class='ocrx_word' id='word_1_251' title='bbox 3417 1699 3573 1766; x_wconf 90' lang='lat' dir='ltr'><strong>quasi</strong></span> 
     </span>
    </p>
   </div>
   <div class='ocr_carea' id='block_1_34' title="bbox 319 1777 1896 1851">
    <p class='ocr_par' dir='ltr' id='par_1_34' title="bbox 319 1777 1896 1851">
     <span class='ocr_line' id='line_1_34' title="bbox 319 1777 1896 1851; baseline 0.001 -17"><span class='ocrx_word' id='word_1_252' title='bbox 319 1784 463 1850; x_wconf 78' lang='lat' dir='ltr'><strong>xm).</strong></span> <span class='ocrx_word' id='word_1_253' title='bbox 503 1799 523 1830; x_wconf 73' lang='grc' dir='ltr'><strong>ι</strong></span> <span class='ocrx_word' id='word_1_254' title='bbox 554 1778 757 1851; x_wconf 80' lang='lat' dir='ltr'><strong>(Greg.)</strong></span> <span class='ocrx_word' id='word_1_255' title='bbox 800 1777 993 1835; x_wconf 90' lang='lat' dir='ltr'><strong>Facies</strong></span> <span class='ocrx_word' id='word_1_256' title='bbox 1043 1788 1099 1833; x_wconf 92' lang='lat' dir='ltr'><strong>et</strong></span> <span class='ocrx_word' id='word_1_257' title='bbox 1148 1796 1343 1849; x_wconf 73' lang='lat' dir='ltr'><strong>penna:</strong></span> <span class='ocrx_word' id='word_1_258' title='bbox 1392 1782 1624 1851; x_wconf 89' lang='lat' dir='ltr'><strong>desuper</strong></span> <span class='ocrx_word' id='word_1_259' title='bbox 1663 1792 1896 1839; x_wconf 68' lang='lat' dir='ltr'><strong>extenta:</strong></span> 
     </span>
    </p>
   </div>
   <div class='ocr_carea' id='block_1_35' title="bbox 316 1869 1893 1941">
    <p class='ocr_par' dir='ltr' id='par_1_35' title="bbox 316 1869 1893 1941">
     <span class='ocr_line' id='line_1_35' title="bbox 316 1869 1893 1941; baseline 0.002 -15"><span class='ocrx_word' id='word_1_260' title='bbox 316 1869 719 1937; x_wconf 84' lang='lat' dir='ltr'><strong>describuntur,</strong></span> <span class='ocrx_word' id='word_1_261' title='bbox 779 1869 906 1941; x_wconf 89' lang='lat' dir='ltr'><strong>quia</strong></span> <span class='ocrx_word' id='word_1_262' title='bbox 954 1870 1130 1924; x_wconf 90' lang='lat' dir='ltr'><strong>omnis</strong></span> <span class='ocrx_word' id='word_1_263' title='bbox 1177 1870 1403 1926; x_wconf 88' lang='lat' dir='ltr'><strong>intentio</strong></span> <span class='ocrx_word' id='word_1_264' title='bbox 1437 1873 1718 1941; x_wconf 86' lang='lat' dir='ltr'><strong>omnisque</strong></span> <span class='ocrx_word' id='word_1_265' title='bbox 1762 1889 1893 1928; x_wconf 90' lang='lat' dir='ltr'><strong>con-</strong></span> 
     </span>
    </p>
   </div>
   <div class='ocr_carea' id='block_1_36' title="bbox 318 1959 1898 2032">
    <p class='ocr_par' dir='ltr' id='par_1_36' title="bbox 318 1959 1898 2032">
     <span class='ocr_line' id='line_1_36' title="bbox 318 1959 1898 2032; baseline 0.001 -17"><span class='ocrx_word' id='word_1_266' title='bbox 318 1959 594 2029; x_wconf 86' lang='lat' dir='ltr'><strong>templatio</strong></span> <span class='ocrx_word' id='word_1_267' title='bbox 623 1968 930 2015; x_wconf 90' lang='lat' dir='ltr'><strong>sanctorum</strong></span> <span class='ocrx_word' id='word_1_268' title='bbox 963 1975 1126 2030; x_wconf 89' lang='lat' dir='ltr'><strong>super</strong></span> <span class='ocrx_word' id='word_1_269' title='bbox 1151 1975 1209 2015; x_wconf 92' lang='lat' dir='ltr'><strong>se</strong></span> <span class='ocrx_word' id='word_1_270' title='bbox 1257 1962 1448 2027; x_wconf 88' lang='lat' dir='ltr'><strong>tendit,</strong></span> <span class='ocrx_word' id='word_1_271' title='bbox 1481 1970 1542 2015; x_wconf 93' lang='lat' dir='ltr'><strong>ut</strong></span> <span class='ocrx_word' id='word_1_272' title='bbox 1571 1961 1697 2017; x_wconf 91' lang='lat' dir='ltr'><strong>illud</strong></span> <span class='ocrx_word' id='word_1_273' title='bbox 1726 1964 1898 2032; x_wconf 87' lang='lat' dir='ltr'><strong>possit</strong></span> 
     </span>
    </p>
   </div>
   <div class='ocr_carea' id='block_1_37' title="bbox 317 2046 1896 2121">
    <p class='ocr_par' dir='ltr' id='par_1_37' title="bbox 317 2046 1896 2121">
     <span class='ocr_line' id='line_1_37' title="bbox 317 2046 1896 2121; baseline 0.003 -16"><span class='ocrx_word' id='word_1_274' title='bbox 317 2050 572 2120; x_wconf 85' lang='lat' dir='ltr'><strong>adipisci,</strong></span> <span class='ocrx_word' id='word_1_275' title='bbox 597 2050 741 2121; x_wconf 90' lang='lat' dir='ltr'><strong>quod</strong></span> <span class='ocrx_word' id='word_1_276' title='bbox 766 2046 827 2105; x_wconf 88' lang='lat' dir='ltr'><strong>in</strong></span> <span class='ocrx_word' id='word_1_277' title='bbox 852 2050 1163 2106; x_wconf 85' lang='lat' dir='ltr'><strong>coelestibus</strong></span> <span class='ocrx_word' id='word_1_278' title='bbox 1194 2052 1418 2121; x_wconf 91' lang='lat' dir='ltr'><strong>appetit,</strong></span> <span class='ocrx_word' id='word_1_279' title='bbox 1453 2052 1566 2107; x_wconf 82' lang='lat' dir='ltr'><strong>sive</strong></span> <span class='ocrx_word' id='word_1_280' title='bbox 1589 2052 1733 2106; x_wconf 91' lang='lat' dir='ltr'><strong>enim</strong></span> <span class='ocrx_word' id='word_1_281' title='bbox 1756 2054 1896 2109; x_wconf 90' lang='lat' dir='ltr'><strong>bono</strong></span> 
     </span>
    </p>
   </div>
   <div class='ocr_carea' id='block_1_38' title="bbox 317 2139 1898 2211">
    <p class='ocr_par' dir='ltr' id='par_1_38' title="bbox 317 2139 1898 2211">
     <span class='ocr_line' id='line_1_38' title="bbox 317 2139 1898 2211; baseline 0.001 -16"><span class='ocrx_word' id='word_1_282' title='bbox 317 2140 492 2211; x_wconf 81' lang='lat' dir='ltr'><strong>cpen’,</strong></span> <span class='ocrx_word' id='word_1_283' title='bbox 527 2155 621 2194; x_wconf 88' lang='lat' dir='ltr'><strong>seu</strong></span> <span class='ocrx_word' id='word_1_284' title='bbox 649 2154 781 2195; x_wconf 89' lang='lat' dir='ltr'><strong>vero</strong></span> <span class='ocrx_word' id='word_1_285' title='bbox 810 2139 1050 2210; x_wconf 86' lang='lat' dir='ltr'><strong>invigilet</strong></span> <span class='ocrx_word' id='word_1_286' title='bbox 1073 2140 1536 2211; x_wconf 88' lang='lat' dir='ltr'><strong>contemplationi,</strong></span> <span class='ocrx_word' id='word_1_287' title='bbox 1568 2148 1696 2196; x_wconf 91' lang='lat' dir='ltr'><strong>tune</strong></span> <span class='ocrx_word' id='word_1_288' title='bbox 1740 2158 1898 2198; x_wconf 86' lang='lat' dir='ltr'><strong>vera-</strong></span> 
     </span>
    </p>
   </div>
   <div class='ocr_carea' id='block_1_39' title="bbox 318 2229 1899 2305">
    <p class='ocr_par' dir='ltr' id='par_1_39' title="bbox 318 2229 1899 2305">
     <span class='ocr_line' id='line_1_39' title="bbox 318 2229 1899 2305; baseline 0.001 -18"><span class='ocrx_word' id='word_1_289' title='bbox 318 2234 458 2288; x_wconf 86' lang='lat' dir='ltr'><strong>citer</strong></span> <span class='ocrx_word' id='word_1_290' title='bbox 483 2233 590 2288; x_wconf 86' lang='lat' dir='ltr'><strong>hoc</strong></span> <span class='ocrx_word' id='word_1_291' title='bbox 615 2233 725 2304; x_wconf 86' lang='lat' dir='ltr'><strong>agit</strong></span> <span class='ocrx_word' id='word_1_292' title='bbox 748 2229 888 2303; x_wconf 91' lang='lat' dir='ltr'><strong>quod</strong></span> <span class='ocrx_word' id='word_1_293' title='bbox 919 2233 1118 2287; x_wconf 89' lang='lat' dir='ltr'><strong>bonum</strong></span> <span class='ocrx_word' id='word_1_294' title='bbox 1149 2241 1249 2297; x_wconf 88' lang='lat' dir='ltr'><strong>est,</strong></span> <span class='ocrx_word' id='word_1_295' title='bbox 1300 2233 1552 2302; x_wconf 90' lang='lat' dir='ltr'><strong>quoniam</strong></span> <span class='ocrx_word' id='word_1_296' title='bbox 1585 2234 1633 2288; x_wconf 89' lang='lat' dir='ltr'><strong>ei</strong></span> <span class='ocrx_word' id='word_1_297' title='bbox 1660 2234 1899 2305; x_wconf 89' lang='lat' dir='ltr'><strong>compla-</strong></span> 
     </span>
    </p>
   </div>
   <div class='ocr_carea' id='block_1_40' title="bbox 318 2319 1899 2393">
    <p class='ocr_par' dir='ltr' id='par_1_40' title="bbox 318 2319 1899 2393">
     <span class='ocr_line' id='line_1_40' title="bbox 318 2319 1899 2393; baseline 0.001 -16"><span class='ocrx_word' id='word_1_298' title='bbox 318 2337 445 2377; x_wconf 82' lang='lat' dir='ltr'><strong>cere</strong></span> <span class='ocrx_word' id='word_1_299' title='bbox 475 2321 813 2393; x_wconf 89' lang='lat' dir='ltr'><strong>concupiscit</strong></span> <span class='ocrx_word' id='word_1_300' title='bbox 833 2337 863 2375; x_wconf 87' lang='lat' dir='ltr'><strong>a</strong></span> <span class='ocrx_word' id='word_1_301' title='bbox 892 2337 997 2391; x_wconf 84' lang='lat' dir='ltr'><strong>quo</strong></span> <span class='ocrx_word' id='word_1_302' title='bbox 1026 2330 1128 2376; x_wconf 89' lang='lat' dir='ltr'><strong>est.</strong></span> <span class='ocrx_word' id='word_1_303' title='bbox 1184 2319 1318 2377; x_wconf 85' lang='lat' dir='ltr'><strong>Nam</strong></span> <span class='ocrx_word' id='word_1_304' title='bbox 1353 2322 1445 2392; x_wconf 91' lang='lat' dir='ltr'><strong>qui</strong></span> <span class='ocrx_word' id='word_1_305' title='bbox 1466 2322 1607 2378; x_wconf 90' lang='lat' dir='ltr'><strong>bona</strong></span> <span class='ocrx_word' id='word_1_306' title='bbox 1632 2338 1791 2393; x_wconf 86' lang='lat' dir='ltr'><strong>agere</strong></span> <span class='ocrx_word' id='word_1_307' title='bbox 1816 2324 1899 2379; x_wconf 88' lang='lat' dir='ltr'><strong>vi—</strong></span> 
     </span>
    </p>
   </div>
   <div class='ocr_carea' id='block_1_41' title="bbox 318 2410 1899 2481">
    <p class='ocr_par' dir='ltr' id='par_1_41' title="bbox 318 2410 1899 2481">
     <span class='ocr_line' id='line_1_41' title="bbox 318 2410 1899 2481; baseline 0.001 -15"><span class='ocrx_word' id='word_1_308' title='bbox 318 2411 496 2477; x_wconf 89' lang='lat' dir='ltr'><strong>detur,</strong></span> <span class='ocrx_word' id='word_1_309' title='bbox 524 2420 579 2465; x_wconf 85' lang='lat' dir='ltr'><strong>et</strong></span> <span class='ocrx_word' id='word_1_310' title='bbox 607 2426 706 2481; x_wconf 91' lang='lat' dir='ltr'><strong>per</strong></span> <span class='ocrx_word' id='word_1_311' title='bbox 729 2411 845 2465; x_wconf 84' lang='lat' dir='ltr'><strong>haec</strong></span> <span class='ocrx_word' id='word_1_312' title='bbox 893 2426 998 2464; x_wconf 89' lang='lat' dir='ltr'><strong>non</strong></span> <span class='ocrx_word' id='word_1_313' title='bbox 1029 2410 1158 2475; x_wconf 89' lang='lat' dir='ltr'><strong>Deo,</strong></span> <span class='ocrx_word' id='word_1_314' title='bbox 1187 2410 1280 2465; x_wconf 90' lang='lat' dir='ltr'><strong>sed</strong></span> <span class='ocrx_word' id='word_1_315' title='bbox 1332 2410 1641 2466; x_wconf 85' lang='lat' dir='ltr'><strong>hominibus</strong></span> <span class='ocrx_word' id='word_1_316' title='bbox 1684 2411 1899 2481; x_wconf 88' lang='lat' dir='ltr'><strong>placere</strong></span> 
     </span>
    </p>
   </div>
   <div class='ocr_carea' id='block_1_42' title="bbox 319 2496 1893 2569">
    <p class='ocr_par' dir='ltr' id='par_1_42' title="bbox 319 2496 1893 2569">
     <span class='ocr_line' id='line_1_42' title="bbox 319 2496 1893 2569; baseline -0.001 -15"><span class='ocrx_word' id='word_1_317' title='bbox 319 2501 616 2566; x_wconf 85' lang='lat' dir='ltr'><strong>desiderat,</strong></span> <span class='ocrx_word' id='word_1_318' title='bbox 672 2499 984 2554; x_wconf 87' lang='lat' dir='ltr'><strong>intentionis</strong></span> <span class='ocrx_word' id='word_1_319' title='bbox 1011 2515 1122 2553; x_wconf 63' lang='lat' dir='ltr'><strong>sua:</strong></span> <span class='ocrx_word' id='word_1_320' title='bbox 1172 2496 1367 2553; x_wconf 82' lang='lat' dir='ltr'><strong>faciem</strong></span> <span class='ocrx_word' id='word_1_321' title='bbox 1396 2500 1647 2554; x_wconf 83' lang='lat' dir='ltr'><strong>deorsum</strong></span> <span class='ocrx_word' id='word_1_322' title='bbox 1677 2500 1893 2569; x_wconf 90' lang='lat' dir='ltr'><strong>premit.</strong></span> 
     </span>
    </p>
   </div>
   <div class='ocr_carea' id='block_1_43' title="bbox 321 2591 1901 2663">
    <p class='ocr_par' dir='ltr' id='par_1_43' title="bbox 321 2591 1901 2663">
     <span class='ocr_line' id='line_1_43' title="bbox 321 2591 1901 2663; baseline 0 -16"><span class='ocrx_word' id='word_1_323' title='bbox 321 2593 397 2647; x_wconf 84' lang='lat' dir='ltr'><strong>Et</strong></span> <span class='ocrx_word' id='word_1_324' title='bbox 414 2593 510 2663; x_wconf 92' lang='lat' dir='ltr'><strong>qui</strong></span> <span class='ocrx_word' id='word_1_325' title='bbox 566 2592 769 2647; x_wconf 87' lang='lat' dir='ltr'><strong>idcirco</strong></span> <span class='ocrx_word' id='word_1_326' title='bbox 822 2592 875 2645; x_wconf 91' lang='lat' dir='ltr'><strong>in</strong></span> <span class='ocrx_word' id='word_1_327' title='bbox 926 2607 1082 2646; x_wconf 90' lang='lat' dir='ltr'><strong>sacro</strong></span> <span class='ocrx_word' id='word_1_328' title='bbox 1110 2591 1326 2660; x_wconf 89' lang='lat' dir='ltr'><strong>eloquio</strong></span> <span class='ocrx_word' id='word_1_329' title='bbox 1362 2606 1425 2645; x_wconf 91' lang='lat' dir='ltr'><strong>ea</strong></span> <span class='ocrx_word' id='word_1_330' title='bbox 1457 2604 1575 2660; x_wconf 68' lang='lat' dir='ltr'><strong>quae</strong></span> <span class='ocrx_word' id='word_1_331' title='bbox 1604 2592 1901 2647; x_wconf 83' lang='lat' dir='ltr'><strong>divinitatis</strong></span> 
     </span>
    </p>
   </div>
   <div class='ocr_carea' id='block_1_44' title="bbox 319 2684 1900 2756">
    <p class='ocr_par' dir='ltr' id='par_1_44' title="bbox 319 2684 1900 2756">
     <span class='ocr_line' id='line_1_44' title="bbox 319 2684 1900 2756; baseline -0.004 -13"><span class='ocrx_word' id='word_1_332' title='bbox 319 2696 447 2743; x_wconf 87' lang='lat' dir='ltr'><strong>sunt</strong></span> <span class='ocrx_word' id='word_1_333' title='bbox 472 2685 884 2756; x_wconf 85' lang='lat' dir='ltr'><strong>contemplatur,</strong></span> <span class='ocrx_word' id='word_1_334' title='bbox 917 2694 977 2740; x_wconf 92' lang='lat' dir='ltr'><strong>ut</strong></span> <span class='ocrx_word' id='word_1_335' title='bbox 1000 2700 1099 2755; x_wconf 86' lang='lat' dir='ltr'><strong>per</strong></span> <span class='ocrx_word' id='word_1_336' title='bbox 1127 2686 1230 2740; x_wconf 88' lang='lat' dir='ltr'><strong>hoc</strong></span> <span class='ocrx_word' id='word_1_337' title='bbox 1257 2685 1401 2755; x_wconf 89' lang='lat' dir='ltr'><strong>quod</strong></span> <span class='ocrx_word' id='word_1_338' title='bbox 1441 2684 1712 2756; x_wconf 82' lang='lat' dir='ltr'><strong>intelligit,</strong></span> <span class='ocrx_word' id='word_1_339' title='bbox 1740 2699 1900 2739; x_wconf 91' lang='lat' dir='ltr'><strong>occu-</strong></span> 
     </span>
    </p>
   </div>
   <div class='ocr_carea' id='block_1_45' title="bbox 320 2774 1900 2847">
    <p class='ocr_par' dir='ltr' id='par_1_45' title="bbox 320 2774 1900 2847">
     <span class='ocr_line' id='line_1_45' title="bbox 320 2774 1900 2847; baseline -0.001 -17"><span class='ocrx_word' id='word_1_340' title='bbox 320 2776 439 2847; x_wconf 87' lang='lat' dir='ltr'><strong>pari</strong></span> <span class='ocrx_word' id='word_1_341' title='bbox 468 2776 538 2831; x_wconf 87' lang='lat' dir='ltr'><strong>ad</strong></span> <span class='ocrx_word' id='word_1_342' title='bbox 565 2776 890 2846; x_wconf 77' lang='lat' dir='ltr'><strong>quaestiones</strong></span> <span class='ocrx_word' id='word_1_343' title='bbox 914 2776 1104 2845; x_wconf 87' lang='lat' dir='ltr'><strong>possit,</strong></span> <span class='ocrx_word' id='word_1_344' title='bbox 1154 2775 1247 2844; x_wconf 77' lang='lat' dir='ltr'><strong>qui</strong></span> <span class='ocrx_word' id='word_1_345' title='bbox 1291 2789 1399 2829; x_wconf 91' lang='lat' dir='ltr'><strong>non</strong></span> <span class='ocrx_word' id='word_1_346' title='bbox 1443 2774 1728 2829; x_wconf 90' lang='lat' dir='ltr'><strong>dulcedine</strong></span> <span class='ocrx_word' id='word_1_347' title='bbox 1754 2789 1900 2843; x_wconf 74' lang='lat' dir='ltr'><strong>qua:-</strong></span> 
     </span>
    </p>
   </div>
   <div class='ocr_carea' id='block_1_46' title="bbox 318 2864 1897 2936">
    <p class='ocr_par' dir='ltr' id='par_1_46' title="bbox 318 2864 1897 2936">
     <span class='ocr_line' id='line_1_46' title="bbox 318 2864 1897 2936; baseline -0.001 -15"><span class='ocrx_word' id='word_1_348' title='bbox 318 2868 440 2921; x_wconf 63' lang='lat' dir='ltr'><strong>sitae</strong></span> <span class='ocrx_word' id='word_1_349' title='bbox 463 2864 813 2923; x_wconf 78' lang='lat' dir='ltr'><strong>beatitudinis</strong></span> <span class='ocrx_word' id='word_1_350' title='bbox 844 2866 1030 2920; x_wconf 87' lang='lat' dir='ltr'><strong>satiari</strong></span> <span class='ocrx_word' id='word_1_351' title='bbox 1074 2866 1297 2936; x_wconf 86' lang='lat' dir='ltr'><strong>appetit,</strong></span> <span class='ocrx_word' id='word_1_352' title='bbox 1325 2865 1419 2921; x_wconf 91' lang='lat' dir='ltr'><strong>sed</strong></span> <span class='ocrx_word' id='word_1_353' title='bbox 1467 2865 1659 2920; x_wconf 91' lang='lat' dir='ltr'><strong>doctus</strong></span> <span class='ocrx_word' id='word_1_354' title='bbox 1678 2865 1849 2920; x_wconf 89' lang='lat' dir='ltr'><strong>videri</strong></span> <span class='ocrx_word' id='word_1_355' title='bbox 1882 2884 1897 2920; x_wconf 89' lang='lat'><strong>:</strong></span> 
     </span>
    </p>
   </div>
   <div class='ocr_carea' id='block_1_47' title="bbox 315 2957 1903 3030">
    <p class='ocr_par' dir='ltr' id='par_1_47' title="bbox 315 2957 1903 3030">
     <span class='ocr_line' id='line_1_47' title="bbox 315 2957 1903 3030; baseline -0.001 -16"><span class='ocrx_word' id='word_1_356' title='bbox 315 2961 425 3014; x_wconf 89' lang='lat' dir='ltr'><strong>iste</strong></span> <span class='ocrx_word' id='word_1_357' title='bbox 457 2960 714 3013; x_wconf 86' lang='lat' dir='ltr'><strong>nimirum</strong></span> <span class='ocrx_word' id='word_1_358' title='bbox 739 2958 1038 3015; x_wconf 89' lang='lat' dir='ltr'><strong>intellectus</strong></span> <span class='ocrx_word' id='word_1_359' title='bbox 1058 2960 1138 3013; x_wconf 90' lang='lat' dir='ltr'><strong>sui</strong></span> <span class='ocrx_word' id='word_1_360' title='bbox 1173 2974 1379 3030; x_wconf 88' lang='lat' dir='ltr'><strong>pennas</strong></span> <span class='ocrx_word' id='word_1_361' title='bbox 1412 2957 1644 3027; x_wconf 89' lang='lat' dir='ltr'><strong>desuper</strong></span> <span class='ocrx_word' id='word_1_362' title='bbox 1671 2972 1779 3012; x_wconf 92' lang='lat' dir='ltr'><strong>non</strong></span> <span class='ocrx_word' id='word_1_363' title='bbox 1808 2973 1903 3013; x_wconf 79' lang='lat' dir='ltr'><strong>ex-</strong></span> 
     </span>
    </p>
   </div>
   <div class='ocr_carea' id='block_1_48' title="bbox 314 3019 1971 3120">
    <p class='ocr_par' dir='ltr' id='par_1_48' title="bbox 314 3019 1971 3120">
     <span class='ocr_line' id='line_1_48' title="bbox 314 3019 1971 3120; baseline -0.001 -16"><span class='ocrx_word' id='word_1_364' title='bbox 314 3049 516 3106; x_wconf 88' lang='lat' dir='ltr'><strong>tendit.</strong></span> <span class='ocrx_word' id='word_1_365' title='bbox 552 3048 658 3105; x_wconf 88' lang='lat' dir='ltr'><strong>Sed</strong></span> <span class='ocrx_word' id='word_1_366' title='bbox 698 3050 915 3120; x_wconf 89' lang='lat' dir='ltr'><strong>quando</strong></span> <span class='ocrx_word' id='word_1_367' title='bbox 953 3065 1142 3105; x_wconf 88' lang='lat' dir='ltr'><strong>sensus</strong></span> <span class='ocrx_word' id='word_1_368' title='bbox 1173 3019 1271 3104; x_wconf 68' lang='lat' dir='ltr'><strong>sui</strong></span> <span class='ocrx_word' id='word_1_369' title='bbox 1311 3019 1642 3120; x_wconf 43' lang='lat' dir='ltr'><strong>vigilanti-am</strong></span> <span class='ocrx_word' id='word_1_370' title='bbox 1680 3049 1734 3103; x_wconf 92' lang='lat' dir='ltr'><strong>in</strong></span> <span class='ocrx_word' id='word_1_371' title='bbox 1785 3057 1900 3104; x_wconf 88' lang='lat' dir='ltr'><strong>ter-</strong></span> <span class='ocrx_word' id='word_1_372' title='bbox 1928 3019 1971 3081; x_wconf 81' lang='lat' dir='ltr'>C</span> 
     </span>
    </p>
   </div>
   <div class='ocr_carea' id='block_1_49' title="bbox 317 3140 1903 3212">
    <p class='ocr_par' dir='ltr' id='par_1_49' title="bbox 317 3140 1903 3212">
     <span class='ocr_line' id='line_1_49' title="bbox 317 3140 1903 3212; baseline -0.002 -15"><span class='ocrx_word' id='word_1_373' title='bbox 317 3146 455 3197; x_wconf 59' lang='grc' dir='ltr'><strong>ωηο</strong></span> <span class='ocrx_word' id='word_1_374' title='bbox 481 3141 721 3212; x_wconf 88' lang='lat' dir='ltr'><strong>appetitu</strong></span> <span class='ocrx_word' id='word_1_375' title='bbox 745 3150 994 3212; x_wconf 84' lang='lat' dir='ltr'><strong>occupat,</strong></span> <span class='ocrx_word' id='word_1_376' title='bbox 1023 3155 1227 3211; x_wconf 89' lang='lat' dir='ltr'><strong>pennas</strong></span> <span class='ocrx_word' id='word_1_377' title='bbox 1261 3155 1396 3210; x_wconf 88' lang='lat' dir='ltr'><strong>quas</strong></span> <span class='ocrx_word' id='word_1_378' title='bbox 1436 3141 1718 3196; x_wconf 89' lang='lat' dir='ltr'><strong>sublevare</strong></span> <span class='ocrx_word' id='word_1_379' title='bbox 1741 3141 1794 3195; x_wconf 93' lang='lat' dir='ltr'><strong>in</strong></span> <span class='ocrx_word' id='word_1_380' title='bbox 1824 3140 1903 3195; x_wconf 89' lang='lat' dir='ltr'><strong>al-</strong></span> 
     </span>
    </p>
   </div>
   <div class='ocr_carea' id='block_1_50' title="bbox 318 3231 1904 3303">
    <p class='ocr_par' dir='ltr' id='par_1_50' title="bbox 318 3231 1904 3303">
     <span class='ocr_line' id='line_1_50' title="bbox 318 3231 1904 3303; baseline -0.003 -14"><span class='ocrx_word' id='word_1_381' title='bbox 318 3244 462 3298; x_wconf 88' lang='lat' dir='ltr'><strong>tum,</strong></span> <span class='ocrx_word' id='word_1_382' title='bbox 494 3241 552 3288; x_wconf 92' lang='lat' dir='ltr'><strong>et</strong></span> <span class='ocrx_word' id='word_1_383' title='bbox 577 3232 774 3303; x_wconf 90' lang='lat' dir='ltr'><strong>quibus</strong></span> <span class='ocrx_word' id='word_1_384' title='bbox 801 3232 1071 3288; x_wconf 88' lang='lat' dir='ltr'><strong>sublevari</strong></span> <span class='ocrx_word' id='word_1_385' title='bbox 1123 3231 1237 3302; x_wconf 90' lang='lat' dir='ltr'><strong>ipse</strong></span> <span class='ocrx_word' id='word_1_386' title='bbox 1278 3231 1476 3302; x_wconf 90' lang='lat' dir='ltr'><strong>potuit,</strong></span> <span class='ocrx_word' id='word_1_387' title='bbox 1507 3231 1560 3285; x_wconf 90' lang='lat' dir='ltr'><strong>in</strong></span> <span class='ocrx_word' id='word_1_388' title='bbox 1592 3231 1715 3285; x_wconf 89' lang='lat' dir='ltr'><strong>imis</strong></span> <span class='ocrx_word' id='word_1_389' title='bbox 1739 3231 1904 3301; x_wconf 89' lang='lat' dir='ltr'><strong>depo-</strong></span> 
     </span>
    </p>
   </div>
   <div class='ocr_carea' id='block_1_51' title="bbox 316 3320 1900 3393">
    <p class='ocr_par' dir='ltr' id='par_1_51' title="bbox 316 3320 1900 3393">
     <span class='ocr_line' id='line_1_51' title="bbox 316 3320 1900 3393; baseline -0.003 -15"><span class='ocrx_word' id='word_1_390' title='bbox 316 3325 421 3379; x_wconf 85' lang='lat' dir='ltr'><strong>nit.</strong></span> <span class='ocrx_word' id='word_1_391' title='bbox 453 3323 571 3391; x_wconf 88' lang='lat' dir='ltr'><strong>Qua</strong></span> <span class='ocrx_word' id='word_1_392' title='bbox 600 3323 657 3377; x_wconf 92' lang='lat' dir='ltr'><strong>in</strong></span> <span class='ocrx_word' id='word_1_393' title='bbox 677 3338 737 3378; x_wconf 84' lang='lat' dir='ltr'><strong>re</strong></span> <span class='ocrx_word' id='word_1_394' title='bbox 772 3322 1104 3393; x_wconf 88' lang='lat' dir='ltr'><strong>pensandum</strong></span> <span class='ocrx_word' id='word_1_395' title='bbox 1130 3329 1234 3386; x_wconf 90' lang='lat' dir='ltr'><strong>est,</strong></span> <span class='ocrx_word' id='word_1_396' title='bbox 1260 3328 1320 3375; x_wconf 90' lang='lat' dir='ltr'><strong>ut</strong></span> <span class='ocrx_word' id='word_1_397' title='bbox 1352 3336 1511 3375; x_wconf 89' lang='lat' dir='ltr'><strong>omne</strong></span> <span class='ocrx_word' id='word_1_398' title='bbox 1535 3321 1733 3375; x_wconf 90' lang='lat' dir='ltr'><strong>bonum</strong></span> <span class='ocrx_word' id='word_1_399' title='bbox 1760 3320 1900 3390; x_wconf 90' lang='lat' dir='ltr'><strong>quod</strong></span> 
     </span>
    </p>
   </div>
   <div class='ocr_carea' id='block_1_52' title="bbox 318 3411 1900 3487">
    <p class='ocr_par' dir='ltr' id='par_1_52' title="bbox 318 3411 1900 3487">
     <span class='ocr_line' id='line_1_52' title="bbox 318 3411 1900 3487; baseline -0.003 -18"><span class='ocrx_word' id='word_1_400' title='bbox 318 3416 506 3487; x_wconf 85' lang='lat' dir='ltr'><strong>agitur</strong></span> <span class='ocrx_word' id='word_1_401' title='bbox 543 3430 642 3486; x_wconf 89' lang='lat' dir='ltr'><strong>per</strong></span> <span class='ocrx_word' id='word_1_402' title='bbox 678 3415 1027 3470; x_wconf 90' lang='lat' dir='ltr'><strong>intentionem</strong></span> <span class='ocrx_word' id='word_1_403' title='bbox 1054 3429 1265 3484; x_wconf 88' lang='lat' dir='ltr'><strong>semper</strong></span> <span class='ocrx_word' id='word_1_404' title='bbox 1292 3413 1358 3468; x_wconf 90' lang='lat' dir='ltr'><strong>ad</strong></span> <span class='ocrx_word' id='word_1_405' title='bbox 1392 3412 1629 3469; x_wconf 75' lang='lat' dir='ltr'><strong>cmlestia</strong></span> <span class='ocrx_word' id='word_1_406' title='bbox 1674 3411 1900 3468; x_wconf 79' lang='lat' dir='ltr'><strong>levetur.</strong></span> 
     </span>
    </p>
   </div>
   <div class='ocr_carea' id='block_1_53' title="bbox 319 3504 1902 3576">
    <p class='ocr_par' dir='ltr' id='par_1_53' title="bbox 319 3504 1902 3576">
     <span class='ocr_line' id='line_1_53' title="bbox 319 3504 1902 3576; baseline -0.003 -15"><span class='ocrx_word' id='word_1_407' title='bbox 319 3505 427 3573; x_wconf 83' lang='lat' dir='ltr'><strong>Qui</strong></span> <span class='ocrx_word' id='word_1_408' title='bbox 481 3507 627 3562; x_wconf 91' lang='lat' dir='ltr'><strong>enim</strong></span> <span class='ocrx_word' id='word_1_409' title='bbox 658 3520 754 3576; x_wconf 86' lang='lat' dir='ltr'><strong>per</strong></span> <span class='ocrx_word' id='word_1_410' title='bbox 806 3506 944 3560; x_wconf 92' lang='lat' dir='ltr'><strong>bona</strong></span> <span class='ocrx_word' id='word_1_411' title='bbox 997 3520 1117 3575; x_wconf 67' lang='lat' dir='ltr'><strong>quae</strong></span> <span class='ocrx_word' id='word_1_412' title='bbox 1177 3504 1305 3560; x_wconf 89' lang='lat' dir='ltr'><strong>fecit</strong></span> <span class='ocrx_word' id='word_1_413' title='bbox 1352 3512 1622 3573; x_wconf 78' lang='lat' dir='ltr'><strong>terrenam</strong></span> <span class='ocrx_word' id='word_1_414' title='bbox 1677 3504 1902 3575; x_wconf 78' lang='lat' dir='ltr'><strong>gloriam</strong></span> 
     </span>
    </p>
   </div>
   <div class='ocr_carea' id='block_1_54' title="bbox 320 3595 1905 3670">
    <p class='ocr_par' dir='ltr' id='par_1_54' title="bbox 320 3595 1905 3670">
     <span class='ocr_line' id='line_1_54' title="bbox 320 3595 1905 3670; baseline -0.002 -15"><span class='ocrx_word' id='word_1_415' title='bbox 320 3598 684 3670; x_wconf 87' lang='lat' dir='ltr'><strong>concupiscit,</strong></span> <span class='ocrx_word' id='word_1_416' title='bbox 720 3612 926 3668; x_wconf 86' lang='lat' dir='ltr'><strong>pennas</strong></span> <span class='ocrx_word' id='word_1_417' title='bbox 955 3613 1080 3652; x_wconf 89' lang='lat' dir='ltr'><strong>suas</strong></span> <span class='ocrx_word' id='word_1_418' title='bbox 1108 3605 1163 3652; x_wconf 91' lang='lat' dir='ltr'><strong>et</strong></span> <span class='ocrx_word' id='word_1_419' title='bbox 1196 3595 1387 3652; x_wconf 88' lang='lat' dir='ltr'><strong>faciem</strong></span> <span class='ocrx_word' id='word_1_420' title='bbox 1440 3597 1688 3651; x_wconf 89' lang='lat' dir='ltr'><strong>deorsum</strong></span> <span class='ocrx_word' id='word_1_421' title='bbox 1727 3597 1905 3668; x_wconf 88' lang='lat' dir='ltr'><strong>depri-</strong></span> 
     </span>
    </p>
   </div>
   <div class='ocr_carea' id='block_1_55' title="bbox 324 3688 1902 3761">
    <p class='ocr_par' dir='ltr' id='par_1_55' title="bbox 324 3688 1902 3761">
     <span class='ocr_line' id='line_1_55' title="bbox 324 3688 1902 3761; baseline -0.003 -14"><span class='ocrx_word' id='word_1_422' title='bbox 324 3694 445 3748; x_wconf 91' lang='lat' dir='ltr'><strong>mit.</strong></span> <span class='ocrx_word' id='word_1_423' title='bbox 472 3712 491 3744; x_wconf 71' lang='grc' dir='ltr'><strong>ι</strong></span> <span class='ocrx_word' id='word_1_424' title='bbox 523 3691 672 3757; x_wconf 71' lang='lat' dir='ltr'><strong>Duae,</strong></span> <span class='ocrx_word' id='word_1_425' title='bbox 703 3690 897 3761; x_wconf 90' lang='lat' dir='ltr'><strong>inquit,</strong></span> <span class='ocrx_word' id='word_1_426' title='bbox 938 3704 1127 3759; x_wconf 83' lang='lat' dir='ltr'><strong>pennae</strong></span> <span class='ocrx_word' id='word_1_427' title='bbox 1157 3688 1489 3759; x_wconf 87' lang='lat' dir='ltr'><strong>singulorum</strong></span> <span class='ocrx_word' id='word_1_428' title='bbox 1516 3689 1902 3760; x_wconf 86' lang='lat' dir='ltr'><strong>jungebantur,</strong></span> 
     </span>
    </p>
   </div>
   <div class='ocr_carea' id='block_1_56' title="bbox 324 3779 1905 3853">
    <p class='ocr_par' dir='ltr' id='par_1_56' title="bbox 324 3779 1905 3853">
     <span class='ocr_line' id='line_1_56' title="bbox 324 3779 1905 3853; baseline -0.003 -16"><span class='ocrx_word' id='word_1_429' title='bbox 324 3792 386 3838; x_wconf 86' lang='lat' dir='ltr'><strong>et</strong></span> <span class='ocrx_word' id='word_1_430' title='bbox 412 3783 533 3837; x_wconf 66' lang='lat' dir='ltr'><strong>duae</strong></span> <span class='ocrx_word' id='word_1_431' title='bbox 556 3782 806 3853; x_wconf 85' lang='lat' dir='ltr'><strong>tegebant</strong></span> <span class='ocrx_word' id='word_1_432' title='bbox 828 3796 1055 3852; x_wconf 88' lang='lat' dir='ltr'><strong>corpora</strong></span> <span class='ocrx_word' id='word_1_433' title='bbox 1091 3796 1298 3835; x_wconf 90' lang='lat' dir='ltr'><strong>eorum.</strong></span> <span class='ocrx_word' id='word_1_434' title='bbox 1338 3799 1358 3832; x_wconf 73' lang='grc' dir='ltr'><strong>ι</strong></span> <span class='ocrx_word' id='word_1_435' title='bbox 1384 3779 1598 3835; x_wconf 89' lang='lat' dir='ltr'><strong>Dictum</strong></span> <span class='ocrx_word' id='word_1_436' title='bbox 1625 3779 1800 3834; x_wconf 86' lang='lat' dir='ltr'><strong>fuerat</strong></span> <span class='ocrx_word' id='word_1_437' title='bbox 1825 3779 1905 3833; x_wconf 90' lang='lat' dir='ltr'><strong>fa-</strong></span> 
     </span>
    </p>
   </div>
   <div class='ocr_carea' id='block_1_57' title="bbox 324 3872 1904 3945">
    <p class='ocr_par' dir='ltr' id='par_1_57' title="bbox 324 3872 1904 3945">
     <span class='ocr_line' id='line_1_57' title="bbox 324 3872 1904 3945; baseline -0.004 -14"><span class='ocrx_word' id='word_1_438' title='bbox 324 3877 443 3931; x_wconf 87' lang='lat' dir='ltr'><strong>cies</strong></span> <span class='ocrx_word' id='word_1_439' title='bbox 473 3886 528 3930; x_wconf 91' lang='lat' dir='ltr'><strong>et</strong></span> <span class='ocrx_word' id='word_1_440' title='bbox 552 3889 758 3945; x_wconf 88' lang='lat' dir='ltr'><strong>pennas</strong></span> <span class='ocrx_word' id='word_1_441' title='bbox 798 3889 985 3930; x_wconf 89' lang='lat' dir='ltr'><strong>eorum</strong></span> <span class='ocrx_word' id='word_1_442' title='bbox 1015 3881 1263 3928; x_wconf 78' lang='lat' dir='ltr'><strong>extentas</strong></span> <span class='ocrx_word' id='word_1_443' title='bbox 1298 3872 1530 3940; x_wconf 89' lang='lat' dir='ltr'><strong>desuper</strong></span> <span class='ocrx_word' id='word_1_444' title='bbox 1574 3881 1736 3941; x_wconf 88' lang='lat' dir='ltr'><strong>atque</strong></span> <span class='ocrx_word' id='word_1_445' title='bbox 1779 3887 1904 3926; x_wconf 83' lang='lat' dir='ltr'><strong>mox</strong></span> 
     </span>
    </p>
   </div>
   <div class='ocr_carea' id='block_1_58' title="bbox 324 3961 1903 4033">
    <p class='ocr_par' dir='ltr' id='par_1_58' title="bbox 324 3961 1903 4033">
     <span class='ocr_line' id='line_1_58' title="bbox 324 3961 1903 4033; baseline -0.003 -13"><span class='ocrx_word' id='word_1_446' title='bbox 324 3962 675 4033; x_wconf 80' lang='lat' dir='ltr'><strong>subjunctum</strong></span> <span class='ocrx_word' id='word_1_447' title='bbox 721 3970 802 4018; x_wconf 88' lang='lat' dir='ltr'><strong>est</strong></span> <span class='ocrx_word' id='word_1_448' title='bbox 854 3964 977 4028; x_wconf 90' lang='lat' dir='ltr'><strong>hoc,</strong></span> <span class='ocrx_word' id='word_1_449' title='bbox 1031 3962 1172 4032; x_wconf 90' lang='lat' dir='ltr'><strong>quod</strong></span> <span class='ocrx_word' id='word_1_450' title='bbox 1228 3961 1577 4032; x_wconf 90' lang='lat' dir='ltr'><strong>protulimus,</strong></span> <span class='ocrx_word' id='word_1_451' title='bbox 1632 3961 1757 4030; x_wconf 89' lang='lat' dir='ltr'><strong>quia</strong></span> <span class='ocrx_word' id='word_1_452' title='bbox 1786 3961 1903 4016; x_wconf 75' lang='lat' dir='ltr'><strong>dum</strong></span> 
     </span>
    </p>
   </div>
   <div class='ocr_carea' id='block_1_59' title="bbox 324 4052 1906 4126">
    <p class='ocr_par' dir='ltr' id='par_1_59' title="bbox 324 4052 1906 4126">
     <span class='ocr_line' id='line_1_59' title="bbox 324 4052 1906 4126; baseline -0.003 -15"><span class='ocrx_word' id='word_1_453' title='bbox 324 4071 518 4126; x_wconf 71' lang='lat' dir='ltr'><strong>penna:</strong></span> <span class='ocrx_word' id='word_1_454' title='bbox 547 4055 875 4125; x_wconf 88' lang='lat' dir='ltr'><strong>singulorum</strong></span> <span class='ocrx_word' id='word_1_455' title='bbox 899 4055 1279 4125; x_wconf 88' lang='lat' dir='ltr'><strong>jungebantur,</strong></span> <span class='ocrx_word' id='word_1_456' title='bbox 1306 4052 1398 4107; x_wconf 88' lang='lat' dir='ltr'><strong>ubi</strong></span> <span class='ocrx_word' id='word_1_457' title='bbox 1426 4060 1551 4122; x_wconf 89' lang='lat' dir='ltr'><strong>apte</strong></span> <span class='ocrx_word' id='word_1_458' title='bbox 1592 4052 1906 4123; x_wconf 80' lang='lat' dir='ltr'><strong>intelligitur</strong></span> 
     </span>
    </p>
   </div>
   <div class='ocr_carea' id='block_1_60' title="bbox 326 4143 1905 4218">
    <p class='ocr_par' dir='ltr' id='par_1_60' title="bbox 326 4143 1905 4218">
     <span class='ocr_line' id='line_1_60' title="bbox 326 4143 1905 4218; baseline -0.001 -17"><span class='ocrx_word' id='word_1_459' title='bbox 326 4150 456 4218; x_wconf 88' lang='lat' dir='ltr'><strong>quia</strong></span> <span class='ocrx_word' id='word_1_460' title='bbox 482 4155 539 4201; x_wconf 90' lang='lat' dir='ltr'><strong>et</strong></span> <span class='ocrx_word' id='word_1_461' title='bbox 566 4146 994 4202; x_wconf 74' lang='lat' dir='ltr'><strong>extendebantu-r</strong></span> <span class='ocrx_word' id='word_1_462' title='bbox 1031 4146 1262 4216; x_wconf 86' lang='lat' dir='ltr'><strong>desuper</strong></span> <span class='ocrx_word' id='word_1_463' title='bbox 1285 4157 1340 4199; x_wconf 85' lang='lat' dir='ltr'><strong>et</strong></span> <span class='ocrx_word' id='word_1_464' title='bbox 1356 4143 1745 4215; x_wconf 88' lang='lat' dir='ltr'><strong>jungebantur,</strong></span> <span class='ocrx_word' id='word_1_465' title='bbox 1787 4145 1905 4201; x_wconf 70' lang='lat' dir='ltr'><strong>dua:</strong></span> 
     </span>
    </p>
   </div>
   <div class='ocr_carea' id='block_1_61' title="bbox 324 4234 1904 4307">
    <p class='ocr_par' dir='ltr' id='par_1_61' title="bbox 324 4234 1904 4307">
     <span class='ocr_line' id='line_1_61' title="bbox 324 4234 1904 4307; baseline 0 -18"><span class='ocrx_word' id='word_1_466' title='bbox 324 4252 458 4292; x_wconf 87' lang='lat' dir='ltr'><strong>vero</strong></span> <span class='ocrx_word' id='word_1_467' title='bbox 509 4237 761 4307; x_wconf 81' lang='lat' dir='ltr'><strong>tegebant</strong></span> <span class='ocrx_word' id='word_1_468' title='bbox 815 4250 1040 4306; x_wconf 89' lang='lat' dir='ltr'><strong>corpora</strong></span> <span class='ocrx_word' id='word_1_469' title='bbox 1080 4248 1288 4288; x_wconf 91' lang='lat' dir='ltr'><strong>eorum.</strong></span> <span class='ocrx_word' id='word_1_470' title='bbox 1323 4234 1459 4300; x_wconf 87' lang='lat' dir='ltr'><strong>Quid</strong></span> <span class='ocrx_word' id='word_1_471' title='bbox 1509 4242 1688 4289; x_wconf 92' lang='lat' dir='ltr'><strong>autem</strong></span> <span class='ocrx_word' id='word_1_472' title='bbox 1714 4249 1904 4304; x_wconf 66' lang='lat' dir='ltr'><strong>pennae</strong></span> 
     </span>
    </p>
   </div>
   <div class='ocr_carea' id='block_1_62' title="bbox 325 4323 1902 4391">
    <p class='ocr_par' dir='ltr' id='par_1_62' title="bbox 325 4323 1902 4391">
     <span class='ocr_line' id='line_1_62' title="bbox 325 4323 1902 4391; baseline -0.003 -8"><span class='ocrx_word' id='word_1_473' title='bbox 325 4327 647 4383; x_wconf 88' lang='lat' dir='ltr'><strong>animalium</strong></span> <span class='ocrx_word' id='word_1_474' title='bbox 702 4327 804 4381; x_wconf 93' lang='lat' dir='ltr'><strong>nisi</strong></span> <span class='ocrx_word' id='word_1_475' title='bbox 842 4325 939 4380; x_wconf 69' lang='lat' dir='ltr'><strong>alze</strong></span> <span class='ocrx_word' id='word_1_476' title='bbox 990 4324 1382 4380; x_wconf 85' lang='lat' dir='ltr'><strong>nominantur?</strong></span> <span class='ocrx_word' id='word_1_477' title='bbox 1412 4323 1528 4391; x_wconf 89' lang='lat' dir='ltr'><strong>Qua</strong></span> <span class='ocrx_word' id='word_1_478' title='bbox 1575 4325 1630 4379; x_wconf 91' lang='lat' dir='ltr'><strong>in</strong></span> <span class='ocrx_word' id='word_1_479' title='bbox 1657 4338 1716 4379; x_wconf 90' lang='lat' dir='ltr'><strong>re</strong></span> <span class='ocrx_word' id='word_1_480' title='bbox 1744 4323 1902 4379; x_wconf 86' lang='lat' dir='ltr'><strong>nobis</strong></span> 
     </span>
    </p>
   </div>
   <div class='ocr_carea' id='block_1_63' title="bbox 322 4413 1907 4492">
    <p class='ocr_par' dir='ltr' id='par_1_63' title="bbox 322 4413 1907 4492">
     <span class='ocr_line' id='line_1_63' title="bbox 322 4413 1907 4492; baseline -0.006 -16"><span class='ocrx_word' id='word_1_481' title='bbox 322 4420 573 4492; x_wconf 77' lang='lat' dir='ltr'><strong>diligenti</strong></span> <span class='ocrx_word' id='word_1_482' title='bbox 630 4417 1060 4489; x_wconf 87' lang='lat' dir='ltr'><strong>perscrutatione</strong></span> <span class='ocrx_word' id='word_1_483' title='bbox 1110 4414 1460 4485; x_wconf 67' lang='lat' dir='ltr'><strong>qumrendum</strong></span> <span class='ocrx_word' id='word_1_484' title='bbox 1504 4423 1585 4470; x_wconf 91' lang='lat' dir='ltr'><strong>est</strong></span> <span class='ocrx_word' id='word_1_485' title='bbox 1627 4429 1748 4485; x_wconf 67' lang='lat' dir='ltr'><strong>quae</strong></span> <span class='ocrx_word' id='word_1_486' title='bbox 1799 4413 1907 4468; x_wconf 91' lang='lat' dir='ltr'><strong>sint</strong></span> 
     </span>
    </p>
   </div>
   <div class='ocr_carea' id='block_1_64' title="bbox 323 4502 1905 4580">
    <p class='ocr_par' dir='ltr' id='par_1_64' title="bbox 323 4502 1905 4580">
     <span class='ocr_line' id='line_1_64' title="bbox 323 4502 1905 4580; baseline -0.005 -16"><span class='ocrx_word' id='word_1_487' title='bbox 323 4516 568 4580; x_wconf 88' lang='lat' dir='ltr'><strong>quatuor</strong></span> <span class='ocrx_word' id='word_1_488' title='bbox 593 4522 784 4579; x_wconf 75' lang='lat' dir='ltr'><strong>penna:</strong></span> <span class='ocrx_word' id='word_1_489' title='bbox 809 4516 1144 4569; x_wconf 89' lang='lat' dir='ltr'><strong>sanctorum,</strong></span> <span class='ocrx_word' id='word_1_490' title='bbox 1188 4519 1256 4559; x_wconf 81' lang='lat' dir='ltr'><strong>ex</strong></span> <span class='ocrx_word' id='word_1_491' title='bbox 1284 4505 1480 4575; x_wconf 89' lang='lat' dir='ltr'><strong>quibus</strong></span> <span class='ocrx_word' id='word_1_492' title='bbox 1512 4504 1629 4558; x_wconf 72' lang='lat' dir='ltr'><strong>dum</strong></span> <span class='ocrx_word' id='word_1_493' title='bbox 1656 4502 1905 4573; x_wconf 87' lang='lat' dir='ltr'><strong>superius</strong></span> 
     </span>
    </p>
   </div>
   <div class='ocr_carea' id='block_1_65' title="bbox 319 4598 1905 4670">
    <p class='ocr_par' dir='ltr' id='par_1_65' title="bbox 319 4598 1905 4670">
     <span class='ocr_line' id='line_1_65' title="bbox 319 4598 1905 4670; baseline -0.004 -14"><span class='ocrx_word' id='word_1_494' title='bbox 319 4606 563 4657; x_wconf 74' lang='lat' dir='ltr'><strong>extenta:</strong></span> <span class='ocrx_word' id='word_1_495' title='bbox 586 4599 902 4670; x_wconf 88' lang='lat' dir='ltr'><strong>junguntur,</strong></span> <span class='ocrx_word' id='word_1_496' title='bbox 952 4598 1071 4653; x_wconf 67' lang='lat' dir='ltr'><strong>duae</strong></span> <span class='ocrx_word' id='word_1_497' title='bbox 1110 4612 1241 4652; x_wconf 87' lang='lat' dir='ltr'><strong>vero</strong></span> <span class='ocrx_word' id='word_1_498' title='bbox 1269 4612 1457 4652; x_wconf 88' lang='lat' dir='ltr'><strong>eorum</strong></span> <span class='ocrx_word' id='word_1_499' title='bbox 1506 4610 1733 4666; x_wconf 86' lang='lat' dir='ltr'><strong>corpora</strong></span> <span class='ocrx_word' id='word_1_500' title='bbox 1776 4611 1905 4651; x_wconf 88' lang='lat' dir='ltr'><strong>con-</strong></span> 
     </span>
    </p>
   </div>
   <div class='ocr_carea' id='block_1_66' title="bbox 320 4688 1906 4764">
    <p class='ocr_par' dir='ltr' id='par_1_66' title="bbox 320 4688 1906 4764">
     <span class='ocr_line' id='line_1_66' title="bbox 320 4688 1906 4764; baseline -0.004 -17"><span class='ocrx_word' id='word_1_501' title='bbox 320 4700 541 4764; x_wconf 83' lang='lat' dir='ltr'><strong>tegunt.</strong></span> <span class='ocrx_word' id='word_1_502' title='bbox 593 4690 651 4745; x_wconf 86' lang='lat' dir='ltr'><strong>Si</strong></span> <span class='ocrx_word' id='word_1_503' title='bbox 678 4689 820 4745; x_wconf 91' lang='lat' dir='ltr'><strong>enim</strong></span> <span class='ocrx_word' id='word_1_504' title='bbox 869 4688 1155 4760; x_wconf 79' lang='lat' dir='ltr'><strong>vigilanter</strong></span> <span class='ocrx_word' id='word_1_505' title='bbox 1185 4688 1493 4757; x_wconf 89' lang='lat' dir='ltr'><strong>aspicimus,</strong></span> <span class='ocrx_word' id='word_1_506' title='bbox 1524 4695 1758 4755; x_wconf 89' lang='lat' dir='ltr'><strong>quatuor</strong></span> <span class='ocrx_word' id='word_1_507' title='bbox 1785 4699 1906 4740; x_wconf 89' lang='lat' dir='ltr'><strong>esse</strong></span> 
     </span>
    </p>
   </div>
   <div class='ocr_carea' id='block_1_67' title="bbox 321 4776 1906 4850">
    <p class='ocr_par' dir='ltr' id='par_1_67' title="bbox 321 4776 1906 4850">
     <span class='ocr_line' id='line_1_67' title="bbox 321 4776 1906 4850; baseline -0.005 -11"><span class='ocrx_word' id='word_1_508' title='bbox 321 4786 560 4839; x_wconf 83' lang='lat' dir='ltr'><strong>virtutes</strong></span> <span class='ocrx_word' id='word_1_509' title='bbox 579 4781 905 4846; x_wconf 85' lang='lat' dir='ltr'><strong>invenimus,</strong></span> <span class='ocrx_word' id='word_1_510' title='bbox 929 4794 1048 4850; x_wconf 64' lang='lat' dir='ltr'><strong>quae</strong></span> <span class='ocrx_word' id='word_1_511' title='bbox 1064 4794 1095 4833; x_wconf 90' lang='lat' dir='ltr'><strong>a</strong></span> <span class='ocrx_word' id='word_1_512' title='bbox 1113 4778 1344 4833; x_wconf 88' lang='lat' dir='ltr'><strong>terrenis</strong></span> <span class='ocrx_word' id='word_1_513' title='bbox 1371 4776 1581 4832; x_wconf 86' lang='lat' dir='ltr'><strong>actibus</strong></span> <span class='ocrx_word' id='word_1_514' title='bbox 1601 4792 1761 4831; x_wconf 90' lang='lat' dir='ltr'><strong>omne</strong></span> <span class='ocrx_word' id='word_1_515' title='bbox 1775 4791 1906 4846; x_wconf 86' lang='lat' dir='ltr'><strong>pen-</strong></span> 
     </span>
    </p>
   </div>
   <div class='ocr_carea' id='block_1_68' title="bbox 322 4868 1905 4938">
    <p class='ocr_par' dir='ltr' id='par_1_68' title="bbox 322 4868 1905 4938">
     <span class='ocr_line' id='line_1_68' title="bbox 322 4868 1905 4938; baseline -0.005 -8"><span class='ocrx_word' id='word_1_516' title='bbox 322 4883 519 4930; x_wconf 87' lang='lat' dir='ltr'><strong>natum</strong></span> <span class='ocrx_word' id='word_1_517' title='bbox 567 4871 768 4928; x_wconf 88' lang='lat' dir='ltr'><strong>animal</strong></span> <span class='ocrx_word' id='word_1_518' title='bbox 818 4872 1020 4938; x_wconf 87' lang='lat' dir='ltr'><strong>levant,</strong></span> <span class='ocrx_word' id='word_1_519' title='bbox 1053 4872 1107 4926; x_wconf 91' lang='lat' dir='ltr'><strong>in</strong></span> <span class='ocrx_word' id='word_1_520' title='bbox 1138 4869 1338 4926; x_wconf 86' lang='lat' dir='ltr'><strong>futuris</strong></span> <span class='ocrx_word' id='word_1_521' title='bbox 1386 4868 1639 4924; x_wconf 90' lang='lat' dir='ltr'><strong>videlicet</strong></span> <span class='ocrx_word' id='word_1_522' title='bbox 1671 4883 1825 4935; x_wconf 88' lang='lat' dir='ltr'><strong>amor</strong></span> <span class='ocrx_word' id='word_1_523' title='bbox 1850 4875 1905 4923; x_wconf 89' lang='lat' dir='ltr'><strong>et</strong></span> 
     </span>
    </p>
   </div>
   <div class='ocr_carea' id='block_1_69' title="bbox 321 4955 1908 5035">
    <p class='ocr_par' dir='ltr' id='par_1_69' title="bbox 321 4955 1908 5035">
     <span class='ocr_line' id='line_1_69' title="bbox 321 4955 1908 5035; baseline -0.004 -17"><span class='ocrx_word' id='word_1_524' title='bbox 321 4980 482 5035; x_wconf 88' lang='lat' dir='ltr'><strong>spes;</strong></span> <span class='ocrx_word' id='word_1_525' title='bbox 498 4965 567 5019; x_wconf 89' lang='lat' dir='ltr'><strong>de</strong></span> <span class='ocrx_word' id='word_1_526' title='bbox 578 4961 875 5034; x_wconf 68' lang='lat' dir='ltr'><strong>prmteritis.</strong></span> <span class='ocrx_word' id='word_1_527' title='bbox 889 4970 1070 5015; x_wconf 89' lang='lat' dir='ltr'><strong>autem</strong></span> <span class='ocrx_word' id='word_1_528' title='bbox 1092 4961 1252 5015; x_wconf 90' lang='lat' dir='ltr'><strong>timor</strong></span> <span class='ocrx_word' id='word_1_529' title='bbox 1273 4968 1328 5014; x_wconf 90' lang='lat' dir='ltr'><strong>et</strong></span> <span class='ocrx_word' id='word_1_530' title='bbox 1347 4957 1686 5028; x_wconf 79' lang='lat' dir='ltr'><strong>ptenitentia.</strong></span> <span class='ocrx_word' id='word_1_531' title='bbox 1710 4955 1908 5012; x_wconf 64' lang='lat' dir='ltr'><strong>Pennm</strong></span> 
     </span>
    </p>
   </div>
   <div class='ocr_carea' id='block_1_70' title="bbox 323 5048 1902 5124">
    <p class='ocr_par' dir='ltr' id='par_1_70' title="bbox 323 5048 1902 5124">
     <span class='ocr_line' id='line_1_70' title="bbox 323 5048 1902 5124; baseline -0.007 -12"><span class='ocrx_word' id='word_1_532' title='bbox 323 5066 511 5113; x_wconf 89' lang='lat' dir='ltr'><strong>autem</strong></span> <span class='ocrx_word' id='word_1_533' title='bbox 561 5056 780 5112; x_wconf 88' lang='lat' dir='ltr'><strong>sibimet</strong></span> <span class='ocrx_word' id='word_1_534' title='bbox 823 5053 1026 5123; x_wconf 73' lang='lat' dir='ltr'><strong>juncta:</strong></span> <span class='ocrx_word' id='word_1_535' title='bbox 1064 5053 1314 5124; x_wconf 88' lang='lat' dir='ltr'><strong>superius</strong></span> <span class='ocrx_word' id='word_1_536' title='bbox 1350 5051 1734 5115; x_wconf 82' lang='lat' dir='ltr'><strong>extenduntur,</strong></span> <span class='ocrx_word' id='word_1_537' title='bbox 1776 5048 1902 5118; x_wconf 87' lang='lat' dir='ltr'><strong>quia</strong></span> 
     </span>
    </p>
   </div>
   <div class='ocr_carea' id='block_1_71' title="bbox 325 5137 1905 5216">
    <p class='ocr_par' dir='ltr' id='par_1_71' title="bbox 325 5137 1905 5216">
     <span class='ocr_line' id='line_1_71' title="bbox 325 5137 1905 5216; baseline -0.008 -11"><span class='ocrx_word' id='word_1_538' title='bbox 325 5158 647 5206; x_wconf 86' lang='lat' dir='ltr'><strong>sanctorum</strong></span> <span class='ocrx_word' id='word_1_539' title='bbox 675 5155 908 5203; x_wconf 88' lang='lat' dir='ltr'><strong>mentem</strong></span> <span class='ocrx_word' id='word_1_540' title='bbox 935 5162 1088 5202; x_wconf 88' lang='lat' dir='ltr'><strong>amor</strong></span> <span class='ocrx_word' id='word_1_541' title='bbox 1134 5154 1191 5201; x_wconf 88' lang='lat' dir='ltr'><strong>et</strong></span> <span class='ocrx_word' id='word_1_542' title='bbox 1217 5160 1339 5216; x_wconf 89' lang='lat' dir='ltr'><strong>spes</strong></span> <span class='ocrx_word' id='word_1_543' title='bbox 1368 5144 1435 5199; x_wconf 86' lang='lat' dir='ltr'><strong>ad</strong></span> <span class='ocrx_word' id='word_1_544' title='bbox 1465 5140 1741 5214; x_wconf 82' lang='lat' dir='ltr'><strong>superiora</strong></span> <span class='ocrx_word' id='word_1_545' title='bbox 1771 5137 1905 5212; x_wconf 82' lang='lat' dir='ltr'><strong>[Al.,</strong></span> 
     </span>
    </p>
   </div>
   <div class='ocr_carea' id='block_1_72' title="bbox 324 5231 1906 5310">
    <p class='ocr_par' dir='ltr' id='par_1_72' title="bbox 324 5231 1906 5310">
     <span class='ocr_line' id='line_1_72' title="bbox 324 5231 1906 5310; baseline -0.007 -15"><span class='ocrx_word' id='word_1_546' title='bbox 324 5235 559 5310; x_wconf 64' lang='lat' dir='ltr'><strong>aeterna]</strong></span> <span class='ocrx_word' id='word_1_547' title='bbox 585 5237 816 5293; x_wconf 76' lang='lat' dir='ltr'><strong>elevant.</strong></span> <span class='ocrx_word' id='word_1_548' title='bbox 845 5237 975 5305; x_wconf 74' lang='lat' dir='ltr'><strong>Qua:</strong></span> <span class='ocrx_word' id='word_1_549' title='bbox 1003 5244 1127 5308; x_wconf 88' lang='lat' dir='ltr'><strong>apte</strong></span> <span class='ocrx_word' id='word_1_550' title='bbox 1149 5251 1364 5307; x_wconf 89' lang='lat' dir='ltr'><strong>quoque</strong></span> <span class='ocrx_word' id='word_1_551' title='bbox 1397 5233 1702 5303; x_wconf 73' lang='lat' dir='ltr'><strong>conjuncta:</strong></span> <span class='ocrx_word' id='word_1_552' title='bbox 1730 5231 1906 5287; x_wconf 85' lang='lat' dir='ltr'><strong>nomi—</strong></span> 
     </span>
    </p>
   </div>
   <div class='ocr_carea' id='block_1_73' title="bbox 329 5323 1905 5400">
    <p class='ocr_par' dir='ltr' id='par_1_73' title="bbox 329 5323 1905 5400">
     <span class='ocr_line' id='line_1_73' title="bbox 329 5323 1905 5400; baseline -0.004 -17"><span class='ocrx_word' id='word_1_553' title='bbox 329 5338 555 5393; x_wconf 87' lang='lat' dir='ltr'><strong>nantur,</strong></span> <span class='ocrx_word' id='word_1_554' title='bbox 579 5329 704 5398; x_wconf 88' lang='lat' dir='ltr'><strong>quia</strong></span> <span class='ocrx_word' id='word_1_555' title='bbox 728 5327 888 5384; x_wconf 86' lang='lat' dir='ltr'><strong>electi</strong></span> <span class='ocrx_word' id='word_1_556' title='bbox 935 5329 1121 5400; x_wconf 90' lang='lat' dir='ltr'><strong>procul</strong></span> <span class='ocrx_word' id='word_1_557' title='bbox 1163 5328 1325 5384; x_wconf 89' lang='lat' dir='ltr'><strong>dubio</strong></span> <span class='ocrx_word' id='word_1_558' title='bbox 1352 5336 1407 5383; x_wconf 89' lang='lat' dir='ltr'><strong>et</strong></span> <span class='ocrx_word' id='word_1_559' title='bbox 1457 5335 1642 5381; x_wconf 90' lang='lat' dir='ltr'><strong>amant</strong></span> <span class='ocrx_word' id='word_1_560' title='bbox 1664 5323 1905 5382; x_wconf 83' lang='lat' dir='ltr'><strong>coelestia</strong></span> 
     </span>
    </p>
   </div>
   <div class='ocr_carea' id='block_1_74' title="bbox 329 5418 1907 5493">
    <p class='ocr_par' dir='ltr' id='par_1_74' title="bbox 329 5418 1907 5493">
     <span class='ocr_line' id='line_1_74' title="bbox 329 5418 1907 5493; baseline -0.003 -18"><span class='ocrx_word' id='word_1_561' title='bbox 329 5436 452 5489; x_wconf 77' lang='lat' dir='ltr'><strong>qua:</strong></span> <span class='ocrx_word' id='word_1_562' title='bbox 473 5427 716 5488; x_wconf 84' lang='lat' dir='ltr'><strong>sperant,</strong></span> <span class='ocrx_word' id='word_1_563' title='bbox 746 5426 803 5473; x_wconf 88' lang='lat' dir='ltr'><strong>et</strong></span> <span class='ocrx_word' id='word_1_564' title='bbox 835 5428 1053 5490; x_wconf 82' lang='lat' dir='ltr'><strong>sperant</strong></span> <span class='ocrx_word' id='word_1_565' title='bbox 1081 5434 1200 5489; x_wconf 61' lang='lat' dir='ltr'><strong>quae</strong></span> <span class='ocrx_word' id='word_1_566' title='bbox 1246 5429 1448 5473; x_wconf 86' lang='lat' dir='ltr'><strong>amant.</strong></span> <span class='ocrx_word' id='word_1_567' title='bbox 1476 5418 1605 5493; x_wconf 74' lang='lat' dir='ltr'><strong>Dua;</strong></span> <span class='ocrx_word' id='word_1_568' title='bbox 1630 5433 1756 5472; x_wconf 91' lang='lat' dir='ltr'><strong>vero</strong></span> <span class='ocrx_word' id='word_1_569' title='bbox 1784 5432 1907 5470; x_wconf 87' lang='lat' dir='ltr'><strong>eor-</strong></span> 
     </span>
    </p>
   </div>
   <div class='ocr_carea' id='block_1_75' title="bbox 332 5503 1913 5580">
    <p class='ocr_par' dir='ltr' id='par_1_75' title="bbox 332 5503 1913 5580">
     <span class='ocr_line' id='line_1_75' title="bbox 332 5503 1913 5580; baseline -0.004 -17"><span class='ocrx_word' id='word_1_570' title='bbox 332 5524 463 5579; x_wconf 85' lang='lat' dir='ltr'><strong>pora</strong></span> <span class='ocrx_word' id='word_1_571' title='bbox 513 5515 824 5580; x_wconf 87' lang='lat' dir='ltr'><strong>contegunt,</strong></span> <span class='ocrx_word' id='word_1_572' title='bbox 872 5509 997 5578; x_wconf 91' lang='lat' dir='ltr'><strong>quia</strong></span> <span class='ocrx_word' id='word_1_573' title='bbox 1029 5509 1190 5565; x_wconf 90' lang='lat' dir='ltr'><strong>timor</strong></span> <span class='ocrx_word' id='word_1_574' title='bbox 1213 5516 1267 5563; x_wconf 83' lang='lat' dir='ltr'><strong>et</strong></span> <span class='ocrx_word' id='word_1_575' title='bbox 1292 5507 1608 5579; x_wconf 85' lang='lat' dir='ltr'><strong>poenitentia</strong></span> <span class='ocrx_word' id='word_1_576' title='bbox 1637 5508 1704 5561; x_wconf 91' lang='lat' dir='ltr'><strong>ab</strong></span> <span class='ocrx_word' id='word_1_577' title='bbox 1738 5503 1913 5560; x_wconf 90' lang='lat' dir='ltr'><strong>omni-</strong></span> 
     </span>
    </p>
   </div>
   <div class='ocr_carea' id='block_1_76' title="bbox 332 5598 1916 5668">
    <p class='ocr_par' dir='ltr' id='par_1_76' title="bbox 332 5598 1916 5668">
     <span class='ocr_line' id='line_1_76' title="bbox 332 5598 1916 5668; baseline -0.002 -14"><span class='ocrx_word' id='word_1_578' title='bbox 332 5600 573 5667; x_wconf 82' lang='lat' dir='ltr'><strong>potentis</strong></span> <span class='ocrx_word' id='word_1_579' title='bbox 601 5599 697 5655; x_wconf 87' lang='lat' dir='ltr'><strong>Dei</strong></span> <span class='ocrx_word' id='word_1_580' title='bbox 750 5598 921 5654; x_wconf 88' lang='lat' dir='ltr'><strong>oculis</strong></span> <span class='ocrx_word' id='word_1_581' title='bbox 952 5613 1139 5654; x_wconf 83' lang='lat' dir='ltr'><strong>eorum</strong></span> <span class='ocrx_word' id='word_1_582' title='bbox 1187 5599 1326 5654; x_wconf 86' lang='lat' dir='ltr'><strong>mala</strong></span> <span class='ocrx_word' id='word_1_583' title='bbox 1372 5600 1642 5668; x_wconf 84' lang='lat' dir='ltr'><strong>praeterita</strong></span> <span class='ocrx_word' id='word_1_584' title='bbox 1691 5599 1916 5654; x_wconf 85' lang='lat' dir='ltr'><strong>abscon-</strong></span> 
     </span>
    </p>
   </div>
   <div class='ocr_carea' id='block_1_77' title="bbox 1999 1779 3576 1854">
    <p class='ocr_par' dir='ltr' id='par_1_77' title="bbox 1999 1779 3576 1854">
     <span class='ocr_line' id='line_1_77' title="bbox 1999 1779 3576 1854; baseline 0.007 -22"><span class='ocrx_word' id='word_1_585' title='bbox 1999 1786 2209 1848; x_wconf 83' lang='lat' dir='ltr'><strong>tegmen</strong></span> <span class='ocrx_word' id='word_1_586' title='bbox 2268 1779 2317 1833; x_wconf 87' lang='lat' dir='ltr'><strong>ei</strong></span> <span class='ocrx_word' id='word_1_587' title='bbox 2378 1779 2456 1834; x_wconf 89' lang='lat' dir='ltr'><strong>rei</strong></span> <span class='ocrx_word' id='word_1_588' title='bbox 2511 1781 2943 1849; x_wconf 89' lang='lat' dir='ltr'><strong>superducimus,</strong></span> <span class='ocrx_word' id='word_1_589' title='bbox 2994 1800 3156 1854; x_wconf 89' lang='lat' dir='ltr'><strong>quam</strong></span> <span class='ocrx_word' id='word_1_590' title='bbox 3204 1788 3576 1843; x_wconf 89' lang='lat' dir='ltr'><strong>erubescimus</strong></span> 
     </span>
    </p>
   </div>
   <div class='ocr_carea' id='block_1_78' title="bbox 1997 1866 3574 1934">
    <p class='ocr_par' dir='ltr' id='par_1_78' title="bbox 1997 1866 3574 1934">
     <span class='ocr_line' id='line_1_78' title="bbox 1997 1866 3574 1934; baseline 0.007 -14"><span class='ocrx_word' id='word_1_591' title='bbox 1997 1866 2191 1921; x_wconf 89' lang='lat' dir='ltr'><strong>videri.</strong></span> <span class='ocrx_word' id='word_1_592' title='bbox 2249 1867 2556 1934; x_wconf 87' lang='lat' dir='ltr'><strong>Quamlibet</strong></span> <span class='ocrx_word' id='word_1_593' title='bbox 2603 1870 2747 1924; x_wconf 92' lang='lat' dir='ltr'><strong>enim</strong></span> <span class='ocrx_word' id='word_1_594' title='bbox 2805 1872 2977 1925; x_wconf 89' lang='lat' dir='ltr'><strong>sancti</strong></span> <span class='ocrx_word' id='word_1_595' title='bbox 3027 1872 3128 1926; x_wconf 87' lang='lat' dir='ltr'><strong>viri</strong></span> <span class='ocrx_word' id='word_1_596' title='bbox 3159 1873 3212 1927; x_wconf 91' lang='lat' dir='ltr'><strong>in</strong></span> <span class='ocrx_word' id='word_1_597' title='bbox 3265 1876 3368 1929; x_wconf 89' lang='lat' dir='ltr'><strong>hac</strong></span> <span class='ocrx_word' id='word_1_598' title='bbox 3397 1877 3574 1932; x_wconf 89' lang='lat' dir='ltr'><strong>adhuc</strong></span> 
     </span>
    </p>
   </div>
   <div class='ocr_carea' id='block_1_79' title="bbox 1997 1956 3576 2035">
    <p class='ocr_par' dir='ltr' id='par_1_79' title="bbox 1997 1956 3576 2035">
     <span class='ocr_line' id='line_1_79' title="bbox 1997 1956 3576 2035; baseline 0.006 -25"><span class='ocrx_word' id='word_1_599' title='bbox 1997 1956 2107 2010; x_wconf 88' lang='lat' dir='ltr'><strong>vita</strong></span> <span class='ocrx_word' id='word_1_600' title='bbox 2132 1957 2263 2023; x_wconf 90' lang='lat' dir='ltr'><strong>sint,</strong></span> <span class='ocrx_word' id='word_1_601' title='bbox 2294 1958 2497 2012; x_wconf 82' lang='lat' dir='ltr'><strong>habent</strong></span> <span class='ocrx_word' id='word_1_602' title='bbox 2552 1966 2729 2012; x_wconf 89' lang='lat' dir='ltr'><strong>tamen</strong></span> <span class='ocrx_word' id='word_1_603' title='bbox 2771 1959 2913 2028; x_wconf 90' lang='lat' dir='ltr'><strong>quod</strong></span> <span class='ocrx_word' id='word_1_604' title='bbox 2939 1970 3066 2015; x_wconf 89' lang='lat' dir='ltr'><strong>ante</strong></span> <span class='ocrx_word' id='word_1_605' title='bbox 3096 1961 3189 2015; x_wconf 91' lang='lat' dir='ltr'><strong>Dei</strong></span> <span class='ocrx_word' id='word_1_606' title='bbox 3222 1965 3406 2020; x_wconf 90' lang='lat' dir='ltr'><strong>oculos</strong></span> <span class='ocrx_word' id='word_1_607' title='bbox 3449 1980 3576 2035; x_wconf 84' lang='lat' dir='ltr'><strong>ope-</strong></span> 
     </span>
    </p>
   </div>
   <div class='ocr_carea' id='block_1_80' title="bbox 2000 2046 3580 2120">
    <p class='ocr_par' dir='ltr' id='par_1_80' title="bbox 2000 2046 3580 2120">
     <span class='ocr_line' id='line_1_80' title="bbox 2000 2046 3580 2120; baseline 0.006 -20"><span class='ocrx_word' id='word_1_608' title='bbox 2000 2046 2109 2101; x_wconf 88' lang='lat' dir='ltr'><strong>rire</strong></span> <span class='ocrx_word' id='word_1_609' title='bbox 2161 2046 2412 2102; x_wconf 89' lang='lat' dir='ltr'><strong>debeant.</strong></span> <span class='ocrx_word' id='word_1_610' title='bbox 2445 2046 2580 2114; x_wconf 90' lang='lat' dir='ltr'><strong>Quia</strong></span> <span class='ocrx_word' id='word_1_611' title='bbox 2626 2049 2847 2103; x_wconf 90' lang='lat' dir='ltr'><strong>omnino</strong></span> <span class='ocrx_word' id='word_1_612' title='bbox 2875 2059 2957 2105; x_wconf 89' lang='lat' dir='ltr'><strong>est</strong></span> <span class='ocrx_word' id='word_1_613' title='bbox 3001 2051 3352 2120; x_wconf 74' lang='lat' dir='ltr'><strong>impossibile,</strong></span> <span class='ocrx_word' id='word_1_614' title='bbox 3394 2062 3452 2107; x_wconf 92' lang='lat' dir='ltr'><strong>ut</strong></span> <span class='ocrx_word' id='word_1_615' title='bbox 3484 2068 3580 2110; x_wconf 87' lang='lat' dir='ltr'><strong>aut</strong></span> 
     </span>
    </p>
   </div>
   <div class='ocr_carea' id='block_1_81' title="bbox 1998 2138 3573 2212">
    <p class='ocr_par' dir='ltr' id='par_1_81' title="bbox 1998 2138 3573 2212">
     <span class='ocr_line' id='line_1_81' title="bbox 1998 2138 3573 2212; baseline 0.004 -19"><span class='ocrx_word' id='word_1_616' title='bbox 1998 2138 2055 2193; x_wconf 89' lang='lat' dir='ltr'><strong>in</strong></span> <span class='ocrx_word' id='word_1_617' title='bbox 2098 2153 2279 2208; x_wconf 87' lang='lat' dir='ltr'><strong>opere,</strong></span> <span class='ocrx_word' id='word_1_618' title='bbox 2329 2148 2422 2193; x_wconf 90' lang='lat' dir='ltr'><strong>aut</strong></span> <span class='ocrx_word' id='word_1_619' title='bbox 2459 2140 2513 2194; x_wconf 90' lang='lat' dir='ltr'><strong>in</strong></span> <span class='ocrx_word' id='word_1_620' title='bbox 2541 2140 2831 2207; x_wconf 89' lang='lat' dir='ltr'><strong>locutione,</strong></span> <span class='ocrx_word' id='word_1_621' title='bbox 2862 2149 2955 2194; x_wconf 91' lang='lat' dir='ltr'><strong>aut</strong></span> <span class='ocrx_word' id='word_1_622' title='bbox 2981 2141 3033 2195; x_wconf 92' lang='lat' dir='ltr'><strong>in</strong></span> <span class='ocrx_word' id='word_1_623' title='bbox 3062 2144 3386 2212; x_wconf 81' lang='lat' dir='ltr'><strong>cogitatione</strong></span> <span class='ocrx_word' id='word_1_624' title='bbox 3435 2161 3573 2200; x_wconf 92' lang='lat' dir='ltr'><strong>nun-</strong></span> 
     </span>
    </p>
   </div>
   <div class='ocr_carea' id='block_1_82' title="bbox 1999 2229 3575 2304">
    <p class='ocr_par' dir='ltr' id='par_1_82' title="bbox 1999 2229 3575 2304">
     <span class='ocr_line' id='line_1_82' title="bbox 1999 2229 3575 2304; baseline 0.006 -23"><span class='ocrx_word' id='word_1_625' title='bbox 1999 2244 2159 2298; x_wconf 92' lang='lat' dir='ltr'><strong>quam</strong></span> <span class='ocrx_word' id='word_1_626' title='bbox 2191 2229 2518 2299; x_wconf 89' lang='lat' dir='ltr'><strong>delinquant.</strong></span> <span class='ocrx_word' id='word_1_627' title='bbox 2565 2231 2718 2286; x_wconf 89' lang='lat' dir='ltr'><strong>Unde</strong></span> <span class='ocrx_word' id='word_1_628' title='bbox 2752 2240 2806 2286; x_wconf 91' lang='lat' dir='ltr'><strong>et</strong></span> <span class='ocrx_word' id='word_1_629' title='bbox 2833 2232 3025 2288; x_wconf 88' lang='lat' dir='ltr'><strong>beatus</strong></span> <span class='ocrx_word' id='word_1_630' title='bbox 3062 2233 3182 2297; x_wconf 81' lang='lat' dir='ltr'><strong>Job,</strong></span> <span class='ocrx_word' id='word_1_631' title='bbox 3220 2236 3309 2304; x_wconf 89' lang='lat' dir='ltr'><strong>qui</strong></span> <span class='ocrx_word' id='word_1_632' title='bbox 3335 2236 3575 2304; x_wconf 78' lang='lat' dir='ltr'><strong>perfecta</strong></span> 
     </span>
    </p>
   </div>
   <div class='ocr_carea' id='block_1_83' title="bbox 1999 2319 3578 2389">
    <p class='ocr_par' dir='ltr' id='par_1_83' title="bbox 1999 2319 3578 2389">
     <span class='ocr_line' id='line_1_83' title="bbox 1999 2319 3578 2389; baseline 0.006 -17"><span class='ocrx_word' id='word_1_633' title='bbox 1999 2319 2215 2389; x_wconf 89' lang='lat' dir='ltr'><strong>quidem</strong></span> <span class='ocrx_word' id='word_1_634' title='bbox 2252 2319 2562 2375; x_wconf 89' lang='lat' dir='ltr'><strong>hominibus</strong></span> <span class='ocrx_word' id='word_1_635' title='bbox 2601 2321 2835 2387; x_wconf 83' lang='lat' dir='ltr'><strong>dixerat,</strong></span> <span class='ocrx_word' id='word_1_636' title='bbox 2882 2322 2980 2379; x_wconf 88' lang='lat' dir='ltr'><strong>Dei</strong></span> <span class='ocrx_word' id='word_1_637' title='bbox 3027 2331 3205 2379; x_wconf 89' lang='lat' dir='ltr'><strong>tamen</strong></span> <span class='ocrx_word' id='word_1_638' title='bbox 3266 2341 3454 2381; x_wconf 91' lang='lat' dir='ltr'><strong>vocem</strong></span> <span class='ocrx_word' id='word_1_639' title='bbox 3483 2342 3578 2380; x_wconf 90' lang='lat' dir='ltr'><strong>au-</strong></span> 
     </span>
    </p>
   </div>
   <div class='ocr_carea' id='block_1_84' title="bbox 2000 2411 3576 2486">
    <p class='ocr_par' dir='ltr' id='par_1_84' title="bbox 2000 2411 3576 2486">
     <span class='ocr_line' id='line_1_84' title="bbox 2000 2411 3576 2486; baseline 0.005 -21"><span class='ocrx_word' id='word_1_640' title='bbox 2000 2411 2175 2477; x_wconf 88' lang='lat' dir='ltr'><strong>diens,</strong></span> <span class='ocrx_word' id='word_1_641' title='bbox 2205 2426 2370 2481; x_wconf 91' lang='lat' dir='ltr'><strong>seque</strong></span> <span class='ocrx_word' id='word_1_642' title='bbox 2410 2412 2584 2482; x_wconf 90' lang='lat' dir='ltr'><strong>ipsum</strong></span> <span class='ocrx_word' id='word_1_643' title='bbox 2610 2414 2676 2468; x_wconf 92' lang='lat' dir='ltr'><strong>de</strong></span> <span class='ocrx_word' id='word_1_644' title='bbox 2708 2413 2822 2482; x_wconf 88' lang='lat' dir='ltr'><strong>ipsa</strong></span> <span class='ocrx_word' id='word_1_645' title='bbox 2866 2431 2961 2468; x_wconf 84' lang='lat' dir='ltr'><strong>sua</strong></span> <span class='ocrx_word' id='word_1_646' title='bbox 3015 2417 3253 2486; x_wconf 83' lang='lat' dir='ltr'><strong>perfecta</strong></span> <span class='ocrx_word' id='word_1_647' title='bbox 3307 2416 3576 2475; x_wconf 87' lang='lat' dir='ltr'><strong>locutione</strong></span> 
     </span>
    </p>
   </div>
   <div class='ocr_carea' id='block_1_85' title="bbox 2001 2500 3577 2576">
    <p class='ocr_par' dir='ltr' id='par_1_85' title="bbox 2001 2500 3577 2576">
     <span class='ocr_line' id='line_1_85' title="bbox 2001 2500 3577 2576; baseline 0.006 -23"><span class='ocrx_word' id='word_1_648' title='bbox 2001 2500 2405 2569; x_wconf 87' lang='lat' dir='ltr'><strong>reprehendens</strong></span> <span class='ocrx_word' id='word_1_649' title='bbox 2457 2502 2677 2558; x_wconf 91' lang='lat' dir='ltr'><strong>dicebat</strong></span> <span class='ocrx_word' id='word_1_650' title='bbox 2709 2521 2720 2555; x_wconf 94' lang='lat'>:</span> <span class='ocrx_word' id='word_1_651' title='bbox 2757 2521 2775 2553; x_wconf 75' lang='grc' dir='ltr'><strong>ι</strong></span> <span class='ocrx_word' id='word_1_652' title='bbox 2812 2503 3027 2557; x_wconf 85' lang='lat' dir='ltr'><strong>Manum</strong></span> <span class='ocrx_word' id='word_1_653' title='bbox 3059 2520 3232 2560; x_wconf 89' lang='lat' dir='ltr'><strong>meam</strong></span> <span class='ocrx_word' id='word_1_654' title='bbox 3261 2521 3452 2576; x_wconf 88' lang='lat' dir='ltr'><strong>ponam</strong></span> <span class='ocrx_word' id='word_1_655' title='bbox 3481 2525 3577 2564; x_wconf 88' lang='lat' dir='ltr'><strong>sn-</strong></span> 
     </span>
    </p>
   </div>
   <div class='ocr_carea' id='block_1_86' title="bbox 1998 2590 3575 2669">
    <p class='ocr_par' dir='ltr' id='par_1_86' title="bbox 1998 2590 3575 2669">
     <span class='ocr_line' id='line_1_86' title="bbox 1998 2590 3575 2669; baseline 0.008 -26"><span class='ocrx_word' id='word_1_656' title='bbox 1998 2603 2097 2660; x_wconf 88' lang='lat' dir='ltr'><strong>pcr</strong></span> <span class='ocrx_word' id='word_1_657' title='bbox 2116 2604 2177 2644; x_wconf 87' lang='lat' dir='ltr'><strong>os</strong></span> <span class='ocrx_word' id='word_1_658' title='bbox 2198 2605 2375 2645; x_wconf 89' lang='lat' dir='ltr'><strong>meum</strong></span> <span class='ocrx_word' id='word_1_659' title='bbox 2399 2590 2543 2662; x_wconf 84' lang='lat' dir='ltr'><strong>(Job.</strong></span> <span class='ocrx_word' id='word_1_660' title='bbox 2563 2591 2771 2665; x_wconf 75' lang='lat' dir='ltr'><strong>xxxix).</strong></span> <span class='ocrx_word' id='word_1_661' title='bbox 2798 2614 2815 2646; x_wconf 79' lang='grc' dir='ltr'><strong>ι</strong></span> <span class='ocrx_word' id='word_1_662' title='bbox 2837 2593 2894 2648; x_wconf 88' lang='lat' dir='ltr'><strong>In</strong></span> <span class='ocrx_word' id='word_1_663' title='bbox 2916 2610 3078 2649; x_wconf 90' lang='lat' dir='ltr'><strong>manu</strong></span> <span class='ocrx_word' id='word_1_664' title='bbox 3101 2597 3296 2667; x_wconf 90' lang='lat' dir='ltr'><strong>quippe</strong></span> <span class='ocrx_word' id='word_1_665' title='bbox 3313 2600 3575 2669; x_wconf 87' lang='lat' dir='ltr'><strong>operatio,</strong></span> 
     </span>
    </p>
   </div>
   <div class='ocr_carea' id='block_1_87' title="bbox 2000 2679 3575 2757">
    <p class='ocr_par' dir='ltr' id='par_1_87' title="bbox 2000 2679 3575 2757">
     <span class='ocr_line' id='line_1_87' title="bbox 2000 2679 3575 2757; baseline 0.007 -24"><span class='ocrx_word' id='word_1_666' title='bbox 2000 2679 2055 2733; x_wconf 91' lang='lat' dir='ltr'><strong>in</strong></span> <span class='ocrx_word' id='word_1_667' title='bbox 2089 2694 2184 2735; x_wconf 89' lang='lat' dir='ltr'><strong>ore</strong></span> <span class='ocrx_word' id='word_1_668' title='bbox 2213 2679 2412 2735; x_wconf 90' lang='lat' dir='ltr'><strong>locutio</strong></span> <span class='ocrx_word' id='word_1_669' title='bbox 2441 2690 2545 2736; x_wconf 91' lang='lat' dir='ltr'><strong>est.</strong></span> <span class='ocrx_word' id='word_1_670' title='bbox 2601 2681 2818 2738; x_wconf 79' lang='lat' dir='ltr'><strong>Manum</strong></span> <span class='ocrx_word' id='word_1_671' title='bbox 2869 2699 2999 2754; x_wconf 89' lang='lat' dir='ltr'><strong>ergo</strong></span> <span class='ocrx_word' id='word_1_672' title='bbox 3024 2701 3215 2755; x_wconf 70' lang='lat' dir='ltr'><strong>&#39;super</strong></span> <span class='ocrx_word' id='word_1_673' title='bbox 3257 2702 3320 2742; x_wconf 92' lang='lat' dir='ltr'><strong>os</strong></span> <span class='ocrx_word' id='word_1_674' title='bbox 3350 2703 3575 2757; x_wconf 90' lang='lat' dir='ltr'><strong>ponere,</strong></span> 
     </span>
    </p>
   </div>
   <div class='ocr_carea' id='block_1_88' title="bbox 2000 2772 3577 2849">
    <p class='ocr_par' dir='ltr' id='par_1_88' title="bbox 2000 2772 3577 2849">
     <span class='ocr_line' id='line_1_88' title="bbox 2000 2772 3577 2849; baseline 0.006 -23"><span class='ocrx_word' id='word_1_675' title='bbox 2000 2780 2086 2827; x_wconf 91' lang='lat' dir='ltr'><strong>est</strong></span> <span class='ocrx_word' id='word_1_676' title='bbox 2106 2780 2328 2843; x_wconf 86' lang='lat' dir='ltr'><strong>peccata</strong></span> <span class='ocrx_word' id='word_1_677' title='bbox 2360 2772 2647 2828; x_wconf 92' lang='lat' dir='ltr'><strong>locutionis</strong></span> <span class='ocrx_word' id='word_1_678' title='bbox 2675 2787 2773 2845; x_wconf 88' lang='lat' dir='ltr'><strong>per</strong></span> <span class='ocrx_word' id='word_1_679' title='bbox 2807 2774 3062 2829; x_wconf 89' lang='lat' dir='ltr'><strong>virtutem</strong></span> <span class='ocrx_word' id='word_1_680' title='bbox 3120 2777 3247 2832; x_wconf 86' lang='lat' dir='ltr'><strong>boni</strong></span> <span class='ocrx_word' id='word_1_681' title='bbox 3283 2781 3463 2849; x_wconf 88' lang='lat' dir='ltr'><strong>operis</strong></span> <span class='ocrx_word' id='word_1_682' title='bbox 3495 2790 3577 2837; x_wconf 86' lang='lat' dir='ltr'><strong>te-</strong></span> 
     </span>
    </p>
   </div>
   <div class='ocr_carea' id='block_1_89' title="bbox 2001 2862 3574 2936">
    <p class='ocr_par' dir='ltr' id='par_1_89' title="bbox 2001 2862 3574 2936">
     <span class='ocr_line' id='line_1_89' title="bbox 2001 2862 3574 2936; baseline 0.006 -19"><span class='ocrx_word' id='word_1_683' title='bbox 2001 2878 2146 2934; x_wconf 83' lang='lat' dir='ltr'><strong>gere.</strong></span> <span class='ocrx_word' id='word_1_684' title='bbox 2177 2863 2353 2930; x_wconf 88' lang='lat' dir='ltr'><strong>Libet,</strong></span> <span class='ocrx_word' id='word_1_685' title='bbox 2392 2862 2609 2931; x_wconf 84' lang='lat' dir='ltr'><strong>fratres,</strong></span> <span class='ocrx_word' id='word_1_686' title='bbox 2638 2865 2814 2920; x_wconf 88' lang='lat' dir='ltr'><strong>adhuc</strong></span> <span class='ocrx_word' id='word_1_687' title='bbox 2836 2866 2891 2919; x_wconf 92' lang='lat' dir='ltr'><strong>in</strong></span> <span class='ocrx_word' id='word_1_688' title='bbox 2913 2866 3072 2936; x_wconf 88' lang='lat' dir='ltr'><strong>hujus</strong></span> <span class='ocrx_word' id='word_1_689' title='bbox 3097 2869 3172 2921; x_wconf 90' lang='lat' dir='ltr'><strong>rei</strong></span> <span class='ocrx_word' id='word_1_690' title='bbox 3202 2870 3574 2926; x_wconf 87' lang='lat' dir='ltr'><strong>testimonium</strong></span> 
     </span>
    </p>
   </div>
   <div class='ocr_carea' id='block_1_90' title="bbox 2005 2954 3576 3025">
    <p class='ocr_par' dir='ltr' id='par_1_90' title="bbox 2005 2954 3576 3025">
     <span class='ocr_line' id='line_1_90' title="bbox 2005 2954 3576 3025; baseline 0.005 -17"><span class='ocrx_word' id='word_1_691' title='bbox 2005 2954 2322 3025; x_wconf 89' lang='lat' dir='ltr'><strong>magistrum</strong></span> <span class='ocrx_word' id='word_1_692' title='bbox 2378 2956 2616 3024; x_wconf 84' lang='lat' dir='ltr'><strong>gentium</strong></span> <span class='ocrx_word' id='word_1_693' title='bbox 2641 2970 2859 3021; x_wconf 87' lang='lat' dir='ltr'><strong>vocare,</strong></span> <span class='ocrx_word' id='word_1_694' title='bbox 2909 2956 3140 3025; x_wconf 87' lang='lat' dir='ltr'><strong>qualiter</strong></span> <span class='ocrx_word' id='word_1_695' title='bbox 3171 2968 3417 3013; x_wconf 90' lang='lat' dir='ltr'><strong>sanctum</strong></span> <span class='ocrx_word' id='word_1_696' title='bbox 3444 2961 3576 3017; x_wconf 92' lang='lat' dir='ltr'><strong>illud</strong></span> 
     </span>
    </p>
   </div>
   <div class='ocr_carea' id='block_1_91' title="bbox 2003 3043 3583 3118">
    <p class='ocr_par' dir='ltr' id='par_1_91' title="bbox 2003 3043 3583 3118">
     <span class='ocr_line' id='line_1_91' title="bbox 2003 3043 3583 3118; baseline 0.007 -22"><span class='ocrx_word' id='word_1_697' title='bbox 2003 3043 2203 3098; x_wconf 88' lang='lat' dir='ltr'><strong>animal</strong></span> <span class='ocrx_word' id='word_1_698' title='bbox 2230 3043 2329 3099; x_wconf 90' lang='lat' dir='ltr'><strong>alis</strong></span> <span class='ocrx_word' id='word_1_699' title='bbox 2364 3052 2595 3113; x_wconf 85' lang='lat' dir='ltr'><strong>quatuor</strong></span> <span class='ocrx_word' id='word_1_700' title='bbox 2642 3044 2905 3098; x_wconf 86' lang='lat' dir='ltr'><strong>innitatur</strong></span> <span class='ocrx_word' id='word_1_701' title='bbox 2947 3045 3209 3114; x_wconf 85' lang='lat' dir='ltr'><strong>aspicere.</strong></span> <span class='ocrx_word' id='word_1_702' title='bbox 3255 3048 3335 3102; x_wconf 87' lang='lat' dir='ltr'><strong>Ex</strong></span> <span class='ocrx_word' id='word_1_703' title='bbox 3387 3051 3583 3118; x_wconf 87' lang='lat' dir='ltr'><strong>quibus</strong></span> 
     </span>
    </p>
   </div>
   <div class='ocr_carea' id='block_1_92' title="bbox 2001 3136 3582 3212">
    <p class='ocr_par' dir='ltr' id='par_1_92' title="bbox 2001 3136 3582 3212">
     <span class='ocr_line' id='line_1_92' title="bbox 2001 3136 3582 3212; baseline 0.004 -23"><span class='ocrx_word' id='word_1_704' title='bbox 2001 3136 2211 3192; x_wconf 90' lang='lat' dir='ltr'><strong>duabus</strong></span> <span class='ocrx_word' id='word_1_705' title='bbox 2273 3137 2340 3190; x_wconf 90' lang='lat' dir='ltr'><strong>ad</strong></span> <span class='ocrx_word' id='word_1_706' title='bbox 2392 3138 2671 3208; x_wconf 89' lang='lat' dir='ltr'><strong>superiora</strong></span> <span class='ocrx_word' id='word_1_707' title='bbox 2730 3137 2928 3202; x_wconf 87' lang='lat' dir='ltr'><strong>evolat,</strong></span> <span class='ocrx_word' id='word_1_708' title='bbox 2972 3138 3179 3195; x_wconf 90' lang='lat' dir='ltr'><strong>duabus</strong></span> <span class='ocrx_word' id='word_1_709' title='bbox 3222 3155 3352 3195; x_wconf 87' lang='lat' dir='ltr'><strong>vero</strong></span> <span class='ocrx_word' id='word_1_710' title='bbox 3388 3144 3582 3212; x_wconf 86' lang='lat' dir='ltr'><strong>pennis</strong></span> 
     </span>
    </p>
   </div>
   <div class='ocr_carea' id='block_1_93' title="bbox 2001 3226 3575 3300">
    <p class='ocr_par' dir='ltr' id='par_1_93' title="bbox 2001 3226 3575 3300">
     <span class='ocr_line' id='line_1_93' title="bbox 2001 3226 3575 3300; baseline 0.004 -21"><span class='ocrx_word' id='word_1_711' title='bbox 2001 3241 2202 3295; x_wconf 89' lang='lat' dir='ltr'><strong>corpus</strong></span> <span class='ocrx_word' id='word_1_712' title='bbox 2227 3227 2483 3297; x_wconf 85' lang='lat' dir='ltr'><strong>contegit.</strong></span> <span class='ocrx_word' id='word_1_713' title='bbox 2516 3226 2651 3293; x_wconf 89' lang='lat' dir='ltr'><strong>Quia</strong></span> <span class='ocrx_word' id='word_1_714' title='bbox 2683 3227 2957 3296; x_wconf 83' lang='lat' dir='ltr'><strong>praeterita</strong></span> <span class='ocrx_word' id='word_1_715' title='bbox 2999 3243 3119 3297; x_wconf 56' lang='lat' dir='ltr'><strong>qua</strong></span> <span class='ocrx_word' id='word_1_716' title='bbox 3145 3240 3352 3300; x_wconf 86' lang='lat' dir='ltr'><strong>egerat,</strong></span> <span class='ocrx_word' id='word_1_717' title='bbox 3380 3247 3409 3285; x_wconf 89' lang='lat' dir='ltr'><strong>a</strong></span> <span class='ocrx_word' id='word_1_718' title='bbox 3425 3230 3575 3299; x_wconf 82' lang='lat' dir='ltr'><strong>judi-</strong></span> 
     </span>
    </p>
   </div>
   <div class='ocr_carea' id='block_1_94' title="bbox 2002 3316 3578 3388">
    <p class='ocr_par' dir='ltr' id='par_1_94' title="bbox 2002 3316 3578 3388">
     <span class='ocr_line' id='line_1_94' title="bbox 2002 3316 3578 3388; baseline 0.004 -17"><span class='ocrx_word' id='word_1_719' title='bbox 2002 3317 2088 3371; x_wconf 93' lang='lat' dir='ltr'><strong>cio</strong></span> <span class='ocrx_word' id='word_1_720' title='bbox 2118 3318 2419 3372; x_wconf 86' lang='lat' dir='ltr'><strong>abscondit.</strong></span> <span class='ocrx_word' id='word_1_721' title='bbox 2449 3337 2467 3368; x_wconf 72' lang='grc' dir='ltr'><strong>ι</strong></span> <span class='ocrx_word' id='word_1_722' title='bbox 2498 3316 2789 3372; x_wconf 80' lang='lat' dir='ltr'><strong>Videamus</strong></span> <span class='ocrx_word' id='word_1_723' title='bbox 2809 3317 2972 3388; x_wconf 83' lang='lat' dir='ltr'><strong>igitur</strong></span> <span class='ocrx_word' id='word_1_724' title='bbox 3000 3328 3235 3388; x_wconf 89' lang='lat' dir='ltr'><strong>quantus</strong></span> <span class='ocrx_word' id='word_1_725' title='bbox 3258 3321 3400 3376; x_wconf 88' lang='lat' dir='ltr'><strong>hunc</strong></span> <span class='ocrx_word' id='word_1_726' title='bbox 3425 3338 3578 3378; x_wconf 89' lang='lat' dir='ltr'><strong>amor</strong></span> 
     </span>
    </p>
   </div>
   <div class='ocr_carea' id='block_1_95' title="bbox 2002 3409 3582 3478">
    <p class='ocr_par' dir='ltr' id='par_1_95' title="bbox 2002 3409 3582 3478">
     <span class='ocr_line' id='line_1_95' title="bbox 2002 3409 3582 3478; baseline 0.002 -12"><span class='ocrx_word' id='word_1_727' title='bbox 2002 3413 2069 3467; x_wconf 88' lang='lat' dir='ltr'><strong>ad</strong></span> <span class='ocrx_word' id='word_1_728' title='bbox 2095 3411 2333 3467; x_wconf 78' lang='lat' dir='ltr'><strong>etelestia</strong></span> <span class='ocrx_word' id='word_1_729' title='bbox 2364 3412 2575 3466; x_wconf 87' lang='lat' dir='ltr'><strong>elevet:</strong></span> <span class='ocrx_word' id='word_1_730' title='bbox 2611 3431 2629 3462; x_wconf 71' lang='grc' dir='ltr'>ί</span> <span class='ocrx_word' id='word_1_731' title='bbox 2676 3409 2806 3465; x_wconf 88' lang='lat' dir='ltr'><strong>Mihi</strong></span> <span class='ocrx_word' id='word_1_732' title='bbox 2847 3411 3028 3466; x_wconf 89' lang='lat' dir='ltr'><strong>vivere</strong></span> <span class='ocrx_word' id='word_1_733' title='bbox 3062 3411 3333 3478; x_wconf 88' lang='lat' dir='ltr'><strong>Christus,</strong></span> <span class='ocrx_word' id='word_1_734' title='bbox 3356 3424 3411 3468; x_wconf 88' lang='lat' dir='ltr'><strong>et</strong></span> <span class='ocrx_word' id='word_1_735' title='bbox 3440 3418 3582 3469; x_wconf 82' lang='lat' dir='ltr'><strong>mori</strong></span> 
     </span>
    </p>
   </div>
   <div class='ocr_carea' id='block_1_96' title="bbox 2001 3499 3581 3573">
    <p class='ocr_par' dir='ltr' id='par_1_96' title="bbox 2001 3499 3581 3573">
     <span class='ocr_line' id='line_1_96' title="bbox 2001 3499 3581 3573; baseline 0.003 -16"><span class='ocrx_word' id='word_1_736' title='bbox 2001 3503 2212 3558; x_wconf 90' lang='lat' dir='ltr'><strong>lucrum</strong></span> <span class='ocrx_word' id='word_1_737' title='bbox 2271 3499 2491 3573; x_wconf 78' lang='lat' dir='ltr'><strong>(Philip.</strong></span> <span class='ocrx_word' id='word_1_738' title='bbox 2527 3500 2592 3572; x_wconf 82' lang='lat'><strong>1).</strong></span> <span class='ocrx_word' id='word_1_739' title='bbox 2637 3521 2656 3553; x_wconf 77' lang='grc' dir='ltr'><strong>ι</strong></span> <span class='ocrx_word' id='word_1_740' title='bbox 2707 3499 3109 3572; x_wconf 85' lang='lat' dir='ltr'><strong>Cognoscamus</strong></span> <span class='ocrx_word' id='word_1_741' title='bbox 3136 3511 3334 3571; x_wconf 89' lang='lat' dir='ltr'><strong>quanta</strong></span> <span class='ocrx_word' id='word_1_742' title='bbox 3381 3519 3474 3573; x_wconf 91' lang='lat' dir='ltr'><strong>spe</strong></span> <span class='ocrx_word' id='word_1_743' title='bbox 3511 3506 3581 3561; x_wconf 84' lang='lat' dir='ltr'><strong>ad</strong></span> 
     </span>
    </p>
   </div>
   <div class='ocr_carea' id='block_1_97' title="bbox 2003 3591 3577 3665">
    <p class='ocr_par' dir='ltr' id='par_1_97' title="bbox 2003 3591 3577 3665">
     <span class='ocr_line' id='line_1_97' title="bbox 2003 3591 3577 3665; baseline 0.001 -16"><span class='ocrx_word' id='word_1_744' title='bbox 2003 3595 2280 3665; x_wconf 89' lang='lat' dir='ltr'><strong>superiora</strong></span> <span class='ocrx_word' id='word_1_745' title='bbox 2308 3592 2528 3646; x_wconf 86' lang='lat' dir='ltr'><strong>tollitur.</strong></span> <span class='ocrx_word' id='word_1_746' title='bbox 2567 3611 2586 3643; x_wconf 73' lang='grc' dir='ltr'><strong>ι</strong></span> <span class='ocrx_word' id='word_1_747' title='bbox 2624 3591 2826 3647; x_wconf 82' lang='lat' dir='ltr'><strong>Nostra</strong></span> <span class='ocrx_word' id='word_1_748' title='bbox 2850 3593 3191 3647; x_wconf 87' lang='lat' dir='ltr'><strong>conversatio</strong></span> <span class='ocrx_word' id='word_1_749' title='bbox 3220 3593 3271 3646; x_wconf 91' lang='lat' dir='ltr'><strong>in</strong></span> <span class='ocrx_word' id='word_1_750' title='bbox 3295 3593 3446 3648; x_wconf 83' lang='lat' dir='ltr'><strong>caelis</strong></span> <span class='ocrx_word' id='word_1_751' title='bbox 3471 3607 3577 3650; x_wconf 90' lang='lat' dir='ltr'><strong>est.</strong></span> 
     </span>
    </p>
   </div>
   <div class='ocr_carea' id='block_1_98' title="bbox 2004 3682 3578 3752">
    <p class='ocr_par' dir='ltr' id='par_1_98' title="bbox 2004 3682 3578 3752">
     <span class='ocr_line' id='line_1_98' title="bbox 2004 3682 3578 3752; baseline -0.002 -11"><span class='ocrx_word' id='word_1_752' title='bbox 2004 3685 2158 3741; x_wconf 90' lang='lat' dir='ltr'><strong>Unde</strong></span> <span class='ocrx_word' id='word_1_753' title='bbox 2199 3684 2363 3741; x_wconf 86' lang='lat' dir='ltr'><strong>etiam</strong></span> <span class='ocrx_word' id='word_1_754' title='bbox 2393 3682 2727 3738; x_wconf 87' lang='lat' dir='ltr'><strong>Salvatorem</strong></span> <span class='ocrx_word' id='word_1_755' title='bbox 2755 3691 3136 3752; x_wconf 79' lang='lat' dir='ltr'><strong>exspectamus</strong></span> <span class='ocrx_word' id='word_1_756' title='bbox 3170 3683 3454 3738; x_wconf 90' lang='lat' dir='ltr'><strong>Dominum</strong></span> <span class='ocrx_word' id='word_1_757' title='bbox 3484 3685 3578 3739; x_wconf 77' lang='lat' dir='ltr'><strong>Je-</strong></span> 
     </span>
    </p>
   </div>
   <div class='ocr_carea' id='block_1_99' title="bbox 2004 3772 3584 3846">
    <p class='ocr_par' dir='ltr' id='par_1_99' title="bbox 2004 3772 3584 3846">
     <span class='ocr_line' id='line_1_99' title="bbox 2004 3772 3584 3846; baseline -0.001 -14"><span class='ocrx_word' id='word_1_758' title='bbox 2004 3793 2123 3832; x_wconf 87' lang='lat' dir='ltr'><strong>sum</strong></span> <span class='ocrx_word' id='word_1_759' title='bbox 2152 3776 2424 3832; x_wconf 87' lang='lat' dir='ltr'><strong>Christum</strong></span> <span class='ocrx_word' id='word_1_760' title='bbox 2473 3772 2691 3845; x_wconf 79' lang='lat' dir='ltr'><strong>(Philip.</strong></span> <span class='ocrx_word' id='word_1_761' title='bbox 2742 3774 2846 3846; x_wconf 90' lang='grc' dir='ltr'><strong>ιιι).</strong></span> <span class='ocrx_word' id='word_1_762' title='bbox 2899 3773 3191 3830; x_wconf 83' lang='lat' dir='ltr'><strong>Videamus</strong></span> <span class='ocrx_word' id='word_1_763' title='bbox 3221 3774 3268 3830; x_wconf 91' lang='lat' dir='ltr'><strong>si</strong></span> <span class='ocrx_word' id='word_1_764' title='bbox 3295 3783 3350 3830; x_wconf 89' lang='lat' dir='ltr'><strong>et</strong></span> <span class='ocrx_word' id='word_1_765' title='bbox 3378 3776 3431 3829; x_wconf 92' lang='lat' dir='ltr'><strong>in</strong></span> <span class='ocrx_word' id='word_1_766' title='bbox 3464 3787 3584 3831; x_wconf 90' lang='lat' dir='ltr'><strong>tan-</strong></span> 
     </span>
    </p>
   </div>
   <div class='ocr_carea' id='block_1_100' title="bbox 2007 3864 3580 3939">
    <p class='ocr_par' dir='ltr' id='par_1_100' title="bbox 2007 3864 3580 3939">
     <span class='ocr_line' id='line_1_100' title="bbox 2007 3864 3580 3939; baseline -0.001 -18"><span class='ocrx_word' id='word_1_767' title='bbox 2007 3867 2076 3921; x_wconf 90' lang='lat' dir='ltr'><strong>tis</strong></span> <span class='ocrx_word' id='word_1_768' title='bbox 2131 3865 2420 3921; x_wconf 89' lang='lat' dir='ltr'><strong>virtutibus</strong></span> <span class='ocrx_word' id='word_1_769' title='bbox 2495 3864 2704 3934; x_wconf 88' lang='lat' dir='ltr'><strong>positus</strong></span> <span class='ocrx_word' id='word_1_770' title='bbox 2766 3864 2941 3919; x_wconf 90' lang='lat' dir='ltr'><strong>adhuc</strong></span> <span class='ocrx_word' id='word_1_771' title='bbox 3002 3864 3156 3919; x_wconf 91' lang='lat' dir='ltr'><strong>timet</strong></span> <span class='ocrx_word' id='word_1_772' title='bbox 3205 3883 3220 3920; x_wconf 87' lang='lat'><strong>:</strong></span> <span class='ocrx_word' id='word_1_773' title='bbox 3282 3884 3300 3916; x_wconf 81' lang='grc' dir='ltr'><strong>ι</strong></span> <span class='ocrx_word' id='word_1_774' title='bbox 3362 3865 3580 3939; x_wconf 88' lang='lat' dir='ltr'><strong>Castigo</strong></span> 
     </span>
    </p>
   </div>
   <div class='ocr_carea' id='block_1_101' title="bbox 2003 3953 3574 4029">
    <p class='ocr_par' dir='ltr' id='par_1_101' title="bbox 2003 3953 3574 4029">
     <span class='ocr_line' id='line_1_101' title="bbox 2003 3953 3574 4029; baseline 0 -16"><span class='ocrx_word' id='word_1_775' title='bbox 2003 3972 2202 4029; x_wconf 90' lang='lat' dir='ltr'><strong>corpus</strong></span> <span class='ocrx_word' id='word_1_776' title='bbox 2235 3971 2415 4011; x_wconf 91' lang='lat' dir='ltr'><strong>meum</strong></span> <span class='ocrx_word' id='word_1_777' title='bbox 2461 3962 2516 4010; x_wconf 91' lang='lat' dir='ltr'><strong>et</strong></span> <span class='ocrx_word' id='word_1_778' title='bbox 2565 3954 2813 4010; x_wconf 90' lang='lat' dir='ltr'><strong>servituti</strong></span> <span class='ocrx_word' id='word_1_779' title='bbox 2850 3953 3099 4026; x_wconf 88' lang='lat' dir='ltr'><strong>subjicio,</strong></span> <span class='ocrx_word' id='word_1_780' title='bbox 3132 3972 3199 4011; x_wconf 91' lang='lat' dir='ltr'><strong>ne</strong></span> <span class='ocrx_word' id='word_1_781' title='bbox 3234 3956 3392 4023; x_wconf 86' lang='lat' dir='ltr'><strong>forte,</strong></span> <span class='ocrx_word' id='word_1_782' title='bbox 3449 3973 3574 4013; x_wconf 90' lang='lat' dir='ltr'><strong>cum</strong></span> 
     </span>
    </p>
   </div>
   <div class='ocr_carea' id='block_1_102' title="bbox 1962 4045 3577 4125">
    <p class='ocr_par' dir='ltr' id='par_1_102' title="bbox 1962 4045 3577 4125">
     <span class='ocr_line' id='line_1_102' title="bbox 1962 4045 3577 4125; baseline 0.002 -24"><span class='ocrx_word' id='word_1_783' title='bbox 1962 4122 1963 4125; x_wconf 13' lang='grc' dir='ltr'><strong>η</strong></span> <span class='ocrx_word' id='word_1_784' title='bbox 2005 4046 2124 4101; x_wconf 89' lang='lat' dir='ltr'><strong>aliis</strong></span> <span class='ocrx_word' id='word_1_785' title='bbox 2171 4045 2604 4116; x_wconf 68' lang='lat' dir='ltr'><strong>praedicaverim,</strong></span> <span class='ocrx_word' id='word_1_786' title='bbox 2639 4047 2753 4116; x_wconf 91' lang='lat' dir='ltr'><strong>ipse</strong></span> <span class='ocrx_word' id='word_1_787' title='bbox 2802 4049 3064 4118; x_wconf 89' lang='lat' dir='ltr'><strong>reprobus</strong></span> <span class='ocrx_word' id='word_1_788' title='bbox 3106 4047 3311 4104; x_wconf 83' lang='lat' dir='ltr'><strong>elliciar</strong></span> <span class='ocrx_word' id='word_1_789' title='bbox 3360 4049 3411 4121; x_wconf 93' lang='lat' dir='ltr'><strong>(I</strong></span> <span class='ocrx_word' id='word_1_790' title='bbox 3451 4048 3577 4105; x_wconf 88' lang='lat' dir='ltr'><strong>Cor.</strong></span> 
     </span>
    </p>
   </div>
   <div class='ocr_carea' id='block_1_103' title="bbox 2006 4136 3577 4210">
    <p class='ocr_par' dir='ltr' id='par_1_103' title="bbox 2006 4136 3577 4210">
     <span class='ocr_line' id='line_1_103' title="bbox 2006 4136 3577 4210; baseline 0.003 -19"><span class='ocrx_word' id='word_1_791' title='bbox 2006 4136 2104 4209; x_wconf 70' lang='grc' dir='ltr'><strong>ιι).</strong></span> <span class='ocrx_word' id='word_1_792' title='bbox 2143 4157 2161 4189; x_wconf 71' lang='grc' dir='ltr'><strong>ι</strong></span> <span class='ocrx_word' id='word_1_793' title='bbox 2206 4137 2611 4207; x_wconf 85' lang='lat' dir='ltr'><strong>Cognoscamus</strong></span> <span class='ocrx_word' id='word_1_794' title='bbox 2644 4139 2689 4192; x_wconf 91' lang='lat' dir='ltr'><strong>si</strong></span> <span class='ocrx_word' id='word_1_795' title='bbox 2735 4140 2878 4193; x_wconf 92' lang='lat' dir='ltr'><strong>hunc</strong></span> <span class='ocrx_word' id='word_1_796' title='bbox 2907 4138 3046 4193; x_wconf 90' lang='lat' dir='ltr'><strong>mala</strong></span> <span class='ocrx_word' id='word_1_797' title='bbox 3102 4138 3296 4195; x_wconf 86' lang='lat' dir='ltr'><strong>fecisse</strong></span> <span class='ocrx_word' id='word_1_798' title='bbox 3330 4141 3577 4210; x_wconf 88' lang='lat' dir='ltr'><strong>poenitet.</strong></span> 
     </span>
    </p>
   </div>
   <div class='ocr_carea' id='block_1_104' title="bbox 2013 4226 3582 4297">
    <p class='ocr_par' dir='ltr' id='par_1_104' title="bbox 2013 4226 3582 4297">
     <span class='ocr_line' id='line_1_104' title="bbox 2013 4226 3582 4297; baseline 0.004 -20"><span class='ocrx_word' id='word_1_799' title='bbox 2013 4245 2031 4277; x_wconf 73' lang='grc' dir='ltr'><strong>ι</strong></span> <span class='ocrx_word' id='word_1_800' title='bbox 2066 4226 2178 4297; x_wconf 87' lang='lat' dir='ltr'><strong>Ego</strong></span> <span class='ocrx_word' id='word_1_801' title='bbox 2209 4241 2325 4280; x_wconf 91' lang='lat' dir='ltr'><strong>sum</strong></span> <span class='ocrx_word' id='word_1_802' title='bbox 2353 4227 2610 4281; x_wconf 90' lang='lat' dir='ltr'><strong>minimus</strong></span> <span class='ocrx_word' id='word_1_803' title='bbox 2654 4227 3038 4295; x_wconf 89' lang='lat' dir='ltr'><strong>apostolorum,</strong></span> <span class='ocrx_word' id='word_1_804' title='bbox 3066 4227 3158 4295; x_wconf 90' lang='lat' dir='ltr'><strong>qui</strong></span> <span class='ocrx_word' id='word_1_805' title='bbox 3203 4243 3305 4280; x_wconf 91' lang='lat' dir='ltr'><strong>non</strong></span> <span class='ocrx_word' id='word_1_806' title='bbox 3350 4244 3469 4283; x_wconf 88' lang='lat' dir='ltr'><strong>sum</strong></span> <span class='ocrx_word' id='word_1_807' title='bbox 3501 4229 3582 4285; x_wconf 86' lang='lat' dir='ltr'><strong>di-</strong></span> 
     </span>
    </p>
   </div>
   <div class='ocr_carea' id='block_1_105' title="bbox 2010 4316 3586 4385">
    <p class='ocr_par' dir='ltr' id='par_1_105' title="bbox 2010 4316 3586 4385">
     <span class='ocr_line' id='line_1_105' title="bbox 2010 4316 3586 4385; baseline 0 -16"><span class='ocrx_word' id='word_1_808' title='bbox 2010 4331 2145 4385; x_wconf 84' lang='lat' dir='ltr'><strong>gnus</strong></span> <span class='ocrx_word' id='word_1_809' title='bbox 2175 4316 2353 4370; x_wconf 89' lang='lat' dir='ltr'><strong>vocari</strong></span> <span class='ocrx_word' id='word_1_810' title='bbox 2403 4316 2695 4385; x_wconf 88' lang='lat' dir='ltr'><strong>apostolus,</strong></span> <span class='ocrx_word' id='word_1_811' title='bbox 2738 4316 2861 4385; x_wconf 88' lang='lat' dir='ltr'><strong>quia</strong></span> <span class='ocrx_word' id='word_1_812' title='bbox 2893 4322 3204 4384; x_wconf 86' lang='lat' dir='ltr'><strong>persecutus</strong></span> <span class='ocrx_word' id='word_1_813' title='bbox 3250 4330 3365 4368; x_wconf 90' lang='lat' dir='ltr'><strong>sum</strong></span> <span class='ocrx_word' id='word_1_814' title='bbox 3396 4316 3586 4369; x_wconf 60' lang='lat' dir='ltr'><strong>Elele-</strong></span> 
     </span>
    </p>
   </div>
   <div class='ocr_carea' id='block_1_106' title="bbox 1932 4387 3582 4477">
    <p class='ocr_par' dir='ltr' id='par_1_106' title="bbox 1932 4387 3582 4477">
     <span class='ocr_line' id='line_1_106' title="bbox 1932 4387 3582 4477; baseline 0.001 -19"><span class='ocrx_word' id='word_1_815' title='bbox 1932 4387 2143 4459; x_wconf 83' lang='lat' dir='ltr'><strong>Dsiam</strong></span> <span class='ocrx_word' id='word_1_816' title='bbox 2176 4404 2271 4459; x_wconf 89' lang='lat' dir='ltr'><strong>Dei</strong></span> <span class='ocrx_word' id='word_1_817' title='bbox 2301 4404 2352 4477; x_wconf 86' lang='grc' dir='ltr'><strong>(ι</strong></span> <span class='ocrx_word' id='word_1_818' title='bbox 2375 4404 2498 4460; x_wconf 85' lang='lat' dir='ltr'><strong>Cor.</strong></span> <span class='ocrx_word' id='word_1_819' title='bbox 2533 4405 2643 4475; x_wconf 82' lang='lat' dir='ltr'><strong>xv).</strong></span> <span class='ocrx_word' id='word_1_820' title='bbox 2684 4425 2703 4457; x_wconf 75' lang='grc' dir='ltr'><strong>ι</strong></span> <span class='ocrx_word' id='word_1_821' title='bbox 2738 4405 2793 4457; x_wconf 88' lang='lat' dir='ltr'><strong>In</strong></span> <span class='ocrx_word' id='word_1_822' title='bbox 2825 4403 2978 4470; x_wconf 83' lang='lat' dir='ltr'><strong>cujus</strong></span> <span class='ocrx_word' id='word_1_823' title='bbox 3027 4403 3208 4457; x_wconf 87' lang='lat' dir='ltr'><strong>verbis</strong></span> <span class='ocrx_word' id='word_1_824' title='bbox 3254 4403 3384 4471; x_wconf 89' lang='lat' dir='ltr'><strong>quid</strong></span> <span class='ocrx_word' id='word_1_825' title='bbox 3435 4405 3582 4460; x_wconf 88' lang='lat' dir='ltr'><strong>aliud</strong></span> 
     </span>
    </p>
   </div>
   <div class='ocr_carea' id='block_1_107' title="bbox 2010 4492 3587 4563">
    <p class='ocr_par' dir='ltr' id='par_1_107' title="bbox 2010 4492 3587 4563">
     <span class='ocr_line' id='line_1_107' title="bbox 2010 4492 3587 4563; baseline 0.003 -18"><span class='ocrx_word' id='word_1_826' title='bbox 2010 4508 2169 4562; x_wconf 89' lang='lat' dir='ltr'><strong>quam</strong></span> <span class='ocrx_word' id='word_1_827' title='bbox 2207 4493 2406 4548; x_wconf 88' lang='lat' dir='ltr'><strong>duritia</strong></span> <span class='ocrx_word' id='word_1_828' title='bbox 2458 4503 2655 4547; x_wconf 71' lang='lat' dir='ltr'><strong>nostra:</strong></span> <span class='ocrx_word' id='word_1_829' title='bbox 2702 4493 2898 4546; x_wconf 89' lang='lat' dir='ltr'><strong>mentis</strong></span> <span class='ocrx_word' id='word_1_830' title='bbox 2955 4492 3286 4546; x_wconf 89' lang='lat' dir='ltr'><strong>accusatur?</strong></span> <span class='ocrx_word' id='word_1_831' title='bbox 3313 4493 3437 4561; x_wconf 86' lang='lat' dir='ltr'><strong>quia</strong></span> <span class='ocrx_word' id='word_1_832' title='bbox 3470 4494 3587 4563; x_wconf 87' lang='lat' dir='ltr'><strong>ipse</strong></span> 
     </span>
    </p>
   </div>
   <div class='ocr_carea' id='block_1_108' title="bbox 2007 4581 3586 4653">
    <p class='ocr_par' dir='ltr' id='par_1_108' title="bbox 2007 4581 3586 4653">
     <span class='ocr_line' id='line_1_108' title="bbox 2007 4581 3586 4653; baseline 0.003 -18"><span class='ocrx_word' id='word_1_833' title='bbox 2007 4582 2212 4653; x_wconf 87' lang='lat' dir='ltr'><strong>plangit</strong></span> <span class='ocrx_word' id='word_1_834' title='bbox 2248 4582 2392 4653; x_wconf 91' lang='lat' dir='ltr'><strong>quod</strong></span> <span class='ocrx_word' id='word_1_835' title='bbox 2424 4591 2547 4635; x_wconf 91' lang='lat' dir='ltr'><strong>ante</strong></span> <span class='ocrx_word' id='word_1_836' title='bbox 2578 4582 2842 4649; x_wconf 89' lang='lat' dir='ltr'><strong>baptisma</strong></span> <span class='ocrx_word' id='word_1_837' title='bbox 2891 4581 3276 4647; x_wconf 86' lang='lat' dir='ltr'><strong>commiserat;</strong></span> <span class='ocrx_word' id='word_1_838' title='bbox 3326 4598 3424 4641; x_wconf 86' lang='lat' dir='ltr'><strong>uos</strong></span> <span class='ocrx_word' id='word_1_839' title='bbox 3455 4598 3586 4640; x_wconf 86' lang='lat' dir='ltr'><strong>vero</strong></span> 
     </span>
    </p>
   </div>
   <div class='ocr_carea' id='block_1_109' title="bbox 2007 4673 3588 4745">
    <p class='ocr_par' dir='ltr' id='par_1_109' title="bbox 2007 4673 3588 4745">
     <span class='ocr_line' id='line_1_109' title="bbox 2007 4673 3588 4745; baseline 0.003 -14"><span class='ocrx_word' id='word_1_840' title='bbox 2007 4685 2063 4731; x_wconf 88' lang='lat' dir='ltr'><strong>et</strong></span> <span class='ocrx_word' id='word_1_841' title='bbox 2089 4682 2212 4745; x_wconf 90' lang='lat' dir='ltr'><strong>post</strong></span> <span class='ocrx_word' id='word_1_842' title='bbox 2236 4674 2496 4744; x_wconf 89' lang='lat' dir='ltr'><strong>baptisma</strong></span> <span class='ocrx_word' id='word_1_843' title='bbox 2546 4673 2713 4727; x_wconf 87' lang='lat' dir='ltr'><strong>multa</strong></span> <span class='ocrx_word' id='word_1_844' title='bbox 2755 4675 3143 4740; x_wconf 90' lang='lat' dir='ltr'><strong>commisimus,</strong></span> <span class='ocrx_word' id='word_1_845' title='bbox 3169 4683 3224 4731; x_wconf 93' lang='lat' dir='ltr'><strong>et</strong></span> <span class='ocrx_word' id='word_1_846' title='bbox 3253 4684 3429 4732; x_wconf 90' lang='lat' dir='ltr'><strong>tamen</strong></span> <span class='ocrx_word' id='word_1_847' title='bbox 3458 4676 3588 4735; x_wconf 86' lang='lat' dir='ltr'><strong>ﬂere</strong></span> 
     </span>
    </p>
   </div>
   <div class='ocr_carea' id='block_1_110' title="bbox 2008 4763 3585 4835">
    <p class='ocr_par' dir='ltr' id='par_1_110' title="bbox 2008 4763 3585 4835">
     <span class='ocr_line' id='line_1_110' title="bbox 2008 4763 3585 4835; baseline -0.001 -13"><span class='ocrx_word' id='word_1_848' title='bbox 2008 4782 2343 4823; x_wconf 90' lang='lat' dir='ltr'><strong>recusamus.</strong></span> <span class='ocrx_word' id='word_1_849' title='bbox 2376 4763 2616 4831; x_wconf 84' lang='lat' dir='ltr'><strong>Quatuor</strong></span> <span class='ocrx_word' id='word_1_850' title='bbox 2642 4763 2821 4834; x_wconf 87' lang='lat' dir='ltr'><strong>itaque</strong></span> <span class='ocrx_word' id='word_1_851' title='bbox 2870 4766 3063 4835; x_wconf 90' lang='lat' dir='ltr'><strong>pennis</strong></span> <span class='ocrx_word' id='word_1_852' title='bbox 3092 4774 3277 4820; x_wconf 89' lang='lat' dir='ltr'><strong>saneta</strong></span> <span class='ocrx_word' id='word_1_853' title='bbox 3332 4767 3585 4822; x_wconf 88' lang='lat' dir='ltr'><strong>animalia</strong></span> 
     </span>
    </p>
   </div>
   <div class='ocr_carea' id='block_1_111' title="bbox 2009 4859 3589 4931">
    <p class='ocr_par' dir='ltr' id='par_1_111' title="bbox 2009 4859 3589 4931">
     <span class='ocr_line' id='line_1_111' title="bbox 2009 4859 3589 4931; baseline 0 -15"><span class='ocrx_word' id='word_1_854' title='bbox 2009 4870 2253 4927; x_wconf 91' lang='lat' dir='ltr'><strong>utuntur,</strong></span> <span class='ocrx_word' id='word_1_855' title='bbox 2284 4862 2407 4931; x_wconf 88' lang='lat' dir='ltr'><strong>quia</strong></span> <span class='ocrx_word' id='word_1_856' title='bbox 2444 4877 2539 4931; x_wconf 87' lang='lat' dir='ltr'><strong>per</strong></span> <span class='ocrx_word' id='word_1_857' title='bbox 2564 4875 2802 4914; x_wconf 90' lang='lat' dir='ltr'><strong>amorem</strong></span> <span class='ocrx_word' id='word_1_858' title='bbox 2844 4867 2897 4914; x_wconf 90' lang='lat' dir='ltr'><strong>et</strong></span> <span class='ocrx_word' id='word_1_859' title='bbox 2922 4874 3070 4929; x_wconf 90' lang='lat' dir='ltr'><strong>spem</strong></span> <span class='ocrx_word' id='word_1_860' title='bbox 3099 4860 3167 4913; x_wconf 85' lang='lat' dir='ltr'><strong>ad</strong></span> <span class='ocrx_word' id='word_1_861' title='bbox 3192 4859 3436 4914; x_wconf 71' lang='lat' dir='ltr'><strong>cmlestia</strong></span> <span class='ocrx_word' id='word_1_862' title='bbox 3460 4875 3589 4916; x_wconf 53' lang='lat' dir='ltr'><strong>evo-</strong></span> 
     </span>
    </p>
   </div>
   <div class='ocr_carea' id='block_1_112' title="bbox 2010 4950 3581 5024">
    <p class='ocr_par' dir='ltr' id='par_1_112' title="bbox 2010 4950 3581 5024">
     <span class='ocr_line' id='line_1_112' title="bbox 2010 4950 3581 5024; baseline -0.001 -16"><span class='ocrx_word' id='word_1_863' title='bbox 2010 4954 2141 5015; x_wconf 84' lang='lat' dir='ltr'><strong>lant,</strong></span> <span class='ocrx_word' id='word_1_864' title='bbox 2174 4962 2229 5009; x_wconf 89' lang='lat' dir='ltr'><strong>et</strong></span> <span class='ocrx_word' id='word_1_865' title='bbox 2256 4970 2354 5024; x_wconf 90' lang='lat' dir='ltr'><strong>per</strong></span> <span class='ocrx_word' id='word_1_866' title='bbox 2380 4954 2624 5008; x_wconf 89' lang='lat' dir='ltr'><strong>timorem</strong></span> <span class='ocrx_word' id='word_1_867' title='bbox 2652 4961 2707 5007; x_wconf 88' lang='lat' dir='ltr'><strong>et</strong></span> <span class='ocrx_word' id='word_1_868' title='bbox 2738 4952 3111 5021; x_wconf 77' lang='lat' dir='ltr'><strong>pmnitentiam</strong></span> <span class='ocrx_word' id='word_1_869' title='bbox 3143 4950 3284 5007; x_wconf 88' lang='lat' dir='ltr'><strong>facta</strong></span> <span class='ocrx_word' id='word_1_870' title='bbox 3312 4953 3366 5006; x_wconf 88' lang='lat' dir='ltr'><strong>in</strong></span> <span class='ocrx_word' id='word_1_871' title='bbox 3393 4967 3450 5007; x_wconf 92' lang='lat' dir='ltr'><strong>se</strong></span> <span class='ocrx_word' id='word_1_872' title='bbox 3475 4953 3581 5007; x_wconf 92' lang='lat' dir='ltr'><strong>illi-</strong></span> 
     </span>
    </p>
   </div>
   <div class='ocr_carea' id='block_1_113' title="bbox 2012 5043 3583 5116">
    <p class='ocr_par' dir='ltr' id='par_1_113' title="bbox 2012 5043 3583 5116">
     <span class='ocr_line' id='line_1_113' title="bbox 2012 5043 3583 5116; baseline -0.002 -15"><span class='ocrx_word' id='word_1_873' title='bbox 2012 5046 2120 5101; x_wconf 85' lang='lat' dir='ltr'><strong>cita</strong></span> <span class='ocrx_word' id='word_1_874' title='bbox 2165 5045 2463 5116; x_wconf 90' lang='lat' dir='ltr'><strong>deplorant.</strong></span> <span class='ocrx_word' id='word_1_875' title='bbox 2521 5044 2634 5112; x_wconf 88' lang='lat' dir='ltr'><strong>Qua</strong></span> <span class='ocrx_word' id='word_1_876' title='bbox 2686 5044 2739 5097; x_wconf 92' lang='lat' dir='ltr'><strong>in</strong></span> <span class='ocrx_word' id='word_1_877' title='bbox 2785 5058 2844 5098; x_wconf 91' lang='lat' dir='ltr'><strong>re</strong></span> <span class='ocrx_word' id='word_1_878' title='bbox 2873 5043 3099 5113; x_wconf 74' lang='lat' dir='ltr'><strong>qumstio</strong></span> <span class='ocrx_word' id='word_1_879' title='bbox 3143 5044 3350 5110; x_wconf 90' lang='lat' dir='ltr'><strong>oritur;</strong></span> <span class='ocrx_word' id='word_1_880' title='bbox 3383 5044 3507 5113; x_wconf 87' lang='lat' dir='ltr'><strong>quia</strong></span> <span class='ocrx_word' id='word_1_881' title='bbox 3535 5044 3583 5098; x_wconf 90' lang='lat' dir='ltr'><strong>si</strong></span> 
     </span>
    </p>
   </div>
   <div class='ocr_carea' id='block_1_114' title="bbox 2015 5133 3582 5206">
    <p class='ocr_par' dir='ltr' id='par_1_114' title="bbox 2015 5133 3582 5206">
     <span class='ocr_line' id='line_1_114' title="bbox 2015 5133 3582 5206; baseline -0.002 -15"><span class='ocrx_word' id='word_1_882' title='bbox 2015 5136 2132 5191; x_wconf 76' lang='lat' dir='ltr'><strong>duze</strong></span> <span class='ocrx_word' id='word_1_883' title='bbox 2156 5149 2364 5206; x_wconf 63' lang='lat' dir='ltr'><strong>pennae,</strong></span> <span class='ocrx_word' id='word_1_884' title='bbox 2393 5150 2513 5204; x_wconf 73' lang='lat' dir='ltr'><strong>qua:</strong></span> <span class='ocrx_word' id='word_1_885' title='bbox 2556 5134 2849 5196; x_wconf 89' lang='lat' dir='ltr'><strong>elevantur,</strong></span> <span class='ocrx_word' id='word_1_886' title='bbox 2882 5148 3122 5188; x_wconf 89' lang='lat' dir='ltr'><strong>amorem</strong></span> <span class='ocrx_word' id='word_1_887' title='bbox 3144 5142 3200 5187; x_wconf 91' lang='lat' dir='ltr'><strong>et</strong></span> <span class='ocrx_word' id='word_1_888' title='bbox 3236 5147 3412 5202; x_wconf 88' lang='lat' dir='ltr'><strong>spem,</strong></span> <span class='ocrx_word' id='word_1_889' title='bbox 3462 5133 3582 5188; x_wconf 67' lang='lat' dir='ltr'><strong>duae</strong></span> 
     </span>
    </p>
   </div>
   <div class='ocr_carea' id='block_1_115' title="bbox 2013 5221 3579 5294">
    <p class='ocr_par' dir='ltr' id='par_1_115' title="bbox 2013 5221 3579 5294">
     <span class='ocr_line' id='line_1_115' title="bbox 2013 5221 3579 5294; baseline -0.004 -14"><span class='ocrx_word' id='word_1_890' title='bbox 2013 5240 2140 5280; x_wconf 90' lang='lat' dir='ltr'><strong>vero</strong></span> <span class='ocrx_word' id='word_1_891' title='bbox 2166 5240 2287 5294; x_wconf 64' lang='lat' dir='ltr'><strong>qua:</strong></span> <span class='ocrx_word' id='word_1_892' title='bbox 2334 5239 2561 5293; x_wconf 89' lang='lat' dir='ltr'><strong>corpora</strong></span> <span class='ocrx_word' id='word_1_893' title='bbox 2589 5231 2899 5292; x_wconf 84' lang='lat' dir='ltr'><strong>contegunt,</strong></span> <span class='ocrx_word' id='word_1_894' title='bbox 2934 5223 3185 5277; x_wconf 88' lang='lat' dir='ltr'><strong>timorem</strong></span> <span class='ocrx_word' id='word_1_895' title='bbox 3214 5230 3269 5277; x_wconf 90' lang='lat' dir='ltr'><strong>et</strong></span> <span class='ocrx_word' id='word_1_896' title='bbox 3314 5221 3579 5291; x_wconf 69' lang='lat' dir='ltr'><strong>pteniten-</strong></span> 
     </span>
    </p>
   </div>
   <div class='ocr_carea' id='block_1_116' title="bbox 2016 5310 3587 5384">
    <p class='ocr_par' dir='ltr' id='par_1_116' title="bbox 2016 5310 3587 5384">
     <span class='ocr_line' id='line_1_116' title="bbox 2016 5310 3587 5384; baseline -0.004 -15"><span class='ocrx_word' id='word_1_897' title='bbox 2016 5317 2144 5370; x_wconf 91' lang='lat' dir='ltr'><strong>tiam</strong></span> <span class='ocrx_word' id='word_1_898' title='bbox 2173 5313 2472 5384; x_wconf 88' lang='lat' dir='ltr'><strong>designant,</strong></span> <span class='ocrx_word' id='word_1_899' title='bbox 2517 5327 2615 5367; x_wconf 91' lang='lat' dir='ltr'><strong>cur</strong></span> <span class='ocrx_word' id='word_1_900' title='bbox 2644 5313 2762 5366; x_wconf 79' lang='lat' dir='ltr'><strong>dum</strong></span> <span class='ocrx_word' id='word_1_901' title='bbox 2819 5327 2936 5381; x_wconf 77' lang='lat' dir='ltr'><strong>qua:</strong></span> <span class='ocrx_word' id='word_1_902' title='bbox 2968 5318 3199 5366; x_wconf 72' lang='lat' dir='ltr'><strong>extenta:</strong></span> <span class='ocrx_word' id='word_1_903' title='bbox 3225 5317 3368 5374; x_wconf 88' lang='lat' dir='ltr'><strong>sunt,</strong></span> <span class='ocrx_word' id='word_1_904' title='bbox 3398 5310 3587 5363; x_wconf 82' lang='lat' dir='ltr'><strong>dicun—</strong></span> 
     </span>
    </p>
   </div>
   <div class='ocr_carea' id='block_1_117' title="bbox 2015 5403 3589 5473">
    <p class='ocr_par' dir='ltr' id='par_1_117' title="bbox 2015 5403 3589 5473">
     <span class='ocr_line' id='line_1_117' title="bbox 2015 5403 3589 5473; baseline -0.005 -10"><span class='ocrx_word' id='word_1_905' title='bbox 2015 5419 2102 5463; x_wconf 90' lang='lat' dir='ltr'><strong>tur</strong></span> <span class='ocrx_word' id='word_1_906' title='bbox 2130 5422 2248 5463; x_wconf 89' lang='lat' dir='ltr'><strong>esse</strong></span> <span class='ocrx_word' id='word_1_907' title='bbox 2298 5403 2618 5473; x_wconf 77' lang='lat' dir='ltr'><strong>conjunctae,</strong></span> <span class='ocrx_word' id='word_1_908' title='bbox 2665 5413 2719 5458; x_wconf 91' lang='lat' dir='ltr'><strong>et</strong></span> <span class='ocrx_word' id='word_1_909' title='bbox 2742 5404 2859 5458; x_wconf 68' lang='lat' dir='ltr'><strong>dure</strong></span> <span class='ocrx_word' id='word_1_910' title='bbox 2907 5419 3026 5472; x_wconf 78' lang='lat' dir='ltr'><strong>qum</strong></span> <span class='ocrx_word' id='word_1_911' title='bbox 3073 5416 3269 5471; x_wconf 88' lang='lat' dir='ltr'><strong>corpus</strong></span> <span class='ocrx_word' id='word_1_912' title='bbox 3295 5410 3589 5471; x_wconf 84' lang='lat' dir='ltr'><strong>contegunt</strong></span> 
     </span>
    </p>
   </div>
   <div class='ocr_carea' id='block_1_118' title="bbox 2016 5493 3586 5563">
    <p class='ocr_par' dir='ltr' id='par_1_118' title="bbox 2016 5493 3586 5563">
     <span class='ocr_line' id='line_1_118' title="bbox 2016 5493 3586 5563; baseline -0.005 -8"><span class='ocrx_word' id='word_1_913' title='bbox 2016 5517 2125 5555; x_wconf 90' lang='lat' dir='ltr'><strong>non</strong></span> <span class='ocrx_word' id='word_1_914' title='bbox 2167 5498 2465 5554; x_wconf 89' lang='lat' dir='ltr'><strong>dicuntur?</strong></span> <span class='ocrx_word' id='word_1_915' title='bbox 2496 5496 2603 5552; x_wconf 89' lang='lat' dir='ltr'><strong>Sed</strong></span> <span class='ocrx_word' id='word_1_916' title='bbox 2634 5498 2737 5551; x_wconf 89' lang='lat' dir='ltr'><strong>hac</strong></span> <span class='ocrx_word' id='word_1_917' title='bbox 2763 5498 2814 5550; x_wconf 90' lang='lat' dir='ltr'><strong>in</strong></span> <span class='ocrx_word' id='word_1_918' title='bbox 2849 5510 2905 5550; x_wconf 91' lang='lat' dir='ltr'><strong>re</strong></span> <span class='ocrx_word' id='word_1_919' title='bbox 2939 5495 3133 5558; x_wconf 85' lang='lat' dir='ltr'><strong>facilis,</strong></span> <span class='ocrx_word' id='word_1_920' title='bbox 3162 5493 3425 5563; x_wconf 89' lang='lat' dir='ltr'><strong>largiente</strong></span> <span class='ocrx_word' id='word_1_921' title='bbox 3456 5494 3586 5560; x_wconf 85' lang='lat' dir='ltr'><strong>Deo,</strong></span> 
     </span>
    </p>
   </div>
   <div class='ocr_carea' id='block_1_119' title="bbox 2017 5586 3590 5660">
    <p class='ocr_par' dir='ltr' id='par_1_119' title="bbox 2017 5586 3590 5660">
     <span class='ocr_line' id='line_1_119' title="bbox 2017 5586 3590 5660; baseline -0.003 -11"><span class='ocrx_word' id='word_1_922' title='bbox 2017 5594 2154 5649; x_wconf 88' lang='lat' dir='ltr'><strong>ratio</strong></span> <span class='ocrx_word' id='word_1_923' title='bbox 2200 5591 2468 5659; x_wconf 85' lang='lat' dir='ltr'><strong>occurrit,</strong></span> <span class='ocrx_word' id='word_1_924' title='bbox 2514 5592 2656 5660; x_wconf 87' lang='lat' dir='ltr'><strong>quod</strong></span> <span class='ocrx_word' id='word_1_925' title='bbox 2706 5596 3012 5645; x_wconf 86' lang='lat' dir='ltr'><strong>sanctorum</strong></span> <span class='ocrx_word' id='word_1_926' title='bbox 3050 5603 3238 5658; x_wconf 67' lang='lat' dir='ltr'><strong>pennae</strong></span> <span class='ocrx_word' id='word_1_927' title='bbox 3289 5586 3590 5658; x_wconf 62' lang='lat' dir='ltr'><strong>wnjuuclte</strong></span> 
     </span>
    </p>
   </div>
  </div>
