3950 6184
338 367 442 421 5ίῦ

1008 352 1067 405 Β.
1110 346 1363 404 RABANI
1408 342 1624 400 MAURI
1662 336 1983 395 ARCiIlEP.
2028 331 2338 391 MOGUNT.
2381 325 2667 385 OPERUM
2705 322 2886 378 PARS
2926 320 2988 375 ll.

3510 315 3610 370 5‘20

341 487 490 543 sunt,
519 488 671 531 amor
695 482 751 527 et
776 484 919 540 spes.
963 467 1090 519 Duae
1136 479 1264 517 vero
1301 476 1512 530 penum,
1542 470 1663 526 quae
1695 468 1923 524 corpora
1956 456 2003 515 Α
2031 446 2400 517 conspicimus
2421 443 2563 498 sicut
2609 455 2726 494 nos.
2756 437 2813 492 Si
2845 435 2986 489 enim
3019 449 3116 488 nos
3144 433 3284 488 sicut
3310 432 3616 502 proximum

2134 539 2142 543 .
2572 540 2582 543 -
2768 542 2781 543 ,,
2814 542 2819 543 ,
2859 525 2870 543 l
2902 524 3027 543 4,._!I
3054 522 3137 543 2‘2-
3206 521 3442 543 .I!-.-.2-n_
3474 523 3593 543 -3]-

343 573 655 638 contegunt,
722 555 1071 624 sibimetipsis
1127 552 1192 605 ad
1255 549 1577 603 alterutrum
1625 544 1928 614 conjuncta:

346 675 453 715 non
482 632 624 716 sunt,
654 653 812 704 timor
836 655 890 702 et
918 642 1254 716 poenitentia.
1289 639 1454 693 David
1482 638 1623 691 enim
1656 650 1754 704 pro
1776 632 1929 702 lapsu

348 747 531 804 carnis
568 740 802 796 timendo
852 745 905 790 et
952 732 1263 805 paenitendo
1306 728 1581 797 affligitur.
1612 725 1807 779 Petrus
1836 738 1932 777 ca-

350 851 468 892 sum
501 830 735 903 perfldite
758 826 904 880 ﬂevit
933 838 1137 878 amare.
1165 820 1362 875 Paulus
1390 819 1440 870 in
1470 832 1528 871 se
1556 814 1933 871 crudelitatem

350 924 637 997 praeterita:
665 915 1058 989 persecutionis
1080 913 1300 983 plangit.
1328 910 1529 966 Omnes
1569 917 1748 963 tamen
1770 919 1934 959 unam

353 1017 579 1088 patriam
609 1018 905 1083 appetunt;
941 1008 1005 1060 ad
1041 1020 1203 1060 unum
1234 1014 1508 1058 auctorem
1551 999 1791 1054 omnium
1816 1010 1939 1067 per-

354 1107 539 1161 venire
567 1103 840 1158 festinant.
886 1100 1013 1154 Dure
1041 1112 1170 1169 ergo
1213 1093 1546 1165 singulorum
1593 1104 1782 1160 penna:
1804 1103 1939 1143 con-

349 1198 549 1266 juncta:
575 1203 716 1257 sunt,
750 1202 805 1247 et
829 1191 947 1245 dum
994 1205 1100 1243 non
1140 1195 1266 1241 sunt
1291 1202 1303 1237 :
1334 1184 1458 1253 quia
1488 1197 1587 1254 per
1613 1194 1854 1235 amorem
1885 1184 1941 1232 et

356 1304 505 1357 spem
537 1300 700 1340 unum
733 1292 818 1337 est
864 1280 1009 1351 quod
1055 1277 1384 1338 desiderant,
1431 1274 1523 1328 sed
1564 1287 1660 1341 per
1689 1271 1941 1324 timorem

356 1388 411 1433 et
439 1375 809 1448 pcenitentiatn
831 1372 1103 1427 diversum
1131 1376 1217 1422 est
1247 1365 1389 1435 quod
1415 1363 1716 1434 deplorant.

435 1447 451 1517 i
492 1467 558 1520 Et
588 1462 1004 1531 unumquodque
1042 1472 1224 1511 coram
1262 1455 1403 1509 facie
1455 1469 1549 1507 sua
1605 1447 1941 1510 ambulabat,

368 1577 383 1607 ι
425 1556 512 1610 ubi
547 1561 666 1609 erat
693 1553 924 1622 impetus
948 1548 1193 1618 spiritus,
1225 1546 1353 1600 illuc
1397 1542 1805 1616 gradiebantur,
1841 1552 1944 1592 nec

369 1670 385 1700 ι
426 1647 835 1703 revertebantur
885 1657 1006 1697 cum
1042 1638 1404 1702 ambularent,
1462 1643 1569 1690 etc.
1610 1653 1629 1687 ι
1676 1626 1943 1704 (Ηὶενοη.)

363 1738 463 1804 Qui
503 1734 669 1789 aratri
700 1732 894 1787 stivam
926 1736 1090 1792 tenet,
1149 1741 1253 1780 non
1308 1725 1469 1779 debet
1524 1721 1797 1792 respicere
1823 1725 1946 1789 post

2032 539 2418 607 aSpiceremus,
2468 540 2651 584 nostra
2698 522 3142 595 reprehensibilia
3199 521 3445 576 districle
3474 523 3620 577 vide-

2035 641 2235 683 remus.
2298 624 2366 678 Et
2401 635 2635 683 rursum,
2667 618 2713 672 si
2768 614 3075 685 proximum
3133 612 3505 683 aspiceremus
3564 622 3621 667 ut

2035 735 2150 783 nos,
2185 730 2461 787 nunquam
2500 712 2655 767 nobis
2701 708 2818 777 ejus
2849 708 2987 762 actio
3037 716 3324 778 appareret
3369 706 3622 762 intulerat

2036 812 2179 875 bilis,
2211 808 2302 879 qui
2360 819 2501 876 saepe
2556 803 2785 856 fortasse
2838 796 2962 853 talia
3003 799 3237 868 egimus,
3269 806 3325 852 et
3362 798 3499 852 nihil
3528 815 3623 853 nos

2036 900 2287 972 proximo
2358 891 2695 950 intolerabile
2763 888 2957 943 fecisse
3018 896 3295 956 putamus.
3351 885 3622 957 (Hieron)

2038 995 2189 1063 Quod
2229 1003 2409 1048 autem
2464 990 2704 1046 secundo
2744 988 2959 1049 dicitur,
2999 1005 3017 1036 ι
3051 1002 3157 1041 nou
3212 986 3627 1039 revertebantur

2040 1103 2163 1143 cum
2188 1084 2522 1148 incederent,
2560 1103 2578 1134 ι
2616 1080 2901 1148 utriusque
2936 1077 3284 1132 instrumenti
3314 1076 3521 1130 indicat
3545 1089 3627 1129 sa-

2042 1185 2398 1233 cramentum.
2431 1172 2573 1243 quod
2631 1171 2683 1225 in
2740 1177 2975 1240 quatuor
3033 1167 3151 1221 istis
3180 1163 3549 1218 animantibus
3575 1171 3630 1217 et

2043 1272 2154 1327 Lex
2184 1279 2239 1325 et
2266 1265 2613 1337 Evangelium
2666 1262 2734 1317 ad
2759 1259 2940 1315 futura
2971 1258 3208 1321 festinet,
3261 1263 3315 1310 et
3348 1269 3625 1322 nunquam

2045 1370 2191 1418 retro
2220 1371 2424 1414 motum
2478 1354 2732 1424 accipiat.
2771 1349 2973 1424 (Creg.)
3032 1349 3170 1403 Ecce
3213 1348 3358 1403 enim
3388 1346 3625 1402 dicitur;

2054 1472 2071 1503 ι
2108 1451 2211 1507 Ubi
2260 1457 2380 1504 erat
2430 1447 2663 1516 impetus
2712 1442 2954 1514 spiritus,
3005 1439 3131 1494 illuc
3158 1437 3570 1513 gradiebantur.
3609 1452 3626 1484 ι

2046 1543 2102 1597 lu
2134 1540 2321 1597 electis
2348 1546 2402 1592 et
2424 1534 2669 1605 reprobis
2721 1532 2923 1586 diversi
2972 1518 3387 1605 suntmtus.
3442 1523 3501 1580 In
3529 1523 3636 1579 ele—

2049 1633 2152 1688 ctis
2174 1629 2425 1685 videlicet
2471 1604 2704 1697 impetus
2732 1622 2977 1693 spiritus,
3019 1621 3070 1674 in
3106 1604 3636 1691 thimpetus

2051 1720 2251 1778 carnis.
2280 1717 2519 1785 Impetus
2544 1715 2741 1784 quippe
2793 1710 2974 1767 carnis
3003 1710 3069 1764 ad
3108 1708 3310 1773 odium,
3342 1706 3411 1760 ad
3451 1705 3640 1761 elatio-

366 1838 573 1896 tergum
605 1837 701 1877 nec
732 1816 931 1874 imitari
966 1830 1191 1871 uxorem
1224 1813 1380 1875 Loth.
1413 1828 1480 1867 nc
1505 1810 1709 1866 inCidal
1753 1809 1806 1864 in
1835 1807 1948 1878 pla-
1980 1809 2023 1867 Β
2053 1828 2195 1875 nem,
2235 1807 2301 1864 ad
2349 1806 2770 1866 immunditiam,
2802 1802 2869 1855 ad
2916 1800 3182 1870 rapinam,
3217 1798 3282 1852 ad
3311 1796 3637 1852 exteriorem

366 1933 487 1988 gam
514 1908 941 1973 Deutero..omii,
987 1918 1041 1961 et
1068 1913 1255 1977 pereat
1288 1905 1600 1974 onerarere,»
1637 1897 1947 1964 insanabili,

367 2023 473 2078 quo
504 2004 699 2061 cecidit
722 2012 776 2057 et
807 2001 922 2054 lleli
954 1997 1007 2070 (I
1096 1996 1222 2067 Reg.
1257 2011 1335 2059 ιιι,
1370 1996 1467 2066 tv),
1508 1993 1635 2062 quia
1661 1991 1791 2045 vitio
1814 1990 1950 2044 tilio—

371 2117 490 2157 rum
532 2098 833 2154 offenderat
863 2096 1074 2149 Deum:
1114 2099 1318 2161 quanto
1358 2086 1531 2158 magis
1577 2091 1809 2153 quatuor
1838 2079 1953 2133 ani-

373 2194 553 2258 malia,
586 2206 704 2261 quae
736 2189 893 2259 plena
922 2192 1078 2242 erant
1118 2182 1324 2237 lumine
1358 2188 1519 2248 atque
1549 2183 1803 2247 pennata,
1834 2186 1954 2243 qua:

370 2293 674 2355 sequuntur
713 2287 957 2335 sanctum
986 2275 1248 2347 Spiritum
1285 2270 1701 2343 praecedentem,
1728 2278 1849 2334 qua:
1878 2262 1954 2316 ita

374 2353 471 2447 per
490 2374 678 2430 orbem
707 2371 954 2435 volitant,
985 2375 1040 2421 et
1081 2381 1139 2421 se
1166 2365 1233 2421 ad
1284 2360 1497 2416 excelsa
1552 2353 1858 2418 sustollant,
1896 2357 1957 2405 ut

373 2483 599 2538 corpora
642 2480 739 2521 sua
769 2466 1057 2534 protegant
1112 2456 1307 2529 pennis
1354 2452 1614 2513 historiae,
1665 2461 1767 2502 nec
1800 2444 1958 2500 nobis

374 2568 650 2629 aspectum
678 2554 913 2610 tribuant
936 2548 1279 2621 pleniorem?
1305 2541 1510 2618 (Greg.)
1543 2540 1759 2597 Dictum
1791 2551 1957 2608 supe-

378 2627 489 2705 rius
543 2648 720 2704 fuerat
768 2664 781 2699 :
847 2640 1275 2711 Unumquodque
1325 2650 1514 2694 eorum
1577 2641 1703 2687 ante
1766 2627 1960 2684 faciem

375 2756 526 2794 suam
557 2736 919 2809 gradiebatur.
938 2732 1092 2787 Nunc
1118 2738 1297 2785 autem
1321 2727 1521 2782 dicitur
1559 2744 1578 2778 ι
1616 2737 1797 2778 coram
1825 2717 1965 2773 faeie

378 2847 473 2886 sua
498 2828 828 2883 ambulabat.
866 2844 884 2877 ι
935 2823 1055 2893 Ipsa
1081 2822 1263 2890 itaque
1293 2818 1523 2890 repetita
1577 2829 1698 2871 esse
1749 2810 1965 2865 videtur

382 2919 673 2977 sententia.
701 2916 809 2972 Sed
831 2915 958 2986 quia
981 2926 1165 2969 coram
1189 2912 1241 2966 in
1271 2907 1525 2980 prmsenti
1550 2906 1799 2969 dicimus,
1840 2916 1965 2973 pos-

382 3025 570 3067 sumus
596 3006 849 3062 subtilius
878 2999 1200 3073 inquirendo
1234 2999 1565 3059 discernere,
1622 2993 1767 3062 quod
1818 2987 1966 3045 aliud

381 3102 452 3157 sit
482 3106 607 3154 ante
639 3096 835 3152 faciem
884 3090 1165 3161 ambulare
1216 3097 1380 3158 atque
1407 3082 1554 3141 aliud
1582 3085 1636 3138 in
1667 3082 1962 3154 prmsenti;

2052 1902 2304 1975 gloriam,
2332 1899 2400 1954 ad
2435 1896 2837 1959 crudelitatem,
2868 1894 2934 1947 ad
2964 1890 3265 1962 perfidiam,
3292 1888 3359 1943 ad
3389 1887 3641 1957 despera-

2055 1998 2280 2059 tionem,
2311 1992 2378 2048 ad
2420 1992 2578 2055 iram,
2614 1990 2681 2044 ad
2718 1985 2918 2057 iurgia,
2952 1986 3021 2040 ad
3069 1983 3374 2053 voluptates
3401 1980 3638 2035 animout

2055 2085 2299 2155 impellit.
2350 2082 2588 2151 Impetus
2644 2093 2773 2132 vero
2823 2077 3045 2146 spiritus
3079 2073 3146 2127 ad
3200 2072 3545 2134 charitatem,
3575 2068 3642 2122 ad

2058 2175 2437 2238 lutmilitatem,
2472 2172 2540 2226 ad
2570 2167 2985 2228 continentiam,
3025 2165 3090 2219 ad
3123 2163 3432 2234 largitatem
3488 2160 3642 2215 misc-

2059 2265 2330 2329 ricordiaa,
2350 2262 2417 2317 ad
2446 2261 2757 2316 interiorem
2782 2257 3106 2329 profectum,
3133 2253 3200 2309 ad
3219 2252 3438 2323 pietatis
3457 2264 3641 2320 opera.

2058 2358 2126 2412 ad
2151 2364 2474 2412 aeternorum
2509 2350 2690 2416 fidem,
2724 2349 2789 2405 ad
2816 2363 2965 2419 spem
3023 2345 3299 2414 sequentis
3344 2341 3547 2413 gaudii,
3577 2341 3645 2393 ad

2059 2447 2399 2521 patientiam,
2455 2444 2523 2499 ad
2582 2456 2793 2514 pacem,
2863 2440 2929 2494 ad
2978 2436 3468 2493 considerationem
3521 2432 3646 2487 vita:

2061 2539 2329 2604 mortalis,
2360 2547 2415 2593 et
2438 2536 2707 2608 lacrymas
2756 2541 2990 2588 mentem
3021 2529 3307 2601 pertrahit.
3367 2527 3521 2583 Unde
3546 2540 3645 2581 ne-

2062 2649 2218 2690 cesse
2246 2641 2330 2688 est
2378 2641 2437 2686 ut
2464 2645 2656 2701 magna
2683 2642 2896 2698 semper
2923 2640 3052 2679 cura
3088 2623 3329 2695 cogitare
3355 2621 3649 2677 debeamus

2066 2729 2121 2784 in
2177 2742 2338 2782 omne
2394 2724 2535 2794 quod
2588 2724 2819 2794 agimus,
2877 2719 2969 2788 qui
3030 2733 3129 2772 nos
3176 2716 3408 2785 impetus
3443 2714 3644 2776 ducat;

2063 2828 2245 2873 utrum
2274 2825 2457 2871 nostra
2486 2813 2744 2885 cogitatio
2773 2827 2871 2882 per
2920 2810 3180 2878 impetum
3210 2805 3412 2867 carnis,
3461 2820 3527 2857 an
3556 2819 3654 2873 per

2068 2910 2327 2978 impctmn
2355 2905 2578 2977 spiritus
2604 2902 2928 2974 impellatur.
2961 2899 3157 2953 Amare
3180 2896 3379 2952 etenim
3403 2904 3636 2954 terrena,

2069 2996 2388 3067 temporalia
2421 2994 2641 3050 teternis
2687 3005 3022 3063 prteponere,
3077 2988 3349 3044 exteriora
3374 2987 3514 3041 bona
3543 3000 3649 3038 non

2073 3088 2140 3143 ad
2173 3103 2329 3143 usum
2388 3085 2755 3141 necessarium
2787 3083 3006 3145 habere,
3060 3080 3153 3135 sed
3208 3080 3275 3135 ad
3321 3078 3651 3149 voluptatem

384 3199 512 3245 ante
539 3187 732 3243 faciem
760 3184 957 3255 quippe
981 3179 1258 3237 ambulare
1291 3187 1378 3232 est
1407 3175 1678 3231 anteriora
1707 3171 1964 3241 aspicien-

2072 3178 2474 3249 concupiscere,
2503 3175 2762 3230 ultionem
2779 3174 2846 3228 de
2870 3172 3085 3227 inimico
3104 3185 3365 3241 quaarere,
3387 3170 3454 3224 de
3475 3168 3653 3223 aemuli

386 3284 455 3338 do
481 3290 694 3352 petere;
736 3277 788 3331 in
816 3272 1069 3347 praesenti
1106 3285 1237 3328 vero
1287 3267 1581 3329 ambulare,
1613 3271 1696 3319 est
1721 3262 1969 3318 sibimet-

387 3374 490 3446 ipsi
539 3372 815 3427 absentem
846 3382 951 3421 non
996 3380 1135 3420 esse.
1188 3363 1376 3420 Omnis
1415 3361 1621 3415 ctenim
1667 3358 1847 3430 justus
1877 3355 1971 3425 qui

390 3467 555 3521 vitam
586 3477 736 3519 suam
772 3458 1036 3515 sollicitus
1085 3455 1297 3524 aspicit,
1338 3462 1394 3507 et
1416 3452 1698 3522 diligenter
1726 3447 1974 3503 conside-

394 3563 480 3611 rat
522 3560 780 3626 quantnm
812 3547 1055 3621 quotidie
1087 3546 1140 3601 in
1165 3544 1323 3601 bonis
1348 3549 1591 3603 crescat,
1620 3548 1715 3594 aut
1747 3539 1974 3591 fortasse

389 3653 647 3716 quantum
674 3658 704 3696 a
732 3639 889 3696 bonis
919 3640 1228 3700 decrescat,
1261 3634 1383 3699 iste,
1408 3633 1530 3703 quia
1559 3645 1617 3685 se
1647 3639 1772 3684 ante
1793 3645 1850 3684 se
1874 3643 1972 3698 po-

391 3736 503 3800 nit,
542 3749 725 3788 coram
772 3747 832 3787 se
871 3728 1111 3783 ambulat
1145 3744 1157 3780 :
1191 3725 1387 3795 quippe
1427 3723 1517 3794 qui
1565 3720 1849 3793 vigilanter
1890 3719 1973 3771 vi-

389 3825 481 3880 det
526 3833 706 3878 utrum
755 3829 941 3891 surgat
984 3835 1051 3873 an
1105 3810 1323 3872 (tenuat.
1375 3814 1631 3883 Quisquis
1674 3826 1804 3867 vero
1853 3810 1976 3864 vita:

391 3929 503 3969 sua:
547 3911 846 3967 custodiam
896 3907 1153 3978 negligit,
1193 3907 1464 3962 discutere
1508 3920 1629 3974 qua:
1673 3903 1814 3974 agit,
1857 3916 1977 3972 qute

395 4006 661 4076 loquitur,
694 4017 811 4070 qua:
840 4001 1068 4070 cogitat,
1115 4008 1207 4052 aut
1239 3998 1485 4066 despicit,
1521 4005 1613 4051 aut
1644 3996 1847 4059 nescit,
1888 4008 1979 4048 co-

396 4114 511 4153 ram
561 4110 619 4150 se
667 4095 770 4149 iste
812 4108 917 4146 non
960 4090 1217 4145 ambulat.
1265 4089 1402 4156 Quia
1444 4088 1619 4158 qualis
1665 4087 1736 4143 sit
1775 4085 1828 4140 in
1866 4084 1979 4140 suis

398 4188 638 4243 moribus
686 4185 767 4241 vel
817 4184 1029 4239 actibus
1072 4183 1300 4251 ignorat,
1344 4197 1442 4236 nec
1476 4164 1796 4247 sibiiuetipsi
1836 4192 1977 4246 pra:-

394 4296 521 4334 sens
542 4289 647 4343 est,
678 4277 771 4347 qui
825 4274 1176 4342 semetipsum
1226 4271 1464 4341 quotidie
1494 4269 1786 4339 exquirere
1815 4277 1979 4339 atque.

395 4376 722 4442 cognoscere
750 4366 1012 4423 sollicitus
1062 4380 1166 4417 non
1220 4373 1320 4416 est.
1363 4361 1453 4415 ille
1506 4370 1684 4415 autem
1717 4360 1982 4414 veraciter

397 4480 452 4518 se
482 4472 604 4517 ante
633 4475 690 4515 se
716 4460 888 4531 ponit,
919 4457 1131 4525 sibique
1178 4455 1231 4509 in
1262 4453 1515 4525 prtesenti
1561 4460 1662 4517 cst,
1714 4452 1805 4522 qui
1835 4467 1892 4506 se
1922 4451 1976 4505 in

2074 3286 2202 3325 casu
2232 3270 2487 3340 gaudere,
2520 3268 2753 3336 impetus
2779 3264 2962 3321 carnis
2991 3272 3092 3319 est.
3149 3263 3219 3317 At
3260 3270 3448 3317 contra
3472 3275 3658 3313 amare

2074 3361 2335 3424 cmlest'a,
2370 3370 2718 3413 contemnere
2757 3355 3091 3419 transitoria,
3144 3370 3253 3409 non
3303 3352 3373 3408 ad
3421 3352 3655 3406 fructum

2073 3454 2365 3523 voluptatis
2394 3451 2705 3513 transitura,
2732 3449 2823 3504 sed
2849 3447 2912 3502 ad
2942 3462 3097 3502 usum
3147 3444 3488 3501 necessitatis
3513 3459 3661 3512 qum—

2079 3562 2218 3608 rere,
2246 3545 2313 3599 de
2348 3542 2551 3598 inimici
2599 3550 2773 3596 morte
2827 3538 3095 3601 tribulari,
3154 3537 3387 3606 impetus
3439 3534 3665 3604 spiritus

2076 3647 2178 3694 est.
2210 3639 2277 3692 Et
2302 3637 2428 3707 quia
2455 3635 2682 3706 perfecti
2709 3634 2911 3705 quique
2940 3633 2992 3686 in
3024 3632 3141 3686 istis
3169 3646 3226 3686 se
3252 3644 3466 3698 semper
3494 3629 3662 3682 virtu-

2077 3729 2220 3784 tibus
2270 3734 2547 3791 exercent,
2598 3733 2744 3779 recte
2776 3740 2918 3778 nunc
2976 3722 3041 3777 de
3087 3722 3290 3777 sanctis
3335 3719 3664 3774 animalibus

2076 3818 2276 3874 dicitur
2305 3835 2317 3869 :
2343 3836 2361 3868 ι
2397 3815 2492 3871 Ubi
2523 3823 2641 3869 erat
2672 3814 2902 3883 impetus
2923 3811 3165 3881 spiritus,
3194 3811 3317 3865 illuc
3338 3808 3665 3881 gradieban—

2078 3919 2216 3964 tur.»
2240 3908 2347 3964 Sed
2370 3906 2649 3963 sciendum
2677 3906 2831 3961 nobis
2858 3915 2960 3969 est,
2985 3905 3126 3975 quod
3153 3905 3470 3975 plerumque
3497 3902 3667 3971 impe-

2080 4011 2167 4056 tus
2194 4000 2376 4055 carnis
2398 4014 2455 4054 se
2490 3998 2589 4053 sub
2614 3997 2881 4052 velamine
2926 3994 3183 4067 spiritalis
3206 3995 3441 4063 impetus
3462 3992 3665 4063 palliat,

2081 4099 2136 4145 et
2167 4089 2311 4160 quod
2344 4087 2634 4143 carnaliter
2658 4086 2785 4140 facit
2810 4074 3071 4140 mentitur
3107 4083 3209 4139 sibi
3239 4084 3353 4153 ipsa
3386 4083 3664 4154 cogitatio,

2081 4181 2204 4252 quia
2228 4181 2330 4235 hoc
2353 4179 2668 4250 spiritaiiter
2692 4176 2871 4232 faciat.
2898 4176 3032 4230 Nam
3063 4191 3204 4246 smpe
3229 4175 3355 4246 quis
3376 4174 3670 4229 iracundia:

2084 4271 2317 4327 stimulis
2342 4271 2537 4335 victus,
2568 4277 2756 4323 contra
2786 4266 3158 4336 delinquentes
3197 4265 3313 4321 zelo
3349 4265 3672 4321 ulciscenda:

2074 4360 2328 4432 justitize,
2362 4359 2644 4429 plusquam
2671 4370 2890 4411 necesse
2919 4366 3002 4411 est
3034 4354 3420 4421 inflammatur,
3446 4354 3672 4423 etjusti-

2086 4452 2173 4506 tiae
2220 4451 2444 4505 limitem
2493 4449 2545 4502 in
2590 4447 2846 4501 ultionem
2889 4448 3159 4501 transiens
3194 4446 3308 4516 agit
3350 4444 3670 4510 crudeliter,

397 4554 510 4608 suis
566 4553 775 4608 actibus
841 4559 1097 4620 tanquam
1155 4547 1319 4601 alium
1372 4545 1622 4599 attendit.
1678 4542 1811 4598 Nam
1854 4551 1979 4598 sunt
2006 4539 2056 4598 D
2084 4545 2225 4614 quod
2257 4560 2314 4599 se
2343 4557 2502 4613 agere
2527 4540 2673 4611 juste
2698 4540 3023 4609 susiiicatur.
3052 4537 3473 4610 hnpetusigitur
3493 4538 3674 4594 carnis

403 4646 568 4698 multa
597 4651 817 4711 peccata
855 4656 972 4709 quae
1013 4639 1418 4704 committimus,
1470 4635 1563 4692 sed
1595 4636 1798 4691 idcirco
1827 4636 1982 4690 nobis

403 4733 586 4804 gravia
614 4746 717 4784 non
749 4730 1021 4790 videntur,
1070 4731 1195 4799 quia
1236 4729 1447 4798 privato
1502 4744 1599 4781 nos
1649 4742 1833 4781 atuore
1862 4727 1983 4781 (lili-

403 4832 613 4894 gentes,
666 4821 863 4876 clausis
905 4822 1060 4875 nobis
1112 4821 1281 4875 oculis
1333 4820 1386 4874 in
1442 4828 1625 4873 nostra
1664 4818 1982 4889 deceptione

406 4913 730 4967 blandimur.
764 4910 914 4965 Unde
954 4910 1011 4963 fit
1036 4910 1350 4979 plerumque
1389 4918 1445 4963 ut
1475 4920 1529 4963 et
1578 4921 1763 4963 nostra
1799 4907 1981 4978 gravia

405 5003 614 5066 leviter,
642 5010 697 5055 et
722 5001 1090 5071 proximorum
1129 5000 1268 5053 mala
1320 5000 1458 5053 levia
1492 4999 1733 5070 graviter
1774 4996 1985 5065 judice-

407 5111 548 5149 tnus.
603 5092 875 5161 Scriptum
927 5092 1123 5161 quippe
1160 5100 1280 5145 est:
1329 5110 1348 5141 ι
1384 5092 1556 5145 Erunt
1603 5090 1850 5145 homines
1895 5103 1984 5143 se-

408 5192 554 5260 ipsos
585 5195 828 5241 amantes
859 5182 943 5255 (ll
977 5183 1110 5237 Tim.
1156 5184 1260 5247 ut}.
1300 5203 1316 5236 ι
1351 5183 1415 5237 Et
1446 5184 1647 5238 scimus
1669 5181 1793 5251 quia
1824 5181 1987 5234 vehe-

410 5289 621 5335 menter
644 5277 844 5332 claudit
863 5274 1077 5329 oculum
1107 5274 1285 5328 cordis
1310 5290 1465 5326 amor
1493 5272 1753 5344 privatus,
1782 5287 1845 5325 ex
1879 5285 1986 5340 quo

411 5371 489 5436 fit,
518 5379 577 5424 ut
603 5370 702 5422 hoc
725 5365 866 5436 quod
893 5380 991 5417 nos
1031 5364 1257 5433 agimus,
1289 5374 1341 5416 et
1369 5379 1530 5431 grave
1559 5377 1677 5417 esse
1707 5377 1812 5415 non
1842 5359 1987 5413 testi-

411 5479 641 5525 Inemus,
676 5460 986 5530 plerumque
1014 5465 1207 5526 agatur
1233 5471 1259 5507 a
1292 5456 1537 5524 proximo
1565 5462 1618 5509 et
1649 5454 1810 5507 nimis
1833 5452 1989 5506 nobis

410 5529 729 5608 detesttibile
763 5565 880 5605 esse
917 5547 1114 5601 videat.
1148 5546 1252 5600 Sed
1300 5560 1469 5614 quare
1508 5546 1627 5609 hoc,
1661 5543 1802 5614 quod
1835 5541 1988 5595 nobis

412 5645 517 5699 vile
548 5647 829 5699 videbatur
883 5642 935 5695 in
974 5641 1152 5702 nobis,
1177 5653 1340 5710 grave
1387 5639 1597 5692 videtur
1633 5639 1683 5692 in
1720 5636 1987 5708 proximo,

417 5735 677 5803 uisi‘quia
730 5750 829 5788 nec
878 5749 973 5787 nos
1004 5732 1143 5785 sicut
1182 5730 1511 5800 proximum,
1559 5745 1656 5782 nec
1688 5729 1988 5798 proximum

2092 4636 2249 4705 hujus
2276 4636 2373 4688 sub
2402 4634 2577 4703 specie
2613 4631 2835 4701 spiritus
2866 4630 3071 4684 velatus
3104 4638 3206 4695 est,
3238 4629 3457 4699 quando
3484 4639 3540 4685 et
3573 4628 3674 4684 hoc

2089 4727 2231 4798 quod
2258 4725 2494 4779 creditur
2515 4723 2598 4792 agi
2617 4721 2781 4790 justc,
2807 4723 2907 4776 sub
2932 4722 3275 4777 discretionis
3302 4720 3674 4776 moderamine

2015 4840 2042 4859 δ
2092 4834 2195 4871 non
2222 4825 2451 4871 tenetur.
2473 4814 3675 4884 Etsmpeallusnimimmansuetudinistudens

2090 4907 2457 4976 subjectorum
2474 4906 2602 4960 vitia
2626 4905 2838 4975 aSpieit,
2855 4914 3016 4975 atque
3041 4906 3153 4959 haec
3173 4920 3268 4974 per
3280 4903 3552 4959 fervorem
3573 4904 3672 4959 zeli

2089 4998 2363 5070 corrigere
2402 5004 2647 5059 recusat,
2675 4996 2819 5065 quod
2859 4994 2910 5048 in
2939 4995 3017 5050 eis
3052 4995 3344 5050 crudeliter
3371 5010 3479 5050 non
3511 4996 3676 5050 corri-

2088 5089 2264 5160 gendo
2289 5087 2609 5156 multiplicat
2629 5128 2644 5151 ,
2675 5087 2838 5155 fitque
2869 5095 2928 5139 ut
2954 5086 3072 5156 ejus
3094 5085 3281 5141 levitas
3305 5095 3359 5140 et
3394 5086 3497 5141 sibi
3529 5086 3601 5141 sit
3621 5096 3677 5140 et

2090 5177 2345 5249 subjectis
2386 5178 2637 5242 inimica,
2683 5176 2825 5247 quod
2865 5185 3135 5247 torporem
3176 5178 3372 5232 mentis
3400 5192 3513 5233 sua:
3544 5177 3674 5247 quia

2090 5270 2401 5338 patientiam
2440 5267 2694 5337 deputat,
2731 5282 2827 5337 per
2862 5267 3040 5321 carnis
3081 5266 3337 5336 impetum
3367 5267 3437 5321 ab
3468 5267 3675 5337 impetu

2091 5358 2313 5428 spiritus
2343 5357 2578 5427 elongat.
2617 5356 2795 5410 Prima
2830 5372 2959 5425 ergo
3000 5373 3098 5411 nos
3126 5358 3379 5427 cogitatio
3413 5357 3467 5412 in
3493 5356 3678 5426 requi-

2091 5449 2286 5503 sitione
2334 5450 2505 5502 nostri
2550 5448 2730 5501 cordis
2771 5448 2929 5502 debet
2975 5456 3263 5512 excutere,
3307 5463 3374 5501 ne
3420 5447 3490 5503 ad
3535 5461 3687 5517 qua)-

2092 5541 2215 5595 dam
2262 5556 2381 5610 quae
2410 5541 2617 5609 agimus
2650 5556 2746 5608 per
2788 5549 3036 5608 apertum
3068 5540 3248 5595 carnis
3295 5539 3554 5607 impetum
3584 5538 3682 5592 du—

2094 5649 2308 5698 camur,
2343 5649 2409 5687 ne
2439 5633 2620 5701 pravis
2668 5632 3116 5688 delectationibus
3167 5633 3381 5686 animus
3418 5631 3683 5687 seductus

2099 5726 2236 5779 mala
2269 5741 2388 5779 esse
2412 5733 2720 5795 cognoscat,
2755 5735 2807 5777 et
2838 5735 3015 5778 tamen
3051 5724 3231 5779 faciat.
3268 5724 3517 5780 Secunda
3550 5740 3688 5781 vero
