3950 6184
273 276 371 333 521

1265 269 1618 327 COMMENT.
1655 268 1724 325 IN
1765 268 2219 324 E'LECHIELEM.
2260 299 2326 308 -
2367 267 2494 323 LIB.
2539 269 2577 322 I.

3435 268 3541 322 5'29.

275 409 376 446 nos
425 404 556 445 cura
586 389 744 443 debet
801 389 1086 459 vigilantes
1128 387 1378 451 reddere,
1413 403 1480 441 ne
1525 402 1583 441 se
1632 389 1863 456 impetus
1897 394 1936 448 Α
1968 400 2100 438 vero
2136 385 2276 438 inter
2305 387 2572 439 carbones
2621 393 2674 438 et
2705 383 2979 453 lampades
3020 383 3206 447 distat,
3229 384 3374 452 quod
3421 399 3544 438 car-

273 483 458 540 carnis
511 481 667 552 quasi
699 480 801 535 sub
827 481 1029 550 impetu
1072 478 1296 549 spiritus
1330 477 1562 532 latenter
1591 477 1860 545 subjiciat,

274 582 330 628 et
357 572 550 641 culpas
578 587 715 641 quas
743 571 972 641 agimus,
1015 571 1168 624 nobis
1203 571 1432 624 virtutes
1459 571 1644 639 lingat.
1683 568 1864 623 Scien-

274 668 410 721 dum
438 680 572 719 vero
596 672 679 719 est
704 664 830 732 quia
854 663 1130 732 graviores
1166 662 1336 732 culpa:
1357 668 1504 724 sunt,
1531 677 1652 729 qua:
1677 676 1864 730 super-

274 759 440 813 ducta
484 757 667 827 specie
695 756 928 810 virtutes
973 755 1270 818 imitantur,
1303 754 1428 823 quia
1468 754 1570 807 illze
1597 755 1648 808 in
1679 764 1865 824 aperto

275 850 510 919 cognita:
549 849 790 902 animum
834 847 1152 901 confusione
1183 845 1442 914 dejiciunt
1466 854 1629 914 atque
1659 845 1725 898 ad
1753 860 1867 914 pte—

277 939 564 992 nitentiam
597 938 854 997 trahunt;
887 938 1006 991 ista:
1027 951 1156 991 vero
1183 952 1288 991 non
1321 935 1492 990 solum
1522 936 1575 989 in
1599 936 1866 1006 pteniten-

277 1028 410 1080 tiam
445 1042 553 1082 non
605 1027 914 1091 humiliant,
970 1029 1063 1082 sed
1112 1028 1277 1081 etiam
1313 1039 1550 1080 mentem
1589 1027 1866 1095 operantis

266 1117 521 1180 .elevant,
556 1118 683 1172 dum
713 1118 940 1173 virtutes
994 1127 1270 1188 putantur.
1326 1118 1439 1172 Hoc
1489 1128 1690 1184 autem,
1722 1119 1865 1187 quod

276 1208 344 1261 de
377 1207 586 1262 sanctis
645 1207 969 1262 animalibus
1023 1208 1227 1262 dictum
1275 1208 1525 1278 superius
1577 1206 1774 1268 fuerat,
1805 1217 1864 1261 ut

277 1298 447 1352 altius
485 1297 858 1363 confirmetur,
877 1299 1073 1353 iterum
1107 1301 1419 1370 replicatur.
1445 1318 1464 1352 ι
1487 1300 1603 1354 Non
1630 1310 1869 1355 reverte-

275 1387 481 1440 bantur
507 1402 630 1441 cum
664 1386 1022 1451 ambularent,
1047 1410 1064 1439 ι
1113 1389 1239 1457 quia
1276 1389 1434 1445 electi
1465 1390 1667 1460 quique
1695 1390 1774 1444 sic
1799 1390 1866 1444 ad

273 1477 422 1532 bona
462 1478 708 1541 tendunt,
732 1485 794 1531 ut
814 1479 880 1531 ad
911 1478 1049 1531 mala
1081 1480 1445 1548 perpetranda
1485 1494 1590 1534 non
1619 1479 1862 1534 redeant.

280 1583 300 1615 ι
340 1565 444 1632 Qui
475 1565 621 1619 enim
645 1567 1071 1635 perseveraverit
1103 1567 1539 1636 usqueinlinem,
1567 1569 1656 1623 hic
1687 1568 1867 1624 Salvus

273 1655 382 1710 erit
430 1655 646 1726 (Matth.
680 1656 757 1726 x).
790 1675 808 1708 ι
852 1657 915 1709 Et
941 1657 1082 1710 sicut
1109 1672 1206 1726 per
1248 1657 1594 1713 Salomonem
1625 1657 1860 1712 dicitur:

1967 476 2136 530 bones
2163 477 2355 530 ardent
2394 476 2634 544 quidem,
2666 475 2759 530 sed
2811 474 2928 544 ejus
2982 475 3106 540 loci,
3145 476 3197 529 in
3229 489 3336 545 quo
3359 475 3545 544 jacue-

1966 566 2098 630 rint,
2127 566 2378 620 tenebras
2427 581 2530 618 non
2555 565 2854 633 expellunt.
2886 564 3187 636 Lampades
3211 575 3391 620 autem
3417 566 3544 635 quia

1968 673 2161 726 magno
2183 655 2520 710 flammarum
2553 658 2754 714 lumine
2785 658 3152 728 resplendent,
3184 658 3405 714 diffusas
3436 660 3543 715 eir-

1967 760 2308 814 cumquaque
2342 747 2594 801 tenebras
2631 747 2887 818 effingant.
2922 748 3034 815 Qua
3067 764 3133 803 ex
3160 763 3218 802 re
3245 751 3542 804 notandum

1967 845 2070 900 est,
2106 838 2230 906 quia
2259 847 2382 890 sunt
2428 837 2670 906 plerique
2716 848 3024 894 sanctorum
3077 841 3146 893 ita
3191 841 3464 911 simplices
3489 851 3544 897 et

1966 926 2184 989 occulti,
2223 941 2449 995 seseque
2478 927 2531 980 in
2573 927 2706 982 locis
2741 929 3039 984 minoribus
3087 932 3186 984 sub
3239 945 3434 999 magno
3470 932 3546 986 si-

1970 1015 2135 1069 lentio
2153 1026 2522 1086 contegentes,
2547 1026 2606 1071 ut
2633 1019 2723 1071 vix
2746 1033 2934 1074 eorum
2958 1020 3064 1072 vita
3090 1021 3156 1074 ab
3181 1020 3301 1074 aliis
3324 1021 3544 1092 agnosci

1967 1107 2156 1174 possit.
2189 1106 2325 1173 Quid
2374 1108 2554 1177 itaque
2583 1109 2671 1163 isti
2703 1109 2806 1164 nisi
2844 1111 3106 1164 carbones
3132 1119 3277 1175 sunt,
3305 1113 3395 1180 qui
3423 1113 3544 1166 etsi

1967 1210 2066 1264 per
2095 1195 2361 1252 fervorem
2384 1199 2606 1268 spiritus
2628 1199 2876 1254 ardorem
2917 1199 3134 1263 habent,
3159 1211 3336 1256 tamen
3365 1218 3546 1256 exem-

1967 1284 2040 1354 pli
2067 1283 2337 1339 ﬂammam
2369 1301 2474 1341 non
2520 1286 2740 1353 habent,
2772 1302 2873 1342 nec
2894 1288 2946 1342 in
2977 1288 3168 1344 alienis
3190 1291 3440 1346 cordibus
3469 1301 3547 1346 te-

1968 1377 2166 1433 nebras
2185 1387 2526 1446 peccatorum
2542 1379 2785 1444 vincunt,
2809 1380 2936 1448 quia
2959 1381 3126 1435 vitam
3150 1397 3303 1437 suam
3325 1385 3548 1438 omnino

1968 1468 2109 1522 scire
2153 1469 2444 1538 refugiunt,
2481 1469 2832 1538 sibimetipsis
2869 1471 3085 1540 quidem
3139 1475 3352 1529 accensi
3397 1485 3545 1539 sunt,

1967 1560 2062 1614 sed
2099 1560 2222 1614 aliis
2251 1561 2305 1614 in
2329 1560 2577 1628 exemplo
2606 1562 2823 1616 luminis
2855 1578 2963 1616 non
2995 1572 3140 1618 sunt.

2039 1651 2103 1706 Hi
2130 1660 2307 1707 autem
2326 1693 2341 1717 ,
2373 1653 2464 1722 qui
2495 1660 2552 1707 et
2580 1653 2820 1723 exempla
2849 1653 3108 1709 virtutum
3137 1667 3443 1730 pnerogant
3493 1668 3546 1714 ct

280 1764 302 1797 ι
336 1743 618 1800 Justorum
655 1745 848 1799 semita
875 1747 1026 1814 quasi
1057 1747 1146 1800 lux
1186 1747 1475 1816 splendens
1504 1750 1773 1819 procedit,
1804 1757 1860 1803 et
1890 1739 1934 1798 Β
1963 1740 2140 1796 lumen
2173 1741 2297 1796 boni
2321 1742 2502 1810 operis
2521 1758 2619 1811 per
2653 1743 2816 1797 vitam
2837 1753 2892 1798 et
2918 1744 3140 1799 verbum
3164 1746 3545 1804 itinerantibus

274 1838 478 1894 crescit
507 1853 677 1907 usque
705 1840 771 1894 ad
799 1838 1094 1908 perfectum
1125 1840 1268 1895 diem
1301 1839 1484 1912 (Prov.
1511 1839 1606 1911 ιν).
1645 1859 1662 1892 ι
1698 1841 1753 1894 In
1776 1855 1863 1892 eo-

276 1945 399 1984 rum
429 1945 668 1999 namque
699 1931 878 1984 animo
929 1931 1128 1984 bonum
1160 1932 1491 1986 desiderium
1519 1938 1681 2000 atque
1707 1929 1863 1984 intel-

275 2020 455 2075 lectus
507 2020 642 2074 lucis
697 2021 902 2074 intima:
949 2019 1063 2088 jam
1113 2035 1239 2089 pars
1295 2021 1400 2076 diei
1449 2028 1574 2085 est;
1615 2020 1708 2075 sed
1735 2018 1861 2088 quia

277 2125 456 2179 usque
480 2109 549 2164 ad
577 2109 741 2165 finem
768 2111 892 2164 viae
923 2111 974 2164 in
1006 2112 1202 2166 virtute
1245 2110 1556 2180 proficiunt,
1586 2111 1654 2164 ad
1683 2107 1861 2178 perfe-

273 2211 428 2256 ctum
463 2201 608 2256 diem
653 2209 780 2256 tunc
821 2203 1058 2262 veniunt,
1103 2202 1320 2271 quando
1374 2201 1442 2256 ad
1475 2213 1638 2270 regna
1691 2197 1858 2254 cmle-

274 2292 381 2345 stia
415 2291 660 2361 perducti
686 2291 740 2345 in
767 2307 828 2346 ea
853 2291 971 2346 luce
991 2307 1152 2360 quam
1182 2291 1510 2354 desiderant,
1542 2291 1655 2361 jam
1682 2289 1861 2343 minus

274 2382 484 2450 aliquid
539 2397 646 2436 non
703 2382 996 2436 habebunt.
1053 2380 1311 2450 Sequitur
1349 2398 1362 2435 :
1399 2400 1416 2432 ι
1450 2381 1516 2434 Ει
1566 2379 1859 2434 similitudo

276 2471 595 2525 animalium
623 2479 678 2526 et
713 2481 963 2540 aspectus
1001 2486 1186 2524 eorum
1215 2469 1371 2539 quasi
1400 2469 1694 2523 carbonum
1718 2467 1858 2537 ignis

276 2562 616 2626 ardentium,
700 2569 755 2616 et
831 2561 984 2629 quasi
1051 2569 1302 2628 aspectus
1373 2558 1765 2627 lampadarum.
1831 2575 1852 2609 ι

275 2651 552 2724 (Ηὶενοιι.)
583 2652 857 2708 Carbones
887 2661 1064 2706 autem
1106 2652 1246 2722 ignis
1293 2651 1536 2705 ardentis
1574 2658 1625 2705 et
1657 2649 1860 2719 lampa-

274 2744 372 2798 des
420 2744 476 2798 in
509 2743 688 2799 medio
729 2745 1047 2799 animalium
1097 2746 1464 2800 discurrentes
1509 2745 1575 2800 de
1623 2744 1715 2799 illo
1740 2744 1858 2800 loco

273 2833 710 2903 interpretade
743 2843 870 2888 sunt
895 2835 1045 2890 Isaiae
1078 2853 1090 2889 :
1125 2857 1142 2885 ι
1182 2834 1250 2890 Ει
1271 2837 1521 2891 comedet
1555 2835 1694 2907 ignis
1720 2836 1861 2891 sicut

273 2922 462 2978 fenum
481 2925 785 2990 materiam,
809 2936 862 2980 et
885 2927 1236 2981 sanetilicabo
1257 2942 1352 2982 eos
1369 2929 1419 2980 in
1439 2928 1562 2996 igne
1574 2926 1818 2982 ardente.
1833 2946 1852 2979 ι

272 3011 352 3065 De
379 3012 582 3080 quibus
607 3023 662 3068 et
685 3015 810 3070 alibi
841 3016 1101 3086 scriptum
1129 3025 1213 3071 est
1239 3035 1251 3069 :
1290 3037 1308 3067 ‹
1339 3016 1543 3071 Cadent
1579 3032 1740 3087 super
1763 3032 1858 3073 eos

1965 1831 2358 1898 demonstrant,
2381 1831 2502 1900 jure
2531 1834 2803 1904 lampades
2826 1835 3184 1906 appellantur,
3218 1839 3343 1907 quia
3365 1848 3420 1894 et
3453 1855 3548 1909 per

1963 1923 2212 1979 ardorem
2261 1923 2508 1978 desiderii
2552 1933 2605 1979 et
2632 1940 2730 1994 per
2760 1925 3028 1981 flammam
3059 1929 3207 1983 verbi
3239 1943 3268 1982 a
3295 1940 3546 1999 peccato-

1965 2029 2084 2069 rum
2133 2015 2387 2070 cordibus
2414 2017 2615 2070 erroris
2638 2021 2890 2072 tenebras
2918 2019 3199 2089 repellunt.
3253 2020 3354 2087 Qui
3387 2022 3550 2091 igitur

1964 2104 2018 2160 in
2062 2106 2275 2161 occulto
2309 2106 2444 2162 bene
2485 2107 2638 2173 vivit,
2676 2109 2768 2162 sed
2807 2108 2981 2163 alieno
3022 2111 3284 2179 profectui
3328 2114 3548 2169 minime

1961 2199 2197 2267 prolicit,
2227 2200 2392 2254 carbo
2415 2208 2517 2255 est.
2548 2198 2650 2266 Qui
2678 2215 2807 2254 vero
2832 2200 2884 2255 in
2911 2201 3207 2256 imitatione
3246 2204 3548 2259 sanctitatis

1960 2287 2169 2358 positus
2209 2287 2387 2343 lumen
2418 2304 2480 2344 ex
2516 2303 2573 2344 se
2603 2289 2938 2346 rectitudinis
2969 2291 3150 2346 amitis
3175 2293 3543 2359 demonstrat;

1961 2377 2169 2447 lampas
2192 2387 2298 2443 est,
2324 2379 2414 2448 qui
2443 2387 2500 2433 et
2521 2379 2623 2435 sibi
2657 2381 2811 2436 ardet
2835 2390 2889 2435 et
2910 2380 3030 2435 aliis
3057 2381 3218 2436 lucet.
3250 2381 3540 2452 Sequitur:

1966 2485 1986 2520 ι
2019 2467 2087 2523 Et
2116 2469 2231 2524 haec
2257 2477 2376 2523 erat
2396 2469 2533 2525 visio
2558 2469 2868 2526 discurrens
2898 2472 2949 2525 in
2992 2473 3167 2528 medio
3204 2473 3542 2540 animalium,

1967 2575 1987 2609 ι
2024 2557 2275 2629 splendor
2300 2559 2458 2630 ignis,
2512 2569 2568 2614 et
2593 2561 2659 2616 de
2689 2561 2810 2630 igne
2839 2561 3017 2632 fulgur
3045 2563 3345 2632 egrediens,
3383 2584 3400 2616 ι
3436 2576 3541 2620 etc.

1961 2649 2229 2722 (Ηὶενοη.)
2279 2650 2356 2705 De
2396 2651 2571 2707 medio
2616 2653 2966 2707 animantium
3019 2655 3271 2724 splendor
3313 2657 3453 2727 ignis
3493 2669 3549 2714 et

1958 2740 2141 2813 fulgur
2193 2743 2484 2813 egreditur,
2539 2745 2664 2814 quia
2695 2745 2739 2799 si
2770 2745 3056 2816 Evangelia
3107 2747 3209 2802 sibi
3258 2749 3542 2816 colliseris,

1961 2833 2014 2886 in
2039 2833 2216 2888 medio
2245 2833 2438 2889 litterae
2456 2833 2686 2904 vilisque
2714 2834 2974 2900 bistorim,
3001 2834 3232 2906 Spiritus
3253 2842 3425 2895 sancti
3459 2857 3546 2894 sa-

1958 2935 2296 2980 cramentum
2319 2927 2556 2997 reperies
2571 2925 2796 2999 (Greg.).
2816 2926 3078 2998 Splendor
3105 2929 3242 3001 ignis
3262 2940 3312 2986 et
3334 2933 3399 2987 de
3422 2934 3545 3004 igne

1963 3018 2142 3090 fulgur
2169 3021 2450 3092 egrediens
2486 3021 2541 3075 in
2575 3022 2754 3076 medio
2787 3021 3100 3076 animalium
3131 3024 3437 3079 discurrens
3461 3026 3544 3080 vi-

270 3103 544 3156 carboues
575 3104 714 3173 ignis
736 3103 908 3175 (Paul.
939 3082 1198 3176 castris);
1236 3125 1254 3157 ›
1288 3114 1342 3161 et
1371 3115 1559 3161 contra
1597 3082 1740 3162 labia
1768 3108 1857 3162 do-
1885 3082 1928 3144 (ἶ
1959 3082 2136 3174 detur,
2163 3082 2288 3180 quia
2311 3111 2414 3166 nisi
2441 3111 2510 3166 ab
2535 3112 2660 3181 igne
2687 3111 2933 3166 veritatis
2953 3122 3184 3182 pennata
3223 3114 3308 3169 illa
3338 3115 3546 3171 anima-

272 3194 389 3248 losa
441 3197 498 3249 in
549 3196 656 3250 alio
707 3196 914 3265 psalmo
954 3198 1193 3252 dicitur:
1232 3216 1251 3249 ι
1288 3197 1427 3264 Quid
1456 3199 1616 3253 detur
1642 3199 1738 3254 tibi
1764 3206 1858 3253 aut

272 3285 403 3352 quid
427 3293 735 3354 apponatur
761 3285 854 3340 tibi
886 3288 952 3341 ad
1009 3287 1246 3357 linguam
1299 3287 1585 3342 dolosam?
1637 3287 1858 3358 Sagitta:

270 3374 518 3443 potentis
567 3382 738 3428 acuta:
783 3390 904 3428 cum
943 3377 1273 3430 carbonibus
1299 3375 1636 3431 desolatoriis
1683 3375 1854 3446 (Prol.

271 3469 448 3528 CXIX).
489 3483 510 3515 ›
545 3464 614 3517 Et
665 3465 718 3518 in
753 3465 858 3519 alio
914 3466 1066 3520 loco:
1107 3485 1125 3516 ι
1163 3467 1340 3521 Habes
1389 3467 1651 3520 carbones
1698 3467 1854 3537 ignis,

273 3557 494 3610 sedebis
546 3571 710 3624 super
755 3572 869 3621 eos,
930 3557 982 3610 bi
1023 3566 1182 3611 erunt
1229 3557 1322 3611 tibi
1360 3557 1411 3610 in
1440 3557 1794 3625 adjutorium.
1833 3578 1850 3608 ι

271 3648 672 3716 Quamcunque
719 3658 1026 3702 creaturam
1073 3648 1469 3718 aspexerimus,
1502 3647 1739 3718 fulgurat
1762 3647 1857 3702 Dei

274 3741 554 3806 notitiam,
626 3742 752 3794 dum
807 3756 873 3795 ex
923 3741 1188 3795 creaturis
1248 3749 1462 3794 creator
1523 3740 1854 3808 agnoscitur.

274 3828 483 3902 (Creg.)
505 3830 776 3900 Aspectus
801 3831 1112 3885 animalium
1136 3831 1465 3886 carbonibus
1497 3830 1635 3900 ignis
1660 3830 1858 3882 arden-

273 3922 421 3975 tibus
449 3930 617 3990 atque
654 3921 993 3992 lampadibus
1033 3930 1396 3992 comparatur.
1436 3921 1692 3990 Quisquis
1713 3920 1855 3973 enim

269 4013 576 4066 carbonem
607 4013 778 4082 tangit
826 4012 1153 4078 incenditur,
1193 4013 1319 4080 quia
1370 4013 1460 4081 qui
1510 4020 1700 4066 sancto
1741 4011 1857 4064 viro

269 4101 542 4164 adhaeret,
567 4115 634 4154 ex
658 4100 775 4168 ejus
805 4102 1118 4156 assiduitate
1153 4102 1396 4165 visionis,
1421 4117 1521 4154 usu
1549 4100 1852 4163 locutionis,

267 4194 525 4262 exemplo
555 4196 754 4263 operis,
784 4196 981 4264 accipit
1004 4203 1066 4248 ut
1088 4194 1418 4249 accendatur
1441 4194 1494 4246 in
1520 4207 1704 4247 amore
1729 4193 1856 4247 eba-

267 4284 478 4349 ritatis,
507 4293 854 4352 peccatorum
884 4300 1104 4339 suorum
1134 4286 1386 4340 tenebras
1416 4283 1606 4355 fugiat,
1641 4285 1698 4339 in
1719 4283 1858 4339 desi-

265 4373 593 4428 deriolucis
619 4375 961 4439 exardescat,
1021 4376 1184 4428 etiam
1236 4391 1334 4444 per
1374 4391 1562 4430 verum
1612 4390 1854 4430 amorem

264 4463 489 4527 ardeat,
541 4462 632 4530 qui
682 4464 832 4531 prius
886 4464 939 4517 in
993 4464 1276 4533 iniquitate
1329 4473 1537 4520 tantum
1586 4475 1853 4532 mortuus,

263 4562 539 4621 quantum
601 4552 828 4624 frigidus
867 4553 1101 4624 jacebat.
1161 4554 1456 4624 Lampades
1506 4569 1637 4610 vero
1680 4555 1854 4610 lucem

263 4660 429 4699 suam
485 4644 700 4714 longius
753 4654 1032 4716 spargunt,
1063 4654 1267 4700 etcum
1320 4648 1371 4700 in
1401 4647 1507 4700 alio
1553 4647 1670 4700 loco
1721 4648 1853 4712 sint,

261 4738 322 4789 in
357 4735 468 4789 alio
529 4735 894 4804 resplendent.
937 4736 1036 4802 Qui
1093 4737 1238 4790 enim
1295 4737 1489 4805 spiritu
1536 4737 1851 4806 prepbetiae,

262 4826 442 4879 verbo
486 4823 767 4890 det-trinae,
818 4826 1201 4880 miraculorum
1253 4825 1418 4895 pollet
1472 4825 1665 4895 gratia,
1695 4826 1854 4896 hujus

258 4913 459 4982 Opinio
482 4912 643 4984 longe
680 4913 896 4984 lateque
925 4922 984 4968 ut
1009 4915 1215 4982 lampas
1247 4914 1388 4968 lucet
1414 4930 1428 4977 ;
1459 4921 1514 4968 et
1538 4913 1736 4981 quique
1763 4915 1857 4968 bo-

258 5019 338 5056 na
392 5003 516 5072 ejus
571 5003 815 5070 audiunt,
847 5005 969 5072 quia
1034 5019 1130 5072 per
1157 5006 1270 5058 haec
1323 5005 1390 5058 ad
1421 5017 1667 5056 amorem
1689 5004 1855 5058 ctele-

257 5094 440 5147 stium
469 5102 719 5162 surgunt,
749 5094 802 5148 in
853 5108 918 5149 eo
942 5093 1085 5163 quod
1127 5110 1186 5149 se
1213 5109 1309 5162 per
1334 5095 1475 5147 bona
1507 5107 1670 5162 opera
1697 5095 1853 5147 exhi-

256 5183 421 5248 bent,
453 5184 610 5252 quasi
636 5199 703 5238 ex
750 5184 1013 5252 lampadis
1062 5183 1267 5236 lumine
1315 5181 1680 5250 resplendent.
1715 5181 1850 5248 Quia

258 5290 408 5344 ergo
458 5275 633 5328 sancti
664 5274 764 5329 viri
817 5274 1076 5344 quosdam
1107 5273 1262 5342 juxta
1313 5288 1372 5327 se
1419 5272 1642 5340 positos,
1697 5273 1850 5341 quasi

257 5365 548 5433 tangendo
601 5363 670 5417 ad
718 5379 958 5418 amorem
1005 5364 1195 5432 patria:
1249 5362 1483 5417 ccelestis
1530 5362 1849 5428 accendunt,

251 5454 535 5508 carbones
559 5463 723 5521 sunt;
755 5454 881 5524 quia
919 5469 1050 5508 vero
1093 5454 1416 5524 quibusdam
1467 5453 1609 5507 clam
1637 5468 1668 5507 e
1697 5454 1852 5524 longe

250 5544 459 5613 positis
491 5545 691 5611 lucent,
721 5562 906 5600 eorum
951 5547 1152 5612 itineri,
1179 5562 1246 5600 ne
1275 5547 1327 5600 in
1372 5547 1608 5616 peccatis
1639 5546 1853 5618 [pecca-

251 5633 474 5707 torum]
498 5634 623 5689 vita:
654 5637 904 5692 tenebras
932 5647 1208 5703 corruant,
1251 5637 1525 5707 lampades
1554 5637 1707 5693 fiunt.
1739 5639 1848 5693 llnc

681 5733 946 5788 l’AI‘IwL.
985 5732 1095 5792 CX

1882 4433 1933 4492 D

1958 3198 2028 3254 lia
2067 3200 2301 3256 calorem
2354 3201 2724 3271 susciperent,
2771 3201 2883 3271 ipsa
2939 3203 2989 3256 in
3033 3204 3328 3260 carbonum
3381 3217 3546 3278 atque

1959 3288 2326 3358 lampadarum
2357 3289 2764 3344 sin'tilitudinem
2812 3305 2916 3344 non
2963 3291 3233 3346 arderent.
3276 3293 3419 3364 Ignis
3458 3307 3538 3350 et-

1959 3380 2100 3433 enim
2117 3379 2354 3443 nomine,
2370 3388 2588 3434 sanctus
2602 3379 2835 3448 Spiritus
2851 3380 3066 3451 figurari
3085 3382 3239 3437 solet.
3269 3385 3340 3438 De
3357 3401 3461 3453 quo
3485 3388 3539 3441 in

1959 3468 2249 3539 Evangelio
2274 3469 2530 3523 Dominus
2580 3469 2750 3524 dicit:
2803 3487 2821 3520 ι
2860 3471 3038 3541 Ignem
3085 3474 3206 3526 veni
3236 3474 3452 3529 mittere
3484 3477 3537 3529 in

1960 3566 2182 3623 terram,
2205 3566 2261 3613 et
2287 3559 2416 3627 quid
2441 3558 2580 3623 volo,
2607 3559 2707 3613 nisi
2742 3567 2799 3613 ut
2823 3560 3186 3615 accendatur?
3214 3561 3363 3633 (Luc.
3386 3563 3538 3634 xm).

1959 3648 2092 3702 Cum
2135 3649 2278 3703 enim
2317 3649 2550 3703 carnalis
2575 3663 2727 3704 mens
2751 3657 2993 3704 sanctum
3026 3650 3285 3721 Spiritum
3317 3654 3531 3723 accipit,

1959 3738 2185 3808 spiritali
2230 3753 2413 3792 amore
2442 3753 2703 3794 succensa
2745 3739 2942 3792 malum
2972 3741 3174 3811 plangit
3203 3743 3344 3812 quod
3388 3743 3538 3799 fecit.

1959 3830 2026 3884 Et
2065 3836 2208 3883 terra
2257 3829 2429 3895 ardet,
2489 3831 2704 3899 quando
2749 3841 3039 3886 accusante
3093 3848 3150 3888 se
3209 3838 3540 3893 conscientia

1957 3935 2051 3973 cor
2076 3918 2374 3988 peccatoris
2424 3919 2598 3972 uritur
2623 3959 2638 3984 ,
2690 3928 2851 3989 atque
2902 3921 2955 3974 in
2989 3921 3174 3977 dolore
3213 3927 3544 3993 pmnitentire

1959 4012 2246 4060 crematur.
2301 4005 2437 4061 Hinc
2475 4023 2664 4063 rursus
2704 4009 2963 4078 scriptum
3008 4020 3133 4066 est:
3195 4033 3212 4063 ι
3252 4015 3390 4071 Deus
3421 4026 3544 4073 tuus

1959 4095 2098 4165 ignis
2121 4111 2447 4154 consumens
2471 4107 2555 4153 est
2581 4097 2756 4170 (Deut.
2789 4103 2881 4173 iv).
2915 4124 2930 4150 ι
2967 4101 3100 4168 Quia
3135 4105 3276 4158 enim
3307 4117 3541 4162 mentem

1957 4201 2119 4256 quam
2165 4187 2472 4257 repleverit,
2507 4205 2686 4263 eanra
2720 4201 3058 4260 peccatorum
3114 4195 3355 4263 rubigine
3382 4213 3538 4250 mun-

1958 4277 2080 4333 dam
2106 4278 2318 4334 reddit:
2350 4279 2575 4336 Creator
2602 4259 2786 4338 n'oster
2811 4293 2864 4336 et
2909 4285 3048 4354 ignis
3084 4259 3280 4340 dicitur
3316 4297 3370 4342 et
3411 4303 3541 4346 con-

1959 4383 2195 4424 sumens.
2243 4369 2475 4426 Sanctus
2505 4388 2632 4443 ergo
2665 4372 2900 4444 Spiritus
2927 4375 2979 4428 in
3008 4377 3184 4430 medio
3223 4378 3537 4435 animalium

1959 4461 2210 4528 splendor
2238 4463 2376 4533 ignis
2403 4471 2458 4517 et
2485 4465 2551 4518 de
2577 4465 2698 4532 igne
2725 4464 2900 4534 fulgur
2924 4467 3206 4536 egrediens
3230 4469 3542 4528 discurrere

1959 4551 2174 4617 dicitur,
2231 4555 2356 4624 quia
2407 4555 2712 4610 universam
2741 4555 3038 4610 Ecclesiam
3066 4558 3298 4628 replens,
3347 4561 3399 4615 in
3431 4563 3540 4618 cle-

1959 4652 2167 4697 ctorum
2197 4645 2449 4700 cordibus
2476 4661 2541 4700 ex
2570 4649 2746 4715 seipse
2771 4646 3014 4702 lianunas
3057 4651 3257 4706 amoris
3302 4653 3535 4722 projicit,

1959 4743 2018 4788 nt
2049 4736 2260 4790 corusci
2303 4751 2453 4791 more
2495 4752 2591 4806 per
2616 4747 2876 4794 terrorem
2904 4740 3084 4801 feriat,
3117 4751 3169 4795 et
3199 4743 3262 4795 ad
3295 4759 3536 4801 amorem

1957 4839 2113 4879 suum
2158 4827 2320 4880 corda
2369 4828 2634 4896 torpentia
2675 4832 2957 4883 accendat.
3003 4829 3109 4885 Sed
3149 4833 3274 4900 quia
3303 4831 3537 4904 Spiritus

1961 4923 2182 4974 sanctus
2203 4914 2344 4970 Deus
2366 4927 2490 4972 ante
2505 4918 2699 4972 smcula
2716 4918 2859 4973 Patri
2880 4928 2964 4975 est
2991 4929 3043 4975 et
3059 4921 3195 4976 Filio
3214 4933 3534 4988 coaeternus,

1959 5006 2304 5074 quaerendum
2329 5007 2483 5062 nobis
2519 5016 2605 5062 est
2638 5022 2736 5062 cur
2761 5008 3064 5064 discurrere
3093 5010 3320 5065 dicatur.
3349 5011 3535 5068 Omnis

1958 5097 2156 5150 etenim
2183 5097 2272 5166 qui
2303 5097 2578 5163 discurrit,
2624 5102 2832 5154 accedit
2861 5103 2926 5157 ad
2953 5102 3150 5167 locum,
3195 5105 3247 5157 in
3274 5120 3381 5174 quo
3425 5121 3532 5159 non

1961 5185 2078 5251 fuit,
2130 5197 2184 5241 et
2207 5204 2331 5242 eum
2359 5189 2561 5244 deserit
2588 5191 2641 5244 in
2687 5207 2795 5261 quo
2821 5192 2941 5247 fuit.
2990 5194 3105 5262 Qua
3139 5196 3299 5266 igitur
3327 5197 3535 5250 ratione

1958 5277 2260 5332 discurrere
2284 5279 2541 5349 Spiritum
2566 5283 2826 5348 dicamus,
2853 5287 2975 5340 dum
2995 5297 3183 5341 cuneta
3206 5288 3342 5340 intra
3361 5289 3532 5356 ipsum

1957 5369 2082 5432 sint,
2134 5378 2189 5423 et
2219 5370 2369 5425 locus
2406 5386 2670 5441 nusquam
2699 5375 2768 5429 sit
2802 5376 2889 5430 ubi
2924 5394 3027 5430 non
3072 5377 3190 5433 sit?
3242 5378 3380 5432 sicut
3401 5379 3536 5433 scri-

1956 5468 2104 5527 ptum
2134 5469 2253 5515 est:
2302 5479 2320 5510 ι
2356 5461 2587 5531 Spiritus
2635 5463 2846 5519 Domini
2886 5466 3108 5536 replevit
3145 5469 3328 5522 orbem
3360 5476 3534 5522 terra-

1959 5565 2075 5602 rum
2101 5549 2251 5620 (Sap.
2278 5551 2338 5620 I).
2375 5571 2392 5604 ›
2432 5552 2499 5606 Ει
2529 5562 2707 5608 tamen
2737 5571 2860 5609 cum
2885 5557 3000 5611 laus
3030 5557 3303 5627 sapientize
3330 5559 3535 5614 descri-

1959 5643 2518 5712 beretur,adjunctum
2547 5654 2628 5700 est
2654 5664 2665 5698 :
2697 5647 2820 5702 «Est
2840 5649 2980 5703 enim
3010 5649 3062 5702 in
3088 5649 3175 5702 illa
3191 5649 3425 5723 Spiritus
3449 5653 3534 5705 in-

3027 5744 3099 5801 17
