3950 6184
410 337 531 392 ῖῖἑίὶῧ

1096 337 1154 391 Β.
1196 332 1445 391 RABANI
1489 332 1704 387 MAUR!
1743 330 1993 387 ARCHIE

2100 328 2406 386 MOGUNT.
2444 329 2726 386 OPERUM
2758 326 2937 385 PARS
2974 328 3035 385 ll.

3591 328 3692 385 524

424 452 690 515 tellectus,
728 458 965 514 sanctus,
1008 450 1221 513 unicus,
1268 448 1575 518 muliplex,
1627 445 1861 510 subtilis,
1891 462 2009 500 mo-
2038 452 2086 511 Λ
2114 445 2215 499 etsi
2248 446 2315 500 ab
2351 460 2537 500 eorum
2573 445 2734 500 corde
2772 444 2839 499 ad
2887 450 3218 498 momentum
3263 443 3577 508 recesserit,
3622 445 3696 499 ci-

424 542 566 596 l-ilis.
592 562 608 592 ι
640 542 701 595 Et
729 542 884 609 paulo
906 549 1045 609 post,
1078 558 1097 591 ι
1122 542 1408 602 humanus,
1429 538 1656 593 stabilis.
1681 558 1698 590 ι
1729 538 1783 591 ιιι
1807 538 2003 607 quibus

422 648 635 687 rursum
668 633 845 685 verbis
892 647 1081 702 magna
1132 632 1287 685 nobis
1312 632 1537 701 quzestio
1560 631 1753 695 oritur,
1777 646 1878 686 cur
1902 631 2005 685 iste

408 722 660 788 spiritus,
691 722 781 790 qui
810 721 995 791 implet
1023 722 1226 785 omnia,
1259 721 1419 776 simul
1462 721 1677 776 mobilis
1714 729 1769 774 et
1795 720 2006 775 stabilis

419 813 668 876 dicatur;
702 812 795 866 sed
838 811 881 864 si
912 812 977 864 ad
1010 827 1164 866 usum
1195 812 1601 867 consuetudinis
1645 812 1893 865 humanae
1921 826 2006 865 re-

418 902 706 967 cnrrimus,
742 917 958 957 sensum
984 903 1146 958 citius
1174 902 1444 972 loquentis
1475 903 1795 957 invenimus.
1834 902 2007 957 Homo

420 990 638 1060 quippe,
669 991 761 1060 qui
792 992 845 1045 in
874 1007 936 1046 ea
981 992 1199 1063 regione
1249 993 1302 1047 in
1331 1008 1436 1061 qua
1460 1002 1543 1047 est
1568 993 1765 1062 ubique
1808 994 2009 1048 discur-

420 1083 512 1145 rit,
543 1083 730 1151 procul
752 1084 913 1137 dubio
941 1084 1137 1152 ubique
1158 1084 1373 1140 obviam
1395 1086 1542 1139 venit
1562 1094 1616 1140 ct
1646 1097 1886 1154 repente,
1915 1086 2005 1140 ubi

423 1188 527 1226 non
583 1174 842 1239 creditur,
878 1174 1166 1228 invenitur.
1218 1173 1568 1244 Omnipotens
1595 1191 1723 1246 ergo
1746 1174 2002 1243 Spiritus,

419 1276 477 1317 ut
521 1264 716 1333 ubique
762 1266 1045 1332 praesentia
1074 1265 1401 1333 signaretur,
1433 1264 1591 1319 simul
1620 1273 1676 1319 et
1700 1264 1915 1319 mobilis
1955 1272 2009 1318 et

418 1353 629 1407 stabilis
681 1354 897 1408 dicitur.
935 1354 1180 1418 Slubilis,
1231 1354 1354 1422 quia
1385 1368 1483 1422 per
1534 1362 1783 1408 naturam
1824 1353 2006 1408 omnia

416 1445 677 1499 continet.
726 1445 936 1500 Mobilis
968 1456 1146 1498 autem
1182 1445 1401 1510 dicitur,
1439 1446 1564 1514 quia
1590 1446 1791 1515 ubique
1843 1445 2006 1500 etiam

418 1536 779 1590 nescientibus
831 1536 1087 1591 occurrit.
1141 1535 1354 1591 Tencns
1397 1549 1528 1607 ergo
1561 1538 1742 1590 omnia
1774 1536 2003 1601 stabilis,

417 1635 733 1694 pensantem
763 1642 821 1682 se
845 1628 1095 1682 omnibus
1139 1628 1404 1682 exhibens
1439 1627 1651 1682 mobilis
1679 1627 2001 1698 appellatur.

417 1714 681 1785 Splendor
708 1732 836 1787 ergo
861 1716 1020 1786 ignis,
1049 1717 1183 1772 etde
1201 1718 1324 1786 igne
1350 1717 1526 1788 fulgur
1552 1719 1837 1789 egrediens
1863 1718 2004 1773 inter

2107 537 2212 592 tius
2252 537 2409 591 redit.
2444 536 2705 606 Sequitur
2742 553 2754 589 :
2813 553 2833 586 ‹
2862 534 2930 588 Et
2956 532 3207 587 animalia
3239 532 3394 588 ibant
3418 542 3474 587 et
3519 549 3695 588 rever—

2109 645 2129 677 ι
2165 627 2418 681 tebantur
2452 625 2503 679 in
2545 624 2948 679 similitudinem
2998 622 3226 692 fulguris
3274 624 3634 678 coruscantis.
3672 644 3689 677 ι

2105 716 2376 789 (Ηὶετοη.)
2426 716 2656 784 Quidam
2696 730 2828 769 vero
2854 730 2921 770 ne
2949 721 3138 769 contra
3172 714 3382 784 priores
3405 713 3547 770 duas
3578 730 3698 769 sen-

2108 808 2306 862 tentias
2335 808 2596 877 propheta
2640 806 2821 860 dicere
2854 805 3147 870 vidcretur,
3188 805 3290 858 hoc
3315 803 3462 873 quod
3502 813 3696 873 putant

2104 914 2222 954 esse
2249 899 2604 962 contrarium,
2620 899 2672 953 id
2693 906 2778 953 est
2800 916 2818 949 ι
2844 906 2901 952 et
2931 896 3184 951 animalia
3199 898 3588 963 currebant,et
3610 915 3696 953 re-

2107 990 2474 1055 vertebantur,
2486 1009 2506 1042 D
2526 989 2789 1045 silendum
2807 998 3156 1060 putaverunt.
3172 1005 3240 1044 ne
3253 988 3452 1059 legenti
3467 991 3697 1045 scanda-

2107 1082 2214 1135 lum
2238 1081 2458 1137 faeciet.
2501 1081 2691 1137 Melius
2712 1089 2797 1137 est
2816 1089 2997 1136 autem
3027 1082 3085 1136 in
3108 1081 3305 1137 divinis
3328 1082 3485 1137 libris
3523 1092 3697 1138 trans-

2106 1173 2268 1238 ferre,
2290 1174 2437 1242 quod
2464 1173 2665 1227 dictum
2690 1181 2798 1238 est,
2836 1172 2959 1228 licet
2984 1190 3089 1229 non
3123 1174 3395 1247 intelligas
3425 1189 3599 1244 quare
3619 1175 3698 1230 di—

2105 1270 2250 1313 ctum
2289 1260 2380 1326 sit,
2430 1276 2593 1330 quam
2639 1260 2854 1316 auferre
2881 1260 3025 1331 quod
3080 1263 3309 1317 nescias.
3356 1263 3613 1334 Alioquin
3644 1274 3698 1320 et

2106 1348 2274 1403 multa
2302 1350 2431 1415 alia,
2456 1364 2577 1419 qua:
2607 1350 2895 1407 inell‘abilia
2924 1359 3072 1417 sunt,
3107 1361 3163 1407 et
3189 1353 3459 1408 humanus
3482 1356 3696 1409 animus

2106 1457 2213 1496 non
2285 1442 2449 1512 capit,
2476 1443 2580 1498 hac
2612 1442 2830 1500 licentia
2870 1444 3207 1499 delebontur.
3254 1444 3365 1501 Nos
3387 1454 3571 1501 autem
3598 1448 3698 1502 hoc

2106 1533 2355 1599 dicimus,
2391 1535 2534 1603 quod
2557 1534 2830 1604 quomodo
2858 1536 2912 1589 in
2942 1535 3254 1592 Proverbiis
3278 1536 3333 1590 in
3360 1538 3556 1592 eodem
3582 1537 3699 1594 loco

2105 1625 2365 1693 scriptum
2391 1634 2477 1680 est
2500 1641 2514 1679 :
2549 1642 2569 1676 ι
2596 1623 2672 1680 Ne
2692 1624 3019 1694 respondeas
3044 1625 3209 1680 stulto
3230 1627 3530 1681 secundum
3562 1628 3697 1683 stul-

2106 1714 2281 1769 titiam
2308 1730 2481 1782 suam,
2538 1731 2607 1770 ne
2630 1716 2822 1771 similis
2864 1716 2913 1770 ei
2959 1716 3059 1772 tias
3100 1716 3283 1787 (Prov.
3338 1717 3517 1789 xxvi),
3567 1738 3587 1770 ι
3642 1727 3697 1773 et

414 1815 646 1875 pennata
677 1807 930 1861 animalia
962 1807 1237 1873 discurrit,
1261 1808 1388 1878 quia
1428 1806 1664 1878 Spiritus
1685 1817 1907 1864 sanctus
1934 1808 2007 1863 si-
2035 1804 2082 1864 Β
2110 1818 2323 1858 rursum
2359 1803 2596 1874 ponitur,
2649 1807 2791 1875 quod
2831 1806 2988 1860 nobis
3037 1806 3250 1860 videtur
3301 1820 3424 1862 esse
3472 1816 3693 1862 contra-

414 1895 526 1949 tnul
574 1895 802 1965 singulis
829 1905 991 1965 atque
1040 1896 1295 1952 onmibus
1323 1907 1520 1967 praesto
1557 1896 1640 1963 iit,
1670 1905 1741 1952 et
1766 1898 2006 1953 incendit

416 2000 551 2054 quos
588 1986 838 2054 tetigerit.
890 1986 1163 2041 llluminat
1187 2003 1323 2056 quos
1362 1988 1624 2051 incendit,
1668 1997 1727 2042 ut
1762 1998 1886 2058 post
1910 1989 2004 2044 [ri-

411 2091 515 2145 gus
541 2074 827 2144 pristinum
869 2076 1081 2130 accensi
1108 2077 1356 2141 ardeant,
1384 2086 1439 2131 et
1460 2094 1558 2147 per
1585 2079 1764 2148 ignem
1804 2079 2004 2134 amoris

414 2180 573 2234 quem
604 2167 908 2235 acceperint
928 2165 1171 2222 ﬂammas
1196 2169 1567 2239 exemplorum
1596 2170 1842 2225 reddant.
1874 2170 2001 2224 Ful-

413 2268 516 2322 gur
535 2253 733 2324 quippe
756 2255 822 2309 de
849 2254 953 2310 hoc
984 2255 1106 2324 igne
1131 2257 1416 2325 egrediens
1446 2267 1719 2328 torpentes
1745 2260 2001 2329 percutit,

416 2358 615 2412 eosque
663 2345 1013 2412 percutienda
1058 2346 1257 2403 excitat
1305 2355 1362 2403 et
1396 2348 1723 2415 inﬂammat,
1776 2360 1836 2404 ut
1881 2360 2003 2420 post

411 2449 654 2489 amorem
698 2436 843 2491 illius
885 2440 1137 2494 ardentes
1160 2440 1364 2511 pariter
1391 2449 1447 2496 et
1474 2440 1716 2497 lucentes
1759 2451 1997 2497 currant.

416 2525 569 2581 Unde
617 2526 752 2582 alias
805 2528 1065 2599 scriptum
1105 2540 1224 2586 est:
1283 2549 1302 2583 ι
1341 2531 1590 2587 Thronus
1628 2533 1746 2603 ejus
1787 2534 2001 2588 llamma

415 2615 573 2684 ignis,
603 2626 733 2671 rota:
760 2616 877 2685 ejus
900 2619 1038 2689 ignis
1058 2635 1319 2676 accensus
1347 2620 1506 2693 (Dan.
1534 2626 1652 2689 vn).
1697 2641 1715 2673 ι
1754 2620 1821 2675 lli
1854 2622 2001 2676 enim

412 2705 503 2773 qui
561 2705 861 2761 animarum
919 2711 1170 2766 custodes
1223 2722 1378 2775 sunt,
1427 2721 1484 2767 et
1519 2712 1774 2782 pascendi
1824 2713 2003 2784 gregis

412 2811 580 2849 onera
606 2809 985 2867 susceperunt,
1022 2809 1234 2855 mutare
1275 2802 1390 2858 loca
1423 2804 2001 2881 minime/permittun-

413 2892 521 2938 tur.
551 2883 657 2939 Sed
683 2887 810 2956 quia
836 2904 941 2942 nno
969 2889 1021 2943 in
1046 2889 1162 2944 loco
1190 2892 1350 2960 positi
1377 2892 1683 2948 divinitatis
1709 2894 1763 2947 in
1784 2908 1843 2948 se
1863 2908 2001 2963 prie-

413 2973 640 3026 sentiam
672 2983 884 3043 portant
912 2985 966 3030 et
990 2979 1202 3044 ardent,
1237 2980 1462 3036 thronus
1488 2981 1583 3036 Dei
1614 2980 1829 3037 ﬂamma
1860 2983 2001 3052 ignis

413 3065 630 3118 dicitur.
658 3066 720 3120 lli
745 3075 947 3132 autem,
978 3070 1068 3139 qui
1094 3086 1278 3126 amore
1299 3071 1510 3127 Domini
1543 3074 1594 3127 in
1618 3075 1999 3143 praedicatione

2107 1894 2246 1948 rium
2271 1911 2284 1944 :
2307 1911 2327 1945 ι
2356 1893 2643 1962 Responde
2673 1894 2835 1949 stulto
2867 1894 3160 1949 secundum
3199 1894 3485 1950 stultitiam
3517 1911 3693 1959 suam,

2106 1997 2176 2039 ne
2224 1984 2329 2040 sibi
2357 1985 2576 2054 sapiens
2609 1999 2728 2039 esse
2768 1985 3018 2039 videatur
3085 1984 3698 2057 (Ibid.);tetutrumque

2102 2090 2201 2145 pro
2246 2084 2546 2145 temporum
2578 2084 2633 2130 et
2655 2090 3009 2144 personarum
3040 2075 3353 2132 diversitate
3374 2080 3694 2143 concordat,

2102 2164 2228 2220 dum
2253 2173 2311 2221 et
2333 2165 2529 2219 stultus
2561 2165 2948 2230 contemnitur,
2973 2165 3099 2235 quia
3127 2182 3236 2222 non
3257 2166 3450 2237 recipit
3478 2168 3694 2237 sapien-

2104 2256 2257 2320 tiam,
2294 2261 2350 2309 et
2378 2255 2544 2309 stulta
2565 2255 2818 2324 superbia
2859 2254 2963 2309 alia
2989 2255 3262 2310 deeutitur
3284 2256 3541 2321 stultitia,
3564 2256 3692 2325 jux-

2105 2353 2159 2400 ta
2207 2345 2350 2415 quod
2374 2355 2430 2401 et
2462 2345 2752 2415 Apostolus
2781 2346 2947 2401 dicit:
2983 2365 3002 2398 ι
3031 2346 3232 2403 Factus
3261 2364 3379 2404 sum
3406 2349 3689 2421 insipiens,

2100 2453 2198 2493 vos
2222 2453 2310 2493 me
2334 2437 2685 2509 coegistisUI
2713 2436 2839 2492 Cor.
2865 2438 2998 2510 xu);
3022 2458 3041 2492 ι
3062 2441 3135 2495 ita
3159 2440 3292 2495 etin
3324 2442 3429 2496 hoc
3456 2441 3577 2496 loco
3599 2443 3691 2498 de-

2100 2527 2229 2582 bere
2265 2542 2363 2583 nos
2391 2542 2655 2597 quazrere,
2684 2543 2856 2598 quare
2882 2544 3044 2599 supra
3094 2530 3331 2585 secundo
3359 2531 3563 2587 dictum
3598 2534 3688 2594 sit,

2106 2634 2126 2667 ι
2150 2632 2253 2671 non
2271 2618 2682 2672 revertebantur
2694 2618 2944 2673 animalia
2958 2634 3080 2674 cum
3098 2619 3428 2687 incederent,
3442 2641 3461 2673 ι
3479 2631 3534 2676 et
3547 2638 3691 2677 nunc

2100 2707 2288 2772 semel,
2317 2727 2336 2759 ι
2353 2707 2603 2763 animalia
2624 2708 2983 2763 currebantet
3008 2712 3437 2777 revertebantur,
3460 2731 3481 2765 ι
3511 2722 3688 2768 esset-

2100 2817 2204 2873 que
2228 2801 2476 2870 quaastio,
2509 2802 2610 2856 nisi
2640 2810 2979 2871 sequeretur,
3016 2822 3035 2853 ι
3066 2803 3120 2857 in
3144 2803 3553 2859 similitudinem
3587 2804 3694 2859 ful-

2100 2892 2246 2963 goris
2266 2893 2625 2959 coruscantis,
2649 2912 2668 2943 ι
2689 2892 2833 2962 quod
2853 2893 3111 2949 hebraieo
3124 2909 3373 2951 sermone
3382 2896 3586 2951 dicitur
3597 2897 3693 2951 be-

2101 2995 2214 3044 zec,
2251 2988 2306 3035 et
2333 2980 2718 3051 interpretatus
2758 2990 2844 3036 est
2874 2980 3250 3053 Symmachus,
3279 2984 3431 3051 quasi
3475 2985 3692 3050 species

2100 3071 2234 3125 radii
2266 3071 2509 3142 fulgoris.
2540 3072 2819 3139 Quomodo
2844 3073 3008 3143 igitur
3034 3075 3242 3129 crebris
3282 3075 3443 3129 micat
3471 3077 3691 3146 ignibus

413 3154 765 3219 discurrunt,
816 3165 947 3213 rota:
998 3158 1113 3227 ejus
1157 3161 1297 3232 ignis
1346 3164 1597 3219 ardentes
1638 3174 1812 3220 sunt:
1869 3167 1993 3237 quia

2098 3163 2286 3227 :ether,
2322 3170 2379 3217 et
2406 3162 2460 3216 in
2505 3162 2617 3217 ictu
2658 3163 2800 3217 oculi
2840 3174 3003 3233 atque
3047 3173 3320 3220 momento
3369 3166 3691 3221 discurrunt

414 3260 534 3297 cum
583 3260 649 3302 ex
692 3244 807 3314 ejus
844 3248 1110 3307 desiderio
1161 3267 1260 3322 per
1296 3254 1446 3308 varia
1495 3254 1610 3310 loca
1661 3256 1994 3324 discurrunt,

414 3335 555 3389 unde
594 3336 692 3405 ipsi
722 3337 914 3394 ardent
961 3348 1016 3395 et
1058 3340 1196 3397 alios
1229 3345 1552 3400 accendunt.
1601 3347 1784 3403 Potest
1813 3355 1993 3404 tamen

414 3427 684 3484 discursus
712 3439 872 3500 atque
916 3433 1186 3489 mobilitas
1223 3436 1444 3506 spiritus
1471 3438 1817 3507 requisitionc
1854 3440 1992 3495 alte-

414 3519 523 3587 rius
556 3522 1004 3579 considerationis
1031 3524 1251 3598 intelligi
1284 3538 1300 3576 :
1332 3529 1385 3583 in
1433 3539 1741 3584 sanctorum
1792 3533 1992 3603 quippe

411 3610 662 3665 cordibus
712 3610 865 3680 juxta
921 3616 1180 3683 quasdam
1235 3617 1464 3674 virtutes
1513 3635 1729 3690 semper
1774 3632 1985 3678 manet:

406 3709 566 3764 Juxta
594 3705 852 3772 quasdam
874 3721 1000 3761 vero
1022 3722 1333 3765 recessurus
1354 3710 1517 3776 venit,
1549 3720 1606 3766 ct
1625 3720 1882 3769 venturus
1907 3728 1991 3768 re-

409 3792 571 3845 cellit.
621 3793 679 3847 ln
729 3793 833 3850 (ide
861 3797 1185 3868 etenim,spc
1208 3808 1264 3853 et
1311 3801 1596 3866 charitate,
1637 3814 1691 3857 et
1732 3804 1786 3857 in
1833 3805 1990 3861 bonis

408 3883 548 3948 aliis,
582 3884 698 3938 sine
746 3887 940 3954 quibus
977 3888 1044 3941 ad
1078 3890 1351 3945 caelestem
1396 3894 1624 3962 patriam
1660 3911 1766 3950 non
1810 3904 1991 3965 potest

408 3973 700 4038 perveniri,
752 3976 894 4029 sicut
931 3976 1223 4043 humilitas,
1276 3984 1528 4047 castitas,
1566 3983 1775 4053 justitia
1823 3997 1985 4057 atque

410 4062 811 4129 n’tiscrieordia,
863 4064 1223 4134 perfecturum
1286 4072 1448 4125 corda
1497 4087 1603 4126 non
1654 4075 1871 4129 deserit.
1923 4075 1984 4130 In

407 4153 700 4221 prophetia:
728 4168 855 4208 vero
881 4155 1094 4219 virtute,
1143 4157 1404 4214 doctrina:
1450 4160 1724 4229 facundia,
1753 4166 1986 4222 miracu-

408 4241 579 4296 lorum
605 4243 934 4299 ealtibitione
957 4245 1144 4301 electis
1184 4249 1295 4303 suis
1335 4250 1621 4321 aliquando
1647 4255 1838 4320 adest,
1887 4257 1986 4311 ali-

403 4332 618 4401 quando
647 4348 706 4389 se
726 4334 993 4390 subtrahit
1018 4337 1199 4392 :adest
1223 4347 1281 4392 ut
1299 4339 1664 4408 eleventur,et
1689 4345 1754 4399 ad
1781 4356 1982 4401 semet-

405 4425 579 4495 ipsum
648 4427 951 4494 subtrahit,
1010 4436 1069 4482 ut
1126 4430 1518 4486 humilienlur:
1578 4435 1731 4490 adest
1782 4447 1842 4491 ut
1890 4453 1983 4495 eos

402 4527 618 4573 ostensa
670 4520 865 4576 virtute
930 4521 1227 4591 gloriﬁcet;
1283 4526 1482 4580 recedit
1549 4535 1608 4581 ut
1661 4529 1981 4601 semetipsos

402 4607 678 4662 subtracta
713 4608 830 4678 ejus
869 4613 1068 4668 virtute
1117 4627 1468 4685 cognoscant,
1514 4619 1667 4675 adest
1708 4630 1766 4676 ut
1799 4632 1982 4679 osten-

403 4696 495 4749 dat
521 4698 648 4767 quid
690 4714 783 4767 per
811 4700 982 4770 ipsum
1012 4704 1144 4769 sint,
1192 4708 1393 4762 recedit
1438 4719 1496 4764 ut
1522 4710 1850 4779 patefaciat,
1889 4717 1980 4785 qui

405 4785 485 4839 vel
518 4786 702 4856 quales
744 4802 1052 4847 remaneant
1074 4795 1191 4851 sine
1219 4798 1356 4866 ipso.
1410 4799 1466 4853 In
1518 4801 1601 4855 his
1646 4803 1829 4874 itaque
1875 4806 1983 4860 vir-

405 4875 605 4931 tutibus
649 4877 766 4933 sine
799 4880 994 4948 quibus
1039 4886 1107 4939 ad
1150 4887 1313 4943 vitam
1365 4890 1588 4946 minime
1646 4896 1979 4963 pervenitur,

403 4973 623 5019 sanctus
651 4963 883 5034 Spiritus
913 4969 965 5023 in
1007 4971 1301 5031 electorum
1338 4993 1557 5034 suorum
1579 4984 1831 5040 cordibus
1858 5002 1981 5056 per—

405 5065 604 5112 manet.
635 5057 690 5112 ln
721 5058 804 5113 his
836 5074 963 5116 vero
990 5077 1089 5131 per
1118 5080 1253 5133 quas
1280 5072 1583 5127 sanctitatis
1604 5073 1775 5130 virtus
1798 5088 1979 5132 osten-

399 5146 565 5212 ditur,
609 5146 896 5217 aliquando
931 5150 1354 5210 misericorditer
1397 5169 1594 5228 pneslo
1620 5171 1741 5228 est,
1787 5174 1842 5219 et
1880 5166 1979 5220 ali-

398 5239 614 5308 quando
663 5239 1089 5296 misericorditer
1129 5247 1351 5301 recedit.
1404 5250 1722 5309 Discurrens
1749 5270 1880 5325 ergo
1925 5266 1979 5312 et

398 5328 614 5384 mobilis
647 5330 867 5401 spiritus
900 5330 1115 5398 dicitur,
1160 5336 1284 5405 quia
1314 5338 1369 5392 in
1393 5340 1561 5412 signis
1604 5353 1767 5414 atque
1804 5348 1970 5401 virtu-

399 5417 541 5474 tibus
570 5417 725 5487 juxta
758 5421 1179 5494 uniuSt-ujusque
1225 5435 1402 5483 votum
1450 5435 1703 5489 continue
1748 5451 1851 5490 non
1880 5439 1973 5492 ha-

397 5508 570 5587 betur.
617 5508 759 5564 Bene
803 5520 981 5566 autem
1013 5515 1152 5568 inter
1177 5524 1361 5570 sancta
1391 5520 1646 5576 animalia
1671 5524 1974 5582 discurrere

396 5599 725 5664 perhibetur.
776 5601 1059 5657 Discursus
1094 5605 1292 5676 quippe
1335 5608 1403 5662 ad
1444 5611 1776 5668 celeritatem
1807 5619 1974 5684 perti-

403 5699 507 5743 net.
555 5691 698 5746 Inter
742 5693 1006 5764 perfectos
1064 5707 1241 5753 autem
1281 5699 1538 5758 discurrit
1574 5704 1816 5773 spiritus,
1846 5709 1970 5778 quia

2094 3249 2303 3323 fulgora
2327 3262 2384 3308 et
2411 3262 2777 3319 revertuntur,
2812 3269 2918 3309 non
2961 3255 3262 3310 amittentia
3292 3256 3598 3323 matricem,
3632 3267 3689 3312 et

2094 3351 2152 3399 ut
2180 3344 2252 3399 ita
2290 3345 2491 3410 dicam,
2533 3344 2733 3399 fontem
2763 3345 2903 3416 ignis
2929 3356 3091 3415 atque
3133 3348 3413 3402 materiam
3451 3368 3465 3403 :
3514 3350 3592 3404 ita
3632 3361 3691 3406 et

2092 3436 2207 3491 haec
2233 3435 2481 3490 animalia
2529 3452 2652 3490 cum
2679 3426 2940 3491 inoil'enso
2962 3447 3187 3508 pergant
3213 3439 3369 3508 pede,
3400 3440 3468 3495 ad
3496 3440 3685 3510 priora

2089 3522 2370 3580 festinant.
2431 3525 2486 3580 Si
2515 3536 2695 3581 autem
2724 3528 2940 3582 conatui
2968 3543 3067 3583 suo
3095 3528 3296 3599 aliquid
3329 3530 3564 3584 obsitum
3596 3533 3681 3586 vl-

2090 3617 2289 3681 derint,
2319 3632 2424 3671 non
2455 3625 2561 3671 tam
2588 3626 2950 3685 revertuntur,
3004 3636 3165 3690 quam
3193 3633 3382 3676 contra
3426 3623 3572 3677 hunc
3619 3639 3683 3678 se

2089 3707 2426 3761 ostendenda
2459 3723 2675 3763 rursum
2717 3718 2772 3763 et
2810 3710 3101 3779 praebitura
3138 3711 3344 3778 lumen,
3390 3715 3533 3783 quod
3584 3730 3683 3784 pa-

2089 3813 2309 3867 rumper
2359 3800 2778 3866 absconderant,
2825 3811 2885 3857 ut
2928 3802 3056 3857 dent
3109 3804 3284 3859 servis
3336 3805 3563 3869 cibaria,
3621 3806 3676 3860 in

2091 3895 2328 3957 tempore
2374 3902 2491 3954 suo,
2542 3904 2643 3945 nec
2688 3890 2928 3945 tribuant
2973 3900 3220 3947 sanetum
3256 3894 3518 3958 canibus,
3572 3911 3681 3951 nec

2087 3977 2306 4031 mittant
2358 3980 2682 4050 margaritas
2727 3989 2852 4036 ante
2898 3996 3093 4050 porcos
3123 3981 3275 4053 (Luc.
3332 3999 3440 4049 xu;
3476 3984 3672 4040 Matth.

2086 4068 2206 4139 vn).
2240 4067 2390 4124 Unde
2412 4076 2467 4123 et
2489 4068 2690 4123 Paulus
2717 4071 2847 4124 dicit
2873 4086 2885 4123 :
2925 4091 2943 4121 ι
2976 4070 3086 4125 Lac
3116 4072 3269 4127 vobis
3311 4081 3499 4142 potum
3525 4074 3672 4137 dedi,

2086 4174 2194 4212 non
2237 4174 2448 4224 escam,
2501 4160 2728 4215 necdum
2782 4160 2928 4215 enim
2956 4176 3148 4231 capere
3174 4163 3436 4232 poteratis
3465 4162 3515 4233 (I
3544 4161 3671 4217 Cor.

2086 4247 2191 4320 ιιι).
2225 4267 2244 4300 ›
2272 4249 2582 4318 Electioque
2621 4248 2773 4305 Iuda:
2793 4260 2848 4306 et
2875 4250 3053 4307 Saulis
3081 4256 3261 4308 unctio
3302 4269 3408 4307 non
3437 4263 3676 4324 arguunt

2085 4336 2254 4392 Deum
2284 4338 2606 4409 ignorantia:
2643 4339 2968 4407 futurorum,
3009 4343 3104 4397 sed
3130 4344 3477 4413 praesentium
3517 4360 3669 4399 mon-

2084 4436 2259 4483 strant
2300 4427 2702 4496 essejudicem.
2748 4430 2900 4485 Unde
2947 4440 3003 4486 et
3054 4432 3311 4500 apostolis
3357 4433 3675 4502 prmcipitur

2086 4516 2298 4588 (Matth.
2330 4518 2408 4591 Χ),
2449 4528 2506 4573 ιιι
2531 4520 2574 4575 si
2621 4521 2896 4589 indignam
2938 4521 3153 4576 domum
3197 4522 3522 4578 salutatione
3546 4538 3673 4592 per-

2084 4608 2387 4676 spexerint,
2418 4609 2695 4664 excutiant
2721 4611 2873 4679 prius
2900 4610 3064 4680 pedes
3087 4651 3102 4675 ,
3147 4619 3204 4665 et
3229 4625 3330 4681 pax
3358 4625 3524 4680 quam
3571 4611 3673 4665 do.

2084 4698 2197 4752 mui
2222 4697 2482 4753 dederant
2513 4708 2812 4755 revertetur
2854 4702 2921 4756 ad
2960 4715 3073 4756 eos.
3103 4698 3306 4774 (Greg.)
3336 4700 3471 4756 Cum
3505 4716 3668 4770 snpe-

2086 4789 2200 4844 rius
2248 4789 2450 4845 dictum
2480 4801 2581 4855 est,
2619 4810 2637 4843 ι
2683 4807 2789 4847 non
2828 4795 3235 4848 revertebantur
3260 4808 3384 4848 cum
3422 4793 3669 4848 ambula-

2091 4887 2230 4944 rent,
2261 4897 2280 4931 ι
2320 4895 2424 4950 qua
2455 4882 2664 4938 ratione
2687 4899 2830 4940 nunc
2851 4885 3083 4940 dicitur:
3116 4883 3412 4940 «Animalia
3432 4883 3592 4941 ibant
3617 4898 3674 4941 ct

2083 4969 2511 5036 revertebantur,
2542 4991 2561 5024 ι
2588 4972 2740 5028 valde
2760 4974 2863 5028 sibi
2885 4974 3003 5029 haec
3021 4974 3276 5029 videntur
3293 4989 3413 5030 esse
3441 4987 3670 5031 contra-

2082 5056 2184 5109 ria.
2205 5056 2340 5123 Quia
2370 5076 2389 5109 ι
2412 5058 2581 5124 ibant,
2607 5068 2785 5115 etnon
2812 5063 3241 5128 revertebantur,
3266 5082 3284 5115 ι
3307 5073 3366 5119 et
3393 5083 3412 5116 ι
3439 5064 3596 5119 ibant
3613 5075 3670 5119 et

2082 5148 2506 5232 revertebantur.
2541 5169 2561 5202 ι
2586 5149 2693 5205 Sed
2721 5152 2952 5221 qualiter
2972 5153 3373 5224 intelligendum
3388 5155 3482 5221 sit,
3502 5155 3669 5210 citius

2080 5240 2442 5308 agnoscimus,
2490 5242 2534 5296 si
2565 5243 2701 5298 duas
2730 5243 2886 5310 vitas,
2932 5245 3163 5300 activam
3202 5246 3408 5301 scilicet
3442 5254 3501 5301 et
3525 5261 3668 5301 con-

2081 5330 2446 5400 templativam
2477 5333 2707 5390 sollicite
2750 5336 3142 5393 discernamus.
3188 5337 3245 5393 ln
3267 5352 3374 5393 una
3393 5338 3539 5393 enim
3568 5338 3673 5394 (ixi

2078 5433 2397 5486 permanere
2446 5439 2751 5494 possumus.
2819 5425 2878 5480 In
2933 5426 3103 5483 altera
3169 5436 3346 5483 autem
3395 5428 3671 5482 intentam

2079 5520 2313 5585 mentem
2347 5521 2529 5568 tenere
2554 5516 2701 5571 nullo
2730 5519 2887 5573 modo
2911 5518 3170 5577 valemus.
3218 5519 3353 5574 Cum
3377 5520 3521 5574 enim
3550 5528 3677 5575 tor-

2078 5615 2264 5669 porem
2289 5614 2531 5659 nostrum
2560 5606 2937 5678 relinquimus,
2967 5626 3171 5681 nosque
3205 5612 3350 5681 ipsos
3395 5612 3463 5666 ad
3504 5613 3676 5668 bona

2079 5694 2409 5760 operationis
2459 5697 2695 5752 studium
2725 5699 3070 5773 spscitamus,
3123 5718 3230 5772 quo
3280 5701 3406 5759 alibi
3444 5702 3546 5759 nisi
3592 5705 3676 5762 ad
