3950 6184
291 310 392 366 5'25

1272 307 1623 366 COMMENT.
1665 307 1730 363 IN
1767 305 2218 363 EZECIIIELEM.
2257 338 2326 347 —
2363 305 2489 361 LIB.
2531 306 2591 361 II.

3445 309 3549 365 526

286 420 517 476 activam
552 420 715 483 imus,
763 436 792 473 a
819 434 924 489 qua
955 420 1147 474 rcwrti
1180 430 1299 489 post
1328 420 1471 475 nullo
1516 420 1675 475 modo
1706 420 1867 474 debe-
1895 424 1942 480 Α
1970 417 2159 487 fulgori
2183 427 2562 488 comparantur
2586 436 2597 472 :
2625 418 2749 489 quia
2773 418 2943 475 sancti
2967 419 3066 474 viri
3088 433 3209 475 cum
3232 419 3300 475 ad
3322 435 3554 491 superna

285 527 439 577 mus,
476 510 603 581 quia
644 511 736 579 qui
763 518 886 579 post
922 509 1067 565 illam
1093 512 1161 566 ad
1190 520 1460 581 torporem
1506 510 1866 582 negligentiae,

286 602 352 658 ad
380 600 670 672 pravitatis
696 600 986 670 nequitias,
1031 616 1169 670 quas
1208 600 1505 671 reliquerat
1548 600 1709 665 redit,
1747 615 1870 656 esse

285 690 400 747 sine
460 688 647 744 dubio'
677 689 897 744 cmleste
948 689 1147 744 animal
1204 690 1396 745 nescit.
1446 688 1580 746 Cum
1624 704 1753 745 vero
1801 690 1869 746 ab

286 782 459 836 activa
491 781 602 834 vita
647 780 715 834 ad
758 781 1230 851 eontemplativam
1259 781 1530 851 surgimus
1553 822 1569 845 ,
1616 781 1742 851 quia
1778 780 1866 835 diu

286 886 438 927 mens
466 880 614 925 stare
643 870 696 924 in
744 870 1200 939 contemplatione
1229 886 1337 926 non
1375 872 1542 937 valet,
1589 871 1685 927 sed
1709 886 1870 928 omne

284 961 427 1033 quod
451 962 520 1016 de
539 961 842 1015 aeternitate
861 973 957 1029 per
985 960 1261 1029 speculum
1289 969 1344 1016 et
1363 960 1415 1014 in
1435 961 1718 1032 aenigmate
1744 974 1871 1015 con-

284 1054 444 1125 spicit
468 1052 521 1126 (1
554 1052 676 1107 Cor.
706 1050 847 1122 xm),
892 1052 1049 1122 quasi
1079 1049 1264 1106 furtim
1302 1051 1406 1106 hoc
1451 1059 1505 1107 et
1537 1066 1635 1120 per
1670 1049 1870 1105 transi-

285 1157 398 1200 tuxn
451 1143 640 1205 videt;
699 1142 813 1212 ipsa
864 1157 961 1197 sua
1014 1141 1348 1205 inﬁrmitate,
1392 1141 1463 1196 ab
1510 1140 1873 1195 immensitate

284 1244 451 1291 tantae
489 1233 826 1289 celsitudinis
851 1233 1064 1287 animus
1095 1232 1341 1302 repulsus
1377 1232 1431 1287 in
1460 1232 1750 1300 semetipso
1792 1246 1873 1285 re.

282 1324 487 1379 labitur
512 1339 528 1377 :
562 1332 616 1378 et
640 1337 862 1378 necesse
881 1331 982 1388 est,
1014 1331 1075 1377 ut
1102 1323 1169 1378 ad
1189 1323 1421 1377 activam
1446 1323 1655 1388 redeat,
1708 1337 1875 1392 seque

281 1417 458 1486 ipsum
483 1415 739 1471 continue
766 1416 821 1469 in
851 1416 992 1470 bona
1013 1416 1328 1485 operatione
1363 1424 1633 1482 exerceat,
1664 1423 1723 1469 ut
1752 1431 1873 1471 cum

283 1521 437 1561 mens
465 1519 689 1574 surgere
718 1504 784 1558 ad
830 1503 1239 1573 contemplanda
1287 1504 1529 1559 cmlestia
1570 1519 1676 1559 non
1714 1504 1871 1571 valet,

282 1609 515 1666 quaeque
543 1603 724 1666 potest
766 1595 904 1650 bona
947 1609 1109 1665 agere
1145 1610 1251 1648 non
1286 1603 1516 1649 recuset.
1566 1592 1764 1665 Sicque
1818 1594 1879 1649 fit

280 1694 336 1740 ut
366 1686 504 1756 ipsis
525 1685 639 1741 suis
662 1685 819 1741 bonis
848 1685 1059 1741 actibus
1084 1684 1291 1756 adjuta,
1324 1699 1513 1739 rursus
1541 1684 1594 1738 in
1630 1694 1874 1741 contem-

1971 507 2379 579 contcmplanda
2407 506 2642 574 evolant,
2671 523 2794 563 cum
2828 508 3095 579 primitias
3124 508 3208 564 sui
3249 508 3474 579 spiritus
3500 509 3556 565 in

1969 597 2206 654 catlesis
2238 600 2427 669 patria:
2455 613 2640 655 amore
2681 598 2881 670 ligant,
2920 601 3015 655 sed
3052 600 3260 672 gravati
3310 600 3562 655 humana:

1970 688 2397 743 conversationis
2424 688 2659 759 pondere
2679 689 2744 742 ad
2774 689 3090 758 semetipsos
3120 688 3365 754 redeunt,
3417 691 3558 745 bona

1971 779 2228 842 cmlestia,
2284 793 2402 846 quae
2427 778 2617 833 saltem
2649 793 2744 848 per
2769 778 3042 850 speculum
3085 779 3436 850 contemplari
3463 795 3559 850 po-

1974 874 2213 932 tuerunt,
2243 865 2502 922 fratribus
2531 867 2868 933 denuntiant,
2917 883 3211 939 eorumque
3251 870 3462 924 animos
3501 871 3555 924 in

1973 970 2212 1009 amorem
2231 954 2431 1009 intimm
2454 953 2714 1009 claritatis
2730 956 3049 1022 accendunt,
3075 971 3350 1025 quamnec
3372 957 3555 1013 viJere

1973 1046 2112 1101 sicut
2139 1054 2244 1111 est,
2289 1060 2392 1101 nec
2435 1046 2579 1116 loqui
2611 1047 2902 1117 praevalent
2949 1050 3090 1104 sicut
3142 1051 3409 1105 viderunt.
3456 1050 3558 1105 Lo-

1974 1147 2201 1205 quentes
2224 1144 2403 1190 autem
2437 1137 2618 1193 verbis
2649 1138 2762 1193 suis
2795 1138 2958 1194 corda
2984 1138 3313 1194 audientium
3360 1138 3562 1195 feriunt
3633 1198 3639 1203 _

1973 1238 2031 1281 et
2055 1227 2365 1283 incendunt.
2418 1229 2582 1294 Quasi
2626 1244 2755 1300 ergo
2795 1229 2974 1303 fulgur
2995 1247 3288 1289 coruscans
3314 1232 3559 1300 redeunt,

1975 1320 2067 1391 qui
2112 1334 2232 1375 cum
2257 1319 2498 1376 coelestia
2529 1320 2846 1391 loquuntur,
2868 1322 2995 1393 quia
3020 1338 3118 1393 per
3153 1338 3248 1380 eos
3267 1338 3561 1394 supernum

1976 1415 2156 1468 lumen
2182 1413 2505 1475 intermicat.
2535 1417 2601 1470 ad
2641 1431 2881 1471 amorem
2923 1416 3161 1473 cmlestis
3189 1417 3377 1487 patria;
3411 1431 3563 1474 men-

1981 1511 2062 1559 tes
2109 1504 2441 1559 audieutium
2473 1504 2824 1561 inﬂammant.
2870 1507 3017 1563 More
3064 1508 3244 1579 itaque
3271 1523 3563 1565 coruscan-

1979 1594 2049 1649 tis
2071 1592 2292 1665 fulguris
2314 1610 2434 1651 cunt
2460 1595 2728 1667 loquendo
2753 1598 3080 1668 percutiunt,
3107 1600 3279 1669 ignem
3303 1598 3562 1669 spiritalis

1981 1686 2232 1742 desiderii
2258 1696 2539 1758 spargunt.
2591 1686 2712 1743 Alio
2738 1703 2953 1758 quoque
3001 1689 3160 1744 modo
3210 1696 3396 1743 sancta
3444 1688 3563 1743 ani-

278 1777 576 1849 plationem
624 1787 828 1848 surgat,
861 1786 915 1832 et
955 1777 1153 1832 amoris
1189 1785 1401 1846 pastum
1432 1776 1498 1831 de
1520 1775 1715 1848 pabulo
1743 1791 1873 1832 con-
1905 1788 1948 1845 Β
1976 1777 2136 1834 malia
2177 1777 2380 1831 vadunt
2404 1785 2459 1832 et
2509 1778 2736 1833 redeunt
2774 1796 2789 1832 :
2823 1779 3025 1834 vadunt
3069 1778 3213 1834 enim
3240 1793 3363 1833 cum
3394 1777 3460 1833 ad
3487 1777 3563 1831 itt-

282 1868 556 1939 temptatae
584 1868 832 1923 veritatis
857 1868 1109 1938 accipiat,
1138 1868 1191 1922 in
1215 1883 1320 1937 qua
1342 1866 1468 1937 quia
1496 1866 1586 1922 diu
1610 1882 1666 1921 se
1690 1874 1875 1923 tenere

281 1959 395 2028 ipsa
419 1958 788 2029 corruptionis
825 1957 1111 2014 infirmitas
1136 1974 1241 2014 non
1270 1965 1465 2027 potest,
1497 1959 1566 2013 ad
1592 1959 1732 2013 bona
1758 1973 1877 2013 rur-

280 2066 398 2106 sum
432 2064 604 2121 opera
640 2050 871 2116 rediens,
900 2049 1182 2104 suavitatis
1202 2048 1293 2104 Dei
1324 2049 1583 2105 memoria
1614 2049 1876 2119 pascitur,

278 2152 333 2197 et
366 2142 506 2198 foris
532 2142 637 2212 piis
658 2141 887 2207 actibus,
918 2141 1062 2196 intus
1088 2154 1214 2195 vero
1238 2139 1440 2195 sanctis
1469 2138 1754 2195 desideriis
1781 2154 1881 2194 nu-

282 2232 466 2288 tritur.
516 2231 666 2287 Bene
689 2240 867 2287 autem
917 2231 1246 2288 revertentla
1291 2228 1543 2285 animalia
1575 2228 1883 2286 coruscanti

1974 1868 2291 1926 sinuandam
2335 1868 2572 1925 cmlestis
2621 1870 2747 1926 doni
2799 1871 3032 1941 gratiam
3079 1870 3134 1924 in
3183 1865 3565 1940 prmdieatiorte

1979 1960 2284 2025 mittuntur,
2328 1967 2491 2029 atque
2530 1967 2589 2014 ut
2635 1960 2701 2014 ad
2732 1959 2892 2015 fidem
2930 1960 3147 2015 trahant
3192 1959 3329 2015 mira
3377 1973 3562 2014 comm

1978 2049 2281 2107 inﬁdelibus
2325 2049 2568 2118 faciunt;
2611 2051 2707 2107 sed
2744 2052 2974 2107 redeunt
2998 2051 3127 2121 quia
3176 2052 3291 2107 haec
3321 2050 3565 2122 omnipo—

1980 2140 2143 2196 tentis
2188 2140 2399 2196 Domini
2431 2141 2618 2196 virtuti
2665 2141 3003 2208 tribuentes,
3048 2141 3399 2213 sibimetipsis
3443 2153 3566 2212 qua:

1984 2228 2211 2287 fecerint
2242 2247 2349 2286 non
2371 2231 2702 2288 adscribunt.

1406 2561 1425 2575 ν
1452 2532 1749 2615 LIBER
1824 2533 2386 2611 SECUNDUS.

618 2773 969 2844 SEQUITUR
994 2772 1222 2830 CAPUT
1257 2771 1545 2829 PRIMUM.

357 2887 378 2919 ι
423 2866 675 2935 Cumque
697 2864 995 2934 aspicerem
1029 2861 1304 2927 animalia,
1331 2860 1582 2932 apparuit
1602 2868 1717 2915 rota
1766 2875 1873 2914 una

285 2976 306 3010 ι
349 2970 523 3028 super
569 2964 772 3010 terram
829 2952 983 3023 juxta
1031 2952 1325 3019 animalia,
1377 2953 1583 3009 habens
1645 2962 1876 3023 quatuor

285 3068 305 3101 c
348 3048 547 3113 facies,
577 3055 631 3101 et
661 3054 909 3115 aspectus
933 3052 1171 3100 rotarum
1202 3053 1256 3100 et
1282 3060 1418 3115 opus
1459 3060 1668 3109 earum,
1719 3046 1873 3114 quasi
1903 3073 1948 3136 ρ

282 3157 303 3191 ι
345 3137 493 3193 visio
525 3136 729 3200 maris,
773 3143 829 3189 et
867 3150 973 3188 una
1018 3132 1314 3189 similitudo
1357 3133 1594 3204 ipsarum
1625 3141 1875 3203 quatuor,

284 3249 305 3283 ι
349 3241 410 3287 et
459 3238 718 3300 aspectus
754 3244 940 3284 earum
966 3239 1025 3285 et
1051 3244 1216 3300 opera
1238 3270 1251 3295 ,
1283 3229 1435 3298 quasi
1478 3237 1595 3284 rota
1622 3229 1671 3282 in
1704 3228 1879 3284 medio

282 3341 305 3377 ι
347 3332 527 3385 rotae,
556 3336 654 3391 per
683 3327 914 3389 quatuor
941 3327 1121 3389 partes
1164 3335 1349 3374 earum
1386 3327 1596 3383 euntes,
1652 3318 1799 3372 ibant
1825 3327 1881 3373 et

282 3429 304 3464 ι
346 3428 465 3467 non
490 3410 905 3466 revertebantur
928 3424 1072 3466 .cum
1101 3409 1438 3463 ambularent
1464 3427 1475 3462 :
1509 3415 1711 3462 statura
1740 3423 1876 3478 quo-

282 3524 303 3557 ι
354 3520 472 3575 que
504 3512 627 3559 erat
654 3504 787 3559 rotis
809 3513 863 3558 et
889 3503 1113 3558 altitudo
1139 3511 1193 3557 et
1228 3502 1506 3557 horribilis
1530 3512 1800 3572 aspectus,
1824 3511 1881 3558 et

284 3615 302 3646 ι
351 3603 537 3649 totum
575 3608 771 3663 corpus
803 3594 1019 3662 plenum
1054 3592 1226 3649 oculis
1265 3592 1319 3648 in
1361 3592 1591 3647 circuitu
1640 3592 1879 3664 ipsorum

284 3706 303 3738 ι
346 3695 614 3756 quatuor.
642 3704 661 3737 ι
723 3682 992 3755 (Ηὶενοη.)
1020 3683 1137 3739 Huc
1163 3698 1336 3754 usque
1379 3690 1614 3753 quatuor
1638 3683 1880 3737 animan-

280 3775 447 3836 tium,
480 3788 604 3844 qua:
643 3781 936 3843 quaternas
978 3771 1250 3828 habebant
1289 3771 1492 3838 facies,
1537 3774 1747 3841 pictura
1789 3772 1880 3827 de-

278 3864 559 3921 scribitur
592 3865 933 3934 sequentium
987 3864 1235 3935 spiritum
1284 3872 1338 3919 et
1369 3864 1566 3919 nubem
1614 3878 1734 3934 quae
1761 3871 1881 3919 erat

278 3954 338 4009 in
376 3953 567 4010 medio
618 3954 865 4025 spiritus.
911 3952 1065 4009 Nunc
1090 3970 1186 4024 per
1228 3953 1435 4026 singula
1475 3954 1724 4008 animalia
1770 3954 1880 4009 sin-

277 4045 433 4116 gula:
455 4052 732 4115 ponuntur
758 4053 911 4109 rota),
938 4058 1057 4113 qua:
1086 4059 1191 4099 non
1216 4051 1376 4099 erant
1410 4042 1611 4112 juncta:
1632 4044 1877 4098 anim-ut-

278 4136 463 4201 tibus,
502 4134 600 4190 sed
646 4135 1010 4205 sequebantur
1033 4150 1139 4191 ea:
1183 4135 1295 4189 sive
1325 4150 1430 4188 una
1476 4143 1592 4189 rota
1636 4135 1879 4205 apparuit

276 4243 457 4299 super
495 4236 720 4294 terram,
763 4243 884 4297 qua:
933 4227 1102 4282 divisa
1134 4242 1231 4298 per
1260 4236 1492 4298 quatuor
1520 4236 1601 4281 tot
1646 4227 1881 4282 habebat

278 4320 464 4375 facies
507 4326 642 4387 quot
675 4319 928 4371 animalia
978 4319 1364 4388 sequebantur,
1418 4323 1675 4387 tantaque
1731 4318 1883 4371 simi~

1981 2767 2185 2841 Argum
2236 2769 2404 2826 fuisse
2428 2769 2771 2827 centoealum
2804 2772 2920 2829 sive
2949 2773 3239 2832 multorum
3264 2777 3568 2850 oculorum,

1980 2872 2139 2930 quem
2160 2858 2302 2915 Juno
2324 2859 2376 2914 in
2398 2875 2592 2930 pavum
2607 2861 2848 2917 vertitob
2862 2863 3220 2935 negligentem
3242 2868 3568 2938 custodiam,

1981 2966 2040 3011 ut
2070 2955 2212 3026 quod
2237 2955 2556 3011 miraculum
2581 2967 2666 3012 est
2693 2956 2991 3013 conditoris
3021 2959 3148 3023 Dei,
3180 2961 3283 3017 hoc
3309 2964 3568 3019 condem-

1981 3046 2128 3102 natio
2170 3054 2314 3101 esset
2343 3045 2497 3100 inulti
2528 3045 2797 3101 adulterii.
2827 3046 3021 3102 Omnia
3053 3049 3294 3106 cmlestia
3317 3060 3373 3108 et
3401 3061 3571 3110 terre-

1984 3137 2134 3201 stria,
2168 3146 2223 3192 et
2250 3136 2509 3206 quidquid
2538 3137 2639 3192 sub
2668 3138 2960 3193 humanam
2987 3140 3134 3195 cadit
3161 3141 3569 3215 intelligentiam

1982 3229 2111 3285 solis
2153 3229 2288 3284 rotis
2312 3227 2562 3293 volvitur,
2610 3228 2740 3285 solis
2768 3244 3009 3286 annuum
3035 3233 3301 3291 circulum
3329 3252 3421 3308 per
3451 3240 3569 3294 sin-

1981 3319 2133 3391 gulos
2158 3334 2371 3375 menses
2394 3318 2519 3372 luna
2554 3320 2814 3375 decurrit.
2859 3320 3076 3378 Lucifer
3099 3325 3190 3393 qui
3235 3327 3348 3396 ipse
3373 3344 3572 3400 vesper

1981 3417 2081 3473 est,
2135 3410 2260 3463 dum
2298 3408 2366 3462 ad
2399 3408 2663 3463 orientem
2694 3417 2748 3464 et
2775 3409 2842 3464 ad
2874 3411 3210 3469 occidentem
3243 3415 3436 3473 rutilus
3465 3420 3570 3473 mi-

1981 3510 2106 3564 cat,
2159 3507 2213 3554 ct
2261 3499 2436 3555 noctis
2497 3500 2747 3556 tenebras
2793 3516 2961 3571 parvo
3010 3510 3274 3574 temperat
3323 3506 3567 3575 lumine,

1980 3590 2186 3645 duobus
2204 3590 2361 3645 annis
2386 3588 2633 3644 eumdem
2662 3590 2878 3647 coniicit
2906 3606 3145 3648 cursum.
3172 3595 3398 3668 Aliaque
3416 3608 3567 3655 astra

1981 3689 2215 3748 quatuor
2242 3693 2361 3747 qua:
2406 3686 2668 3732 vocantur
2693 3681 2930 3736 errantia
2955 3722 2971 3748 ,
3015 3690 3070 3737 et
3094 3684 3354 3756 quidquid
3391 3686 3564 3760 fulget

1983 3767 2035 3820 in
2071 3768 2228 3823 cmlo.
2282 3767 2535 3840 Segetum
2588 3784 2804 3840 quoque
2864 3780 2921 3827 et
2946 3773 3201 3830 arborum
3240 3776 3561 3833 herbarum-

1980 3873 2087 3926 que
2130 3858 2450 3926 varietates,
2502 3873 2602 3929 per
2626 3869 2860 3930 quatuor
2887 3869 3132 3933 tempora
3175 3866 3290 3922 suis
3336 3880 3565 3925 currunt

1983 3948 2138 4012 rotis,
2166 3947 2404 4018 nihilque
2429 3949 2742 4018 aspicimus,
2762 3950 2904 4021 quod
2932 3960 3058 4007 ante
3083 3968 3189 4013 non
3208 3952 3389 4010 fuerit.
3410 3975 3429 4010 ι
3451 3955 3566 4029 Gy—

1982 4053 2107 4094 rans
2136 4040 2376 4110 gyrando
2409 4039 2558 4095 vadit
2583 4041 2826 4108 spiritus,
2874 4052 2929 4097 et
2975 4043 3028 4098 io
3074 4044 3306 4102 circulos
3328 4061 3457 4104 suos
3486 4064 3573 4105 re-

1980 4129 2228 4185 vertitur.
2266 4128 2467 4186 Omnes
2497 4138 2766 4186 torrentes
2795 4132 2999 4187 vadunt
3032 4134 3085 4187 in
3110 4149 3281 4207 mare,
3332 4143 3388 4191 et
3415 4152 3566 4194 mare

1980 4235 2085 4274 non
2127 4219 2450 4290 adimpletur
2478 4220 2679 4293 (Eccle.
2720 4222 2781 4293 ι).
2818 4241 2837 4275 ι
2871 4223 3095 4289 Quare?
3132 4224 3267 4292 Quia
3294 4228 3362 4281 ad
3393 4226 3572 4285 fontes

1981 4326 2109 4367 suos
2141 4312 2207 4366 de
2251 4312 2476 4366 matrice
2526 4313 2721 4383 abysso
2752 4321 3115 4367 revertuntur.
3149 4313 3566 4386 Evangeliorum

276 4410 467 4464 litudo
524 4417 647 4462 erat
685 4422 922 4462 rotarum
973 4416 1206 4479 quatuor
1243 4409 1586 4478 sequentium
1624 4409 1877 4462 animalia
1907 4418 1958 4477 ι)
1984 4412 2182 4470 autem,
2210 4403 2264 4458 id
2295 4413 2379 4460 est
2420 4411 2650 4472 quatuor
2699 4403 3031 4469 animalium,
3067 4420 3189 4475 qua:
3213 4407 3451 4476 spirant,
3481 4410 3567 4465 vi-

274 4510 553 4572 quatuor,
585 4505 645 4552 ut
666 4515 772 4552 una
800 4508 914 4554 rota
945 4498 1227 4553 verissime
1254 4499 1599 4553 crederetur:
1638 4513 1879 4568 opusque

274 4607 482 4648 earum
505 4598 628 4646 erat
652 4599 813 4661 atque
854 4594 1061 4645 factura
1092 4591 1246 4660 quasi
1278 4590 1414 4645 visio
1454 4591 1674 4656 tharsis,
1719 4605 1879 4660 quam

274 4702 387 4741 nos
414 4685 473 4739 in
502 4698 657 4738 mare
679 4684 957 4748 vertimus,
988 4682 1179 4753 Aquila
1206 4683 1539 4738 hiacinthum
1568 4683 1765 4753 posuit,
1789 4683 1880 4752 qui

275 4778 432 4849 lapis
455 4776 581 4832 caeli
618 4776 781 4832 habet
807 4775 1232 4831 similitudinem.
1286 4774 1658 4845 Aspectusque
1695 4790 1881 4829 earum

272 4880 409 4929 erat
437 4871 599 4941 quasi
630 4880 747 4925 rota
787 4869 841 4924 In
872 4877 1009 4934 rota,
1059 4877 1120 4922 ut
1161 4884 1266 4922 non
1303 4883 1464 4922 unam
1496 4876 1669 4922 rotam
1700 4867 1885 4923 crede-

274 4977 402 5027 res,
433 4960 531 5015 scd
571 4958 794 5013 alteram
824 4956 976 5011 alteri
1018 4955 1342 5026 cepulataut.
1378 4954 1484 5010 Per
1507 4963 1738 5026 quatuor
1759 4971 1883 5024 par-

277 5064 373 5110 tes
422 5053 602 5117 ibant,
656 5061 712 5105 et
751 5065 856 5104 non
909 5050 1264 5105 trahebantur
1324 5064 1425 5104 nec
1481 5047 1888 5103 revertebantur

280 5153 627 5199 retrorsum.
670 5140 770 5207 Qui
793 5140 936 5194 enim
982 5139 1099 5195 ﬁeri
1122 5147 1332 5209 poterat
1359 5146 1418 5192 ut
1466 5145 1886 5200 reverterentur,

276 5249 421 5288 cum
445 5238 809 5300 sequerentur
830 5228 1107 5294 animalia,
1135 5244 1255 5298 quae
1280 5243 1491 5298 semper
1520 5229 1585 5283 ad
1622 5228 1801 5297 priora
1832 5241 1891 5280 se

282 5324 638 5382 tenderent?
685 5322 903 5377 Statura
972 5336 1187 5391 quoque
1251 5329 1491 5376 rotarum
1547 5328 1602 5375 et
1667 5319 1893 5374 altitudo

277 5425 457 5473 tanta
504 5421 628 5468 erat
660 5421 721 5468 ut
747 5411 1067 5467 miraculum
1093 5412 1400 5466 videntibus
1422 5409 1622 5465 faceret
1649 5429 1661 5463 :
1697 5419 1896 5464 totum-

279 5523 407 5579 que
435 5520 639 5575 corpus
664 5513 722 5559 et
751 5503 912 5559 dorsa
939 5513 1095 5559 erant
1124 5502 1280 5573 plena
1309 5501 1444 5557 lucis
1480 5502 1532 5556 in
1556 5502 1804 5566 circuitu,
1838 5508 1897 5555 ut

278 5598 516 5657 nullum
559 5596 923 5650 membrorum
956 5595 1228 5664 aspiceres
1268 5594 1408 5662 quod
1447 5591 1631 5647 oculos
1680 5592 1897 5647 luminis

284 5702 419 5746 non
444 5685 702 5743 haberet:
727 5685 1045 5757 qualemque
1069 5684 1377 5741 describunt
1396 5683 1589 5739 fabula:
1614 5692 1894 5754 poetarum

1984 4503 2135 4558 vunt,
2165 4493 2503 4563 intelligunt,
2558 4494 2603 4548 si
2632 4492 2755 4562 quis
2795 4500 2966 4547 rotam
3017 4510 3343 4567 cursumque
3383 4501 3568 4556 consi-

1981 4583 2153 4649 deret,
2185 4584 2238 4637 in
2282 4582 2432 4636 brevi
2468 4591 2708 4650 tempore
2742 4582 2942 4638 videbit
2978 4586 3237 4640 mundum
3266 4602 3390 4645 esse
3418 4605 3568 4646 com-

1981 4675 2184 4745 pletum
2211 4689 2458 4729 sermone
2485 4674 2801 4744 apostolico.
2843 4674 2981 4730 Rota
3019 4692 3238 4749 quoque
3264 4680 3317 4736 in
3341 4690 3457 4738 rota
3484 4684 3572 4739 vel

1983 4765 2210 4819 duorum
2240 4761 2494 4832 junctum
2547 4772 2987 4821 testamentorum
3035 4777 3120 4824 est
3172 4772 3315 4841 quod
3364 4774 3574 4832 indicat

1985 4854 2127 4910 scala
2153 4851 2344 4918 Jacob,
2373 4863 2428 4908 et
2453 4851 2667 4922 forceps
2696 4853 2865 4921 Isaia',
2908 4865 2963 4911 et
2985 4857 3196 4927 gladius
3220 4862 3304 4917 bis
3329 4873 3522 4921 acutus
3550 4884 3565 4920 :

1983 4942 2068 4997 vel
2094 4941 2369 5012 evangelia
2392 4942 2492 4997 sibi
2520 4944 2868 5010 cohaarentia,
2890 4950 3133 5015 quorum
3162 4965 3350 5008 rursus
3383 4962 3440 5009 et
3462 4964 3574 5010 sta-

1988 5043 2107 5087 tura
2135 5033 2305 5087 tendit
2327 5033 2394 5086 ad
2423 5032 2641 5099 emtum,
2694 5034 3077 5108 paululumque
3097 5040 3230 5110 quid
3262 5043 3480 5116 attingit
3516 5046 3569 5100 in

1991 5133 2151 5189 terra,
2183 5134 2237 5178 et
2265 5139 2480 5193 semper
2506 5140 2803 5196 properans
2841 5128 2911 5183 ad
2942 5130 3159 5188 excelsa
3208 5131 3446 5190 festinat.
3495 5136 3571 5191 De

1989 5218 2184 5288 quibus
2212 5227 2267 5274 ct
2312 5217 2436 5273 alibi
2481 5218 2680 5275 dicitur
2717 5239 2730 5275 ε
2766 5240 2784 5275 ι
2813 5221 3045 5294 Lapides
3070 5232 3248 5282 sancti
3282 5229 3573 5284 volvuntur

1991 5326 2152 5381 super
2178 5318 2378 5364 terram
2407 5308 2591 5381 (Zach.
2620 5312 2719 5378 ιιι),
2742 5331 2761 5364 ι
2781 5328 2846 5369 ex
2873 5314 3071 5383 quibus
3101 5314 3398 5371 :ediflcatur
3416 5316 3574 5371 Jeru-

1993 5398 2160 5454 salem
2198 5398 2452 5454 cmlestis.
2502 5396 2614 5454 lloc
2644 5401 2817 5471 ipsum
2847 5410 2978 5472 puto
3015 5403 3323 5475 significare
3349 5415 3405 5460 et
3439 5405 3572 5462 illul

1993 5492 2136 5562 quod
2174 5493 2226 5546 in
2260 5491 2468 5561 psalmo
2512 5493 2758 5549 canitur:
2822 5515 2841 5546 ι
2872 5494 2986 5551 Vox
3018 5497 3237 5552 tonitrui
3262 5498 3336 5552 tui
3376 5498 3429 5554 in
3454 5510 3571 5558 rota

1996 5582 2167 5657 (I’sal.
2191 5582 2425 5653 κυνῆ.»
2453 5584 2519 5639 Et
2546 5584 2669 5639 alibi
2705 5604 2716 5638 :
2749 5604 2767 5637 ι
2803 5585 3249 5653 Quminflammat
3278 5598 3450 5647 rotam
3477 5609 3572 5647 na-

1999 5677 2223 5734 tivitatis
2251 5675 2457 5749 (Iacob.
2486 5678 2623 5749 ιιι).›
2655 5676 2784 5745 Qum
2809 5679 3113 5736 testimonia
3146 5696 3308 5753 quem
3350 5698 3572 5744 sensum
