3950 6184
384 363 492 419 527

1029 355 1092 410 Β.
1133 318 1387 408 ΒᾸΒΔΝῙ
1426 347 1642 403 MAURI
1680 344 2000 402 ARCHIEP.
2044 342 2352 401 MOGUNT.
2392 340 2676 399 OPERUM
2713 340 2895 397 PARS
2930 340 2993 396 ll.

3537 338 3640 395 5‘28

384 470 621 526 habeant
646 468 699 521 in
721 465 832 521 suis
854 464 1005 526 locis,
1040 477 1141 514 non
1164 442 1329 528 huius
1343 465 1426 510 est
1448 454 1724 524 temporis.
1759 453 1956 507 Totum
1987 456 2032 514 Α
2061 453 2220 521 paulo
2242 462 2362 523 post
2391 450 2720 521 adiungitur,
2744 452 2925 521 «quasi
2954 451 3026 506 sit
3046 461 3165 505 rota
3187 452 3240 505 in
3264 451 3442 506 medio
3461 458 3642 514 rotam

386 568 570 614 autem
602 571 795 625 corpus
823 562 875 606 et
924 552 1079 605 dorsa
1118 548 1271 618 plena
1301 544 1473 601 oculis
1500 542 1840 614 approbabit,
1870 539 1960 610 qui

392 646 585 701 viderit
612 643 742 698 nihil
790 655 909 695 esse
948 639 997 692 in
1020 634 1323 705 Evangeliis
1352 632 1493 703 quod
1529 647 1635 687 non
1665 630 1861 695 luceat,
1912 638 1966 684 et

392 735 673 806 splendore
685 746 781 787 suo
801 728 1057 783 mundum
1080 725 1371 791 illuminet;
1397 730 1455 777 ut
1473 722 1637 776 etiam
1663 736 1781 790 qua:
1800 736 1965 790 parva

392 833 652 888 mutantur
676 828 729 875 et
759 818 905 883 vilia,
929 814 1162 886 Spiritus
1185 813 1356 869 sancti
1400 812 1638 883 fulgeant
1665 810 1964 880 majestate.

393 910 594 985 (Greg.)
627 910 891 978 Propheta
920 907 1082 977 igitur
1107 905 1232 960 dum
1255 910 1439 959 sancta
1463 899 1713 955 animalia
1741 899 1967 962 videret,

393 997 966 1073 adiuuxituCumque
1023 995 1319 1064 aspicerem
1370 990 1668 1054 animalia,
1722 988 1974 1057 apparuit

393 1100 506 1147 rota
533 1105 638 1144 una
683 1102 844 1158 super
884 1094 1106 1141 terram.
1126 1100 1147 1136 ι
1168 1082 1281 1151 Qua
1313 1082 1366 1137 in
1399 1096 1458 1136 re
1489 1081 1831 1151 quaerendum
1865 1089 1969 1143 eSt,

388 1198 513 1238 cum
558 1179 784 1235 inferius
812 1185 944 1232 rotae
971 1175 1364 1236 describantur,
1395 1187 1492 1228 cur
1524 1186 1628 1225 una
1667 1177 1783 1225 rota
1822 1169 1973 1240 prius

393 1269 709 1342 apparuisse
745 1266 961 1331 dicitur,
1010 1264 1111 1319 nisi
1166 1263 1291 1334 quia
1335 1262 1555 1331 antiquo
1596 1260 1792 1332 populo
1820 1268 1973 1314 vetus

392 1360 729 1417 solummodo
740 1357 1142 1413 Testamentum
1171 1355 1352 1409 datum
1367 1361 1470 1418 est,
1486 1353 1626 1422 quod
1650 1352 1715 1406 ad
1729 1351 1975 1406 erudien-

391 1454 515 1507 dam
544 1457 777 1505 mentem
819 1447 962 1503 illius
994 1445 1148 1516 quasi
1180 1453 1296 1499 rota
1327 1442 1664 1499 volveretur?
1693 1441 1835 1497 Bene
1882 1456 1976 1495 au-

397 1552 503 1597 tem
552 1547 668 1595 rota
717 1539 906 1594 eadem
954 1552 1119 1608 super
1168 1544 1367 1590 terram
1399 1534 1713 1605 apparuisse
1756 1532 1973 1595 dicitur,

395 1630 637 1701 peccanti
680 1624 1073 1699 autcm[enim]
1118 1624 1321 1680 homini
1347 1623 1550 1679 dictum
1593 1631 1714 1677 est:
1754 1641 1772 1674 ι
1807 1621 1974 1676 Terra

390 1737 474 1785 es,
513 1728 568 1775 et
598 1720 650 1774 in
676 1728 874 1773 terram
899 1717 1001 1772 ibis
1025 1715 1178 1788 (Gen.
1235 1713 1339 1785 ιιι).
1364 1734 1383 1767 ι
1415 1714 1552 1769 Rota
1601 1721 1782 1767 autem
1816 1726 1978 1782 super

2065 544 2168 598 nisi
2200 543 2345 613 quod
2374 543 2425 596 in
2452 543 2784 598 Testamenti
2810 543 3010 617 veteris
3040 543 3219 599 littera
3242 540 3647 599 Testamentum

2066 650 2261 689 novum
2295 634 2448 688 latuit
2498 648 2595 705 per
2621 632 2978 705 allegoriam?
3019 634 3171 690 Unde
3195 643 3252 689 et
3291 642 3411 689 rota
3438 634 3649 699 eadem,

2066 743 2184 825 qua:
2207 728 2362 825 juxta
2393 726 2645 825 animalia
2678 728 2945 797 apparuit,
2997 736 3230 797 quatuor
3255 726 3423 783 facies
3453 727 3654 783 habere

2068 815 2408 881 describitur,
2440 818 2566 887 quia
2600 815 2884 887 Scriptura
2920 832 3075 873 sacra
3107 832 3203 887 per
3231 826 3462 886 utraque
3494 824 3655 872 testa-

2071 916 2248 964 menta
2299 908 2350 962 in
2388 916 2621 976 quatuor
2654 907 2899 978 partibus
2929 918 3015 963 est
3065 908 3339 964 distincta.
3377 907 3552 965 Vetus
3577 919 3656 964 et—

2069 999 2213 1053 enim
2240 996 2644 1054 Testamentum
2666 997 2721 1053 in
2746 997 2863 1069 lege
2887 1006 2943 1054 et
2968 998 3273 1068 prophetia,
3304 1014 3507 1053 novum
3533 1013 3658 1055 vero

2072 1090 2125 1143 in
2154 1088 2456 1161 Evangeliis
2499 1097 2661 1159 atque
2713 1087 3078 1159 apostolorum
3111 1089 3339 1145 Actibus
3366 1097 3425 1144 et
3475 1088 3653 1145 dictis.

2075 1179 2256 1235 Scitur
2283 1189 2487 1245 autem,
2537 1180 2661 1249 quia
2691 1179 2765 1233 ibi
2794 1177 2984 1234 faciem
3013 1179 3358 1243 intendimus,
3392 1179 3486 1234 ubi
3516 1179 3659 1248 quod

2075 1285 2297 1325 necesse
2329 1278 2416 1326 est
2459 1269 2723 1325 videmus.
2779 1268 2917 1323 Rota
2967 1282 3095 1339 ergo
3128 1277 3364 1339 quatuor
3386 1267 3555 1323 habet
3579 1267 3661 1322 fa-

2075 1360 2208 1425 cies,
2240 1360 2367 1430 quia
2394 1358 2545 1429 prius
2578 1359 2870 1416 resecanda
2900 1359 3041 1415 mala
3067 1360 3121 1413 in
3152 1359 3361 1430 populis
3387 1360 3524 1414 vidit
3565 1374 3660 1428 per

2077 1450 2271 1521 legem,
2319 1451 2661 1521 postmodum
2703 1451 2839 1506 vidit
2892 1464 2991 1521 per
3035 1452 3361 1521 prophetas,
3412 1450 3663 1507 subtilius

2080 1552 2206 1592 vero
2254 1553 2350 1608 per
2397 1536 2787 1610 Evangelium;
2852 1538 2920 1593 ad
2974 1546 3277 1593 extremum
3328 1547 3514 1595 autem
3569 1555 3664 1609 per

2079 1628 2349 1699 apostolos
2390 1644 2455 1683 ea
2512 1643 2630 1699 qua:
2673 1630 2727 1683 in
2770 1628 2942 1699 culpis
2982 1629 3258 1685 hominum
3286 1639 3666 1685 resecarentur

2081 1719 2309 1790 aspexit.
2338 1718 2526 1775 Potest
2544 1732 2758 1789 quoque
2799 1718 3046 1788 intelligi,
3073 1718 3215 1788 quod
3243 1729 3479 1788 quatuor
3505 1717 3666 1774 facies

394 1819 597 1864 terram
623 1806 890 1878 apparuit,
927 1806 1053 1876 quia
1083 1805 1226 1859 Deus
1256 1804 1601 1873 omnipotens
1625 1802 1798 1873 legem
1828 1815 1990 1872 super
2020 1798 2065 1857 Β
2094 1821 2209 1865 rota
2248 1811 2505 1876 habebat,
2534 1818 2752 1881 propter
2775 1809 2879 1865 hoc
2901 1809 3043 1879 quod
3076 1808 3356 1879 Scriptura
3386 1824 3544 1866 sacra
3573 1825 3668 1880 per

394 1898 557 1952 corda
579 1896 917 1966 peccantium
945 1893 1107 1949 dedit.
1155 1891 1260 1947 Sed
1302 1892 1426 1962 quia
1456 1891 1573 1945 hare
1598 1898 1834 1960 pennata
1876 1888 1988 1943 ani-

396 1988 557 2043 malia
586 1995 824 2051 sanctos,
871 1993 931 2039 ut
964 1984 1228 2048 diximus,
1277 1983 1636 2053 evangelistas
1681 1981 1983 2052 designant,

398 2077 667 2146 quomodo
711 2076 863 2145 prius
901 2073 1177 2138 animalia,
1231 2080 1286 2127 et
1332 2072 1671 2142 postmodum
1731 2083 1847 2126 rota
1879 2084 1986 2124 una

400 2168 679 2240 aspicitur,
726 2167 853 2221 dum
893 2174 1019 2219 ante
1064 2171 1443 2219 testamentum
1495 2172 1652 2219 vetus
1700 2162 1896 2228 fuerit,
1933 2168 1989 2217 et

400 2260 744 2334 postmodum
778 2257 950 2312 sancti
995 2254 1337 2326 evangelista;
1362 2255 1532 2311 secuti
1569 2254 1738 2309 sunt?
1770 2252 1875 2309 Sed
1907 2252 1987 2308 in-

401 2353 643 2424 telligere
690 2351 743 2406 in
789 2350 876 2405 his
915 2364 1235 2419 possumus,
1281 2347 1423 2417 quod
1473 2347 1548 2402 illi
1599 2347 1751 2416 prius
1794 2361 1824 2400 a
1862 2361 1988 2416 pro-

403 2445 566 2515 pheta
586 2442 689 2497 visi
713 2449 858 2505 sunt,
881 2439 972 2510 qui
988 2438 1181 2494 merito
1206 2437 1611 2493 transcendunt.
1630 2435 1766 2490 Nam
1786 2444 1987 2506 quanto

403 2534 462 2590 S.
494 2531 844 2604 Evangelium
888 2528 1294 2585 Testamentum
1322 2536 1478 2584 vetus
1513 2527 1789 2598 praecellit,
1838 2534 1987 2581 tanto

399 2631 458 2680 et
484 2623 867 2694 prmdicatores
891 2618 1006 2688 eius
1036 2620 1091 2675 in
1125 2618 1486 2688 descriptione
1510 2616 1823 2688 prophetica
1849 2631 1987 2686 pra:-

403 2713 534 2770 ferri
569 2712 905 2767 debuerunt:
940 2710 1189 2781 quamvis
1220 2710 1294 2765 sit
1323 2710 1499 2764 adhuc
1546 2708 1712 2772 aliud,
1757 2708 1900 2777 quod
1932 2709 1985 2763 in

402 2806 507 2861 hac
531 2801 891 2872 descriptione
918 2800 1248 2856 considerari
1269 2800 1482 2855 debeat.
1536 2799 1669 2866 Quia
1693 2798 1986 2869 prophetia:

404 2892 629 2964 spiritus
656 2890 736 2947 sic
767 2889 910 2945 intra
942 2890 1289 2959 semetipsum
1318 2888 1588 2942 anteriora
1614 2898 1668 2942 et
1687 2888 1983 2957 posti-riora

407 2983 565 3041 simul
587 2982 808 3053 colligit,
834 2991 893 3036 ut
919 2981 1076 3035 simul
1104 2982 1218 3035 haec
1238 2980 1511 3050 prophetae
1536 2980 1714 3049 lingua
1744 2979 1985 3049 proferre

406 3091 512 3129 non
536 3073 726 3145 possit,
754 3074 847 3127 sed
863 3070 1038 3139 ampla
1060 3085 1179 3139 qua:
1202 3071 1344 3125 videt
1369 3071 1434 3125 de
1458 3069 1756 3140 dispertitis
1781 3085 1983 3124 sermo-

2086 1901 2313 1972 gratiam
2366 1898 2761 1970 prmdicationis
2816 1906 3035 1953 extensa
3085 1898 3139 1952 in
3187 1908 3422 1968 quatuor
3480 1896 3665 1955 mundi

2084 2004 2266 2067 partes
2299 1995 2553 2052 innotuit.
2587 1995 2739 2052 Unde
2776 2004 2831 2050 et
2859 1996 2997 2051 bene
3024 1998 3210 2051 eadem
3243 2003 3361 2049 rota
3386 2008 3495 2048 una
3524 1993 3671 2062 prius

2079 2083 2238 2154 juxta
2284 2086 2536 2141 animalia
2583 2086 2934 2158 apparuisse,
2960 2094 3016 2139 et
3055 2085 3397 2155 postmodum
3438 2086 3684 2153 quatuor

2085 2174 2253 2231 facies
2288 2176 2541 2233 habuisse
2567 2177 2892 2233 describitur
2911 2216 2925 2243 ,
2949 2177 3075 2247 quia
3102 2176 3205 2230 nisi
3254 2176 3343 2231 lex
3378 2174 3675 2245 Evangelia

2085 2266 2439 2322 concordaret
2468 2266 2521 2320 in
2552 2274 2783 2338 quatuor
2823 2266 3005 2321 mundi
3039 2265 3301 2336 partibus,
3325 2280 3433 2319 non
3461 2265 3675 2323 innoter

2087 2366 2281 2413 sceret.
2316 2376 2336 2409 ι
2373 2357 2440 2411 Et
2464 2366 2716 2428 aspectus
2743 2365 2980 2412 rotarum
3010 2365 3066 2411 et
3100 2372 3234 2425 opus
3275 2371 3465 2411 earum
3519 2352 3677 2423 quasi

2085 2448 2224 2503 visio
2253 2448 2437 2502 maris.
2473 2467 2493 2501 ι
2533 2449 2696 2503 Recte
2721 2463 2874 2503 sacra
2900 2447 3115 2518 eloquia
3143 2446 3338 2501 visioni
3384 2444 3559 2501 maris
3600 2445 3677 2500 si-

2086 2538 2233 2593 milia
2283 2546 2598 2608 narrantur,
2631 2538 2757 2608 quia
2805 2538 2859 2591 in
2907 2537 2988 2591 eis
3036 2552 3229 2606 magna
3279 2544 3408 2590 sunt
3454 2533 3680 2590 ﬂumina

2085 2627 2496 2693 sententiarum,
2512 2627 2710 2682 cumuli
2728 2642 3001 2683 sensuum.
3018 2626 3129 2681 Nec
3156 2626 3425 2680 immerito
3450 2626 3592 2679 mari
3611 2626 3682 2680 si-

2087 2719 2229 2776 milis
2251 2719 2530 2789 Scriptura
2547 2734 2700 2775 sacra
2722 2719 2938 2784 dicitur,
2954 2719 3077 2788 quia
3103 2717 3385 2771 firmantur
3399 2717 3452 2771 in
3474 2731 3540 2770 ea
3557 2732 3683 2771 sen-

2088 2811 2268 2865 tentia:
2301 2809 2586 2866 locutionis
2629 2819 2966 2866 sacramento
2993 2809 3350 2880 baptismatis.
3386 2806 3481 2862 Vel
3535 2816 3685 2861 certe

2084 2898 2527 2955 considerandum
2552 2907 2656 2964 est,
2680 2900 2805 2969 quia
2834 2900 3062 2957 navibus
3091 2899 3142 2952 in
3165 2913 3313 2952 mare
3337 2897 3681 2967 navigamus,

2085 3006 2207 3045 cum
2229 2990 2295 3045 ad
2315 2992 2649 3047 desideratas
2674 3000 2848 3048 terras
2861 2991 3146 3047 tendimus.
3172 2990 3336 3044 Nobis
3348 2998 3531 3044 autem
3553 2989 3685 3057 quid

2089 3091 2170 3138 est
2198 3083 2249 3138 in
2280 3083 2544 3140 desiderio
2577 3085 2679 3140 nisi
2710 3085 2798 3140 illa
2833 3094 2975 3141 terra
2995 3125 3010 3149 ,
3041 3085 3106 3141 de
3130 3099 3234 3154 qua
3256 3083 3519 3153 scriptum
3557 3092 3644 3139 est
3670 3101 3684 3136 :

406 3164 567 3218 nibus
590 3169 823 3227 emanat,
851 3170 905 3216 et
936 3175 1079 3216 nunc
1106 3159 1293 3215 ultima
1323 3167 1443 3231 post
1464 3160 1637 3230 prima
1658 3200 1671 3224 ,
1697 3174 1838 3213 nunc
1861 3174 1987 3213 vero

2105 3194 2121 3223 ε
2159 3174 2343 3229 Portio
2367 3191 2486 3230 mea
2518 3176 2569 3230 in
2597 3185 2738 3230 terra
2781 3178 3078 3232 viventium
3119 3144 3294 3247 (ipsal.
3323 3174 3491 3243 αλιι).
3538 3194 3560 3227 ι
3601 3174 3692 3229 Liv

404 3257 580 3326 prima
602 3262 726 3325 post
765 3253 951 3309 ultima
991 3254 1246 3323 loquitur.
1283 3254 1433 3310 Unde
1459 3252 1707 3308 Ezechiel
1731 3254 1989 3322 prepheta

405 3346 508 3401 sub
546 3346 716 3417 figura
754 3352 958 3399 sanctae
982 3343 1303 3399 universalis
1350 3343 1605 3399 Ecclesiae
1644 3353 1696 3398 et
1724 3342 1990 3412 cvangeli-

407 3442 615 3489 starum
653 3432 881 3502 gloriam
927 3447 1025 3502 per
1063 3443 1295 3502 quatuor
1332 3432 1643 3487 animalium
1684 3431 1993 3486 similitudi-

409 3538 534 3580 nem
567 3524 733 3590 videt,
755 3531 809 3579 et
837 3532 1015 3579 tamen
1058 3532 1279 3592 repente
1305 3522 1392 3577 illa
1433 3522 1725 3594 subiungit,
1753 3537 1871 3591 quae
1899 3539 1992 3576 an-

409 3614 697 3671 terioribus
729 3613 1062 3684 temporibus
1100 3621 1251 3683 gesta
1280 3622 1426 3676 sunt,
1479 3622 1537 3667 ut
1570 3620 1817 3681 patenter
1858 3613 1994 3665 indi-

403 3712 494 3758 cet
544 3702 707 3759 simul
750 3718 810 3758 se
836 3702 1064 3764 vidisse,
1109 3702 1253 3770 quod
1279 3701 1461 3756 carnis
1490 3701 1669 3771 lingua
1703 3715 1807 3753 non
1844 3698 1991 3755 solli-

406 3803 554 3850 ceret
576 3795 736 3851 simul
768 3794 968 3850 dicere.
1007 3792 1144 3860 Quia
1186 3808 1316 3846 vero
1348 3808 1444 3863 per
1469 3800 1701 3862 quatuor
1741 3792 1993 3845 animalia

408 3883 573 3938 etiam
603 3882 875 3952 perfectos
899 3897 1088 3938 omnes
1118 3882 1412 3951 signiﬁcari
1456 3882 1719 3947 diximus,
1750 3883 1996 3937 conside-

409 3972 638 4026 randum
677 3986 893 4040 quoque
949 3979 1032 4025 est
1082 3972 1343 4040 quosdam
1392 3980 1732 4037 sanctorum,
1777 3980 1829 4025 et
1870 3982 1996 4026 ante

412 4062 582 4131 legem
626 4058 826 4124 fuisse,
880 4060 970 4129 qui
1025 4060 1254 4114 naturali
1304 4060 1420 4130 lege
1451 4060 1698 4117 districte
1730 4062 1993 4128 viverent,

410 4161 465 4206 et
487 4150 837 4220 omnipotenti
870 4149 1095 4205 Domino
1127 4149 1423 4218 placerent.
1454 4149 1842 4206 Postanimalia
1867 4165 1996 4221 ergo

413 4249 534 4298 rota
569 4240 927 4305 describitur,
952 4240 1098 4309 quia
1145 4240 1442 4295 electorum
1474 4241 1625 4295 multi
1659 4241 1802 4311 apud
1823 4241 1997 4295 omni-

411 4339 688 4404 potentem
742 4330 910 4386 Deum
960 4330 1185 4399 perfecti
1230 4339 1286 4385 et
1351 4337 1478 4385 ante
1516 4330 1688 4402 legem
1753 4329 1992 4385 fuerunt.

411 4424 506 4481 Sin
554 4438 685 4480 vero
738 4422 993 4478 animalia
1039 4421 1221 4487 solos,
1273 4429 1332 4476 ut
1365 4420 1997 4491 diximus,Ev-.mgelistas

411 4514 668 4571 debemus
690 4515 961 4584 accipere,
987 4521 1073 4568 est
1099 4513 1275 4567 adhuc
1299 4511 1463 4573 aliud,
1487 4512 1628 4580 quod
1655 4511 1997 4565 considerare
2028 4494 2076 4551 Ῑ)

412 4604 688 4659 debemus.
716 4604 945 4660 Videbat
978 4602 1121 4657 enim
1149 4610 1372 4656 sanctus
1407 4601 1684 4671 propheta,
1718 4600 1842 4669 quia
1884 4602 1998 4654 lucc

413 4696 529 4763 ipsa
554 4693 717 4747 verba
735 4730 753 4759 ,
794 4707 913 4762 qua:
934 4694 1356 4749 obscuritatibus
1386 4692 1637 4748 obvoluta
1667 4692 1996 4761 proferebat,

414 4799 521 4838 non
554 4782 774 4851 iudaice
799 4782 993 4852 populo
1017 4821 1034 4848 ,
1064 4783 1158 4839 sed
1180 4782 1431 4855 gentibus
1461 4784 1848 4853 pandere-utar.
1886 4783 1994 4839 No-

415 4874 499 4929 bis
523 4873 686 4942 igitur
731 4872 977 4943 loquens,
1028 4876 1181 4944 prius
1224 4876 1502 4941 animalia,
1556 4886 1611 4931 ct
1654 4884 1777 4945 post
1819 4886 1995 4931 rotam

416 4965 726 5022 describere
761 4967 965 5031 debuit,
1009 4968 1135 5037 quia
1179 4984 1278 5024 nos
1324 4969 1390 5024 ad
1435 4968 1592 5023 fidem
1631 4969 1857 5025 Domino
1886 4968 1997 5024 lar-

419 5058 597 5128 giente
642 5058 951 5121 venientes.
1002 5074 1105 5113 non
1137 5075 1231 5130 per
1260 5061 1429 5131 legem
1470 5061 1816 5133 Evangelium
1843 5103 1857 5129 ,
1906 5063 1999 5118 sed

417 5161 515 5217 per
546 5155 790 5205 sanctum
821 5147 1170 5218 Evangelium
1200 5149 1367 5222 legem
1389 5152 1696 5208 didicimus.
1734 5152 1835 5209 Ubi
1874 5168 1998 5209 vero

419 5237 500 5292 vel
522 5237 699 5309 qualis
718 5248 834 5293 rota
862 5241 1168 5309 apparuerit
1189 5240 1449 5312 adiungit,
1472 5258 1594 5298 cum
1617 5243 1776 5298 dicit:
1803 5262 1821 5294 ι
1842 5242 2002 5298 Juxta

417 5328 675 5384 animalia
726 5329 931 5385 habens
957 5342 1189 5400 quatuor
1241 5331 1425 5388 facies.
1466 5353 1484 5385 ι
1548 5333 1648 5391 Ubi
1680 5335 1856 5390 adhuc
1876 5335 2007 5390 sub-

420 5419 497 5474 dit
528 5437 543 5474 :
610 5438 629 5471 ι
665 5419 734 5475 Et
759 5429 1011 5491 aspectus
1048 5430 1313 5488 rotarum,
1360 5432 1415 5478 et
1445 5438 1579 5495 opus
1609 5441 1796 5480 earum
1849 5425 2000 5495 quasi

420 5510 557 5567 visio
592 5512 795 5577 maris,
839 5523 894 5567 et
921 5528 1026 5567 una
1071 5513 1367 5568 similitudo
1409 5513 1645 5584 ipsarum
1690 5525 1921 5586 quatuor
1950 5524 2005 5572 et

423 5612 670 5671 aspectus
714 5618 904 5659 earum
968 5612 1024 5659 et
1072 5619 1237 5674 opera
1289 5604 1442 5673 quasi
1475 5605 1545 5660 sit
1594 5616 1713 5660 rota
1743 5607 1795 5660 in
1827 5608 2002 5662 medio

425 5701 574 5746 rotae.
614 5713 633 5745 ι
689 5695 827 5761 Quid
853 5695 1062 5750 esthoc
1096 5694 1236 5765 quod
1271 5709 1395 5751 cum
1419 5711 1523 5749 una
1562 5704 1677 5753 rota
1711 5698 1999 5768 diceretur,

2093 3276 2198 3332 gno
2240 3271 2455 3329 autem,
2486 3274 2545 3318 ut
2573 3264 2707 3328 dixi,
2763 3266 3029 3330 evehitur,
3060 3263 3153 3335 qui
3184 3278 3332 3319 mare
3380 3263 3605 3327 transit,
3635 3272 3691 3317 et

2093 3352 2294 3407 scimus
2317 3352 2443 3422 quia
2468 3352 2745 3425 Scriptura
2767 3370 2920 3410 sacra
2943 3354 3144 3425 lignum
3171 3353 3349 3408 crucis
3371 3367 3471 3422 per
3511 3351 3690 3422 legem

2093 3443 2247 3496 nobis
2299 3445 2662 3513 praenuntiat,
2699 3461 2820 3500 cum
2869 3446 2999 3501 dicit
3024 3461 3047 3517 :_
3078 3464 3095 3493 ι
3131 3445 3451 3501 Maledictus
3503 3446 3690 3500 omnis

2093 3534 2181 3603 qui
2211 3533 2405 3602 pendet
2454 3534 2507 3589 in
2539 3535 2682 3607 ligno
2706 3538 2885 3607 (Deut.
2913 3538 3050 3610 XXI).
3088 3558 3106 3589 ι
3139 3538 3292 3606 Quod
3328 3538 3691 3608 Redemptnri

2094 3634 2281 3679 nostro
2317 3625 2514 3682 Paulus
2539 3636 2824 3682 attestatur
2850 3629 3037 3684 dicens
3061 3647 3072 3683 :
3117 3647 3136 3679 ο
3167 3628 3367 3684 Factus
3394 3644 3495 3698 pro
3523 3630 3689 3684 nobis

2096 3713 2438 3770 maledictum
2479 3713 2622 3786 (Gal.
2668 3718 2785 3787 tu),
2825 3739 2843 3771 ι
2890 3736 2985 3790 per
3023 3720 3313 3789 prophetas
3341 3735 3567 3789 quoque
3612 3720 3681 3773 li-

2095 3818 2258 3871 gnum
2292 3806 2606 3871 annuntiat,
2631 3822 2754 3861 cum
2786 3807 2958 3862 dicit:
2992 3826 3011 3859 ι
3048 3808 3313 3863 Dominus
3359 3810 3615 3878 regnavit
3651 3824 3683 3863 a

2096 3894 2242 3965 ligno
2266 3894 2437 3969 (Psal.
2457 3899 2598 3972 xcv).
2633 3921 2652 3954 ι
2688 3903 2754 3957 Et
2779 3918 2992 3958 rursum
3018 3921 3031 3958 :
3055 3924 3073 3955 ι
3094 3903 3371 3961 Mittamus
3392 3905 3605 3976 lignum
3629 3908 3682 3961 in

2115 3994 2253 4051 pane
2273 3982 2392 4050 ejus
2417 3978 2552 4053 (λεν.
2584 3986 2661 4052 xi)
2714 4005 2733 4039 ι
2774 3988 2875 4043 Per
2902 3988 3254 4060 Evangelium
3296 4007 3425 4051 vero
3470 3992 3683 4061 lignum

2113 4072 2293 4127 crucis
2311 4086 2495 4143 aperte
2515 4076 2844 4143 ostenditur,
2861 4079 2951 4135 ubi
2973 4080 3085 4151 ipsa
3106 4081 3314 4136 Domini
3332 4083 3541 4152 passio,
3564 4100 3687 4152 quae

2113 4165 2431 4233 prophetata
2460 4174 2563 4229 est,
2593 4167 2917 4225 declaratur.
2946 4172 3079 4227 [lota
3104 4186 3232 4239 ergo
3268 4173 3523 4230 inmedio
3551 4186 3685 4229 rota:

2112 4264 2217 4316 est,
2249 4255 2374 4324 quia
2405 4256 2549 4311 inest
2579 4258 2928 4317 Testamento
2946 4263 3117 4318 veteri
3148 4263 3561 4319 Testamentum
3589 4280 3685 4319 no-

2110 4356 2258 4398 vum.
2290 4344 2371 4409 Et,
2392 4347 2536 4403 sicut
2552 4364 2695 4417 saepe
2710 4349 2821 4420 iam
2840 4353 3098 4418 diximus,
3121 4358 3263 4424 quod
3284 4366 3678 4412 testamentum

2113 4447 2265 4493 vetus
2287 4443 2554 4507 promisit,
2597 4443 2704 4498 boc
2737 4458 2934 4498 novum
2960 4447 3222 4499 Mlnlutit.
3256 4449 3320 4503 Et
3356 4450 3504 4516 quod
3545 4449 3680 4505 illud

2101 4521 2309 4577 occulte
2348 4525 2665 4593 adnuntiat,
2710 4528 2813 4585 hoc
2853 4529 2996 4584 istud
3022 4531 3321 4585 exhibitum
3349 4540 3540 4600 aperte
3583 4532 3690 4586 cla-

2102 4622 2231 4665 mat.
2284 4612 2571 4683 Prophetia
2629 4634 2758 4690 ergo
2804 4619 3131 4675 Testamenti
3188 4623 3311 4678 novi
3367 4622 3693 4678 Testamen-

2110 4708 2219 4754 tum
2249 4710 2401 4757 vctus
2431 4715 2532 4769 est,
2582 4717 2635 4761 et
2674 4710 2937 4780 expositio
2970 4710 3298 4768 Testamenti
3330 4714 3555 4779 veteris,
3590 4714 3693 4768 Te-

2104 4799 2432 4846 stamentum
2483 4811 2700 4850 novum.
2740 4797 2889 4854 «Per
2937 4809 3201 4869 quatut'ir,
3250 4803 3455 4872 inquit,
3504 4815 3692 4874 partes

2098 4896 2285 4936 earum
2342 4883 2534 4950 ibant,
2580 4897 2633 4941 et
2682 4903 2787 4943 non
2841 4893 3268 4947 revertebantur.
3316 4912 3334 4944 ι
3386 4893 3507 4961 Quo
3563 4895 3693 4949 alibi

2104 4972 2283 5027 divina
2344 4974 2584 5044 eloquia,
2638 4978 2741 5033 nisi
2792 4981 2858 5034 ad
2891 4983 3053 5037 corda
3110 4984 3385 5037 hominum
3443 4986 3690 5039 valuut?

2107 5063 2212 5118 Sed
2268 5080 2364 5132 per
2415 5077 2648 5136 quatuor
2692 5080 2875 5139 partes
2916 5085 3105 5128 euntes
3135 5076 3302 5138 ibant,
3362 5078 3491 5145 quia
3542 5079 3694 5132 Scri-

2106 5163 2260 5222 ptura
2313 5171 2470 5210 sacra
2536 5175 2633 5228 per
2680 5160 2850 5231 legem
2908 5165 2974 5218 ad
3028 5180 3123 5219 cor
3186 5166 3466 5221 hominum
3523 5171 3690 5231 vadit,

2107 5244 2369 5313 signando
2424 5250 2757 5319 mysterium.
2818 5251 2922 5307 Per
2957 5255 3245 5323 prophetas
3299 5257 3481 5323 vadit,
3529 5259 3696 5328 paulo

2109 5344 2350 5412 apertius
2398 5348 2767 5417 prophetando
2823 5352 3129 5409 Dominum.
3185 5355 3290 5410 Per
3335 5356 3693 5428 Evangelium

2109 5435 2273 5499 vadit,
2303 5437 2608 5493 exhibendo
2655 5456 2814 5510 quem
2862 5444 3221 5515 prophetavit.
3264 5445 3369 5502 Per
3413 5448 3696 5518 apostolos

2107 5524 2272 5589 vadit,
2297 5526 2638 5594 pra‘dicando
2661 5544 2783 5584 cum
2813 5548 2972 5601 quem
3002 5533 3163 5591 Pater
3184 5536 3237 5590 in
3269 5546 3455 5593 nostra
3484 5539 3699 5594 redem-

2111 5616 2295 5685 ptione
2329 5618 2594 5673 exhibuit.
2640 5619 2851 5677 Habent
2879 5639 3008 5695 ergo
3046 5636 3178 5681 rota:
3200 5626 3367 5684 facies
3389 5639 3446 5685 et
3465 5644 3697 5700 pennas,

2109 5707 2233 5778 quia
2264 5708 2552 5764 ostendunt
2578 5726 2730 5766 sacra
2760 5714 2971 5788 eloquia
3013 5718 3258 5772 notitiam
3300 5728 3701 5795 praeceptorum
