3950 6184
267 310 375 366 529

1229 307 1578 364 COMMENT.
1620 309 1685 364 IN
1727 311 2178 366 EZECillELEM.
2217 344 2285 353 —
2325 313 2452 368 LIB.
2493 315 2557 370 ll.

3419 326 3524 381 550

264 441 393 479 cum
461 425 793 480 exhibitione
831 439 1072 496 operum.
1133 423 1195 477 Et
1236 437 1334 492 per
1379 433 1612 491 quatuor
1659 432 1844 490 partes
1880 430 1924 490 Α
1954 422 2120 477 ltecta
2145 431 2227 477 est
2251 425 2394 478 enim
2423 425 2474 477 in
2498 429 2937 496 prarceptis,alta
2972 432 3024 484 ill
3057 434 3519 501 promissioniblls,

264 518 490 580 vadunt,
515 517 641 584 quia
689 515 978 573 distinctis.
1019 523 1077 566 ut
1123 513 1488 583 praediximus,
1519 514 1848 584 temporibus

263 607 585 676 loquuntur,
618 607 701 661 vel
735 617 884 662 certe
914 607 1040 676 quia
1066 607 1116 659 ill
1155 607 1365 660 cunctis
1393 607 1576 660 mundi
1607 608 1842 678 regioni-

263 701 370 754 bus
408 699 751 753 inearnatum
796 697 1082 753 Dominum
1116 697 1498 766 prmdicabant.
1551 697 1624 751 De
1649 700 1846 768 quibus

262 797 456 857 aperte
487 804 612 842 mox
657 787 940 842 subditur:
978 806 996 837 «
1029 787 1094 840 Et
1135 787 1545 842 revertebantur
1570 775 1694 842 cum
1726 804 1845 842 am-

262 879 538 932 bularent.
580 899 598 930 ι
635 877 760 933 llzec
788 877 1036 947 superius
1064 877 1130 932 de
1169 877 1492 932 animalibus
1514 877 1660 932 dicta
1698 889 1843 944 sunt,

262 970 357 1023 sed
386 984 496 1023 non
530 970 717 1023 eadem
746 968 970 1038 intelligi
1009 969 1074 1022 de
1107 968 1258 1032 rotis,
1286 983 1407 1037 quae
1432 968 1499 1024 de
1521 968 1846 1024 animalibus

260 1069 514 1130 possunt.
549 1061 715 1114 Rotas
741 1060 938 1130 quippe
969 1059 1276 1130 signiﬁcare
1303 1059 1650 1114 Testamenta
1700 1059 1844 1114 dixi--

263 1166 405 1205 nius.
479 1151 548 1204 Et
604 1149 1007 1204 Testamentum
1070 1147 1233 1204 Vetus
1274 1148 1566 1203 ambulavit
1605 1149 1842 1218 quidem,

260 1257 389 1294 cum
474 1256 573 1310 per
637 1239 1075 1309 pra‘dicationem
1151 1239 1219 1294 ad
1283 1246 1491 1294 mentes
1565 1239 1846 1294 hominum

257 1333 447 1395 venit;
497 1331 591 1384 sed
645 1339 766 1399 post
809 1315 1166 1400 semetipsum
1219 1345 1493 1386 reversum
1542 1339 1625 1385 est
1650 1371 1666 1396 ,
1718 1331 1844 1400 quia

251 1419 409 1487 juxta
448 1420 690 1473 litteram
721 1417 775 1471 in
803 1419 1088 1488 praeceptis
1113 1418 1226 1472 suis
1249 1428 1305 1474 et
1347 1416 1630 1472 sacrificiis
1673 1432 1845 1487 usque

256 1511 326 1563 ad
353 1513 520 1564 linem
548 1509 751 1564 servari
776 1525 882 1564 non
912 1509 1105 1578 potuit.
1136 1509 1251 1562 Non
1275 1507 1419 1562 enim
1450 1509 1566 1563 sine
1588 1509 1842 1562 immuta-

256 1602 411 1655 tione
463 1600 760 1670 permansit
803 1615 926 1655 cum
961 1599 1016 1653 in
1065 1613 1131 1653 eo
1177 1598 1437 1669 spiritalis
1483 1598 1842 1669 intelligentia

253 1691 452 1747 defuit.
486 1691 594 1747 Sed
626 1708 748 1748 cum
775 1691 1106 1762 Redemptor
1151 1702 1336 1746 noster
1363 1692 1416 1745 in
1445 1691 1705 1746 mundum
1753 1707 1844 1746 ve-

1950 518 2224 572 llorribilis
2267 519 2320 572 in
2361 520 2542 575 minis.
2595 521 2768 578 liabet
2795 535 3058 581 staturam
3108 545 3230 584 cum
3267 547 3364 600 per
3404 548 3525 602 pro-

1947 610 2165 678 phetam
2215 610 2388 664 dicit:
2418 631 2436 662 ‹
2479 611 2750 678 Qniescite
2803 631 2961 686 agerc
3011 634 3298 688 perverse,
3333 624 3523 678 discite

1948 697 2294 762 benefacere,
2334 702 2557 768 quaerite
2581 701 2840 769 judicium
2861 746 2874 768 ,
2905 709 3185 763 subvenite
3241 727 3520 782 oppresso,

1938 784 2176 854 judicate
2221 789 2457 858 pupillo,
2508 791 2777 847 defendite
2834 795 3048 850 viduam
3097 799 3232 870 (Isn.
3273 801 3330 872 l).
3379 823 3396 854 ι
3458 805 3523 860 Et

1945 893 2158 932 rursum
2187 897 2200 932 :
2237 899 2256 930 ι
2291 879 2501 951 Frange
2536 884 2790 938 esurienti
2823 901 3016 953 panem
3051 897 3220 955 tuum,
3251 903 3303 946 et
3325 910 3521 962 egenos

1947 986 2217 1042 vagosque
2252 973 2410 1028 induc
2455 973 2507 1028 in
2552 975 2766 1030 domum
2795 987 2962 1032 tuam.
3007 979 3140 1035 Cum
3187 984 3383 1040 videris
3427 1003 3521 1041 nll-

1945 1059 2092 1124 dum,
2123 1062 2271 1130 operi
2302 1077 2448 1127 eum,
2492 1073 2547 1118 et
2569 1065 2894 1123 domesticos
2921 1071 3142 1127 seminis
3177 1075 3251 1128 tui
3288 1092 3390 1130 non
3435 1079 3519 1133 de-

1943 1151 2184 1218 spexeris
2213 1150 2348 1222 (Isa.
2386 1153 2560 1224 Lvlll).
2605 1173 2622 1206 ι
2671 1155 2840 1212 liabet
2869 1158 3225 1226 altitudinem,
3259 1180 3382 1220 cum
3423 1183 3520 1236 per

1943 1242 2189 1295 eumdem
2207 1242 2524 1312 prophetam
2548 1245 2678 1299 dicit
2702 1264 2714 1298 :
2747 1265 2765 1298 ι
2792 1247 2905 1302 Non
2928 1249 3032 1304 erit
3052 1251 3149 1306 tibi
3176 1256 3405 1324 amplius
3441 1261 3519 1312 sol

1943 1327 2009 1380 ad
2032 1327 2315 1382 lncendum
2337 1345 2433 1400 per
2455 1331 2616 1396 diem,
2644 1349 2743 1388 nec
2764 1335 3019 1405 splendor
3041 1338 3179 1396 luna:
3201 1341 3523 1400 illulninabit

1944 1425 2014 1471 te.
2047 1416 2151 1472 Sed
2195 1419 2300 1472 erit
2351 1420 2443 1474 tibi
2478 1421 2735 1478 Dominus
2773 1425 2825 1478 in
2877 1425 3049 1482 lucem
3094 1435 3472 1502 sempiternam
3503 1478 3516 1498 ,

1943 1516 1996 1560 et
2031 1508 2171 1563 Deus
2215 1517 2339 1565 tuus
2382 1511 2436 1564 in
2485 1511 2710 1579 gloriam
2762 1523 2907 1568 tuam
2967 1515 3102 1588 (Isa.
3153 1521 3262 1591 tv).
3303 1535 3322 1569 i
3351 1523 3520 1578 [labet

1945 1598 2262 1654 horribilem
2327 1611 2604 1670 aspectum
2656 1618 2776 1658 cum
2839 1605 3110 1663 infer-num
3165 1610 3516 1678 describens,

1945 1689 2118 1744 dicit:
2155 1708 2173 1740 ι
2215 1691 2340 1746 Dies
2387 1691 2650 1746 ultionum
2700 1693 2932 1762 Domini,
2979 1714 3149 1755 annus
3206 1703 3518 1758 retributio-

254 1784 356 1848 nit,
404 1784 512 1838 hoc
552 1783 872 1854 spiritaliter
902 1782 1028 1838 fecit
1063 1783 1321 1850 intelligi,
1367 1782 1509 1851 quod
1555 1783 1846 1838 carnaliter
1877 1771 1920 1828 Β
1949 1794 2078 1832 rrum
2121 1780 2306 1848 judicii
2361 1780 2512 1836 Sion.
2548 1783 2613 1837 Et
2660 1795 3047 1843 convertentur
3094 1797 3363 1848 torrentes
3403 1792 3520 1862 ejus

254 1874 465 1930 invenit
518 1875 707 1929 teneri.
757 1873 943 1942 ltaque
987 1874 1111 1928 dum
1156 1873 1472 1944 spiritaliter
1517 1874 1694 1929 littera
1723 1873 1842 1942 ejus

252 1965 598 2036 intelligitur,
639 1965 818 2018 omnis
857 1965 1005 2018 ineo
1045 1964 1130 2018 illa
1163 1964 1395 2019 carnalis
1423 1964 1686 2018 exhibitio
1704 1951 1842 2018 'vivi-

251 2057 404 2112 ficat.
464 2056 872 2111 Testamentum
930 2070 1058 2109 vero
1086 2070 1305 2119 novum,
1334 2055 1500 2109 etiam
1531 2055 1627 2124 per
1673 2057 1841 2108 testa-

251 2134 425 2202 menti
458 2147 662 2201 veteris
681 2147 930 2216 paginas,
957 2154 1338 2201 testamentum
1369 2155 1630 2200 teternum
1665 2145 1842 2216 appel-

249 2240 422 2294 latum
445 2249 549 2304 est,
578 2239 701 2308 quia
750 2239 1056 2294 intellectus
1086 2237 1226 2293 illius
1265 2253 1539 2306 nunquam
1578 2249 1835 2294 mutatur.

250 2331 401 2386 Bene
437 2345 571 2402 ergo
600 2329 800 2385 dicitur
825 2329 966 2398 quod
1009 2347 1026 2380 ‹
1068 2338 1200 2384 rota:
1223 2338 1414 2384 euntes
1442 2330 1613 2394 ibant,
1643 2339 1697 2385 et
1730 2347 1835 2385 non

247 2422 675 2476 revertebantur
701 2435 826 2475 cum
847 2419 1207 2474 ambularent.
1256 2439 1275 2471 ι
1319 2418 1457 2485 Quia
1484 2419 1609 2474 dum
1641 2435 1836 2474 novum

248 2512 664 2569 Testamentum
695 2527 802 2568 non
832 2512 1182 2576 rescinditur,
1207 2512 1332 2566 dum
1363 2521 1518 2566 vetus
1532 2512 1644 2582 jam
1674 2514 1836 2583 spiri-

247 2605 436 2660 taliter
484 2604 816 2658 intellectum
859 2611 1113 2658 tenetur:
1143 2613 1267 2674 post
1315 2618 1374 2659 se
1424 2618 1530 2658 non
1587 2601 1834 2667 redeunt,

245 2713 370 2767 qua:
405 2712 586 2767 usque
630 2697 696 2750 ad
724 2695 885 2750 linem
919 2696 1103 2750 mundi
1134 2694 1489 2749 immutabilia
1515 2693 1833 2764 persistunt.

245 2786 552 2841 Alnbulant
577 2800 738 2858 ergo,
767 2787 861 2840 sed
887 2801 993 2840 non
1022 2793 1365 2840 revertuntur
1395 2803 1406 2838 :
1450 2787 1574 2854 quia
1616 2785 1694 2838 sic
1730 2785 1836 2854 spi-

245 2880 486 2936 ritaliter
508 2879 576 2934 ad
613 2895 708 2934 cor
731 2887 973 2933 nostrum
1001 2879 1242 2944 veniunt,
1272 2885 1332 2932 ut
1356 2891 1540 2931 eorum
1569 2885 1836 2947 praecepta

243 2971 328 3025 vel
357 2971 544 3025 studia
597 2969 821 3024 ulterius
851 2985 954 3024 non
1001 2977 1297 3023 mutentur.
1326 2966 1618 3037 Sequitur:
1658 2985 1677 3017 ι
1713 2967 1837 3021 Sta-

245 3071 370 3113 tura
404 3075 625 3129 quoque
650 3066 768 3114 erat
796 3058 928 3113 rotis
952 3066 1008 3112 et
1033 3057 1258 3112 altitudo
1282 3066 1338 3119 et
1359 3055 1638 3112 horribilis
1677 3070 1832 3124 aspe-

1946 1869 1998 1922 in
2028 1870 2223 1938 picem,
2253 1880 2306 1925 et
2343 1873 2536 1928 humus
2575 1873 2692 1941 ejus
2740 1875 2792 1928 in
2839 1877 3094 1946 sulphur,
3125 1889 3181 1934 et
3224 1882 3331 1936 erit
3373 1891 3517 1938 terra

1944 1959 2060 2027 ejus
2091 1959 2147 2012 ill
2174 1960 2349 2029 picem
2385 1961 2684 2027 ardentem,
2709 1974 2866 2020 nocte
2890 1976 2944 2021 et
2973 1969 3060 2022 die
3081 1983 3187 2023 non
3211 1961 3521 2042 exstingue-

1943 2059 2032 2105 tur
2071 2053 2123 2106 in
2171 2053 2562 2123 sempiternum
2593 2055 2739 2126 (Lm.
2791 2058 3218 2129 xxxxv).i!gitur
3269 2061 3518 2118 Ezechiel

1941 2143 2202 2212 propheta
2234 2160 2357 2199 cum
2403 2145 2470 2200 de
2512 2147 2645 2202 rotis
2687 2147 3017 2218 loqueretur,
3048 2149 3336 2219 adjtlnxit:
3385 2173 3403 2205 ι
3453 2155 3519 2209 Et

1943 2239 2113 2286 totum
2149 2249 2348 2304 corpus
2400 2235 2619 2305 plenum
2673 2238 2846 2292 oculis
2890 2239 2945 2292 ill
2993 2240 3223 2295 circuitu
3278 2242 3519 2312 ipsorum

1941 2335 2192 2395 quatuor.
2225 2346 2242 2378 ι
2270 2326 2370 2394 Qui
2397 2328 2542 2382 enim
2570 2344 2675 2383 non
2703 2329 2962 2398 ipsarum,
2984 2331 3076 2386 sed
3101 2332 3336 2401 ipsorum
3362 2334 3518 2393 dixit.

1939 2415 2183 2485 profecto
2209 2418 2432 2482 indicat,
2460 2420 2585 2488 quia
2622 2432 2842 2488 repente
2863 2434 3041 2476 sermo
3066 2421 3182 2490 ejus
3206 2438 3236 2476 a
3269 2425 3402 2478 rotis
3451 2425 3517 2477 ad

1939 2506 2192 2561 animalia
2224 2509 2419 2572 rediit;
2451 2524 2549 2578 per
2571 2524 2690 2578 qua:
2717 2511 2971 2563 nimirum
3022 2510 3247 2579 perfecti
3296 2513 3519 2582 quique,

1939 2605 1998 2650 ut
2027 2599 2344 2667 praedictum
2378 2611 2482 2664 est,
2514 2600 2885 2670 designantur.
2933 2600 3172 2670 Corpora
3203 2603 3366 2673 igitur
3400 2605 3516 2657 ani-

1939 2687 2162 2740 malium
2201 2697 2512 2743 sanctorum
2561 2688 2764 2744 idcirco
2793 2690 2949 2758 plena
2985 2691 3158 2745 oculis
3201 2693 3518 2752 describun-

1941 2786 2054 2843 tur;
2095 2779 2220 2847 quia
2259 2788 2569 2834 sanctorum
2624 2783 2764 2835 actio
2809 2781 2876 2835 ab
2905 2783 3051 2837 omni
3101 2791 3254 2853 parte
3283 2785 3515 2840 circnm-

1938 2879 2121 2939 specta
2146 2878 2249 2934 est,
2278 2873 2415 2926 bona
2457 2871 2888 2928 desiderabiliter
2911 2875 3217 2942 providens,
3253 2877 3391 2930 mala
3433 2894 3517 2932 so.

1938 2957 2102 3012 lerter
2136 2975 2354 3015 cavens.
2387 2961 2452 3016 Et
2476 2961 2578 3016 hoc
2605 2971 2690 3016 est
2719 2962 3062 3029 laboriosius,
3087 2966 3175 3019 ubi
3206 2975 3517 3021 sanctorum

1938 3063 2091 3103 mens
2129 3050 2476 3106 vehementer
2502 3049 2763 3122 invigilat,
2795 3068 2862 3107 ne
2888 3069 2946 3108 se
2966 3063 3091 3109 ante
3123 3070 3309 3109 eorum
3333 3057 3518 3113 oculos

243 3164 384 3209 ειυς,
481 3122 620 3220 ρίηά
651 3160 734 3208 εει
756 3153 899 3222 (ιυοά
924 3151 1220 3221 scriptum
1248 3167 1415 3207 sacrm
1461 3151 1690 3221 e|0quiis
1729 3122 1833 3206 {ria
1859 3122 1902 3185 C
1940 3139 2078 3192 mala
2109 3141 2209 3194 sub
2233 3139 2493 3194 bonorum
2519 3141 2698 3211 specie
2731 3141 3082 3198 abscondant.
3111 3145 3514 3215 Circumspecta

245 3246 363 3299 hmo
397 3245 584 3298 inesse
632 3250 943 3306 narrantur,
984 3251 1043 3296 ut
1071 3251 1359 3306 staturam,
1405 3240 1742 3296 altitudinem
1778 3248 1835 3295 et

244 3334 575 3389 horribilem
631 3342 904 3402 aspectum
934 3374 947 3397 ,
1004 3333 1057 3388 id
1112 3341 1230 3396 est,
1286 3332 1581 3388 terribilem
1634 3333 1836 3387 habere

243 3425 660 3479 memorentur?
708 3423 1067 3491 Qumrendum
1124 3425 1280 3478 nobis
1336 3438 1662 3494 magnopere
1717 3432 1832 3490 est,

243 3533 366 3588 quae
425 3517 626 3571 divinae
663 3515 957 3586 Scriptum
1014 3522 1256 3579 statura,
1287 3531 1406 3585 qua:
1450 3517 1701 3581 altitudo,
1741 3516 1834 3586 qui

243 3606 533 3662 horribilis
560 3614 810 3674 aspectus
839 3606 1055 3660 dicitur.
1086 3603 1378 3660 Sciendum
1419 3615 1504 3660 est
1526 3620 1677 3674 ergo,
1706 3607 1833 3675 quia

242 3706 457 3752 statura
487 3697 556 3751 ad
586 3697 750 3750 vitam
787 3695 1034 3766 congruit
1065 3695 1200 3750 bene
1220 3695 1516 3765 operantis.
1537 3689 1697 3751 Unde
1738 3711 1836 3765 per

242 3788 480 3844 Paulum
539 3789 737 3844 dicitur
778 3788 828 3858 (l
860 3787 983 3842 Cor.
1018 3786 1074 3857 Χ)
1108 3805 1120 3840 :
1160 3787 1327 3855 (Qui
1373 3797 1503 3852 stat,
1537 3788 1718 3842 videat
1768 3803 1836 3842 ne

243 3881 428 3935 cadat.
465 3900 484 3930 ι
522 3879 622 3946 Qui
658 3879 820 3932 etiam
855 3877 1128 3945 discipulis
1175 3877 1305 3932 dicit
1340 3894 1354 3930 :
1393 3897 1410 3928 ι
1449 3875 1540 3931 Sic
1591 3885 1730 3932 state
1779 3877 1833 3930 in

245 3972 508 4034 Domino,
537 3970 842 4024 eharissimi
879 3967 1099 4041 (Philip.
1131 3968 1224 4040 ιν).
1255 3988 1274 4021 ι
1315 3968 1381 4022 Et
1426 3968 1710 4037 propheta,
1739 3967 1832 4036 qui

241 4079 302 4118 se
352 4062 469 4116 vita
512 4078 576 4116 ac
620 4063 860 4116 moribus
905 4071 1031 4116 ante
1087 4060 1370 4116 Dominum
1415 4059 1661 4122 videbat,
1695 4058 1772 4111 ait
1816 4076 1827 4111 :

246 4173 265 4203 ι
302 4151 456 4207 Vivit
498 4151 776 4217 Dominus,
807 4151 863 4206 in'
891 4152 1042 4221 cujus
1086 4159 1378 4220 conspectu
1417 4158 1501 4205 sto
1527 4147 1646 4220 (III
1700 4147 1828 4218 Reg.

243 4245 407 4313 xvn).
432 4262 450 4294 ι
473 4241 713 4297 Altitudo
728 4251 813 4297 est
834 4241 1070 4297 cmlestis
1091 4242 1241 4311 regni
1259 4241 1564 4314 promissio,
1587 4241 1653 4294 ad
1671 4255 1830 4310 quam

244 4347 376 4392 tunc
408 4334 756 4404 pertingitur,
787 4333 1002 4402 quando
1044 4331 1289 4387 mortalis
1331 4332 1454 4385 vita:
1504 4331 1682 4386 omnis
1710 4345 1833 4386 cor-

244 4427 430 4496 ruptio
459 4424 798 4494 subjugatur.
850 4423 1136 4477 llorribilis
1163 4437 1292 4478 vero
1336 4431 1588 4492 aspectus
1609 4431 1692 4477 est
1717 4429 1832 4477 ter-

239 4534 334 4572 ror
380 4516 680 4587 gehennie,
711 4529 829 4582 qua:
876 4513 993 4567 sine
1044 4513 1150 4568 ﬁne
1195 4513 1455 4582 reprobos
1503 4513 1746 4578 cruciat,
1775 4520 1831 4568 et

237 4622 466 4676 semper
494 4605 548 4659 in
577 4605 818 4659 cruciatu
845 4610 1147 4659 conservat.
1179 4601 1400 4657 Statura
1427 4618 1556 4671 ergo
1581 4603 1636 4655 in
1671 4602 1829 4665 recti-

241 4698 436 4752 tudine
488 4695 866 4765 przrceptionis
894 4705 994 4749 ρει.
1023 4692 1265 4747 Altitudo
1291 4694 1344 4746 in
1371 4693 1690 4747 celsitudine
1739 4706 1829 4746 su-

238 4802 430 4855 perna:
489 4787 884 4856 promissionis.
943 4785 1228 4841 llorribilis
1280 4800 1408 4840 vero
1455 4793 1728 4853 aspectus,
1771 4785 1824 4837 in

239 4879 408 4932 minis
435 4867 600 4944 atque
626 4877 921 4930 terroribus
943 4875 1188 4945 supplicii
1218 4875 1514 4943 sequentis.
1545 4873 1824 4944 Scriptura

238 4970 412 5040 igitur
432 4983 588 5022 sacra
612 4976 871 5022 staturam
899 4967 1092 5032 habet;
1123 4967 1250 5037 quia
1275 4981 1453 5021 mores
1482 4966 1550 5021 ad
1574 4966 1826 5020 standum

235 5059 453 5130 dirigit,
483 5068 542 5113 ut
578 5059 881 5114 auditorum
916 5067 1124 5114 mentes
1147 5059 1214 5113 ad
1254 5068 1525 5113 terrenam
1574 5059 1827 5129 concupi-

235 5153 512 5208 scentiam
567 5166 672 5206 non
725 5162 1037 5206 curventur.
1068 5151 1420 5205 Altitudinem
1467 5149 1646 5213 habet,
1699 5151 1825 5220 quia

235 5245 290 5299 in
321 5242 538 5299 caelesti
569 5241 742 5311 patria
771 5253 988 5298 aeterna:
1012 5243 1134 5296 vita:
1166 5243 1357 5312 gaudia
1379 5241 1666 5312 promittit.
1693 5241 1828 5297 lior-

235 5335 459 5391 ribilem
492 5348 704 5403 quoque
735 5341 1013 5403 aspectum
1043 5333 1236 5397 habet,
1281 5333 1405 5402 quia
1437 5331 1687 5386 omnibus
1735 5347 1822 5385 re-

232 5425 427 5496 prohis
456 5425 717 5496 gehennae
753 5424 1016 5494 supplicia
1062 5423 1320 5477 minatur.
1369 5423 1617 5478 Ostendit
1660 5423 1825 5493 igitur

233 5526 510 5571 staturam
565 5531 716 5570 suam
767 5516 820 5569 ill
872 5516 1231 5571 mdiﬁcatione
1285 5530 1493 5569 morum
1527 5556 1540 5577 ,
1589 5515 1827 5568 ostendit

232 5607 587 5662 altitudinem
638 5607 691 5659 in
739 5607 1096 5676 promissione
1153 5606 1534 5674 praemiorum,
1589 5605 1824 5658 ostendit

234 5699 558 5755 horribilem
608 5709 883 5768 aspectum
911 5741 924 5763 ,
967 5697 1019 5752 in
1077 5698 1373 5753 terroribus
1417 5697 1819 5766 suppliciorum.

1938 3243 2068 3300 ergo
2089 3241 2172 3285 est
2197 3233 2305 3285 vita
2337 3242 2670 3297 sanctorum,
2696 3248 2762 3287 ne
2791 3235 2870 3288 sic
2906 3235 2966 3289 fit
2987 3234 3180 3299 libera,
3203 3245 3263 3290 ut
3287 3238 3514 3306 superba

1940 3322 2011 3374 sit
2036 3339 2049 3374 :
2083 3322 2208 3391 quia
2237 3337 2380 3392 stupe
2406 3324 2660 3392 superbia
2685 3324 2901 3378 excedit
2939 3325 2989 3377 in
3022 3325 3232 3390 verbis;
3263 3335 3318 3382 et
3344 3328 3514 3382 videri

1938 3412 2140 3481 appetit
2167 3411 2391 3467 libertas
2414 3413 2669 3482 puritatis
2694 3427 2764 3467 ne
2783 3413 2861 3468 sic
2887 3414 2958 3467 sit
2976 3414 3198 3469 humilis
3226 3423 3283 3469 llt
3325 3416 3514 3471 formi-

1937 3501 2123 3557 dolosa
2155 3520 2168 3554 :
2196 3502 2320 3571 quia
2350 3501 2637 3572 aliquando
2661 3503 2855 3557 timore
2890 3505 3110 3574 stringit
3155 3507 3419 3572 animum,
3458 3517 3515 3561 nt

1937 3592 2082 3662 loqui
2121 3608 2240 3662 quae
2284 3600 2432 3648 recta
2471 3600 2597 3647 sunt
2637 3607 2741 3646 non
2774 3601 3085 3661 praesumat,
3119 3596 3213 3648 sed
3245 3603 3424 3649 tamen
3458 3597 3510 3649 ill

1938 3684 2054 3752 ipsa
2083 3682 2270 3737 timida
2305 3682 2631 3751 cogitatione
2668 3683 2925 3737 humilem
2948 3697 3069 3737 esse
3090 3699 3148 3738 se
3171 3683 3408 3738 simulat.
3438 3684 3514 3739 Ne
3550 3701 3560 3710 ·

1937 3775 2017 3829 sic
2047 3774 2118 3828 sit
2156 3789 2316 3843 parca
2348 3781 2407 3826 ut
2453 3783 2611 3826 tenax
2642 3773 2748 3826 sit:
2789 3773 2914 3840 quia
2953 3772 3272 3843 plerumque
3303 3776 3512 3829 tenacia
3571 3813 3574 3816 ι

1936 3865 2266 3935 parcimonia
2293 3863 2496 3934 appetit
2535 3863 2793 3917 aestimari
2834 3863 3064 3932 ntjuste
3107 3878 3174 3917 ac
3203 3866 3512 3920 necessarie

1937 3955 2182 4009 videatur
2211 3961 2414 4016 tenere,
2445 3952 2704 4020 quidquid
2733 3952 2911 4022 egenti
2932 3953 3180 4022 proximo
3209 3953 3514 4008 misericor-

1935 4042 2076 4097 diter
2103 4057 2208 4097 non
2245 4042 2360 4096 vult
2387 4043 2716 4112 impendere,
2759 4057 2830 4096 ne
2856 4043 2937 4096 sic
2973 4042 3045 4096 sit
3080 4043 3413 4108 misericors,
3455 4055 3517 4100 ut

1935 4133 2100 4192 effusa
2138 4135 2242 4201 sit;
2271 4135 2396 4205 quia
2420 4148 2806 4204 nonnunquam
2844 4133 3035 4190 effusio
3059 4147 3179 4190 esse
3207 4135 3518 4192 misericor-

1936 4229 2021 4284 dia
2064 4235 2304 4298 putatur.
2334 4227 2492 4282 Aliud
2521 4235 2605 4282 est
2628 4227 2772 4281 enim
2811 4225 3028 4296 pietatis
3060 4228 3240 4281 studio
3268 4242 3515 4282 necessa-

1936 4322 2012 4375 ria
2038 4320 2300 4391 proximis
2337 4319 2487 4384 dare,
2519 4327 2679 4388 atque
2719 4318 2862 4372 aliud
2904 4332 2966 4372 ea
3009 4332 3129 4385 qua:
3167 4319 3511 4386 possidentur

1935 4413 2052 4467 sine
2090 4411 2353 4466 mercedis
2379 4410 2677 4464 intentione
2713 4409 3042 4477 dispergere.
3074 4407 3342 4476 Quidquid
3378 4422 3510 4479 ergo

1938 4504 2114 4574 agitur
2169 4504 2221 4556 ill
2283 4503 2464 4556 radice
2517 4499 2858 4560 intentionis,
2885 4498 3220 4566 pensandum
3256 4507 3370 4563 est,
3405 4515 3513 4568 quo

1939 4597 2130 4650 merito
2168 4594 2306 4664 apud
2341 4592 2599 4665 judicium
2637 4589 2903 4645 creatoris
2942 4589 3227 4643 habeatur.
3271 4589 3422 4644 Unde
3459 4600 3515 4645 et

1938 4686 2077 4739 idem
2105 4691 2321 4738 creator
2349 4682 2483 4735 dixit
2515 4699 2527 4733 :
2569 4697 2586 4728 ι
2623 4677 2680 4732 Si
2707 4677 2894 4732 oculus
2926 4687 3049 4732 tuus
3075 4678 3300 4747 simplex
3330 4679 3509 4744 fuerit,

1938 4784 2107 4831 totum
2142 4789 2338 4842 corpus
2365 4781 2512 4826 tuum
2539 4769 2774 4823 lucidum
2805 4768 2911 4822 erit
2930 4768 3145 4840 (Matth.
3183 4769 3278 4840 vl).
3319 4789 3336 4821 ι
3365 4769 3508 4825 Ocu-

1935 4868 2044 4921 lum
2076 4866 2324 4920 videlicet
2347 4863 2716 4925 intentionem,
2746 4876 2942 4931 corpus
2964 4875 3090 4916 vero
3120 4864 3386 4917 actionem
3410 4880 3509 4918 no-

1936 4959 2168 5012 minans.
2200 4957 2332 5023 Quia
2357 4956 2400 5010 si
2433 4962 2618 5010 nostra
2641 4953 2869 5008 intentio
2913 4954 3053 5022 apud
3082 4953 3252 5008 Deum
3282 4956 3509 5025 simplex

1934 5048 2116 5113 fuerit,
2165 5047 2217 5101 in
2247 5045 2364 5116 ejus
2395 5043 2602 5113 judicio
2650 5051 2835 5097 nostra
2884 5042 3026 5097 actio
3067 5044 3352 5097 tenebrosa
3401 5059 3508 5097 non

1932 5140 2056 5194 erit.
2080 5137 2246 5209 Igitur
2269 5137 2395 5206 quia
2423 5135 2596 5190 sancti
2625 5134 2726 5188 viri
2777 5133 3006 5188 solerter
3032 5133 3332 5203 invigilant,
3366 5142 3426 5186 ut
3448 5149 3508 5188 se

1934 5231 2170 5299 undique
2197 5228 2482 5297 aspiciant,
2517 5227 2717 5295 ubique
2744 5225 3074 5287 custodiant,
3110 5238 3178 5277 ne
3223 5231 3316 5276 aut
3364 5223 3505 5275 mala

1931 5331 2152 5392 propter
2176 5336 2241 5375 ea
2271 5321 2384 5389 ipsa
2412 5327 2686 5389 appetant,
2715 5327 2807 5371 aut
2844 5317 2958 5370 haec
2987 5313 3089 5368 sub
3131 5314 3310 5383 specie
3334 5314 3508 5368 bono-

1928 5430 2047 5467 rnln
2085 5423 2265 5485 agant,
2290 5410 2498 5467 scilicet
2522 5426 2588 5466 ne
2618 5424 2674 5464 se
2699 5409 2780 5463 eis
2805 5407 2937 5461 vitia
2959 5407 3188 5459 virtutes
3211 5419 3331 5458 esse
3356 5418 3508 5458 men-

1931 5505 2162 5568 tiantur;
2197 5511 2368 5557 totum
2398 5515 2592 5570 corpus
2624 5499 2837 5568 plenum
2866 5497 2920 5550 in
2948 5494 3178 5550 circuitu
3205 5491 3375 5546 oculis
3402 5491 3504 5545 lla-

1927 5597 2056 5652 bent
2087 5617 2098 5650 :
2135 5598 2260 5666 quia
2291 5595 2468 5650 omnis
2495 5610 2682 5651 eorum
2707 5592 2847 5647 actio
2878 5587 3214 5660 providentia
3241 5585 3505 5640 sollicitu-

1928 5691 2070 5744 dinis
2115 5697 2172 5743 et
2228 5687 2464 5757 repletur
2507 5695 2562 5742 et
2593 5682 2981 5740 circumdatur.
3049 5676 3187 5731 llinc
3221 5684 3303 5730 est
3359 5677 3500 5744 quod
