  <div class='ocr_page' id='page_1' title='image "/cluster/home/n/w/nwhite01/storage/ocr_20150623/110/hvd.32044054759758/271.png"; bbox 0 0 3950 6184; ppageno 0'>
   <div class='ocr_carea' id='block_1_1' title="bbox 408 297 502 352">
    <p class='ocr_par' dir='ltr' id='par_1_1' title="bbox 408 297 502 352">
     <span class='ocr_line' id='line_1_1' title="bbox 408 297 502 352; baseline 0 0"><span class='ocrx_word' id='word_1_1' title='bbox 408 297 502 352; x_wconf 78' lang='grc'><strong>551</strong></span> 
     </span>
    </p>
   </div>
   <div class='ocr_carea' id='block_1_2' title="bbox 1042 286 2996 352">
    <p class='ocr_par' dir='ltr' id='par_1_2' title="bbox 1042 286 2996 352">
     <span class='ocr_line' id='line_1_2' title="bbox 1042 286 2996 352; baseline -0.005 0"><span class='ocrx_word' id='word_1_2' title='bbox 1042 296 1104 352; x_wconf 85' lang='grc' dir='ltr'><strong>Β.</strong></span> <span class='ocrx_word' id='word_1_3' title='bbox 1146 295 1398 351; x_wconf 81' lang='lat' dir='ltr'><strong>RABANI</strong></span> <span class='ocrx_word' id='word_1_4' title='bbox 1436 292 1652 349; x_wconf 76' lang='lat' dir='ltr'><strong>MAURI</strong></span> <span class='ocrx_word' id='word_1_5' title='bbox 1687 292 2003 348; x_wconf 77' lang='lat' dir='ltr'><strong>AliCHlEP.</strong></span> <span class='ocrx_word' id='word_1_6' title='bbox 2049 290 2352 349; x_wconf 74' lang='lat' dir='ltr'><strong>MOGUNT.</strong></span> <span class='ocrx_word' id='word_1_7' title='bbox 2394 287 2678 346; x_wconf 78' lang='lat' dir='ltr'><strong>OPERUM</strong></span> <span class='ocrx_word' id='word_1_8' title='bbox 2714 286 2897 342; x_wconf 81' lang='lat' dir='ltr'><strong>PARS</strong></span> <span class='ocrx_word' id='word_1_9' title='bbox 2931 286 2996 343; x_wconf 84' lang='lat' dir='ltr'><strong>ll.</strong></span> 
     </span>
    </p>
   </div>
   <div class='ocr_carea' id='block_1_3' title="bbox 3544 285 3650 343">
    <p class='ocr_par' dir='ltr' id='par_1_3' title="bbox 3544 285 3650 343">
     <span class='ocr_line' id='line_1_3' title="bbox 3544 285 3650 343; baseline -0.009 0"><span class='ocrx_word' id='word_1_10' title='bbox 3544 285 3650 343; x_wconf 73' lang='lat'><strong>55‘!</strong></span> 
     </span>
    </p>
   </div>
   <div class='ocr_carea' id='block_1_4' title="bbox 407 400 3649 479">
    <p class='ocr_par' dir='ltr' id='par_1_4' title="bbox 407 400 3649 479">
     <span class='ocr_line' id='line_1_4' title="bbox 407 400 3649 479; baseline -0.001 -16"><span class='ocrx_word' id='word_1_11' title='bbox 407 406 607 463; x_wconf 83' lang='lat' dir='ltr'><strong>Paulus</strong></span> <span class='ocrx_word' id='word_1_12' title='bbox 626 406 918 477; x_wconf 88' lang='lat' dir='ltr'><strong>apostolus,</strong></span> <span class='ocrx_word' id='word_1_13' title='bbox 947 406 1074 462; x_wconf 88' lang='lat' dir='ltr'><strong>dum</strong></span> <span class='ocrx_word' id='word_1_14' title='bbox 1092 408 1306 462; x_wconf 87' lang='lat' dir='ltr'><strong>cuidam</strong></span> <span class='ocrx_word' id='word_1_15' title='bbox 1334 406 1616 479; x_wconf 77' lang='lat' dir='ltr'><strong>pmnitenti</strong></span> <span class='ocrx_word' id='word_1_16' title='bbox 1638 406 1707 461; x_wconf 93' lang='lat' dir='ltr'><strong>de</strong></span> <span class='ocrx_word' id='word_1_17' title='bbox 1735 405 1974 461; x_wconf 81' lang='lat' dir='ltr'><strong>facinore</strong></span> <span class='ocrx_word' id='word_1_18' title='bbox 1999 412 2048 469; x_wconf 79' lang='grc' dir='ltr'>Α</span> <span class='ocrx_word' id='word_1_19' title='bbox 2075 414 2317 476; x_wconf 87' lang='lat' dir='ltr'><strong>peccant,</strong></span> <span class='ocrx_word' id='word_1_20' title='bbox 2359 413 2508 460; x_wconf 90' lang='lat' dir='ltr'><strong>recte</strong></span> <span class='ocrx_word' id='word_1_21' title='bbox 2545 403 2744 459; x_wconf 89' lang='lat' dir='ltr'><strong>dicitur</strong></span> <span class='ocrx_word' id='word_1_22' title='bbox 2787 412 2958 459; x_wconf 90' lang='lat' dir='ltr'><strong>totum</strong></span> <span class='ocrx_word' id='word_1_23' title='bbox 2989 417 3187 474; x_wconf 88' lang='lat' dir='ltr'><strong>corpus</strong></span> <span class='ocrx_word' id='word_1_24' title='bbox 3217 415 3405 458; x_wconf 87' lang='lat' dir='ltr'><strong>eorum</strong></span> <span class='ocrx_word' id='word_1_25' title='bbox 3434 400 3649 474; x_wconf 86' lang='lat' dir='ltr'><strong>plenum</strong></span> 
     </span>
    </p>
   </div>
   <div class='ocr_carea' id='block_1_5' title="bbox 409 494 1975 570">
    <p class='ocr_par' dir='ltr' id='par_1_5' title="bbox 409 494 1975 570">
     <span class='ocr_line' id='line_1_5' title="bbox 409 494 1975 570; baseline -0.002 -18"><span class='ocrx_word' id='word_1_26' title='bbox 409 505 717 570; x_wconf 88' lang='lat' dir='ltr'><strong>perpetrato</strong></span> <span class='ocrx_word' id='word_1_27' title='bbox 740 494 1051 554; x_wconf 71' lang='lat' dir='ltr'><strong>Corinthios</strong></span> <span class='ocrx_word' id='word_1_28' title='bbox 1076 496 1411 566; x_wconf 84' lang='lat' dir='ltr'><strong>prospiceret</strong></span> <span class='ocrx_word' id='word_1_29' title='bbox 1442 496 1675 551; x_wconf 88' lang='lat' dir='ltr'><strong>voluisse</strong></span> <span class='ocrx_word' id='word_1_30' title='bbox 1710 495 1975 559; x_wconf 87' lang='lat' dir='ltr'><strong>misereri,</strong></span> 
     </span>
    </p>
   </div>
   <div class='ocr_carea' id='block_1_6' title="bbox 413 584 1980 656">
    <p class='ocr_par' dir='ltr' id='par_1_6' title="bbox 413 584 1980 656">
     <span class='ocr_line' id='line_1_6' title="bbox 413 584 1980 656; baseline -0.001 -14"><span class='ocrx_word' id='word_1_31' title='bbox 413 588 530 643; x_wconf 90' lang='lat' dir='ltr'><strong>ait:</strong></span> <span class='ocrx_word' id='word_1_32' title='bbox 561 605 581 640; x_wconf 76' lang='grc' dir='ltr'>ι</span> <span class='ocrx_word' id='word_1_33' title='bbox 616 585 674 643; x_wconf 87' lang='lat' dir='ltr'><strong>Si</strong></span> <span class='ocrx_word' id='word_1_34' title='bbox 718 588 805 644; x_wconf 92' lang='lat' dir='ltr'><strong>cui</strong></span> <span class='ocrx_word' id='word_1_35' title='bbox 854 586 1054 656; x_wconf 86' lang='lat' dir='ltr'><strong>aliquid</strong></span> <span class='ocrx_word' id='word_1_36' title='bbox 1106 585 1350 642; x_wconf 75' lang='lat' dir='ltr'><strong>donastis</strong></span> <span class='ocrx_word' id='word_1_37' title='bbox 1377 594 1434 640; x_wconf 94' lang='lat' dir='ltr'><strong>et</strong></span> <span class='ocrx_word' id='word_1_38' title='bbox 1470 600 1590 656; x_wconf 90' lang='lat' dir='ltr'><strong>ego.</strong></span> <span class='ocrx_word' id='word_1_39' title='bbox 1621 584 1758 640; x_wconf 85' lang='lat' dir='ltr'><strong>Nam</strong></span> <span class='ocrx_word' id='word_1_40' title='bbox 1789 594 1844 641; x_wconf 88' lang='lat' dir='ltr'><strong>et</strong></span> <span class='ocrx_word' id='word_1_41' title='bbox 1879 600 1980 656; x_wconf 89' lang='lat' dir='ltr'><strong>ego</strong></span> 
     </span>
    </p>
   </div>
   <div class='ocr_carea' id='block_1_7' title="bbox 412 677 1983 752">
    <p class='ocr_par' dir='ltr' id='par_1_7' title="bbox 412 677 1983 752">
     <span class='ocr_line' id='line_1_7' title="bbox 412 677 1983 752; baseline -0.004 -13"><span class='ocrx_word' id='word_1_42' title='bbox 412 682 557 752; x_wconf 83' lang='lat' dir='ltr'><strong>quod</strong></span> <span class='ocrx_word' id='word_1_43' title='bbox 583 681 798 745; x_wconf 82' lang='lat' dir='ltr'><strong>donavi,</strong></span> <span class='ocrx_word' id='word_1_44' title='bbox 824 694 924 750; x_wconf 90' lang='lat' dir='ltr'><strong>per</strong></span> <span class='ocrx_word' id='word_1_45' title='bbox 948 694 1043 735; x_wconf 91' lang='lat' dir='ltr'><strong>vos</strong></span> <span class='ocrx_word' id='word_1_46' title='bbox 1073 679 1127 733; x_wconf 93' lang='lat' dir='ltr'><strong>in</strong></span> <span class='ocrx_word' id='word_1_47' title='bbox 1149 692 1382 750; x_wconf 78' lang='lat' dir='ltr'><strong>persona</strong></span> <span class='ocrx_word' id='word_1_48' title='bbox 1404 677 1623 741; x_wconf 80' lang='lat' dir='ltr'><strong>Christi,</strong></span> <span class='ocrx_word' id='word_1_49' title='bbox 1656 687 1717 732; x_wconf 92' lang='lat' dir='ltr'><strong>ut</strong></span> <span class='ocrx_word' id='word_1_50' title='bbox 1742 693 1847 734; x_wconf 89' lang='lat' dir='ltr'><strong>non</strong></span> <span class='ocrx_word' id='word_1_51' title='bbox 1874 678 1983 733; x_wconf 86' lang='lat' dir='ltr'><strong>cir-</strong></span> 
     </span>
    </p>
   </div>
   <div class='ocr_carea' id='block_1_8' title="bbox 413 769 1982 838">
    <p class='ocr_par' dir='ltr' id='par_1_8' title="bbox 413 769 1982 838">
     <span class='ocr_line' id='line_1_8' title="bbox 413 769 1982 838; baseline -0.004 -8"><span class='ocrx_word' id='word_1_52' title='bbox 413 772 818 830; x_wconf 89' lang='lat' dir='ltr'><strong>cumveniamur</strong></span> <span class='ocrx_word' id='word_1_53' title='bbox 848 786 880 825; x_wconf 88' lang='lat' dir='ltr'><strong>a</strong></span> <span class='ocrx_word' id='word_1_54' title='bbox 912 769 1114 826; x_wconf 89' lang='lat' dir='ltr'><strong>Satana</strong></span> <span class='ocrx_word' id='word_1_55' title='bbox 1145 788 1159 824; x_wconf 90' lang='lat'><strong>:</strong></span> <span class='ocrx_word' id='word_1_56' title='bbox 1189 785 1301 825; x_wconf 92' lang='lat' dir='ltr'><strong>non</strong></span> <span class='ocrx_word' id='word_1_57' title='bbox 1338 770 1485 825; x_wconf 90' lang='lat' dir='ltr'><strong>enim</strong></span> <span class='ocrx_word' id='word_1_58' title='bbox 1528 770 1841 838; x_wconf 78' lang='lat' dir='ltr'><strong>ignoramus</strong></span> <span class='ocrx_word' id='word_1_59' title='bbox 1890 784 1982 824; x_wconf 92' lang='lat' dir='ltr'><strong>co-</strong></span> 
     </span>
    </p>
   </div>
   <div class='ocr_carea' id='block_1_9' title="bbox 411 861 1980 938">
    <p class='ocr_par' dir='ltr' id='par_1_9' title="bbox 411 861 1980 938">
     <span class='ocr_line' id='line_1_9' title="bbox 411 861 1980 938; baseline -0.003 -17"><span class='ocrx_word' id='word_1_60' title='bbox 411 866 698 938; x_wconf 88' lang='lat' dir='ltr'><strong>gitationes</strong></span> <span class='ocrx_word' id='word_1_61' title='bbox 747 864 866 935; x_wconf 87' lang='lat' dir='ltr'><strong>ejus</strong></span> <span class='ocrx_word' id='word_1_62' title='bbox 894 863 979 936; x_wconf 86' lang='grc'><strong>(11</strong></span> <span class='ocrx_word' id='word_1_63' title='bbox 1006 861 1130 919; x_wconf 87' lang='lat' dir='ltr'><strong>Cor.</strong></span> <span class='ocrx_word' id='word_1_64' title='bbox 1154 863 1239 937; x_wconf 81' lang='grc' dir='ltr'><strong>ιι).</strong></span> <span class='ocrx_word' id='word_1_65' title='bbox 1277 883 1296 916; x_wconf 78' lang='grc' dir='ltr'><strong>ι</strong></span> <span class='ocrx_word' id='word_1_66' title='bbox 1342 862 1403 919; x_wconf 88' lang='lat' dir='ltr'><strong>Si</strong></span> <span class='ocrx_word' id='word_1_67' title='bbox 1455 863 1599 918; x_wconf 91' lang='lat' dir='ltr'><strong>enim</strong></span> <span class='ocrx_word' id='word_1_68' title='bbox 1647 863 1980 932; x_wconf 85' lang='lat' dir='ltr'><strong>parcendum</strong></span> 
     </span>
    </p>
   </div>
   <div class='ocr_carea' id='block_1_10' title="bbox 413 952 1979 1022">
    <p class='ocr_par' dir='ltr' id='par_1_10' title="bbox 413 952 1979 1022">
     <span class='ocr_line' id='line_1_10' title="bbox 413 952 1979 1022; baseline -0.003 -11"><span class='ocrx_word' id='word_1_69' title='bbox 413 971 520 1011; x_wconf 92' lang='lat' dir='ltr'><strong>non</strong></span> <span class='ocrx_word' id='word_1_70' title='bbox 549 963 689 1019; x_wconf 89' lang='lat' dir='ltr'><strong>erat,</strong></span> <span class='ocrx_word' id='word_1_71' title='bbox 710 970 809 1011; x_wconf 91' lang='lat' dir='ltr'><strong>cur</strong></span> <span class='ocrx_word' id='word_1_72' title='bbox 828 969 888 1010; x_wconf 90' lang='lat' dir='ltr'><strong>se</strong></span> <span class='ocrx_word' id='word_1_73' title='bbox 914 954 1218 1009; x_wconf 73' lang='lat' dir='ltr'><strong>humilitate</strong></span> <span class='ocrx_word' id='word_1_74' title='bbox 1248 961 1400 1008; x_wconf 87' lang='lat' dir='ltr'><strong>tanta</strong></span> <span class='ocrx_word' id='word_1_75' title='bbox 1425 952 1691 1008; x_wconf 81' lang='lat' dir='ltr'><strong>voluntati</strong></span> <span class='ocrx_word' id='word_1_76' title='bbox 1737 953 1979 1022; x_wconf 91' lang='lat' dir='ltr'><strong>discipu-</strong></span> 
     </span>
    </p>
   </div>
   <div class='ocr_carea' id='block_1_11' title="bbox 412 1042 1982 1115">
    <p class='ocr_par' dir='ltr' id='par_1_11' title="bbox 412 1042 1982 1115">
     <span class='ocr_line' id='line_1_11' title="bbox 412 1042 1982 1115; baseline -0.001 -18"><span class='ocrx_word' id='word_1_77' title='bbox 412 1043 585 1099; x_wconf 90' lang='lat' dir='ltr'><strong>lorum</strong></span> <span class='ocrx_word' id='word_1_78' title='bbox 612 1042 869 1115; x_wconf 78' lang='lat' dir='ltr'><strong>magister</strong></span> <span class='ocrx_word' id='word_1_79' title='bbox 894 1043 1145 1115; x_wconf 87' lang='lat' dir='ltr'><strong>egregius</strong></span> <span class='ocrx_word' id='word_1_80' title='bbox 1177 1043 1374 1107; x_wconf 87' lang='lat' dir='ltr'><strong>sociat,</strong></span> <span class='ocrx_word' id='word_1_81' title='bbox 1398 1050 1460 1098; x_wconf 92' lang='lat' dir='ltr'><strong>ut</strong></span> <span class='ocrx_word' id='word_1_82' title='bbox 1490 1058 1664 1112; x_wconf 92' lang='lat' dir='ltr'><strong>neque</strong></span> <span class='ocrx_word' id='word_1_83' title='bbox 1699 1043 1816 1112; x_wconf 89' lang='lat' dir='ltr'><strong>ipse</strong></span> <span class='ocrx_word' id='word_1_84' title='bbox 1839 1058 1870 1095; x_wconf 90' lang='lat' dir='ltr'><strong>a</strong></span> <span class='ocrx_word' id='word_1_85' title='bbox 1900 1042 1982 1096; x_wconf 59' lang='lat' dir='ltr'><strong>die</strong></span> 
     </span>
    </p>
   </div>
   <div class='ocr_carea' id='block_1_12' title="bbox 412 1133 1983 1205">
    <p class='ocr_par' dir='ltr' id='par_1_12' title="bbox 412 1133 1983 1205">
     <span class='ocr_line' id='line_1_12' title="bbox 412 1133 1983 1205; baseline 0.001 -17"><span class='ocrx_word' id='word_1_86' title='bbox 412 1135 652 1205; x_wconf 90' lang='lat' dir='ltr'><strong>scipulis,</strong></span> <span class='ocrx_word' id='word_1_87' title='bbox 708 1149 884 1204; x_wconf 90' lang='lat' dir='ltr'><strong>neque</strong></span> <span class='ocrx_word' id='word_1_88' title='bbox 942 1135 1011 1189; x_wconf 89' lang='lat' dir='ltr'><strong>ab</strong></span> <span class='ocrx_word' id='word_1_89' title='bbox 1067 1149 1134 1189; x_wconf 87' lang='lat' dir='ltr'><strong>eo</strong></span> <span class='ocrx_word' id='word_1_90' title='bbox 1187 1133 1433 1203; x_wconf 88' lang='lat' dir='ltr'><strong>discipuli</strong></span> <span class='ocrx_word' id='word_1_91' title='bbox 1486 1135 1540 1189; x_wconf 93' lang='lat' dir='ltr'><strong>in</strong></span> <span class='ocrx_word' id='word_1_92' title='bbox 1593 1133 1983 1203; x_wconf 89' lang='lat' dir='ltr'><strong>compassionis</strong></span> 
     </span>
    </p>
   </div>
   <div class='ocr_carea' id='block_1_13' title="bbox 411 1226 1985 1297">
    <p class='ocr_par' dir='ltr' id='par_1_13' title="bbox 411 1226 1985 1297">
     <span class='ocr_line' id='line_1_13' title="bbox 411 1226 1985 1297; baseline -0.001 -16"><span class='ocrx_word' id='word_1_93' title='bbox 411 1241 575 1281; x_wconf 85' lang='lat' dir='ltr'><strong>causa</strong></span> <span class='ocrx_word' id='word_1_94' title='bbox 597 1226 753 1281; x_wconf 82' lang='lat' dir='ltr'><strong>divisi</strong></span> <span class='ocrx_word' id='word_1_95' title='bbox 781 1227 1111 1292; x_wconf 81' lang='lat' dir='ltr'><strong>viderentur,</strong></span> <span class='ocrx_word' id='word_1_96' title='bbox 1145 1226 1249 1280; x_wconf 88' lang='lat' dir='ltr'><strong>nisi</strong></span> <span class='ocrx_word' id='word_1_97' title='bbox 1272 1227 1400 1297; x_wconf 86' lang='lat' dir='ltr'><strong>quia</strong></span> <span class='ocrx_word' id='word_1_98' title='bbox 1431 1226 1666 1282; x_wconf 91' lang='lat' dir='ltr'><strong>sollicito</strong></span> <span class='ocrx_word' id='word_1_99' title='bbox 1697 1226 1985 1296; x_wconf 83' lang='lat' dir='ltr'><strong>providen-</strong></span> 
     </span>
    </p>
   </div>
   <div class='ocr_carea' id='block_1_14' title="bbox 414 1313 1984 1384">
    <p class='ocr_par' dir='ltr' id='par_1_14' title="bbox 414 1313 1984 1384">
     <span class='ocr_line' id='line_1_14' title="bbox 414 1313 1984 1384; baseline -0.002 -14"><span class='ocrx_word' id='word_1_100' title='bbox 414 1316 502 1371; x_wconf 76' lang='lat' dir='ltr'><strong>tia:</strong></span> <span class='ocrx_word' id='word_1_101' title='bbox 529 1315 687 1371; x_wconf 91' lang='lat' dir='ltr'><strong>oculo</strong></span> <span class='ocrx_word' id='word_1_102' title='bbox 718 1314 981 1379; x_wconf 87' lang='lat' dir='ltr'><strong>attendit,</strong></span> <span class='ocrx_word' id='word_1_103' title='bbox 1010 1314 1154 1384; x_wconf 90' lang='lat' dir='ltr'><strong>quod</strong></span> <span class='ocrx_word' id='word_1_104' title='bbox 1197 1314 1514 1384; x_wconf 90' lang='lat' dir='ltr'><strong>plerumque</strong></span> <span class='ocrx_word' id='word_1_105' title='bbox 1542 1315 1670 1369; x_wconf 90' lang='lat' dir='ltr'><strong>dum</strong></span> <span class='ocrx_word' id='word_1_106' title='bbox 1700 1313 1838 1368; x_wconf 86' lang='lat' dir='ltr'><strong>alter</strong></span> <span class='ocrx_word' id='word_1_107' title='bbox 1882 1313 1984 1367; x_wconf 87' lang='lat' dir='ltr'><strong>do-</strong></span> 
     </span>
    </p>
   </div>
   <div class='ocr_carea' id='block_1_15' title="bbox 415 1400 1986 1473">
    <p class='ocr_par' dir='ltr' id='par_1_15' title="bbox 415 1400 1986 1473">
     <span class='ocr_line' id='line_1_15' title="bbox 415 1400 1986 1473; baseline -0.001 -16"><span class='ocrx_word' id='word_1_108' title='bbox 415 1411 531 1469; x_wconf 90' lang='lat' dir='ltr'><strong>nat,</strong></span> <span class='ocrx_word' id='word_1_109' title='bbox 565 1402 704 1458; x_wconf 88' lang='lat' dir='ltr'><strong>alter</strong></span> <span class='ocrx_word' id='word_1_110' title='bbox 727 1402 980 1457; x_wconf 87' lang='lat' dir='ltr'><strong>irascitur</strong></span> <span class='ocrx_word' id='word_1_111' title='bbox 1006 1402 1031 1457; x_wconf 78' lang='lat'><strong>?</strong></span> <span class='ocrx_word' id='word_1_112' title='bbox 1073 1401 1141 1457; x_wconf 91' lang='lat' dir='ltr'><strong>Et</strong></span> <span class='ocrx_word' id='word_1_113' title='bbox 1182 1401 1341 1471; x_wconf 86' lang='lat' dir='ltr'><strong>quale</strong></span> <span class='ocrx_word' id='word_1_114' title='bbox 1362 1410 1446 1457; x_wconf 89' lang='lat' dir='ltr'><strong>est</strong></span> <span class='ocrx_word' id='word_1_115' title='bbox 1469 1401 1579 1473; x_wconf 93' lang='lat' dir='ltr'><strong>jam</strong></span> <span class='ocrx_word' id='word_1_116' title='bbox 1604 1400 1986 1457; x_wconf 65' lang='lat' dir='ltr'><strong>misericordia)</strong></span> 
     </span>
    </p>
   </div>
   <div class='ocr_carea' id='block_1_16' title="bbox 411 1487 1987 1563">
    <p class='ocr_par' dir='ltr' id='par_1_16' title="bbox 411 1487 1987 1563">
     <span class='ocr_line' id='line_1_16' title="bbox 411 1487 1987 1563; baseline -0.004 -14"><span class='ocrx_word' id='word_1_117' title='bbox 411 1494 758 1559; x_wconf 76' lang='lat' dir='ltr'><strong>sacriﬁcium,</strong></span> <span class='ocrx_word' id='word_1_118' title='bbox 781 1490 926 1563; x_wconf 88' lang='lat' dir='ltr'><strong>quod</strong></span> <span class='ocrx_word' id='word_1_119' title='bbox 951 1507 1074 1547; x_wconf 88' lang='lat' dir='ltr'><strong>cum</strong></span> <span class='ocrx_word' id='word_1_120' title='bbox 1116 1491 1387 1547; x_wconf 86' lang='lat' dir='ltr'><strong>discordia</strong></span> <span class='ocrx_word' id='word_1_121' title='bbox 1424 1491 1672 1561; x_wconf 78' lang='lat' dir='ltr'><strong>proximo</strong></span> <span class='ocrx_word' id='word_1_122' title='bbox 1719 1487 1987 1545; x_wconf 82' lang='lat' dir='ltr'><strong>oﬂ&#39;ertur?</strong></span> 
     </span>
    </p>
   </div>
   <div class='ocr_carea' id='block_1_17' title="bbox 412 1576 1984 1641">
    <p class='ocr_par' dir='ltr' id='par_1_17' title="bbox 412 1576 1984 1641">
     <span class='ocr_line' id='line_1_17' title="bbox 412 1576 1984 1641; baseline -0.007 -1"><span class='ocrx_word' id='word_1_123' title='bbox 412 1584 569 1641; x_wconf 87' lang='lat' dir='ltr'><strong>Unde</strong></span> <span class='ocrx_word' id='word_1_124' title='bbox 588 1592 734 1639; x_wconf 89' lang='lat' dir='ltr'><strong>certe</strong></span> <span class='ocrx_word' id='word_1_125' title='bbox 759 1582 876 1637; x_wconf 88' lang='lat' dir='ltr'><strong>ait:</strong></span> <span class='ocrx_word' id='word_1_126' title='bbox 912 1601 933 1635; x_wconf 73' lang='grc' dir='ltr'>ι</span> <span class='ocrx_word' id='word_1_127' title='bbox 974 1581 1045 1638; x_wconf 89' lang='lat' dir='ltr'><strong>Ut</strong></span> <span class='ocrx_word' id='word_1_128' title='bbox 1064 1595 1171 1637; x_wconf 91' lang='lat' dir='ltr'><strong>non</strong></span> <span class='ocrx_word' id='word_1_129' title='bbox 1195 1579 1686 1637; x_wconf 89' lang='lat' dir='ltr'><strong>circumveniamur</strong></span> <span class='ocrx_word' id='word_1_130' title='bbox 1706 1594 1737 1634; x_wconf 92' lang='lat' dir='ltr'><strong>a</strong></span> <span class='ocrx_word' id='word_1_131' title='bbox 1760 1576 1984 1641; x_wconf 85' lang='lat' dir='ltr'><strong>Satana,</strong></span> 
     </span>
    </p>
   </div>
   <div class='ocr_carea' id='block_1_18' title="bbox 412 1667 1989 1743">
    <p class='ocr_par' dir='ltr' id='par_1_18' title="bbox 412 1667 1989 1743">
     <span class='ocr_line' id='line_1_18' title="bbox 412 1667 1989 1743; baseline -0.004 -14"><span class='ocrx_word' id='word_1_132' title='bbox 412 1689 519 1729; x_wconf 89' lang='lat' dir='ltr'><strong>non</strong></span> <span class='ocrx_word' id='word_1_133' title='bbox 548 1674 693 1729; x_wconf 89' lang='lat' dir='ltr'><strong>enim</strong></span> <span class='ocrx_word' id='word_1_134' title='bbox 723 1674 1030 1743; x_wconf 76' lang='lat' dir='ltr'><strong>ignoramus</strong></span> <span class='ocrx_word' id='word_1_135' title='bbox 1056 1671 1410 1742; x_wconf 86' lang='lat' dir='ltr'><strong>cogitationes</strong></span> <span class='ocrx_word' id='word_1_136' title='bbox 1445 1668 1580 1739; x_wconf 90' lang='lat' dir='ltr'><strong>ejus.</strong></span> <span class='ocrx_word' id='word_1_137' title='bbox 1621 1688 1640 1720; x_wconf 73' lang='grc' dir='ltr'><strong><em>ι</em></strong></span> <span class='ocrx_word' id='word_1_138' title='bbox 1671 1668 1806 1735; x_wconf 89' lang='lat' dir='ltr'><strong>Quia</strong></span> <span class='ocrx_word' id='word_1_139' title='bbox 1840 1667 1989 1722; x_wconf 90' lang='lat' dir='ltr'><strong>vide-</strong></span> 
     </span>
    </p>
   </div>
   <div class='ocr_carea' id='block_1_19' title="bbox 411 1756 1988 1819">
    <p class='ocr_par' dir='ltr' id='par_1_19' title="bbox 411 1756 1988 1819">
     <span class='ocr_line' id='line_1_19' title="bbox 411 1756 1988 1819; baseline -0.004 -2"><span class='ocrx_word' id='word_1_140' title='bbox 411 1763 538 1819; x_wconf 88' lang='lat' dir='ltr'><strong>licet</strong></span> <span class='ocrx_word' id='word_1_141' title='bbox 561 1763 684 1819; x_wconf 90' lang='lat' dir='ltr'><strong>inde</strong></span> <span class='ocrx_word' id='word_1_142' title='bbox 712 1763 766 1817; x_wconf 92' lang='lat' dir='ltr'><strong>in</strong></span> <span class='ocrx_word' id='word_1_143' title='bbox 794 1761 1019 1817; x_wconf 88' lang='lat' dir='ltr'><strong>alterius</strong></span> <span class='ocrx_word' id='word_1_144' title='bbox 1042 1761 1207 1816; x_wconf 91' lang='lat' dir='ltr'><strong>corde</strong></span> <span class='ocrx_word' id='word_1_145' title='bbox 1237 1760 1369 1815; x_wconf 77' lang='lat' dir='ltr'><strong>rixa:</strong></span> <span class='ocrx_word' id='word_1_146' title='bbox 1394 1759 1596 1814; x_wconf 92' lang='lat' dir='ltr'><strong>malum</strong></span> <span class='ocrx_word' id='word_1_147' title='bbox 1621 1757 1760 1813; x_wconf 91' lang='lat' dir='ltr'><strong>solet</strong></span> <span class='ocrx_word' id='word_1_148' title='bbox 1786 1756 1988 1812; x_wconf 84' lang='lat' dir='ltr'><strong>immit-</strong></span> 
     </span>
    </p>
   </div>
   <div class='ocr_carea' id='block_1_20' title="bbox 412 1845 1985 1923">
    <p class='ocr_par' dir='ltr' id='par_1_20' title="bbox 412 1845 1985 1923">
     <span class='ocr_line' id='line_1_20' title="bbox 412 1845 1985 1923; baseline -0.004 -14"><span class='ocrx_word' id='word_1_149' title='bbox 412 1866 551 1921; x_wconf 88' lang='lat' dir='ltr'><strong>tere,</strong></span> <span class='ocrx_word' id='word_1_150' title='bbox 583 1854 725 1909; x_wconf 91' lang='lat' dir='ltr'><strong>unde</strong></span> <span class='ocrx_word' id='word_1_151' title='bbox 771 1854 1001 1909; x_wconf 89' lang='lat' dir='ltr'><strong>alterum</strong></span> <span class='ocrx_word' id='word_1_152' title='bbox 1026 1851 1292 1923; x_wconf 88' lang='lat' dir='ltr'><strong>conspicit</strong></span> <span class='ocrx_word' id='word_1_153' title='bbox 1319 1851 1538 1921; x_wconf 88' lang='lat' dir='ltr'><strong>pietatis</strong></span> <span class='ocrx_word' id='word_1_154' title='bbox 1582 1848 1858 1920; x_wconf 84' lang='lat' dir='ltr'><strong>negotium</strong></span> <span class='ocrx_word' id='word_1_155' title='bbox 1903 1845 1985 1902; x_wconf 86' lang='lat' dir='ltr'><strong>l&#39;e-</strong></span> 
     </span>
    </p>
   </div>
   <div class='ocr_carea' id='block_1_21' title="bbox 412 1937 1986 2015">
    <p class='ocr_par' dir='ltr' id='par_1_21' title="bbox 412 1937 1986 2015">
     <span class='ocr_line' id='line_1_21' title="bbox 412 1937 1986 2015; baseline -0.006 -14"><span class='ocrx_word' id='word_1_156' title='bbox 412 1947 582 2012; x_wconf 85' lang='lat' dir='ltr'><strong>cisse;</strong></span> <span class='ocrx_word' id='word_1_157' title='bbox 608 1943 986 2015; x_wconf 87' lang='lat' dir='ltr'><strong>imperl&#39;ectum</strong></span> <span class='ocrx_word' id='word_1_158' title='bbox 1025 1942 1170 1998; x_wconf 89' lang='lat' dir='ltr'><strong>enim</strong></span> <span class='ocrx_word' id='word_1_159' title='bbox 1199 1943 1396 1997; x_wconf 91' lang='lat' dir='ltr'><strong>bonum</strong></span> <span class='ocrx_word' id='word_1_160' title='bbox 1442 1949 1561 2008; x_wconf 91' lang='lat' dir='ltr'><strong>est,</strong></span> <span class='ocrx_word' id='word_1_161' title='bbox 1584 1940 1728 2011; x_wconf 91' lang='lat' dir='ltr'><strong>quod</strong></span> <span class='ocrx_word' id='word_1_162' title='bbox 1756 1939 1837 1994; x_wconf 90' lang='lat' dir='ltr'><strong>sic</strong></span> <span class='ocrx_word' id='word_1_163' title='bbox 1869 1937 1986 2008; x_wconf 89' lang='lat' dir='ltr'><strong>agi-</strong></span> 
     </span>
    </p>
   </div>
   <div class='ocr_carea' id='block_1_22' title="bbox 414 2031 1988 2105">
    <p class='ocr_par' dir='ltr' id='par_1_22' title="bbox 414 2031 1988 2105">
     <span class='ocr_line' id='line_1_22' title="bbox 414 2031 1988 2105; baseline -0.004 -15"><span class='ocrx_word' id='word_1_164' title='bbox 414 2044 531 2101; x_wconf 89' lang='lat' dir='ltr'><strong>tur,</strong></span> <span class='ocrx_word' id='word_1_165' title='bbox 564 2043 714 2091; x_wconf 91' lang='lat' dir='ltr'><strong>utne</strong></span> <span class='ocrx_word' id='word_1_166' title='bbox 735 2036 864 2105; x_wconf 91' lang='lat' dir='ltr'><strong>quid</strong></span> <span class='ocrx_word' id='word_1_167' title='bbox 899 2035 949 2089; x_wconf 90' lang='lat' dir='ltr'><strong>ei</strong></span> <span class='ocrx_word' id='word_1_168' title='bbox 978 2048 1045 2089; x_wconf 84' lang='lat' dir='ltr'><strong>ex</strong></span> <span class='ocrx_word' id='word_1_169' title='bbox 1073 2032 1179 2088; x_wconf 90' lang='lat' dir='ltr'><strong>alio</strong></span> <span class='ocrx_word' id='word_1_170' title='bbox 1202 2031 1374 2088; x_wconf 89' lang='lat' dir='ltr'><strong>latere</strong></span> <span class='ocrx_word' id='word_1_171' title='bbox 1398 2032 1524 2086; x_wconf 90' lang='lat' dir='ltr'><strong>mali</strong></span> <span class='ocrx_word' id='word_1_172' title='bbox 1569 2032 1848 2102; x_wconf 82' lang='lat' dir='ltr'><strong>subrepat,</strong></span> <span class='ocrx_word' id='word_1_173' title='bbox 1879 2044 1988 2085; x_wconf 87' lang='lat' dir='ltr'><strong>non</strong></span> 
     </span>
    </p>
   </div>
   <div class='ocr_carea' id='block_1_23' title="bbox 413 2120 1987 2192">
    <p class='ocr_par' dir='ltr' id='par_1_23' title="bbox 413 2120 1987 2192">
     <span class='ocr_line' id='line_1_23' title="bbox 413 2120 1987 2192; baseline -0.003 -12"><span class='ocrx_word' id='word_1_174' title='bbox 413 2126 742 2181; x_wconf 85' lang='lat' dir='ltr'><strong>attendatur.</strong></span> <span class='ocrx_word' id='word_1_175' title='bbox 791 2123 903 2179; x_wconf 81' lang='lat' dir='ltr'><strong>Nisi</strong></span> <span class='ocrx_word' id='word_1_176' title='bbox 957 2123 1097 2179; x_wconf 78' lang='lat' dir='ltr'><strong>forte</strong></span> <span class='ocrx_word' id='word_1_177' title='bbox 1155 2122 1285 2187; x_wconf 86' lang='lat' dir='ltr'><strong>hoc,</strong></span> <span class='ocrx_word' id='word_1_178' title='bbox 1339 2123 1484 2192; x_wconf 92' lang='lat' dir='ltr'><strong>quod</strong></span> <span class='ocrx_word' id='word_1_179' title='bbox 1523 2122 1640 2178; x_wconf 87' lang='lat' dir='ltr'><strong>sine</strong></span> <span class='ocrx_word' id='word_1_180' title='bbox 1685 2120 1987 2192; x_wconf 77' lang='lat' dir='ltr'><strong>cuiuspiam</strong></span> 
     </span>
    </p>
   </div>
   <div class='ocr_carea' id='block_1_24' title="bbox 413 2212 1984 2286">
    <p class='ocr_par' dir='ltr' id='par_1_24' title="bbox 413 2212 1984 2286">
     <span class='ocr_line' id='line_1_24' title="bbox 413 2212 1984 2286; baseline -0.005 -12"><span class='ocrx_word' id='word_1_181' title='bbox 413 2217 669 2274; x_wconf 83' lang='lat' dir='ltr'><strong>seandalo</strong></span> <span class='ocrx_word' id='word_1_182' title='bbox 720 2216 840 2272; x_wconf 83' lang='lat' dir='ltr'><strong>ﬁeri</strong></span> <span class='ocrx_word' id='word_1_183' title='bbox 886 2231 993 2271; x_wconf 90' lang='lat' dir='ltr'><strong>non</strong></span> <span class='ocrx_word' id='word_1_184' title='bbox 1042 2222 1249 2286; x_wconf 87' lang='lat' dir='ltr'><strong>potest,</strong></span> <span class='ocrx_word' id='word_1_185' title='bbox 1287 2213 1443 2284; x_wconf 88' lang='lat' dir='ltr'><strong>culpa</strong></span> <span class='ocrx_word' id='word_1_186' title='bbox 1493 2213 1565 2269; x_wconf 88' lang='lat' dir='ltr'><strong>sit</strong></span> <span class='ocrx_word' id='word_1_187' title='bbox 1610 2228 1718 2269; x_wconf 91' lang='lat' dir='ltr'><strong>non</strong></span> <span class='ocrx_word' id='word_1_188' title='bbox 1768 2212 1984 2268; x_wconf 82' lang='lat' dir='ltr'><strong>fecisse.</strong></span> 
     </span>
    </p>
   </div>
   <div class='ocr_carea' id='block_1_25' title="bbox 413 2301 1987 2370">
    <p class='ocr_par' dir='ltr' id='par_1_25' title="bbox 413 2301 1987 2370">
     <span class='ocr_line' id='line_1_25' title="bbox 413 2301 1987 2370; baseline -0.003 -8"><span class='ocrx_word' id='word_1_189' title='bbox 413 2305 529 2362; x_wconf 74' lang='lat' dir='ltr'><strong>Hoc</strong></span> <span class='ocrx_word' id='word_1_190' title='bbox 571 2320 703 2362; x_wconf 89' lang='lat' dir='ltr'><strong>vero</strong></span> <span class='ocrx_word' id='word_1_191' title='bbox 742 2306 865 2361; x_wconf 91' lang='lat' dir='ltr'><strong>ideo</strong></span> <span class='ocrx_word' id='word_1_192' title='bbox 889 2305 1138 2370; x_wconf 89' lang='lat' dir='ltr'><strong>dicimus,</strong></span> <span class='ocrx_word' id='word_1_193' title='bbox 1164 2314 1224 2361; x_wconf 92' lang='lat' dir='ltr'><strong>ut</strong></span> <span class='ocrx_word' id='word_1_194' title='bbox 1250 2312 1440 2360; x_wconf 91' lang='lat' dir='ltr'><strong>notum</strong></span> <span class='ocrx_word' id='word_1_195' title='bbox 1485 2314 1683 2359; x_wconf 77' lang='lat' dir='ltr'><strong>vestra:</strong></span> <span class='ocrx_word' id='word_1_196' title='bbox 1712 2301 1987 2359; x_wconf 88' lang='lat' dir='ltr'><strong>dilectioni</strong></span> 
     </span>
    </p>
   </div>
   <div class='ocr_carea' id='block_1_26' title="bbox 415 2390 1990 2463">
    <p class='ocr_par' dir='ltr' id='par_1_26' title="bbox 415 2390 1990 2463">
     <span class='ocr_line' id='line_1_26' title="bbox 415 2390 1990 2463; baseline -0.002 -15"><span class='ocrx_word' id='word_1_197' title='bbox 415 2393 679 2449; x_wconf 82' lang='lat' dir='ltr'><strong>faciamus</strong></span> <span class='ocrx_word' id='word_1_198' title='bbox 705 2393 830 2463; x_wconf 86' lang='lat' dir='ltr'><strong>quia</strong></span> <span class='ocrx_word' id='word_1_199' title='bbox 857 2393 911 2447; x_wconf 90' lang='lat' dir='ltr'><strong>in</strong></span> <span class='ocrx_word' id='word_1_200' title='bbox 959 2402 1149 2450; x_wconf 89' lang='lat' dir='ltr'><strong>nostro</strong></span> <span class='ocrx_word' id='word_1_201' title='bbox 1195 2394 1337 2450; x_wconf 90' lang='lat' dir='ltr'><strong>bono</strong></span> <span class='ocrx_word' id='word_1_202' title='bbox 1371 2406 1536 2462; x_wconf 87' lang='lat' dir='ltr'><strong>opere</strong></span> <span class='ocrx_word' id='word_1_203' title='bbox 1584 2390 1873 2461; x_wconf 86' lang='lat' dir='ltr'><strong>aliquando</strong></span> <span class='ocrx_word' id='word_1_204' title='bbox 1897 2405 1990 2446; x_wconf 82' lang='lat' dir='ltr'><strong>ca-</strong></span> 
     </span>
    </p>
   </div>
   <div class='ocr_carea' id='block_1_27' title="bbox 412 2485 1991 2558">
    <p class='ocr_par' dir='ltr' id='par_1_27' title="bbox 412 2485 1991 2558">
     <span class='ocr_line' id='line_1_27' title="bbox 412 2485 1991 2558; baseline -0.003 -15"><span class='ocrx_word' id='word_1_205' title='bbox 412 2486 647 2543; x_wconf 85' lang='lat' dir='ltr'><strong>vendum</strong></span> <span class='ocrx_word' id='word_1_206' title='bbox 687 2494 772 2543; x_wconf 90' lang='lat' dir='ltr'><strong>est</strong></span> <span class='ocrx_word' id='word_1_207' title='bbox 797 2485 1106 2542; x_wconf 84' lang='lat' dir='ltr'><strong>scandalum</strong></span> <span class='ocrx_word' id='word_1_208' title='bbox 1134 2486 1385 2558; x_wconf 81' lang='lat' dir='ltr'><strong>proximi,</strong></span> <span class='ocrx_word' id='word_1_209' title='bbox 1410 2485 1697 2556; x_wconf 86' lang='lat' dir='ltr'><strong>aliquando</strong></span> <span class='ocrx_word' id='word_1_210' title='bbox 1721 2500 1851 2540; x_wconf 90' lang='lat' dir='ltr'><strong>vero</strong></span> <span class='ocrx_word' id='word_1_211' title='bbox 1890 2500 1991 2556; x_wconf 91' lang='lat' dir='ltr'><strong>pro</strong></span> 
     </span>
    </p>
   </div>
   <div class='ocr_carea' id='block_1_28' title="bbox 413 2578 1990 2648">
    <p class='ocr_par' dir='ltr' id='par_1_28' title="bbox 413 2578 1990 2648">
     <span class='ocr_line' id='line_1_28' title="bbox 413 2578 1990 2648; baseline -0.002 -14"><span class='ocrx_word' id='word_1_212' title='bbox 413 2578 583 2634; x_wconf 87' lang='lat' dir='ltr'><strong>nihilo</strong></span> <span class='ocrx_word' id='word_1_213' title='bbox 608 2579 1077 2635; x_wconf 73' lang='lat' dir='ltr'><strong>mntemnendum.</strong></span> <span class='ocrx_word' id='word_1_214' title='bbox 1108 2578 1261 2647; x_wconf 84' lang='lat' dir='ltr'><strong>Quod</strong></span> <span class='ocrx_word' id='word_1_215' title='bbox 1291 2578 1345 2634; x_wconf 92' lang='lat' dir='ltr'><strong>in</strong></span> <span class='ocrx_word' id='word_1_216' title='bbox 1397 2579 1514 2648; x_wconf 91' lang='lat' dir='ltr'><strong>ipso</strong></span> <span class='ocrx_word' id='word_1_217' title='bbox 1542 2585 1726 2634; x_wconf 88' lang='lat' dir='ltr'><strong>nostro</strong></span> <span class='ocrx_word' id='word_1_218' title='bbox 1768 2585 1990 2633; x_wconf 90' lang='lat' dir='ltr'><strong>auctore</strong></span> 
     </span>
    </p>
   </div>
   <div class='ocr_carea' id='block_1_29' title="bbox 413 2666 1990 2739">
    <p class='ocr_par' dir='ltr' id='par_1_29' title="bbox 413 2666 1990 2739">
     <span class='ocr_line' id='line_1_29' title="bbox 413 2666 1990 2739; baseline -0.002 -14"><span class='ocrx_word' id='word_1_219' title='bbox 413 2668 733 2736; x_wconf 89' lang='lat' dir='ltr'><strong>didicimus,</strong></span> <span class='ocrx_word' id='word_1_220' title='bbox 759 2668 872 2738; x_wconf 91' lang='lat' dir='ltr'><strong>qui,</strong></span> <span class='ocrx_word' id='word_1_221' title='bbox 905 2668 1033 2723; x_wconf 92' lang='lat' dir='ltr'><strong>dum</strong></span> <span class='ocrx_word' id='word_1_222' title='bbox 1064 2670 1323 2726; x_wconf 89' lang='lat' dir='ltr'><strong>tributum</strong></span> <span class='ocrx_word' id='word_1_223' title='bbox 1367 2667 1530 2725; x_wconf 89' lang='lat' dir='ltr'><strong>Petro</strong></span> <span class='ocrx_word' id='word_1_224' title='bbox 1556 2666 1820 2739; x_wconf 89' lang='lat' dir='ltr'><strong>inquisito</strong></span> <span class='ocrx_word' id='word_1_225' title='bbox 1839 2672 1990 2737; x_wconf 80' lang='lat' dir='ltr'><strong>pete-</strong></span> 
     </span>
    </p>
   </div>
   <div class='ocr_carea' id='block_1_30' title="bbox 412 2757 1992 2831">
    <p class='ocr_par' dir='ltr' id='par_1_30' title="bbox 412 2757 1992 2831">
     <span class='ocr_line' id='line_1_30' title="bbox 412 2757 1992 2831; baseline -0.003 -17"><span class='ocrx_word' id='word_1_226' title='bbox 412 2766 584 2825; x_wconf 89' lang='lat' dir='ltr'><strong>retur,</strong></span> <span class='ocrx_word' id='word_1_227' title='bbox 612 2758 766 2829; x_wconf 91' lang='lat' dir='ltr'><strong>prius</strong></span> <span class='ocrx_word' id='word_1_228' title='bbox 804 2758 1121 2831; x_wconf 88' lang='lat' dir='ltr'><strong>paradigma</strong></span> <span class='ocrx_word' id='word_1_229' title='bbox 1147 2760 1449 2831; x_wconf 88' lang='lat' dir='ltr'><strong>proposuit,</strong></span> <span class='ocrx_word' id='word_1_230' title='bbox 1489 2773 1598 2830; x_wconf 91' lang='lat' dir='ltr'><strong>quo</strong></span> <span class='ocrx_word' id='word_1_231' title='bbox 1633 2772 1695 2814; x_wconf 88' lang='lat' dir='ltr'><strong>se</strong></span> <span class='ocrx_word' id='word_1_232' title='bbox 1735 2757 1869 2812; x_wconf 85' lang='lat' dir='ltr'><strong>nihil</strong></span> <span class='ocrx_word' id='word_1_233' title='bbox 1898 2757 1992 2811; x_wconf 82' lang='lat' dir='ltr'><strong>de-</strong></span> 
     </span>
    </p>
   </div>
   <div class='ocr_carea' id='block_1_31' title="bbox 412 2846 1991 2918">
    <p class='ocr_par' dir='ltr' id='par_1_31' title="bbox 412 2846 1991 2918">
     <span class='ocr_line' id='line_1_31' title="bbox 412 2846 1991 2918; baseline -0.001 -16"><span class='ocrx_word' id='word_1_234' title='bbox 412 2847 542 2902; x_wconf 84' lang='lat' dir='ltr'><strong>bere</strong></span> <span class='ocrx_word' id='word_1_235' title='bbox 590 2846 866 2916; x_wconf 85' lang='lat' dir='ltr'><strong>respondit</strong></span> <span class='ocrx_word' id='word_1_236' title='bbox 895 2846 1082 2903; x_wconf 90' lang='lat' dir='ltr'><strong>dicens</strong></span> <span class='ocrx_word' id='word_1_237' title='bbox 1119 2864 1134 2901; x_wconf 92' lang='lat'><strong>:</strong></span> <span class='ocrx_word' id='word_1_238' title='bbox 1188 2866 1208 2900; x_wconf 72' lang='grc' dir='ltr'>ι</span> <span class='ocrx_word' id='word_1_239' title='bbox 1265 2848 1441 2918; x_wconf 81' lang='lat' dir='ltr'><strong>Reges</strong></span> <span class='ocrx_word' id='word_1_240' title='bbox 1495 2856 1676 2914; x_wconf 79' lang='lat' dir='ltr'><strong>terrm,</strong></span> <span class='ocrx_word' id='word_1_241' title='bbox 1720 2862 1751 2901; x_wconf 91' lang='lat' dir='ltr'><strong>a</strong></span> <span class='ocrx_word' id='word_1_242' title='bbox 1795 2846 1991 2917; x_wconf 88' lang='lat' dir='ltr'><strong>quibus</strong></span> 
     </span>
    </p>
   </div>
   <div class='ocr_carea' id='block_1_32' title="bbox 415 2933 1991 3006">
    <p class='ocr_par' dir='ltr' id='par_1_32' title="bbox 415 2933 1991 3006">
     <span class='ocr_line' id='line_1_32' title="bbox 415 2933 1991 3006; baseline 0 -17"><span class='ocrx_word' id='word_1_243' title='bbox 415 2934 691 3006; x_wconf 87' lang='lat' dir='ltr'><strong>accipiunt</strong></span> <span class='ocrx_word' id='word_1_244' title='bbox 740 2934 1002 2990; x_wconf 89' lang='lat' dir='ltr'><strong>tributum</strong></span> <span class='ocrx_word' id='word_1_245' title='bbox 1027 2935 1113 2990; x_wconf 88' lang='lat' dir='ltr'><strong>vel</strong></span> <span class='ocrx_word' id='word_1_246' title='bbox 1141 2950 1395 3002; x_wconf 88' lang='lat' dir='ltr'><strong>censum,</strong></span> <span class='ocrx_word' id='word_1_247' title='bbox 1421 2951 1451 2990; x_wconf 92' lang='lat' dir='ltr'><strong>a</strong></span> <span class='ocrx_word' id='word_1_248' title='bbox 1481 2935 1608 2991; x_wconf 78' lang='lat' dir='ltr'><strong>ﬁliis</strong></span> <span class='ocrx_word' id='word_1_249' title='bbox 1647 2935 1762 2991; x_wconf 88' lang='lat' dir='ltr'><strong>suis</strong></span> <span class='ocrx_word' id='word_1_250' title='bbox 1812 2949 1880 2989; x_wconf 90' lang='lat' dir='ltr'><strong>an</strong></span> <span class='ocrx_word' id='word_1_251' title='bbox 1920 2933 1991 2989; x_wconf 92' lang='lat' dir='ltr'><strong>ab</strong></span> 
     </span>
    </p>
   </div>
   <div class='ocr_carea' id='block_1_33' title="bbox 416 3022 1990 3098">
    <p class='ocr_par' dir='ltr' id='par_1_33' title="bbox 416 3022 1990 3098">
     <span class='ocr_line' id='line_1_33' title="bbox 416 3022 1990 3098; baseline 0.002 -22"><span class='ocrx_word' id='word_1_252' title='bbox 416 3022 644 3081; x_wconf 73' lang='lat' dir='ltr'><strong>alienis?</strong></span> <span class='ocrx_word' id='word_1_253' title='bbox 694 3022 910 3097; x_wconf 77' lang='lat' dir='ltr'><strong>(Matth.</strong></span> <span class='ocrx_word' id='word_1_254' title='bbox 943 3024 1101 3098; x_wconf 83' lang='lat' dir='ltr'><strong>xvu.)</strong></span> <span class='ocrx_word' id='word_1_255' title='bbox 1133 3042 1154 3077; x_wconf 72' lang='grc' dir='ltr'><strong><em>ι</em></strong></span> <span class='ocrx_word' id='word_1_256' title='bbox 1210 3023 1309 3081; x_wconf 89' lang='lat' dir='ltr'><strong>Cui</strong></span> <span class='ocrx_word' id='word_1_257' title='bbox 1333 3041 1458 3081; x_wconf 91' lang='lat' dir='ltr'><strong>cum</strong></span> <span class='ocrx_word' id='word_1_258' title='bbox 1504 3026 1798 3092; x_wconf 88' lang='lat' dir='ltr'><strong>diceretur,</strong></span> <span class='ocrx_word' id='word_1_259' title='bbox 1846 3043 1866 3075; x_wconf 74' lang='grc' dir='ltr'><strong><em>ι</em></strong></span> <span class='ocrx_word' id='word_1_260' title='bbox 1920 3024 1990 3079; x_wconf 90' lang='lat' dir='ltr'><strong>ab</strong></span> 
     </span>
    </p>
   </div>
   <div class='ocr_carea' id='block_1_34' title="bbox 2079 495 2274 551">
    <p class='ocr_par' dir='ltr' id='par_1_34' title="bbox 2079 495 2274 551">
     <span class='ocr_line' id='line_1_34' title="bbox 2079 495 2274 551; baseline -0.01 0"><span class='ocrx_word' id='word_1_261' title='bbox 2079 495 2274 551; x_wconf 92' lang='lat' dir='ltr'><strong>oculis.</strong></span> 
     </span>
    </p>
   </div>
   <div class='ocr_carea' id='block_1_35' title="bbox 2155 583 3656 655">
    <p class='ocr_par' dir='ltr' id='par_1_35' title="bbox 2155 583 3656 655">
     <span class='ocr_line' id='line_1_35' title="bbox 2155 583 3656 655; baseline 0 -17"><span class='ocrx_word' id='word_1_262' title='bbox 2155 604 2175 637; x_wconf 77' lang='grc' dir='ltr'>ι</span> <span class='ocrx_word' id='word_1_263' title='bbox 2212 584 2456 655; x_wconf 87' lang='lat' dir='ltr'><strong>Cumque</strong></span> <span class='ocrx_word' id='word_1_264' title='bbox 2468 584 2808 642; x_wconf 86' lang='lat' dir='ltr'><strong>ambularent</strong></span> <span class='ocrx_word' id='word_1_265' title='bbox 2830 583 3105 650; x_wconf 88' lang='lat' dir='ltr'><strong>animalia,</strong></span> <span class='ocrx_word' id='word_1_266' title='bbox 3144 583 3495 639; x_wconf 85' lang='lat' dir='ltr'><strong>ambulabant</strong></span> <span class='ocrx_word' id='word_1_267' title='bbox 3511 585 3656 655; x_wconf 85' lang='lat' dir='ltr'><strong>pari-</strong></span> 
     </span>
    </p>
   </div>
   <div class='ocr_carea' id='block_1_36' title="bbox 2085 673 3656 747">
    <p class='ocr_par' dir='ltr' id='par_1_36' title="bbox 2085 673 3656 747">
     <span class='ocr_line' id='line_1_36' title="bbox 2085 673 3656 747; baseline 0 -17"><span class='ocrx_word' id='word_1_268' title='bbox 2085 696 2106 730; x_wconf 70' lang='grc' dir='ltr'><strong><em>ι</em></strong></span> <span class='ocrx_word' id='word_1_269' title='bbox 2141 685 2225 733; x_wconf 92' lang='lat' dir='ltr'><strong>ter</strong></span> <span class='ocrx_word' id='word_1_270' title='bbox 2262 684 2321 732; x_wconf 91' lang='lat' dir='ltr'><strong>et</strong></span> <span class='ocrx_word' id='word_1_271' title='bbox 2353 687 2488 733; x_wconf 69' lang='lat' dir='ltr'><strong>rotat</strong></span> <span class='ocrx_word' id='word_1_272' title='bbox 2511 676 2666 747; x_wconf 78' lang='lat' dir='ltr'><strong>juxta</strong></span> <span class='ocrx_word' id='word_1_273' title='bbox 2695 691 2780 731; x_wconf 91' lang='lat' dir='ltr'><strong>ea.</strong></span> <span class='ocrx_word' id='word_1_274' title='bbox 2812 675 2882 731; x_wconf 85' lang='lat' dir='ltr'><strong>Et</strong></span> <span class='ocrx_word' id='word_1_275' title='bbox 2910 690 3035 730; x_wconf 92' lang='lat' dir='ltr'><strong>cum</strong></span> <span class='ocrx_word' id='word_1_276' title='bbox 3078 673 3421 730; x_wconf 88' lang='lat' dir='ltr'><strong>elevarentur</strong></span> <span class='ocrx_word' id='word_1_277' title='bbox 3444 674 3656 730; x_wconf 89' lang='lat' dir='ltr'><strong>anima-</strong></span> 
     </span>
    </p>
   </div>
   <div class='ocr_carea' id='block_1_37' title="bbox 2086 764 3661 834">
    <p class='ocr_par' dir='ltr' id='par_1_37' title="bbox 2086 764 3661 834">
     <span class='ocr_line' id='line_1_37' title="bbox 2086 764 3661 834; baseline -0.001 -15"><span class='ocrx_word' id='word_1_278' title='bbox 2086 785 2105 819; x_wconf 86' lang='grc'><strong>‹</strong></span> <span class='ocrx_word' id='word_1_279' title='bbox 2143 767 2214 822; x_wconf 89' lang='lat' dir='ltr'><strong>lia</strong></span> <span class='ocrx_word' id='word_1_280' title='bbox 2255 769 2324 822; x_wconf 90' lang='lat' dir='ltr'><strong>de</strong></span> <span class='ocrx_word' id='word_1_281' title='bbox 2365 775 2536 829; x_wconf 83' lang='lat' dir='ltr'><strong>terra,</strong></span> <span class='ocrx_word' id='word_1_282' title='bbox 2563 766 2917 822; x_wconf 88' lang='lat' dir='ltr'><strong>elevabantur</strong></span> <span class='ocrx_word' id='word_1_283' title='bbox 2939 764 3096 820; x_wconf 87' lang='lat' dir='ltr'><strong>simul</strong></span> <span class='ocrx_word' id='word_1_284' title='bbox 3124 772 3180 819; x_wconf 90' lang='lat' dir='ltr'><strong>et</strong></span> <span class='ocrx_word' id='word_1_285' title='bbox 3206 773 3367 827; x_wconf 71' lang='lat' dir='ltr'><strong>rotae,</strong></span> <span class='ocrx_word' id='word_1_286' title='bbox 3401 779 3661 834; x_wconf 89' lang='lat' dir='ltr'><strong>quocum-</strong></span> 
     </span>
    </p>
   </div>
   <div class='ocr_carea' id='block_1_38' title="bbox 2086 854 3662 927">
    <p class='ocr_par' dir='ltr' id='par_1_38' title="bbox 2086 854 3662 927">
     <span class='ocr_line' id='line_1_38' title="bbox 2086 854 3662 927; baseline 0.001 -20"><span class='ocrx_word' id='word_1_287' title='bbox 2086 872 2107 907; x_wconf 72' lang='grc' dir='ltr'><strong>ε</strong></span> <span class='ocrx_word' id='word_1_288' title='bbox 2141 871 2247 926; x_wconf 90' lang='lat' dir='ltr'><strong>que</strong></span> <span class='ocrx_word' id='word_1_289' title='bbox 2269 854 2382 910; x_wconf 90' lang='lat' dir='ltr'><strong>ibat</strong></span> <span class='ocrx_word' id='word_1_290' title='bbox 2427 857 2672 927; x_wconf 87' lang='lat' dir='ltr'><strong>spiritus,</strong></span> <span class='ocrx_word' id='word_1_291' title='bbox 2700 855 2828 911; x_wconf 89' lang='lat' dir='ltr'><strong>illuc</strong></span> <span class='ocrx_word' id='word_1_292' title='bbox 2852 862 3014 910; x_wconf 87' lang='lat' dir='ltr'><strong>eunte</strong></span> <span class='ocrx_word' id='word_1_293' title='bbox 3041 854 3233 923; x_wconf 90' lang='lat' dir='ltr'><strong>spiritu</strong></span> <span class='ocrx_word' id='word_1_294' title='bbox 3266 860 3323 909; x_wconf 90' lang='lat' dir='ltr'><strong>et</strong></span> <span class='ocrx_word' id='word_1_295' title='bbox 3350 862 3486 908; x_wconf 78' lang='lat' dir='ltr'><strong>rota:</strong></span> <span class='ocrx_word' id='word_1_296' title='bbox 3512 855 3662 924; x_wconf 85' lang='lat' dir='ltr'><strong>pari-</strong></span> 
     </span>
    </p>
   </div>
   <div class='ocr_carea' id='block_1_39' title="bbox 2086 944 3661 1016">
    <p class='ocr_par' dir='ltr' id='par_1_39' title="bbox 2086 944 3661 1016">
     <span class='ocr_line' id='line_1_39' title="bbox 2086 944 3661 1016; baseline 0.002 -19"><span class='ocrx_word' id='word_1_297' title='bbox 2086 963 2106 997; x_wconf 69' lang='lat' dir='ltr'><strong>t</strong></span> <span class='ocrx_word' id='word_1_298' title='bbox 2145 953 2228 1001; x_wconf 89' lang='lat' dir='ltr'><strong>ter</strong></span> <span class='ocrx_word' id='word_1_299' title='bbox 2253 945 2575 1001; x_wconf 87' lang='lat' dir='ltr'><strong>levabantur</strong></span> <span class='ocrx_word' id='word_1_300' title='bbox 2598 954 2887 1016; x_wconf 86' lang='lat' dir='ltr'><strong>sequentes</strong></span> <span class='ocrx_word' id='word_1_301' title='bbox 2918 960 3062 1000; x_wconf 91' lang='lat' dir='ltr'><strong>eum.</strong></span> <span class='ocrx_word' id='word_1_302' title='bbox 3104 944 3337 1014; x_wconf 86' lang='lat' dir='ltr'><strong>Spiritus</strong></span> <span class='ocrx_word' id='word_1_303' title='bbox 3356 945 3505 1000; x_wconf 90' lang='lat' dir='ltr'><strong>enim</strong></span> <span class='ocrx_word' id='word_1_304' title='bbox 3536 947 3661 1000; x_wconf 67' lang='lat' dir='ltr'><strong>vitae</strong></span> 
     </span>
    </p>
   </div>
   <div class='ocr_carea' id='block_1_40' title="bbox 2088 1036 3662 1099">
    <p class='ocr_par' dir='ltr' id='par_1_40' title="bbox 2088 1036 3662 1099">
     <span class='ocr_line' id='line_1_40' title="bbox 2088 1036 3662 1099; baseline 0 -10"><span class='ocrx_word' id='word_1_305' title='bbox 2088 1054 2107 1088; x_wconf 75' lang='grc' dir='ltr'>ι</span> <span class='ocrx_word' id='word_1_306' title='bbox 2143 1045 2262 1092; x_wconf 89' lang='lat' dir='ltr'><strong>erat</strong></span> <span class='ocrx_word' id='word_1_307' title='bbox 2285 1037 2338 1091; x_wconf 92' lang='lat' dir='ltr'><strong>in</strong></span> <span class='ocrx_word' id='word_1_308' title='bbox 2363 1037 2517 1093; x_wconf 90' lang='lat' dir='ltr'><strong>rotis.</strong></span> <span class='ocrx_word' id='word_1_309' title='bbox 2539 1036 2674 1092; x_wconf 91' lang='lat' dir='ltr'><strong>Cum</strong></span> <span class='ocrx_word' id='word_1_310' title='bbox 2697 1037 2948 1092; x_wconf 91' lang='lat' dir='ltr'><strong>euntibus</strong></span> <span class='ocrx_word' id='word_1_311' title='bbox 2975 1036 3147 1099; x_wconf 84' lang='lat' dir='ltr'><strong>ibant,</strong></span> <span class='ocrx_word' id='word_1_312' title='bbox 3170 1044 3365 1090; x_wconf 88' lang='lat' dir='ltr'><strong>etcum</strong></span> <span class='ocrx_word' id='word_1_313' title='bbox 3389 1036 3662 1090; x_wconf 85' lang='lat' dir='ltr'><strong>stantibus</strong></span> 
     </span>
    </p>
   </div>
   <div class='ocr_carea' id='block_1_41' title="bbox 2089 1125 3662 1195">
    <p class='ocr_par' dir='ltr' id='par_1_41' title="bbox 2089 1125 3662 1195">
     <span class='ocr_line' id='line_1_41' title="bbox 2089 1125 3662 1195; baseline -0.001 -15"><span class='ocrx_word' id='word_1_314' title='bbox 2089 1146 2108 1180; x_wconf 76' lang='grc' dir='ltr'><strong>σ</strong></span> <span class='ocrx_word' id='word_1_315' title='bbox 2145 1127 2401 1183; x_wconf 84' lang='lat' dir='ltr'><strong>stabant:</strong></span> <span class='ocrx_word' id='word_1_316' title='bbox 2432 1136 2489 1183; x_wconf 92' lang='lat' dir='ltr'><strong>et</strong></span> <span class='ocrx_word' id='word_1_317' title='bbox 2514 1143 2639 1183; x_wconf 92' lang='lat' dir='ltr'><strong>cum</strong></span> <span class='ocrx_word' id='word_1_318' title='bbox 2663 1127 2887 1182; x_wconf 87' lang='lat' dir='ltr'><strong>elevatis</strong></span> <span class='ocrx_word' id='word_1_319' title='bbox 2926 1142 2956 1181; x_wconf 90' lang='lat' dir='ltr'><strong>a</strong></span> <span class='ocrx_word' id='word_1_320' title='bbox 3000 1134 3169 1190; x_wconf 90' lang='lat' dir='ltr'><strong>terra,</strong></span> <span class='ocrx_word' id='word_1_321' title='bbox 3217 1126 3424 1195; x_wconf 87' lang='lat' dir='ltr'><strong>pariter</strong></span> <span class='ocrx_word' id='word_1_322' title='bbox 3478 1125 3662 1180; x_wconf 77' lang='lat' dir='ltr'><strong>eleva-</strong></span> 
     </span>
    </p>
   </div>
   <div class='ocr_carea' id='block_1_42' title="bbox 2089 1216 3664 1287">
    <p class='ocr_par' dir='ltr' id='par_1_42' title="bbox 2089 1216 3664 1287">
     <span class='ocr_line' id='line_1_42' title="bbox 2089 1216 3664 1287; baseline -0.001 -18"><span class='ocrx_word' id='word_1_323' title='bbox 2089 1238 2108 1269; x_wconf 75' lang='grc' dir='ltr'>ι</span> <span class='ocrx_word' id='word_1_324' title='bbox 2144 1217 2341 1273; x_wconf 87' lang='lat' dir='ltr'><strong>bantur</strong></span> <span class='ocrx_word' id='word_1_325' title='bbox 2362 1228 2417 1274; x_wconf 88' lang='lat' dir='ltr'><strong>et</strong></span> <span class='ocrx_word' id='word_1_326' title='bbox 2448 1226 2578 1273; x_wconf 71' lang='lat' dir='ltr'><strong>rota:</strong></span> <span class='ocrx_word' id='word_1_327' title='bbox 2600 1258 2618 1285; x_wconf 95' lang='lat'><strong>,</strong></span> <span class='ocrx_word' id='word_1_328' title='bbox 2655 1225 2942 1287; x_wconf 89' lang='lat' dir='ltr'><strong>sequentes</strong></span> <span class='ocrx_word' id='word_1_329' title='bbox 2969 1232 3033 1272; x_wconf 86' lang='lat' dir='ltr'><strong>ea</strong></span> <span class='ocrx_word' id='word_1_330' title='bbox 3052 1258 3069 1280; x_wconf 92' lang='lat'><strong>,</strong></span> <span class='ocrx_word' id='word_1_331' title='bbox 3112 1217 3238 1285; x_wconf 91' lang='lat' dir='ltr'><strong>quia</strong></span> <span class='ocrx_word' id='word_1_332' title='bbox 3283 1217 3508 1287; x_wconf 87' lang='lat' dir='ltr'><strong>spiritus</strong></span> <span class='ocrx_word' id='word_1_333' title='bbox 3538 1216 3664 1269; x_wconf 80' lang='lat' dir='ltr'><strong>vita-</strong></span> 
     </span>
    </p>
   </div>
   <div class='ocr_carea' id='block_1_43' title="bbox 2091 1306 3662 1381">
    <p class='ocr_par' dir='ltr' id='par_1_43' title="bbox 2091 1306 3662 1381">
     <span class='ocr_line' id='line_1_43' title="bbox 2091 1306 3662 1381; baseline 0 -21"><span class='ocrx_word' id='word_1_334' title='bbox 2091 1326 2110 1359; x_wconf 72' lang='grc' dir='ltr'>ι</span> <span class='ocrx_word' id='word_1_335' title='bbox 2145 1317 2264 1362; x_wconf 89' lang='lat' dir='ltr'><strong>erat</strong></span> <span class='ocrx_word' id='word_1_336' title='bbox 2292 1308 2345 1362; x_wconf 92' lang='lat' dir='ltr'><strong>in</strong></span> <span class='ocrx_word' id='word_1_337' title='bbox 2375 1308 2528 1364; x_wconf 90' lang='lat' dir='ltr'><strong>rotis.</strong></span> <span class='ocrx_word' id='word_1_338' title='bbox 2567 1328 2587 1361; x_wconf 72' lang='grc' dir='ltr'><strong><em>ι</em></strong></span> <span class='ocrx_word' id='word_1_339' title='bbox 2636 1307 2903 1381; x_wconf 72' lang='grc' dir='ltr'><strong>(Ηίενοη.)</strong></span> <span class='ocrx_word' id='word_1_340' title='bbox 2929 1306 3174 1374; x_wconf 83' lang='lat' dir='ltr'><strong>Quatuor</strong></span> <span class='ocrx_word' id='word_1_341' title='bbox 3197 1307 3450 1361; x_wconf 88' lang='lat' dir='ltr'><strong>animalia</strong></span> <span class='ocrx_word' id='word_1_342' title='bbox 3497 1308 3662 1376; x_wconf 89' lang='lat' dir='ltr'><strong>spiri-</strong></span> 
     </span>
    </p>
   </div>
   <div class='ocr_carea' id='block_1_44' title="bbox 2086 1397 3661 1468">
    <p class='ocr_par' dir='ltr' id='par_1_44' title="bbox 2086 1397 3661 1468">
     <span class='ocr_line' id='line_1_44' title="bbox 2086 1397 3661 1468; baseline -0.001 -16"><span class='ocrx_word' id='word_1_343' title='bbox 2086 1405 2200 1453; x_wconf 88' lang='lat' dir='ltr'><strong>tum</strong></span> <span class='ocrx_word' id='word_1_344' title='bbox 2263 1397 2631 1468; x_wconf 90' lang='lat' dir='ltr'><strong>sequebantur</strong></span> <span class='ocrx_word' id='word_1_345' title='bbox 2665 1406 2721 1453; x_wconf 89' lang='lat' dir='ltr'><strong>et</strong></span> <span class='ocrx_word' id='word_1_346' title='bbox 2774 1399 2973 1454; x_wconf 91' lang='lat' dir='ltr'><strong>nubem</strong></span> <span class='ocrx_word' id='word_1_347' title='bbox 3025 1413 3146 1467; x_wconf 62' lang='lat' dir='ltr'><strong>quae</strong></span> <span class='ocrx_word' id='word_1_348' title='bbox 3187 1405 3305 1453; x_wconf 91' lang='lat' dir='ltr'><strong>erat</strong></span> <span class='ocrx_word' id='word_1_349' title='bbox 3348 1398 3401 1451; x_wconf 91' lang='lat' dir='ltr'><strong>iu</strong></span> <span class='ocrx_word' id='word_1_350' title='bbox 3445 1399 3661 1466; x_wconf 89' lang='lat' dir='ltr'><strong>spiritu,</strong></span> 
     </span>
    </p>
   </div>
   <div class='ocr_carea' id='block_1_45' title="bbox 2087 1488 3663 1558">
    <p class='ocr_par' dir='ltr' id='par_1_45' title="bbox 2087 1488 3663 1558">
     <span class='ocr_line' id='line_1_45' title="bbox 2087 1488 3663 1558; baseline -0.001 -15"><span class='ocrx_word' id='word_1_351' title='bbox 2087 1502 2410 1558; x_wconf 89' lang='lat' dir='ltr'><strong>rursumque</strong></span> <span class='ocrx_word' id='word_1_352' title='bbox 2434 1497 2566 1543; x_wconf 73' lang='lat' dir='ltr'><strong>rota:</strong></span> <span class='ocrx_word' id='word_1_353' title='bbox 2588 1488 2716 1543; x_wconf 90' lang='lat' dir='ltr'><strong>dum</strong></span> <span class='ocrx_word' id='word_1_354' title='bbox 2739 1488 2991 1543; x_wconf 87' lang='lat' dir='ltr'><strong>animalia</strong></span> <span class='ocrx_word' id='word_1_355' title='bbox 3020 1498 3375 1558; x_wconf 87' lang='lat' dir='ltr'><strong>sequerentur</strong></span> <span class='ocrx_word' id='word_1_356' title='bbox 3392 1488 3663 1543; x_wconf 79' lang='lat' dir='ltr'><strong>elevantia</strong></span> 
     </span>
    </p>
   </div>
   <div class='ocr_carea' id='block_1_46' title="bbox 2087 1579 3667 1649">
    <p class='ocr_par' dir='ltr' id='par_1_46' title="bbox 2087 1579 3667 1649">
     <span class='ocr_line' id='line_1_46' title="bbox 2087 1579 3667 1649; baseline -0.001 -14"><span class='ocrx_word' id='word_1_357' title='bbox 2087 1594 2147 1635; x_wconf 91' lang='lat' dir='ltr'><strong>se</strong></span> <span class='ocrx_word' id='word_1_358' title='bbox 2170 1579 2238 1634; x_wconf 90' lang='lat' dir='ltr'><strong>de</strong></span> <span class='ocrx_word' id='word_1_359' title='bbox 2262 1587 2430 1644; x_wconf 89' lang='lat' dir='ltr'><strong>terra,</strong></span> <span class='ocrx_word' id='word_1_360' title='bbox 2470 1593 2811 1648; x_wconf 86' lang='lat' dir='ltr'><strong>nequaquam</strong></span> <span class='ocrx_word' id='word_1_361' title='bbox 2854 1579 3133 1645; x_wconf 90' lang='lat' dir='ltr'><strong>animalia,</strong></span> <span class='ocrx_word' id='word_1_362' title='bbox 3161 1579 3254 1634; x_wconf 89' lang='lat' dir='ltr'><strong>sed</strong></span> <span class='ocrx_word' id='word_1_363' title='bbox 3292 1579 3544 1649; x_wconf 88' lang='lat' dir='ltr'><strong>spiritum</strong></span> <span class='ocrx_word' id='word_1_364' title='bbox 3577 1595 3667 1634; x_wconf 79' lang='lat' dir='ltr'><strong>sc—</strong></span> 
     </span>
    </p>
   </div>
   <div class='ocr_carea' id='block_1_47' title="bbox 2089 1668 3664 1742">
    <p class='ocr_par' dir='ltr' id='par_1_47' title="bbox 2089 1668 3664 1742">
     <span class='ocr_line' id='line_1_47' title="bbox 2089 1668 3664 1742; baseline -0.002 -16"><span class='ocrx_word' id='word_1_365' title='bbox 2089 1672 2430 1742; x_wconf 90' lang='lat' dir='ltr'><strong>quebantur,</strong></span> <span class='ocrx_word' id='word_1_366' title='bbox 2455 1678 2517 1724; x_wconf 90' lang='lat' dir='ltr'><strong>ut</strong></span> <span class='ocrx_word' id='word_1_367' title='bbox 2560 1670 2912 1725; x_wconf 87' lang='lat' dir='ltr'><strong>ostenderent</strong></span> <span class='ocrx_word' id='word_1_368' title='bbox 2961 1670 3237 1740; x_wconf 85' lang='lat' dir='ltr'><strong>propriam</strong></span> <span class='ocrx_word' id='word_1_369' title='bbox 3297 1668 3664 1732; x_wconf 89' lang='lat' dir='ltr'><strong>voluntatem,</strong></span> 
     </span>
    </p>
   </div>
   <div class='ocr_carea' id='block_1_48' title="bbox 2088 1759 3667 1831">
    <p class='ocr_par' dir='ltr' id='par_1_48' title="bbox 2088 1759 3667 1831">
     <span class='ocr_line' id='line_1_48' title="bbox 2088 1759 3667 1831; baseline -0.001 -16"><span class='ocrx_word' id='word_1_370' title='bbox 2088 1761 2216 1831; x_wconf 85' lang='lat' dir='ltr'><strong>quia</strong></span> <span class='ocrx_word' id='word_1_371' title='bbox 2271 1759 2494 1829; x_wconf 87' lang='lat' dir='ltr'><strong>spiritus</strong></span> <span class='ocrx_word' id='word_1_372' title='bbox 2545 1759 2668 1814; x_wconf 83' lang='lat' dir='ltr'><strong>vitae</strong></span> <span class='ocrx_word' id='word_1_373' title='bbox 2703 1766 2823 1814; x_wconf 88' lang='lat' dir='ltr'><strong>erat</strong></span> <span class='ocrx_word' id='word_1_374' title='bbox 2847 1759 2901 1813; x_wconf 93' lang='lat' dir='ltr'><strong>in</strong></span> <span class='ocrx_word' id='word_1_375' title='bbox 2945 1760 3097 1814; x_wconf 91' lang='lat' dir='ltr'><strong>rotis.</strong></span> <span class='ocrx_word' id='word_1_376' title='bbox 3152 1759 3277 1814; x_wconf 89' lang='lat' dir='ltr'><strong>Tria</strong></span> <span class='ocrx_word' id='word_1_377' title='bbox 3311 1768 3495 1813; x_wconf 91' lang='lat' dir='ltr'><strong>autem</strong></span> <span class='ocrx_word' id='word_1_378' title='bbox 3522 1767 3579 1814; x_wconf 84' lang='lat' dir='ltr'><strong>et</strong></span> <span class='ocrx_word' id='word_1_379' title='bbox 3610 1760 3667 1814; x_wconf 91' lang='lat' dir='ltr'><strong>in</strong></span> 
     </span>
    </p>
   </div>
   <div class='ocr_carea' id='block_1_49' title="bbox 2089 1849 3666 1919">
    <p class='ocr_par' dir='ltr' id='par_1_49' title="bbox 2089 1849 3666 1919">
     <span class='ocr_line' id='line_1_49' title="bbox 2089 1849 3666 1919; baseline -0.002 -13"><span class='ocrx_word' id='word_1_380' title='bbox 2089 1850 2410 1906; x_wconf 85' lang='lat' dir='ltr'><strong>animalibus</strong></span> <span class='ocrx_word' id='word_1_381' title='bbox 2462 1857 2514 1904; x_wconf 90' lang='lat' dir='ltr'><strong>et</strong></span> <span class='ocrx_word' id='word_1_382' title='bbox 2562 1850 2616 1903; x_wconf 91' lang='lat' dir='ltr'><strong>in</strong></span> <span class='ocrx_word' id='word_1_383' title='bbox 2670 1850 2838 1913; x_wconf 91' lang='lat' dir='ltr'><strong>rotis,</strong></span> <span class='ocrx_word' id='word_1_384' title='bbox 2892 1849 3097 1919; x_wconf 88' lang='lat' dir='ltr'><strong>pariter</strong></span> <span class='ocrx_word' id='word_1_385' title='bbox 3144 1850 3490 1914; x_wconf 88' lang='lat' dir='ltr'><strong>indicantur,</strong></span> <span class='ocrx_word' id='word_1_386' title='bbox 3541 1865 3666 1904; x_wconf 88' lang='lat' dir='ltr'><strong>cum</strong></span> 
     </span>
    </p>
   </div>
   <div class='ocr_carea' id='block_1_50' title="bbox 2089 1938 3667 2007">
    <p class='ocr_par' dir='ltr' id='par_1_50' title="bbox 2089 1938 3667 2007">
     <span class='ocr_line' id='line_1_50' title="bbox 2089 1938 3667 2007; baseline -0.003 -12"><span class='ocrx_word' id='word_1_387' title='bbox 2089 1946 2327 2005; x_wconf 88' lang='lat' dir='ltr'><strong>starent,</strong></span> <span class='ocrx_word' id='word_1_388' title='bbox 2356 1953 2481 1994; x_wconf 88' lang='lat' dir='ltr'><strong>cum</strong></span> <span class='ocrx_word' id='word_1_389' title='bbox 2505 1938 2862 2002; x_wconf 89' lang='lat' dir='ltr'><strong>ambularent,</strong></span> <span class='ocrx_word' id='word_1_390' title='bbox 2893 1954 3016 1993; x_wconf 90' lang='lat' dir='ltr'><strong>cum</strong></span> <span class='ocrx_word' id='word_1_391' title='bbox 3045 1938 3417 2003; x_wconf 80' lang='lat' dir='ltr'><strong>elevarentur;</strong></span> <span class='ocrx_word' id='word_1_392' title='bbox 3463 1954 3585 2007; x_wconf 72' lang='lat' dir='ltr'><strong>qua:</strong></span> <span class='ocrx_word' id='word_1_393' title='bbox 3609 1947 3667 1991; x_wconf 90' lang='lat' dir='ltr'><strong>et</strong></span> 
     </span>
    </p>
   </div>
   <div class='ocr_carea' id='block_1_51' title="bbox 2090 2030 3669 2101">
    <p class='ocr_par' dir='ltr' id='par_1_51' title="bbox 2090 2030 3669 2101">
     <span class='ocr_line' id='line_1_51' title="bbox 2090 2030 3669 2101; baseline -0.003 -14"><span class='ocrx_word' id='word_1_394' title='bbox 2090 2031 2345 2087; x_wconf 90' lang='lat' dir='ltr'><strong>animalia</strong></span> <span class='ocrx_word' id='word_1_395' title='bbox 2386 2041 2440 2086; x_wconf 90' lang='lat' dir='ltr'><strong>et</strong></span> <span class='ocrx_word' id='word_1_396' title='bbox 2490 2038 2623 2085; x_wconf 66' lang='lat' dir='ltr'><strong>rotae</strong></span> <span class='ocrx_word' id='word_1_397' title='bbox 2676 2031 2730 2084; x_wconf 90' lang='lat' dir='ltr'><strong>in</strong></span> <span class='ocrx_word' id='word_1_398' title='bbox 2778 2045 3065 2086; x_wconf 89' lang='lat' dir='ltr'><strong>commune</strong></span> <span class='ocrx_word' id='word_1_399' title='bbox 3122 2030 3413 2086; x_wconf 74' lang='lat' dir='ltr'><strong>faciebant.</strong></span> <span class='ocrx_word' id='word_1_400' title='bbox 3479 2030 3669 2101; x_wconf 80' lang='lat' dir='ltr'><strong>Neque</strong></span> 
     </span>
    </p>
   </div>
   <div class='ocr_carea' id='block_1_52' title="bbox 2089 2122 3667 2192">
    <p class='ocr_par' dir='ltr' id='par_1_52' title="bbox 2089 2122 3667 2192">
     <span class='ocr_line' id='line_1_52' title="bbox 2089 2122 3667 2192; baseline -0.001 -14"><span class='ocrx_word' id='word_1_401' title='bbox 2089 2124 2233 2179; x_wconf 91' lang='lat' dir='ltr'><strong>enim</strong></span> <span class='ocrx_word' id='word_1_402' title='bbox 2269 2123 2538 2179; x_wconf 85' lang='lat' dir='ltr'><strong>stantibus</strong></span> <span class='ocrx_word' id='word_1_403' title='bbox 2565 2122 2909 2189; x_wconf 82' lang='lat' dir='ltr'><strong>animalibus,</strong></span> <span class='ocrx_word' id='word_1_404' title='bbox 2932 2131 3061 2178; x_wconf 67' lang='lat' dir='ltr'><strong>rota:</strong></span> <span class='ocrx_word' id='word_1_405' title='bbox 3089 2129 3342 2192; x_wconf 90' lang='lat' dir='ltr'><strong>poterant</strong></span> <span class='ocrx_word' id='word_1_406' title='bbox 3360 2123 3667 2187; x_wconf 86' lang='lat' dir='ltr'><strong>ambulare,</strong></span> 
     </span>
    </p>
   </div>
   <div class='ocr_carea' id='block_1_53' title="bbox 2088 2212 3672 2285">
    <p class='ocr_par' dir='ltr' id='par_1_53' title="bbox 2088 2212 3672 2285">
     <span class='ocr_line' id='line_1_53' title="bbox 2088 2212 3672 2285; baseline -0.003 -14"><span class='ocrx_word' id='word_1_407' title='bbox 2088 2230 2190 2271; x_wconf 88' lang='lat' dir='ltr'><strong>nec</strong></span> <span class='ocrx_word' id='word_1_408' title='bbox 2209 2213 2607 2270; x_wconf 88' lang='lat' dir='ltr'><strong>ambulantibus</strong></span> <span class='ocrx_word' id='word_1_409' title='bbox 2645 2229 2807 2285; x_wconf 88' lang='lat' dir='ltr'><strong>super</strong></span> <span class='ocrx_word' id='word_1_410' title='bbox 2845 2223 3045 2269; x_wconf 90' lang='lat' dir='ltr'><strong>terram</strong></span> <span class='ocrx_word' id='word_1_411' title='bbox 3088 2212 3432 2280; x_wconf 88' lang='lat' dir='ltr'><strong>animalibus,</strong></span> <span class='ocrx_word' id='word_1_412' title='bbox 3454 2212 3672 2268; x_wconf 83' lang='lat' dir='ltr'><strong>elevare</strong></span> 
     </span>
    </p>
   </div>
   <div class='ocr_carea' id='block_1_54' title="bbox 2092 2304 3672 2374">
    <p class='ocr_par' dir='ltr' id='par_1_54' title="bbox 2092 2304 3672 2374">
     <span class='ocr_line' id='line_1_54' title="bbox 2092 2304 3672 2374; baseline -0.003 -14"><span class='ocrx_word' id='word_1_413' title='bbox 2092 2320 2152 2361; x_wconf 90' lang='lat' dir='ltr'><strong>se</strong></span> <span class='ocrx_word' id='word_1_414' title='bbox 2201 2314 2357 2370; x_wconf 66' lang='grc' dir='ltr'><strong>τοίω,</strong></span> <span class='ocrx_word' id='word_1_415' title='bbox 2394 2305 2488 2359; x_wconf 90' lang='lat' dir='ltr'><strong>sed</strong></span> <span class='ocrx_word' id='word_1_416' title='bbox 2533 2320 2759 2374; x_wconf 88' lang='lat' dir='ltr'><strong>quorum</strong></span> <span class='ocrx_word' id='word_1_417' title='bbox 2790 2319 2894 2358; x_wconf 87' lang='lat' dir='ltr'><strong>una</strong></span> <span class='ocrx_word' id='word_1_418' title='bbox 2925 2312 3043 2358; x_wconf 91' lang='lat' dir='ltr'><strong>erat</strong></span> <span class='ocrx_word' id='word_1_419' title='bbox 3085 2304 3251 2369; x_wconf 92' lang='lat' dir='ltr'><strong>actio,</strong></span> <span class='ocrx_word' id='word_1_420' title='bbox 3299 2318 3406 2357; x_wconf 91' lang='lat' dir='ltr'><strong>una</strong></span> <span class='ocrx_word' id='word_1_421' title='bbox 3449 2310 3573 2358; x_wconf 88' lang='lat' dir='ltr'><strong>erat</strong></span> <span class='ocrx_word' id='word_1_422' title='bbox 3611 2310 3672 2357; x_wconf 88' lang='lat' dir='ltr'><strong>et</strong></span> 
     </span>
    </p>
   </div>
   <div class='ocr_carea' id='block_1_55' title="bbox 2090 2393 3669 2467">
    <p class='ocr_par' dir='ltr' id='par_1_55' title="bbox 2090 2393 3669 2467">
     <span class='ocr_line' id='line_1_55' title="bbox 2090 2393 3669 2467; baseline -0.002 -15"><span class='ocrx_word' id='word_1_423' title='bbox 2090 2399 2305 2467; x_wconf 81' lang='lat' dir='ltr'><strong>requies</strong></span> <span class='ocrx_word' id='word_1_424' title='bbox 2333 2405 2390 2452; x_wconf 93' lang='lat' dir='ltr'><strong>et</strong></span> <span class='ocrx_word' id='word_1_425' title='bbox 2437 2412 2629 2451; x_wconf 91' lang='lat' dir='ltr'><strong>cursus</strong></span> <span class='ocrx_word' id='word_1_426' title='bbox 2664 2405 2719 2450; x_wconf 90' lang='lat' dir='ltr'><strong>et</strong></span> <span class='ocrx_word' id='word_1_427' title='bbox 2762 2395 3012 2449; x_wconf 84' lang='lat' dir='ltr'><strong>elevatio.</strong></span> <span class='ocrx_word' id='word_1_428' title='bbox 3060 2393 3415 2463; x_wconf 89' lang='lat' dir='ltr'><strong>Secundoque</strong></span> <span class='ocrx_word' id='word_1_429' title='bbox 3445 2395 3669 2455; x_wconf 82' lang='lat' dir='ltr'><strong>dicitur,</strong></span> 
     </span>
    </p>
   </div>
   <div class='ocr_carea' id='block_1_56' title="bbox 2090 2484 3673 2557">
    <p class='ocr_par' dir='ltr' id='par_1_56' title="bbox 2090 2484 3673 2557">
     <span class='ocr_line' id='line_1_56' title="bbox 2090 2484 3673 2557; baseline -0.001 -16"><span class='ocrx_word' id='word_1_430' title='bbox 2090 2488 2217 2557; x_wconf 90' lang='lat' dir='ltr'><strong>quia</strong></span> <span class='ocrx_word' id='word_1_431' title='bbox 2242 2487 2462 2557; x_wconf 90' lang='lat' dir='ltr'><strong>spiritus</strong></span> <span class='ocrx_word' id='word_1_432' title='bbox 2492 2487 2616 2540; x_wconf 76' lang='lat' dir='ltr'><strong>vita:</strong></span> <span class='ocrx_word' id='word_1_433' title='bbox 2642 2493 2761 2541; x_wconf 89' lang='lat' dir='ltr'><strong>erat</strong></span> <span class='ocrx_word' id='word_1_434' title='bbox 2786 2485 2840 2539; x_wconf 90' lang='lat' dir='ltr'><strong>in</strong></span> <span class='ocrx_word' id='word_1_435' title='bbox 2876 2484 3011 2540; x_wconf 88' lang='lat' dir='ltr'><strong>rotis</strong></span> <span class='ocrx_word' id='word_1_436' title='bbox 3038 2502 3051 2537; x_wconf 90' lang='lat'><strong>:</strong></span> <span class='ocrx_word' id='word_1_437' title='bbox 3084 2493 3143 2538; x_wconf 91' lang='lat' dir='ltr'><strong>ut</strong></span> <span class='ocrx_word' id='word_1_438' title='bbox 3186 2498 3532 2554; x_wconf 88' lang='lat' dir='ltr'><strong>nequaquam</strong></span> <span class='ocrx_word' id='word_1_439' title='bbox 3571 2499 3673 2539; x_wconf 86' lang='lat' dir='ltr'><strong>vas</strong></span> 
     </span>
    </p>
   </div>
   <div class='ocr_carea' id='block_1_57' title="bbox 2090 2575 3675 2652">
    <p class='ocr_par' dir='ltr' id='par_1_57' title="bbox 2090 2575 3675 2652">
     <span class='ocr_line' id='line_1_57' title="bbox 2090 2575 3675 2652; baseline -0.002 -19"><span class='ocrx_word' id='word_1_440' title='bbox 2090 2578 2307 2647; x_wconf 88' lang='lat' dir='ltr'><strong>aliquod</strong></span> <span class='ocrx_word' id='word_1_441' title='bbox 2346 2576 2671 2631; x_wconf 84' lang='lat' dir='ltr'><strong>arbitremur</strong></span> <span class='ocrx_word' id='word_1_442' title='bbox 2697 2583 2958 2639; x_wconf 89' lang='lat' dir='ltr'><strong>rotarum,</strong></span> <span class='ocrx_word' id='word_1_443' title='bbox 2987 2590 3124 2644; x_wconf 85' lang='lat' dir='ltr'><strong>quas</strong></span> <span class='ocrx_word' id='word_1_444' title='bbox 3146 2575 3199 2652; x_wconf 87' lang='lat' dir='ltr'><strong>in</strong></span> <span class='ocrx_word' id='word_1_445' title='bbox 3228 2576 3503 2645; x_wconf 77' lang='lat' dir='ltr'><strong>carpentis</strong></span> <span class='ocrx_word' id='word_1_446' title='bbox 3522 2575 3675 2646; x_wconf 85' lang='lat' dir='ltr'><strong>plan-</strong></span> 
     </span>
    </p>
   </div>
   <div class='ocr_carea' id='block_1_58' title="bbox 2089 2664 3675 2735">
    <p class='ocr_par' dir='ltr' id='par_1_58' title="bbox 2089 2664 3675 2735">
     <span class='ocr_line' id='line_1_58' title="bbox 2089 2664 3675 2735; baseline -0.003 -12"><span class='ocrx_word' id='word_1_447' title='bbox 2089 2676 2326 2724; x_wconf 90' lang='lat' dir='ltr'><strong>strorum</strong></span> <span class='ocrx_word' id='word_1_448' title='bbox 2353 2665 2644 2721; x_wconf 84' lang='lat' dir='ltr'><strong>rbedarum</strong></span> <span class='ocrx_word' id='word_1_449' title='bbox 2667 2672 2815 2734; x_wconf 52' lang='lat' dir='ltr'><strong>,‘ueet</strong></span> <span class='ocrx_word' id='word_1_450' title='bbox 2833 2680 3087 2719; x_wconf 88' lang='lat' dir='ltr'><strong>curruum</strong></span> <span class='ocrx_word' id='word_1_451' title='bbox 3104 2664 3413 2735; x_wconf 90' lang='lat' dir='ltr'><strong>aspicimus,</strong></span> <span class='ocrx_word' id='word_1_452' title='bbox 3430 2666 3528 2719; x_wconf 88' lang='lat' dir='ltr'><strong>sed</strong></span> <span class='ocrx_word' id='word_1_453' title='bbox 3554 2664 3675 2719; x_wconf 85' lang='lat' dir='ltr'><strong>ani-</strong></span> 
     </span>
    </p>
   </div>
   <div class='ocr_carea' id='block_1_59' title="bbox 2090 2754 3670 2824">
    <p class='ocr_par' dir='ltr' id='par_1_59' title="bbox 2090 2754 3670 2824">
     <span class='ocr_line' id='line_1_59' title="bbox 2090 2754 3670 2824; baseline -0.001 -12"><span class='ocrx_word' id='word_1_454' title='bbox 2090 2756 2318 2822; x_wconf 88' lang='lat' dir='ltr'><strong>mantia,</strong></span> <span class='ocrx_word' id='word_1_455' title='bbox 2355 2756 2464 2810; x_wconf 91' lang='lat' dir='ltr'><strong>imo</strong></span> <span class='ocrx_word' id='word_1_456' title='bbox 2519 2769 2683 2824; x_wconf 88' lang='lat' dir='ltr'><strong>super</strong></span> <span class='ocrx_word' id='word_1_457' title='bbox 2730 2754 3026 2809; x_wconf 85' lang='lat' dir='ltr'><strong>animantia</strong></span> <span class='ocrx_word' id='word_1_458' title='bbox 3074 2768 3090 2808; x_wconf 91' lang='lat'><strong>:</strong></span> <span class='ocrx_word' id='word_1_459' title='bbox 3146 2772 3165 2805; x_wconf 74' lang='grc' dir='ltr'>α</span> <span class='ocrx_word' id='word_1_460' title='bbox 3220 2754 3487 2811; x_wconf 81' lang='lat' dir='ltr'><strong>Animalis</strong></span> <span class='ocrx_word' id='word_1_461' title='bbox 3521 2756 3670 2811; x_wconf 90' lang='lat' dir='ltr'><strong>enim</strong></span> 
     </span>
    </p>
   </div>
   <div class='ocr_carea' id='block_1_60' title="bbox 2090 2843 3665 2917">
    <p class='ocr_par' dir='ltr' id='par_1_60' title="bbox 2090 2843 3665 2917">
     <span class='ocr_line' id='line_1_60' title="bbox 2090 2843 3665 2917; baseline -0.004 -14"><span class='ocrx_word' id='word_1_462' title='bbox 2090 2848 2252 2905; x_wconf 87' lang='lat' dir='ltr'><strong>homo</strong></span> <span class='ocrx_word' id='word_1_463' title='bbox 2282 2862 2389 2902; x_wconf 92' lang='lat' dir='ltr'><strong>non</strong></span> <span class='ocrx_word' id='word_1_464' title='bbox 2414 2845 2643 2917; x_wconf 85' lang='lat' dir='ltr'><strong>percipit</strong></span> <span class='ocrx_word' id='word_1_465' title='bbox 2666 2860 2728 2899; x_wconf 90' lang='lat' dir='ltr'><strong>ea</strong></span> <span class='ocrx_word' id='word_1_466' title='bbox 2754 2860 2875 2915; x_wconf 66' lang='lat' dir='ltr'><strong>qure</strong></span> <span class='ocrx_word' id='word_1_467' title='bbox 2899 2852 3025 2899; x_wconf 90' lang='lat' dir='ltr'><strong>sunt</strong></span> <span class='ocrx_word' id='word_1_468' title='bbox 3045 2844 3267 2914; x_wconf 91' lang='lat' dir='ltr'><strong>spiritus</strong></span> <span class='ocrx_word' id='word_1_469' title='bbox 3292 2843 3343 2916; x_wconf 89' lang='lat' dir='ltr'><strong>(I</strong></span> <span class='ocrx_word' id='word_1_470' title='bbox 3367 2843 3492 2899; x_wconf 88' lang='lat' dir='ltr'><strong>Cor.</strong></span> <span class='ocrx_word' id='word_1_471' title='bbox 3524 2845 3606 2912; x_wconf 86' lang='grc' dir='ltr'><strong>ιι).</strong></span> <span class='ocrx_word' id='word_1_472' title='bbox 3643 2864 3665 2897; x_wconf 77' lang='grc' dir='ltr'><strong><em>ι</em></strong></span> 
     </span>
    </p>
   </div>
   <div class='ocr_carea' id='block_1_61' title="bbox 2089 2934 3671 3009">
    <p class='ocr_par' dir='ltr' id='par_1_61' title="bbox 2089 2934 3671 3009">
     <span class='ocr_line' id='line_1_61' title="bbox 2089 2934 3671 3009; baseline -0.002 -15"><span class='ocrx_word' id='word_1_473' title='bbox 2089 2938 2212 2994; x_wconf 66' lang='lat' dir='ltr'><strong>Ista:</strong></span> <span class='ocrx_word' id='word_1_474' title='bbox 2244 2952 2375 3009; x_wconf 91' lang='lat' dir='ltr'><strong>ergo</strong></span> <span class='ocrx_word' id='word_1_475' title='bbox 2404 2944 2536 2991; x_wconf 61' lang='lat' dir='ltr'><strong>rota:</strong></span> <span class='ocrx_word' id='word_1_476' title='bbox 2554 2975 2570 3000; x_wconf 95' lang='lat'><strong>,</strong></span> <span class='ocrx_word' id='word_1_477' title='bbox 2601 2936 2653 2990; x_wconf 91' lang='lat' dir='ltr'><strong>in</strong></span> <span class='ocrx_word' id='word_1_478' title='bbox 2681 2935 2878 3004; x_wconf 82' lang='lat' dir='ltr'><strong>quibus</strong></span> <span class='ocrx_word' id='word_1_479' title='bbox 2904 2943 3027 2989; x_wconf 89' lang='lat' dir='ltr'><strong>erat</strong></span> <span class='ocrx_word' id='word_1_480' title='bbox 3050 2935 3271 3004; x_wconf 81' lang='lat' dir='ltr'><strong>spiritus</strong></span> <span class='ocrx_word' id='word_1_481' title='bbox 3301 2934 3425 2989; x_wconf 66' lang='lat' dir='ltr'><strong>vitae</strong></span> <span class='ocrx_word' id='word_1_482' title='bbox 3443 2976 3460 3002; x_wconf 94' lang='lat'><strong>,</strong></span> <span class='ocrx_word' id='word_1_483' title='bbox 3485 2936 3671 2991; x_wconf 88' lang='lat' dir='ltr'><strong>omnia</strong></span> 
     </span>
    </p>
   </div>
   <div class='ocr_carea' id='block_1_62' title="bbox 2090 3026 3672 3097">
    <p class='ocr_par' dir='ltr' id='par_1_62' title="bbox 2090 3026 3672 3097">
     <span class='ocr_line' id='line_1_62' title="bbox 2090 3026 3672 3097; baseline -0.003 -11"><span class='ocrx_word' id='word_1_484' title='bbox 2090 3030 2284 3087; x_wconf 85' lang='lat' dir='ltr'><strong>ordine</strong></span> <span class='ocrx_word' id='word_1_485' title='bbox 2325 3028 2531 3084; x_wconf 83' lang='lat' dir='ltr'><strong>faciunt</strong></span> <span class='ocrx_word' id='word_1_486' title='bbox 2569 3034 2731 3097; x_wconf 90' lang='lat' dir='ltr'><strong>atque</strong></span> <span class='ocrx_word' id='word_1_487' title='bbox 2756 3040 3027 3091; x_wconf 85' lang='lat' dir='ltr'><strong>mensura,</strong></span> <span class='ocrx_word' id='word_1_488' title='bbox 3054 3026 3359 3094; x_wconf 87' lang='lat' dir='ltr'><strong>habentque</strong></span> <span class='ocrx_word' id='word_1_489' title='bbox 3386 3040 3511 3080; x_wconf 88' lang='lat' dir='ltr'><strong>cum</strong></span> <span class='ocrx_word' id='word_1_490' title='bbox 3548 3026 3672 3081; x_wconf 89' lang='lat' dir='ltr'><strong>ani-</strong></span> 
     </span>
    </p>
   </div>
   <div class='ocr_carea' id='block_1_63' title="bbox 413 3112 3676 3188">
    <p class='ocr_par' dir='ltr' id='par_1_63' title="bbox 413 3112 3676 3188">
     <span class='ocr_line' id='line_1_63' title="bbox 413 3112 3676 3188; baseline 0.001 -20"><span class='ocrx_word' id='word_1_491' title='bbox 413 3114 626 3182; x_wconf 89' lang='lat' dir='ltr'><strong>alienis,</strong></span> <span class='ocrx_word' id='word_1_492' title='bbox 661 3132 681 3167; x_wconf 80' lang='grc'>›</span> <span class='ocrx_word' id='word_1_493' title='bbox 725 3115 868 3171; x_wconf 91' lang='lat' dir='ltr'><strong>illico</strong></span> <span class='ocrx_word' id='word_1_494' title='bbox 893 3116 1174 3186; x_wconf 85' lang='lat' dir='ltr'><strong>respondit</strong></span> <span class='ocrx_word' id='word_1_495' title='bbox 1201 3131 1216 3169; x_wconf 87' lang='lat'><strong>:</strong></span> <span class='ocrx_word' id='word_1_496' title='bbox 1250 3132 1270 3166; x_wconf 69' lang='grc' dir='ltr'><strong><em>ι</em></strong></span> <span class='ocrx_word' id='word_1_497' title='bbox 1313 3116 1455 3185; x_wconf 86' lang='lat' dir='ltr'><strong>Ergo</strong></span> <span class='ocrx_word' id='word_1_498' title='bbox 1475 3115 1629 3170; x_wconf 88' lang='lat' dir='ltr'><strong>liberi</strong></span> <span class='ocrx_word' id='word_1_499' title='bbox 1651 3122 1778 3170; x_wconf 90' lang='lat' dir='ltr'><strong>sunt</strong></span> <span class='ocrx_word' id='word_1_500' title='bbox 1807 3113 1919 3168; x_wconf 82' lang='lat' dir='ltr'><strong>lilii.</strong></span> <span class='ocrx_word' id='word_1_501' title='bbox 1964 3131 1984 3166; x_wconf 77' lang='grc' dir='ltr'><strong><em>ι</em></strong></span> <span class='ocrx_word' id='word_1_502' title='bbox 2018 3112 2062 3174; x_wconf 91' lang='lat' dir='ltr'><strong>C</strong></span> <span class='ocrx_word' id='word_1_503' title='bbox 2094 3120 2365 3177; x_wconf 76' lang='lat' dir='ltr'><strong>mamibus</strong></span> <span class='ocrx_word' id='word_1_504' title='bbox 2380 3119 2743 3183; x_wconf 84' lang='lat' dir='ltr'><strong>concordiam,</strong></span> <span class='ocrx_word' id='word_1_505' title='bbox 2772 3126 3058 3187; x_wconf 89' lang='lat' dir='ltr'><strong>sequentes</strong></span> <span class='ocrx_word' id='word_1_506' title='bbox 3081 3131 3166 3182; x_wconf 88' lang='lat' dir='ltr'><strong>ea,</strong></span> <span class='ocrx_word' id='word_1_507' title='bbox 3200 3124 3254 3172; x_wconf 89' lang='lat' dir='ltr'><strong>et</strong></span> <span class='ocrx_word' id='word_1_508' title='bbox 3281 3132 3380 3187; x_wconf 89' lang='lat' dir='ltr'><strong>per</strong></span> <span class='ocrx_word' id='word_1_509' title='bbox 3410 3132 3475 3171; x_wconf 90' lang='lat' dir='ltr'><strong>ea</strong></span> <span class='ocrx_word' id='word_1_510' title='bbox 3499 3116 3676 3188; x_wconf 89' lang='lat' dir='ltr'><strong>Spiri-</strong></span> 
     </span>
    </p>
   </div>
   <div class='ocr_carea' id='block_1_64' title="bbox 416 3203 1987 3276">
    <p class='ocr_par' dir='ltr' id='par_1_64' title="bbox 416 3203 1987 3276">
     <span class='ocr_line' id='line_1_64' title="bbox 416 3203 1987 3276; baseline -0.003 -14"><span class='ocrx_word' id='word_1_511' title='bbox 416 3205 524 3262; x_wconf 88' lang='lat' dir='ltr'><strong>Sed</strong></span> <span class='ocrx_word' id='word_1_512' title='bbox 560 3216 842 3276; x_wconf 88' lang='lat' dir='ltr'><strong>postquam</strong></span> <span class='ocrx_word' id='word_1_513' title='bbox 874 3219 935 3262; x_wconf 88' lang='lat' dir='ltr'><strong>se</strong></span> <span class='ocrx_word' id='word_1_514' title='bbox 977 3206 1205 3262; x_wconf 89' lang='lat' dir='ltr'><strong>liberum</strong></span> <span class='ocrx_word' id='word_1_515' title='bbox 1231 3221 1352 3262; x_wconf 89' lang='lat' dir='ltr'><strong>esse</strong></span> <span class='ocrx_word' id='word_1_516' title='bbox 1397 3206 1733 3270; x_wconf 88' lang='lat' dir='ltr'><strong>monstravit,</strong></span> <span class='ocrx_word' id='word_1_517' title='bbox 1764 3220 1834 3271; x_wconf 86' lang='lat' dir='ltr'><strong>ne</strong></span> <span class='ocrx_word' id='word_1_518' title='bbox 1873 3203 1987 3260; x_wconf 80' lang='lat' dir='ltr'><strong>for-</strong></span> 
     </span>
    </p>
   </div>
   <div class='ocr_carea' id='block_1_65' title="bbox 416 3299 1989 3370">
    <p class='ocr_par' dir='ltr' id='par_1_65' title="bbox 416 3299 1989 3370">
     <span class='ocr_line' id='line_1_65' title="bbox 416 3299 1989 3370; baseline 0.001 -14"><span class='ocrx_word' id='word_1_519' title='bbox 416 3310 560 3357; x_wconf 88' lang='lat' dir='ltr'><strong>tasse</strong></span> <span class='ocrx_word' id='word_1_520' title='bbox 605 3299 918 3357; x_wconf 85' lang='lat' dir='ltr'><strong>scandalum</strong></span> <span class='ocrx_word' id='word_1_521' title='bbox 965 3300 1217 3370; x_wconf 90' lang='lat' dir='ltr'><strong>cuiquam</strong></span> <span class='ocrx_word' id='word_1_522' title='bbox 1272 3299 1506 3367; x_wconf 82' lang='lat' dir='ltr'><strong>faceret,</strong></span> <span class='ocrx_word' id='word_1_523' title='bbox 1540 3301 1820 3357; x_wconf 91' lang='lat' dir='ltr'><strong>subdidit:</strong></span> <span class='ocrx_word' id='word_1_524' title='bbox 1857 3318 1880 3354; x_wconf 83' lang='grc'><em>‹</em></span> <span class='ocrx_word' id='word_1_525' title='bbox 1918 3300 1989 3357; x_wconf 94' lang='lat' dir='ltr'><strong>Ut</strong></span> 
     </span>
    </p>
   </div>
   <div class='ocr_carea' id='block_1_66' title="bbox 414 3390 1989 3460">
    <p class='ocr_par' dir='ltr' id='par_1_66' title="bbox 414 3390 1989 3460">
     <span class='ocr_line' id='line_1_66' title="bbox 414 3390 1989 3460; baseline 0.001 -15"><span class='ocrx_word' id='word_1_526' title='bbox 414 3398 594 3447; x_wconf 88' lang='lat' dir='ltr'><strong>autem</strong></span> <span class='ocrx_word' id='word_1_527' title='bbox 634 3405 742 3446; x_wconf 93' lang='lat' dir='ltr'><strong>non</strong></span> <span class='ocrx_word' id='word_1_528' title='bbox 784 3390 1215 3447; x_wconf 86' lang='lat' dir='ltr'><strong>scandalizemus</strong></span> <span class='ocrx_word' id='word_1_529' title='bbox 1264 3406 1388 3460; x_wconf 88' lang='lat' dir='ltr'><strong>eos,</strong></span> <span class='ocrx_word' id='word_1_530' title='bbox 1412 3392 1552 3447; x_wconf 85' lang='lat' dir='ltr'><strong>vade</strong></span> <span class='ocrx_word' id='word_1_531' title='bbox 1603 3392 1671 3449; x_wconf 91' lang='lat' dir='ltr'><strong>ad</strong></span> <span class='ocrx_word' id='word_1_532' title='bbox 1720 3407 1903 3457; x_wconf 90' lang='lat' dir='ltr'><strong>mare,</strong></span> <span class='ocrx_word' id='word_1_533' title='bbox 1933 3400 1989 3448; x_wconf 92' lang='lat' dir='ltr'><strong>et</strong></span> 
     </span>
    </p>
   </div>
   <div class='ocr_carea' id='block_1_67' title="bbox 416 3481 1991 3554">
    <p class='ocr_par' dir='ltr' id='par_1_67' title="bbox 416 3481 1991 3554">
     <span class='ocr_line' id='line_1_67' title="bbox 416 3481 1991 3554; baseline 0 -19"><span class='ocrx_word' id='word_1_534' title='bbox 416 3481 569 3537; x_wconf 88' lang='lat' dir='ltr'><strong>mitte</strong></span> <span class='ocrx_word' id='word_1_535' title='bbox 609 3482 851 3547; x_wconf 85' lang='lat' dir='ltr'><strong>hamum,</strong></span> <span class='ocrx_word' id='word_1_536' title='bbox 883 3489 941 3537; x_wconf 90' lang='lat' dir='ltr'><strong>et</strong></span> <span class='ocrx_word' id='word_1_537' title='bbox 973 3495 1096 3536; x_wconf 90' lang='lat' dir='ltr'><strong>eum</strong></span> <span class='ocrx_word' id='word_1_538' title='bbox 1139 3482 1340 3552; x_wconf 85' lang='lat' dir='ltr'><strong>piscem</strong></span> <span class='ocrx_word' id='word_1_539' title='bbox 1383 3483 1476 3552; x_wconf 92' lang='lat' dir='ltr'><strong>qui</strong></span> <span class='ocrx_word' id='word_1_540' title='bbox 1506 3483 1657 3554; x_wconf 91' lang='lat' dir='ltr'><strong>prius</strong></span> <span class='ocrx_word' id='word_1_541' title='bbox 1685 3482 1991 3538; x_wconf 88' lang='lat' dir='ltr'><strong>ascenderit</strong></span> 
     </span>
    </p>
   </div>
   <div class='ocr_carea' id='block_1_68' title="bbox 420 3569 1987 3642">
    <p class='ocr_par' dir='ltr' id='par_1_68' title="bbox 420 3569 1987 3642">
     <span class='ocr_line' id='line_1_68' title="bbox 420 3569 1987 3642; baseline 0.001 -18"><span class='ocrx_word' id='word_1_542' title='bbox 420 3570 580 3636; x_wconf 90' lang='lat' dir='ltr'><strong>tolle,</strong></span> <span class='ocrx_word' id='word_1_543' title='bbox 606 3578 877 3642; x_wconf 90' lang='lat' dir='ltr'><strong>etaperto</strong></span> <span class='ocrx_word' id='word_1_544' title='bbox 921 3586 1017 3627; x_wconf 90' lang='lat' dir='ltr'><strong>ore</strong></span> <span class='ocrx_word' id='word_1_545' title='bbox 1051 3569 1170 3641; x_wconf 91' lang='lat' dir='ltr'><strong>ejus</strong></span> <span class='ocrx_word' id='word_1_546' title='bbox 1214 3572 1456 3629; x_wconf 89' lang='lat' dir='ltr'><strong>invenies</strong></span> <span class='ocrx_word' id='word_1_547' title='bbox 1500 3580 1789 3637; x_wconf 89' lang='lat' dir='ltr'><strong>staterem;</strong></span> <span class='ocrx_word' id='word_1_548' title='bbox 1839 3572 1987 3627; x_wconf 89' lang='lat' dir='ltr'><strong>illum</strong></span> 
     </span>
    </p>
   </div>
   <div class='ocr_carea' id='block_1_69' title="bbox 417 3661 1987 3733">
    <p class='ocr_par' dir='ltr' id='par_1_69' title="bbox 417 3661 1987 3733">
     <span class='ocr_line' id='line_1_69' title="bbox 417 3661 1987 3733; baseline -0.002 -15"><span class='ocrx_word' id='word_1_549' title='bbox 417 3677 637 3718; x_wconf 85' lang='lat' dir='ltr'><strong>sumens</strong></span> <span class='ocrx_word' id='word_1_550' title='bbox 669 3662 737 3718; x_wconf 92' lang='lat' dir='ltr'><strong>da</strong></span> <span class='ocrx_word' id='word_1_551' title='bbox 765 3661 847 3718; x_wconf 91' lang='lat' dir='ltr'><strong>eis</strong></span> <span class='ocrx_word' id='word_1_552' title='bbox 889 3676 988 3733; x_wconf 90' lang='lat' dir='ltr'><strong>pro</strong></span> <span class='ocrx_word' id='word_1_553' title='bbox 1023 3677 1110 3718; x_wconf 90' lang='lat' dir='ltr'><strong>me</strong></span> <span class='ocrx_word' id='word_1_554' title='bbox 1155 3669 1210 3718; x_wconf 92' lang='lat' dir='ltr'><strong>et</strong></span> <span class='ocrx_word' id='word_1_555' title='bbox 1264 3671 1335 3718; x_wconf 90' lang='lat' dir='ltr'><strong>te.</strong></span> <span class='ocrx_word' id='word_1_556' title='bbox 1396 3680 1416 3714; x_wconf 73' lang='grc' dir='ltr'><strong>ι</strong></span> <span class='ocrx_word' id='word_1_557' title='bbox 1475 3662 1576 3731; x_wconf 89' lang='lat' dir='ltr'><strong>Qui</strong></span> <span class='ocrx_word' id='word_1_558' title='bbox 1606 3678 1818 3717; x_wconf 91' lang='lat' dir='ltr'><strong>rursum</strong></span> <span class='ocrx_word' id='word_1_559' title='bbox 1865 3677 1987 3717; x_wconf 89' lang='lat' dir='ltr'><strong>cum</strong></span> 
     </span>
    </p>
   </div>
   <div class='ocr_carea' id='block_1_70' title="bbox 414 3752 1986 3823">
    <p class='ocr_par' dir='ltr' id='par_1_70' title="bbox 414 3752 1986 3823">
     <span class='ocr_line' id='line_1_70' title="bbox 414 3752 1986 3823; baseline 0.001 -17"><span class='ocrx_word' id='word_1_560' title='bbox 414 3752 658 3808; x_wconf 88' lang='lat' dir='ltr'><strong>diceret:</strong></span> <span class='ocrx_word' id='word_1_561' title='bbox 696 3771 715 3804; x_wconf 77' lang='grc' dir='ltr'>ι</span> <span class='ocrx_word' id='word_1_562' title='bbox 757 3752 895 3820; x_wconf 91' lang='lat' dir='ltr'><strong>Quia</strong></span> <span class='ocrx_word' id='word_1_563' title='bbox 923 3767 1085 3809; x_wconf 88' lang='lat' dir='ltr'><strong>omne</strong></span> <span class='ocrx_word' id='word_1_564' title='bbox 1115 3754 1260 3823; x_wconf 91' lang='lat' dir='ltr'><strong>quod</strong></span> <span class='ocrx_word' id='word_1_565' title='bbox 1301 3752 1356 3808; x_wconf 90' lang='lat' dir='ltr'><strong>in</strong></span> <span class='ocrx_word' id='word_1_566' title='bbox 1393 3768 1456 3809; x_wconf 90' lang='lat' dir='ltr'><strong>os</strong></span> <span class='ocrx_word' id='word_1_567' title='bbox 1481 3754 1668 3818; x_wconf 87' lang='lat' dir='ltr'><strong>intrat,</strong></span> <span class='ocrx_word' id='word_1_568' title='bbox 1700 3768 1806 3808; x_wconf 92' lang='lat' dir='ltr'><strong>non</strong></span> <span class='ocrx_word' id='word_1_569' title='bbox 1843 3754 1986 3809; x_wconf 83' lang='lat' dir='ltr'><strong>coin-</strong></span> 
     </span>
    </p>
   </div>
   <div class='ocr_carea' id='block_1_71' title="bbox 418 3844 1987 3916">
    <p class='ocr_par' dir='ltr' id='par_1_71' title="bbox 418 3844 1987 3916">
     <span class='ocr_line' id='line_1_71' title="bbox 418 3844 1987 3916; baseline 0.001 -18"><span class='ocrx_word' id='word_1_570' title='bbox 418 3844 610 3914; x_wconf 91' lang='lat' dir='ltr'><strong>quinat</strong></span> <span class='ocrx_word' id='word_1_571' title='bbox 660 3844 955 3910; x_wconf 91' lang='lat' dir='ltr'><strong>hominem,</strong></span> <span class='ocrx_word' id='word_1_572' title='bbox 1004 3853 1132 3900; x_wconf 90' lang='lat' dir='ltr'><strong>tunc</strong></span> <span class='ocrx_word' id='word_1_573' title='bbox 1180 3845 1497 3901; x_wconf 89' lang='lat' dir='ltr'><strong>accedentes</strong></span> <span class='ocrx_word' id='word_1_574' title='bbox 1537 3844 1787 3916; x_wconf 91' lang='lat' dir='ltr'><strong>discipuli</strong></span> <span class='ocrx_word' id='word_1_575' title='bbox 1832 3845 1987 3900; x_wconf 82' lang='lat' dir='ltr'><strong>dixe-</strong></span> 
     </span>
    </p>
   </div>
   <div class='ocr_carea' id='block_1_72' title="bbox 420 3933 1989 4003">
    <p class='ocr_par' dir='ltr' id='par_1_72' title="bbox 420 3933 1989 4003">
     <span class='ocr_line' id='line_1_72' title="bbox 420 3933 1989 4003; baseline 0.001 -16"><span class='ocrx_word' id='word_1_576' title='bbox 420 3942 545 3989; x_wconf 84' lang='lat' dir='ltr'><strong>runt</strong></span> <span class='ocrx_word' id='word_1_577' title='bbox 569 3948 585 3986; x_wconf 93' lang='lat'><strong>:</strong></span> <span class='ocrx_word' id='word_1_578' title='bbox 623 3933 745 3989; x_wconf 87' lang='lat' dir='ltr'><strong>Scis</strong></span> <span class='ocrx_word' id='word_1_579' title='bbox 767 3936 893 4003; x_wconf 90' lang='lat' dir='ltr'><strong>quia</strong></span> <span class='ocrx_word' id='word_1_580' title='bbox 921 3934 1202 4001; x_wconf 77' lang='lat' dir='ltr'><strong>Pharismi,</strong></span> <span class='ocrx_word' id='word_1_581' title='bbox 1225 3936 1408 3991; x_wconf 90' lang='lat' dir='ltr'><strong>audito</strong></span> <span class='ocrx_word' id='word_1_582' title='bbox 1430 3937 1531 3991; x_wconf 84' lang='lat' dir='ltr'><strong>hoc</strong></span> <span class='ocrx_word' id='word_1_583' title='bbox 1553 3937 1736 4000; x_wconf 87' lang='lat' dir='ltr'><strong>verbo,</strong></span> <span class='ocrx_word' id='word_1_584' title='bbox 1764 3938 1989 3992; x_wconf 84' lang='lat' dir='ltr'><strong>scanda-</strong></span> 
     </span>
    </p>
   </div>
   <div class='ocr_carea' id='block_1_73' title="bbox 414 4021 1988 4094">
    <p class='ocr_par' dir='ltr' id='par_1_73' title="bbox 414 4021 1988 4094">
     <span class='ocr_line' id='line_1_73' title="bbox 414 4021 1988 4094; baseline 0.003 -19"><span class='ocrx_word' id='word_1_585' title='bbox 414 4021 561 4075; x_wconf 79' lang='lat' dir='ltr'><strong>lizati</strong></span> <span class='ocrx_word' id='word_1_586' title='bbox 592 4029 737 4076; x_wconf 89' lang='lat' dir='ltr'><strong>sunt.</strong></span> <span class='ocrx_word' id='word_1_587' title='bbox 767 4022 835 4075; x_wconf 87' lang='lat' dir='ltr'><strong>At</strong></span> <span class='ocrx_word' id='word_1_588' title='bbox 860 4021 948 4075; x_wconf 89' lang='lat' dir='ltr'><strong>ille</strong></span> <span class='ocrx_word' id='word_1_589' title='bbox 977 4023 1307 4091; x_wconf 89' lang='lat' dir='ltr'><strong>respondens</strong></span> <span class='ocrx_word' id='word_1_590' title='bbox 1334 4025 1410 4078; x_wconf 89' lang='lat' dir='ltr'><strong>ait</strong></span> <span class='ocrx_word' id='word_1_591' title='bbox 1449 4042 1463 4078; x_wconf 89' lang='lat'><strong>:</strong></span> <span class='ocrx_word' id='word_1_592' title='bbox 1509 4024 1698 4080; x_wconf 87' lang='lat' dir='ltr'><strong>Omnis</strong></span> <span class='ocrx_word' id='word_1_593' title='bbox 1726 4025 1988 4094; x_wconf 90' lang='lat' dir='ltr'><strong>plantatio</strong></span> 
     </span>
    </p>
   </div>
   <div class='ocr_carea' id='block_1_74' title="bbox 416 4109 1987 4181">
    <p class='ocr_par' dir='ltr' id='par_1_74' title="bbox 416 4109 1987 4181">
     <span class='ocr_line' id='line_1_74' title="bbox 416 4109 1987 4181; baseline 0.002 -17"><span class='ocrx_word' id='word_1_594' title='bbox 416 4125 577 4180; x_wconf 84' lang='lat' dir='ltr'><strong>quam</strong></span> <span class='ocrx_word' id='word_1_595' title='bbox 606 4125 711 4165; x_wconf 89' lang='lat' dir='ltr'><strong>non</strong></span> <span class='ocrx_word' id='word_1_596' title='bbox 734 4110 992 4181; x_wconf 86' lang='lat' dir='ltr'><strong>plantavit</strong></span> <span class='ocrx_word' id='word_1_597' title='bbox 1015 4109 1178 4164; x_wconf 86' lang='lat' dir='ltr'><strong>Pater</strong></span> <span class='ocrx_word' id='word_1_598' title='bbox 1214 4126 1367 4166; x_wconf 92' lang='lat' dir='ltr'><strong>meus</strong></span> <span class='ocrx_word' id='word_1_599' title='bbox 1405 4112 1658 4178; x_wconf 65' lang='lat' dir='ltr'><strong>caelestis,</strong></span> <span class='ocrx_word' id='word_1_600' title='bbox 1685 4113 1987 4168; x_wconf 88' lang='lat' dir='ltr'><strong>eradicabi-</strong></span> 
     </span>
    </p>
   </div>
   <div class='ocr_carea' id='block_1_75' title="bbox 420 4199 1985 4272">
    <p class='ocr_par' dir='ltr' id='par_1_75' title="bbox 420 4199 1985 4272">
     <span class='ocr_line' id='line_1_75' title="bbox 420 4199 1985 4272; baseline 0 -18"><span class='ocrx_word' id='word_1_601' title='bbox 420 4211 547 4255; x_wconf 89' lang='lat' dir='ltr'><strong>tur:</strong></span> <span class='ocrx_word' id='word_1_602' title='bbox 582 4200 742 4257; x_wconf 87' lang='lat' dir='ltr'><strong>sinite</strong></span> <span class='ocrx_word' id='word_1_603' title='bbox 762 4199 901 4265; x_wconf 91' lang='lat' dir='ltr'><strong>illos,</strong></span> <span class='ocrx_word' id='word_1_604' title='bbox 925 4199 1052 4256; x_wconf 71' lang='lat' dir='ltr'><strong>caeci</strong></span> <span class='ocrx_word' id='word_1_605' title='bbox 1084 4208 1209 4255; x_wconf 91' lang='lat' dir='ltr'><strong>sunt</strong></span> <span class='ocrx_word' id='word_1_606' title='bbox 1228 4209 1285 4255; x_wconf 91' lang='lat' dir='ltr'><strong>et</strong></span> <span class='ocrx_word' id='word_1_607' title='bbox 1302 4200 1466 4256; x_wconf 88' lang='lat' dir='ltr'><strong>duces</strong></span> <span class='ocrx_word' id='word_1_608' title='bbox 1485 4216 1747 4256; x_wconf 63' lang='lat' dir='ltr'><strong>caecorum</strong></span> <span class='ocrx_word' id='word_1_609' title='bbox 1772 4200 1985 4272; x_wconf 81' lang='lat' dir='ltr'><strong>(Matth.</strong></span> 
     </span>
    </p>
   </div>
   <div class='ocr_carea' id='block_1_76' title="bbox 416 4289 1989 4364">
    <p class='ocr_par' dir='ltr' id='par_1_76' title="bbox 416 4289 1989 4364">
     <span class='ocr_line' id='line_1_76' title="bbox 416 4289 1989 4364; baseline -0.001 -17"><span class='ocrx_word' id='word_1_610' title='bbox 416 4306 526 4359; x_wconf 86' lang='lat' dir='ltr'><strong>xv;</strong></span> <span class='ocrx_word' id='word_1_611' title='bbox 574 4290 745 4347; x_wconf 73' lang='lat' dir='ltr'><strong>Marc.</strong></span> <span class='ocrx_word' id='word_1_612' title='bbox 790 4289 909 4364; x_wconf 88' lang='lat' dir='ltr'><strong>vn).</strong></span> <span class='ocrx_word' id='word_1_613' title='bbox 949 4310 969 4344; x_wconf 74' lang='grc' dir='ltr'><strong>ι</strong></span> <span class='ocrx_word' id='word_1_614' title='bbox 1012 4291 1153 4347; x_wconf 90' lang='lat' dir='ltr'><strong>Ecce</strong></span> <span class='ocrx_word' id='word_1_615' title='bbox 1202 4292 1461 4363; x_wconf 83' lang='lat' dir='ltr'><strong>magistra</strong></span> <span class='ocrx_word' id='word_1_616' title='bbox 1512 4292 1761 4357; x_wconf 83' lang='lat' dir='ltr'><strong>Veritas,</strong></span> <span class='ocrx_word' id='word_1_617' title='bbox 1809 4308 1877 4348; x_wconf 87' lang='lat' dir='ltr'><strong>ne</strong></span> <span class='ocrx_word' id='word_1_618' title='bbox 1935 4291 1989 4346; x_wconf 92' lang='lat' dir='ltr'><strong>in</strong></span> 
     </span>
    </p>
   </div>
   <div class='ocr_carea' id='block_1_77' title="bbox 418 4381 1989 4454">
    <p class='ocr_par' dir='ltr' id='par_1_77' title="bbox 418 4381 1989 4454">
     <span class='ocr_line' id='line_1_77' title="bbox 418 4381 1989 4454; baseline -0.001 -15"><span class='ocrx_word' id='word_1_619' title='bbox 418 4382 773 4454; x_wconf 88' lang='lat' dir='ltr'><strong>quorumdam</strong></span> <span class='ocrx_word' id='word_1_620' title='bbox 805 4382 1058 4439; x_wconf 88' lang='lat' dir='ltr'><strong>cordibus</strong></span> <span class='ocrx_word' id='word_1_621' title='bbox 1085 4381 1398 4438; x_wconf 86' lang='lat' dir='ltr'><strong>scandalum</strong></span> <span class='ocrx_word' id='word_1_622' title='bbox 1420 4381 1746 4453; x_wconf 87' lang='lat' dir='ltr'><strong>gigneretur,</strong></span> <span class='ocrx_word' id='word_1_623' title='bbox 1771 4383 1989 4453; x_wconf 87' lang='lat' dir='ltr'><strong>etquod</strong></span> 
     </span>
    </p>
   </div>
   <div class='ocr_carea' id='block_1_78' title="bbox 2093 3208 3675 3279">
    <p class='ocr_par' dir='ltr' id='par_1_78' title="bbox 2093 3208 3675 3279">
     <span class='ocr_line' id='line_1_78' title="bbox 2093 3208 3675 3279; baseline 0 -12"><span class='ocrx_word' id='word_1_624' title='bbox 2093 3222 2203 3267; x_wconf 91' lang='lat' dir='ltr'><strong>tum</strong></span> <span class='ocrx_word' id='word_1_625' title='bbox 2217 3218 2483 3274; x_wconf 89' lang='lat' dir='ltr'><strong>sanctum,</strong></span> <span class='ocrx_word' id='word_1_626' title='bbox 2499 3209 2606 3264; x_wconf 91' lang='lat' dir='ltr'><strong>imo</strong></span> <span class='ocrx_word' id='word_1_627' title='bbox 2628 3209 2819 3263; x_wconf 87' lang='lat' dir='ltr'><strong>mediis</strong></span> <span class='ocrx_word' id='word_1_628' title='bbox 2838 3208 3212 3279; x_wconf 82' lang='lat' dir='ltr'><strong>praetermissis</strong></span> <span class='ocrx_word' id='word_1_629' title='bbox 3230 3209 3401 3263; x_wconf 87' lang='lat' dir='ltr'><strong>sancti</strong></span> <span class='ocrx_word' id='word_1_630' title='bbox 3431 3208 3675 3279; x_wconf 87' lang='lat' dir='ltr'><strong>Spiritus</strong></span> 
     </span>
    </p>
   </div>
   <div class='ocr_carea' id='block_1_79' title="bbox 2090 3302 3675 3374">
    <p class='ocr_par' dir='ltr' id='par_1_79' title="bbox 2090 3302 3675 3374">
     <span class='ocr_line' id='line_1_79' title="bbox 2090 3302 3675 3374; baseline -0.002 -13"><span class='ocrx_word' id='word_1_631' title='bbox 2090 3305 2350 3361; x_wconf 85' lang='lat' dir='ltr'><strong>societate</strong></span> <span class='ocrx_word' id='word_1_632' title='bbox 2390 3304 2702 3374; x_wconf 83' lang='lat' dir='ltr'><strong>gaudentes.</strong></span> <span class='ocrx_word' id='word_1_633' title='bbox 2744 3302 2872 3370; x_wconf 68' lang='lat' dir='ltr'><strong>Quae</strong></span> <span class='ocrx_word' id='word_1_634' title='bbox 2907 3304 3087 3357; x_wconf 90' lang='lat' dir='ltr'><strong>omnia</strong></span> <span class='ocrx_word' id='word_1_635' title='bbox 3110 3303 3265 3373; x_wconf 82' lang='lat' dir='ltr'><strong>juxta</strong></span> <span class='ocrx_word' id='word_1_636' title='bbox 3312 3303 3549 3374; x_wconf 85' lang='lat' dir='ltr'><strong>priorem</strong></span> <span class='ocrx_word' id='word_1_637' title='bbox 3590 3305 3675 3359; x_wconf 91' lang='lat' dir='ltr'><strong>in-</strong></span> 
     </span>
    </p>
   </div>
   <div class='ocr_carea' id='block_1_80' title="bbox 2093 3392 3674 3467">
    <p class='ocr_par' dir='ltr' id='par_1_80' title="bbox 2093 3392 3674 3467">
     <span class='ocr_line' id='line_1_80' title="bbox 2093 3392 3674 3467; baseline -0.003 -15"><span class='ocrx_word' id='word_1_638' title='bbox 2093 3395 2474 3467; x_wconf 88' lang='lat' dir='ltr'><strong>telligentiam,</strong></span> <span class='ocrx_word' id='word_1_639' title='bbox 2513 3392 2678 3448; x_wconf 65' lang='lat' dir='ltr'><strong>variae</strong></span> <span class='ocrx_word' id='word_1_640' title='bbox 2728 3392 3157 3462; x_wconf 88' lang='lat' dir='ltr'><strong>interpretationi</strong></span> <span class='ocrx_word' id='word_1_641' title='bbox 3213 3393 3450 3463; x_wconf 89' lang='lat' dir='ltr'><strong>prudens</strong></span> <span class='ocrx_word' id='word_1_642' title='bbox 3498 3392 3674 3448; x_wconf 86' lang='lat' dir='ltr'><strong>lector</strong></span> 
     </span>
    </p>
   </div>
   <div class='ocr_carea' id='block_1_81' title="bbox 2089 3479 3674 3557">
    <p class='ocr_par' dir='ltr' id='par_1_81' title="bbox 2089 3479 3674 3557">
     <span class='ocr_line' id='line_1_81' title="bbox 2089 3479 3674 3557; baseline -0.002 -16"><span class='ocrx_word' id='word_1_643' title='bbox 2089 3486 2288 3557; x_wconf 86' lang='lat' dir='ltr'><strong>poterit</strong></span> <span class='ocrx_word' id='word_1_644' title='bbox 2315 3492 2588 3554; x_wconf 88' lang='lat' dir='ltr'><strong>coaptare.</strong></span> <span class='ocrx_word' id='word_1_645' title='bbox 2622 3479 2821 3554; x_wconf 84' lang='lat' dir='ltr'><strong>(Greg.)</strong></span> <span class='ocrx_word' id='word_1_646' title='bbox 2850 3496 2871 3533; x_wconf 76' lang='grc' dir='ltr'>ι</span> <span class='ocrx_word' id='word_1_647' title='bbox 2909 3483 3170 3552; x_wconf 88' lang='lat' dir='ltr'><strong>Cumque,</strong></span> <span class='ocrx_word' id='word_1_648' title='bbox 3201 3483 3397 3553; x_wconf 89' lang='lat' dir='ltr'><strong>inquit,</strong></span> <span class='ocrx_word' id='word_1_649' title='bbox 3423 3482 3674 3538; x_wconf 80' lang='lat' dir='ltr'><strong>ambula-</strong></span> 
     </span>
    </p>
   </div>
   <div class='ocr_carea' id='block_1_82' title="bbox 2090 3572 3668 3642">
    <p class='ocr_par' dir='ltr' id='par_1_82' title="bbox 2090 3572 3668 3642">
     <span class='ocr_line' id='line_1_82' title="bbox 2090 3572 3668 3642; baseline -0.002 -11"><span class='ocrx_word' id='word_1_650' title='bbox 2090 3584 2211 3631; x_wconf 89' lang='lat' dir='ltr'><strong>rent</strong></span> <span class='ocrx_word' id='word_1_651' title='bbox 2257 3575 2550 3638; x_wconf 86' lang='lat' dir='ltr'><strong>animalia,</strong></span> <span class='ocrx_word' id='word_1_652' title='bbox 2586 3572 2931 3628; x_wconf 90' lang='lat' dir='ltr'><strong>ambulabant</strong></span> <span class='ocrx_word' id='word_1_653' title='bbox 2972 3573 3179 3641; x_wconf 85' lang='lat' dir='ltr'><strong>pariter</strong></span> <span class='ocrx_word' id='word_1_654' title='bbox 3233 3582 3289 3627; x_wconf 93' lang='lat' dir='ltr'><strong>et</strong></span> <span class='ocrx_word' id='word_1_655' title='bbox 3316 3580 3481 3638; x_wconf 58' lang='lat' dir='ltr'><strong>rotae,</strong></span> <span class='ocrx_word' id='word_1_656' title='bbox 3504 3573 3668 3642; x_wconf 74' lang='lat' dir='ltr'><strong>juxta</strong></span> 
     </span>
    </p>
   </div>
   <div class='ocr_carea' id='block_1_83' title="bbox 2089 3661 3669 3726">
    <p class='ocr_par' dir='ltr' id='par_1_83' title="bbox 2089 3661 3669 3726">
     <span class='ocr_line' id='line_1_83' title="bbox 2089 3661 3669 3726; baseline -0.004 -4"><span class='ocrx_word' id='word_1_657' title='bbox 2089 3681 2174 3722; x_wconf 90' lang='lat' dir='ltr'><strong>ea.</strong></span> <span class='ocrx_word' id='word_1_658' title='bbox 2209 3667 2280 3720; x_wconf 89' lang='lat' dir='ltr'><strong>Et</strong></span> <span class='ocrx_word' id='word_1_659' title='bbox 2307 3664 2434 3719; x_wconf 91' lang='lat' dir='ltr'><strong>dum</strong></span> <span class='ocrx_word' id='word_1_660' title='bbox 2480 3663 2827 3717; x_wconf 89' lang='lat' dir='ltr'><strong>elevarentur</strong></span> <span class='ocrx_word' id='word_1_661' title='bbox 2853 3661 3108 3716; x_wconf 89' lang='lat' dir='ltr'><strong>animalia</strong></span> <span class='ocrx_word' id='word_1_662' title='bbox 3154 3661 3220 3716; x_wconf 92' lang='lat' dir='ltr'><strong>de</strong></span> <span class='ocrx_word' id='word_1_663' title='bbox 3273 3670 3416 3715; x_wconf 89' lang='lat' dir='ltr'><strong>terra</strong></span> <span class='ocrx_word' id='word_1_664' title='bbox 3439 3701 3455 3726; x_wconf 91' lang='lat'><strong>,</strong></span> <span class='ocrx_word' id='word_1_665' title='bbox 3486 3662 3669 3716; x_wconf 81' lang='lat' dir='ltr'><strong>eleva-</strong></span> 
     </span>
    </p>
   </div>
   <div class='ocr_carea' id='block_1_84' title="bbox 2088 3749 3667 3817">
    <p class='ocr_par' dir='ltr' id='par_1_84' title="bbox 2088 3749 3667 3817">
     <span class='ocr_line' id='line_1_84' title="bbox 2088 3749 3667 3817; baseline -0.003 -7"><span class='ocrx_word' id='word_1_666' title='bbox 2088 3755 2286 3810; x_wconf 87' lang='lat' dir='ltr'><strong>bantur</strong></span> <span class='ocrx_word' id='word_1_667' title='bbox 2315 3752 2475 3808; x_wconf 89' lang='lat' dir='ltr'><strong>simul</strong></span> <span class='ocrx_word' id='word_1_668' title='bbox 2503 3760 2559 3808; x_wconf 91' lang='lat' dir='ltr'><strong>et</strong></span> <span class='ocrx_word' id='word_1_669' title='bbox 2587 3760 2738 3807; x_wconf 80' lang='lat' dir='ltr'><strong>rotae.</strong></span> <span class='ocrx_word' id='word_1_670' title='bbox 2770 3770 2790 3804; x_wconf 75' lang='grc' dir='ltr'><strong><em>ι</em></strong></span> <span class='ocrx_word' id='word_1_671' title='bbox 2824 3749 3188 3806; x_wconf 85' lang='lat' dir='ltr'><strong>Ambulabant</strong></span> <span class='ocrx_word' id='word_1_672' title='bbox 3213 3753 3468 3806; x_wconf 88' lang='lat' dir='ltr'><strong>animalia</strong></span> <span class='ocrx_word' id='word_1_673' title='bbox 3493 3793 3508 3817; x_wconf 93' lang='lat'><strong>,</strong></span> <span class='ocrx_word' id='word_1_674' title='bbox 3538 3770 3667 3808; x_wconf 86' lang='lat' dir='ltr'><strong>cum</strong></span> 
     </span>
    </p>
   </div>
   <div class='ocr_carea' id='block_1_85' title="bbox 2089 3843 3670 3915">
    <p class='ocr_par' dir='ltr' id='par_1_85' title="bbox 2089 3843 3670 3915">
     <span class='ocr_line' id='line_1_85' title="bbox 2089 3843 3670 3915; baseline -0.004 -11"><span class='ocrx_word' id='word_1_675' title='bbox 2089 3848 2265 3904; x_wconf 91' lang='lat' dir='ltr'><strong>sancti</strong></span> <span class='ocrx_word' id='word_1_676' title='bbox 2314 3846 2418 3901; x_wconf 89' lang='lat' dir='ltr'><strong>viri</strong></span> <span class='ocrx_word' id='word_1_677' title='bbox 2454 3846 2508 3900; x_wconf 92' lang='lat' dir='ltr'><strong>in</strong></span> <span class='ocrx_word' id='word_1_678' title='bbox 2540 3844 2821 3915; x_wconf 84' lang='lat' dir='ltr'><strong>Scriptura</strong></span> <span class='ocrx_word' id='word_1_679' title='bbox 2858 3859 3014 3899; x_wconf 89' lang='lat' dir='ltr'><strong>sacra</strong></span> <span class='ocrx_word' id='word_1_680' title='bbox 3064 3843 3368 3913; x_wconf 80' lang='lat' dir='ltr'><strong>intelligunt</strong></span> <span class='ocrx_word' id='word_1_681' title='bbox 3406 3846 3670 3914; x_wconf 86' lang='lat' dir='ltr'><strong>quemad-</strong></span> 
     </span>
    </p>
   </div>
   <div class='ocr_carea' id='block_1_86' title="bbox 2089 3934 3671 3994">
    <p class='ocr_par' dir='ltr' id='par_1_86' title="bbox 2089 3934 3671 3994">
     <span class='ocr_line' id='line_1_86' title="bbox 2089 3934 3671 3994; baseline -0.004 0"><span class='ocrx_word' id='word_1_682' title='bbox 2089 3937 2308 3994; x_wconf 89' lang='lat' dir='ltr'><strong>modum</strong></span> <span class='ocrx_word' id='word_1_683' title='bbox 2363 3935 2642 3991; x_wconf 88' lang='lat' dir='ltr'><strong>moraliter</strong></span> <span class='ocrx_word' id='word_1_684' title='bbox 2691 3935 2895 3990; x_wconf 90' lang='lat' dir='ltr'><strong>vivant.</strong></span> <span class='ocrx_word' id='word_1_685' title='bbox 2941 3934 3236 3989; x_wconf 83' lang='lat' dir='ltr'><strong>Elevantur</strong></span> <span class='ocrx_word' id='word_1_686' title='bbox 3282 3949 3411 3989; x_wconf 78' lang='lat' dir='ltr'><strong>vero</strong></span> <span class='ocrx_word' id='word_1_687' title='bbox 3440 3950 3472 3987; x_wconf 90' lang='lat' dir='ltr'><strong>a</strong></span> <span class='ocrx_word' id='word_1_688' title='bbox 3518 3943 3671 3988; x_wconf 88' lang='lat' dir='ltr'><strong>terra</strong></span> 
     </span>
    </p>
   </div>
   <div class='ocr_carea' id='block_1_87' title="bbox 2090 4024 3669 4093">
    <p class='ocr_par' dir='ltr' id='par_1_87' title="bbox 2090 4024 3669 4093">
     <span class='ocr_line' id='line_1_87' title="bbox 2090 4024 3669 4093; baseline -0.003 -10"><span class='ocrx_word' id='word_1_689' title='bbox 2090 4028 2368 4093; x_wconf 89' lang='lat' dir='ltr'><strong>animalia,</strong></span> <span class='ocrx_word' id='word_1_690' title='bbox 2399 4042 2521 4082; x_wconf 90' lang='lat' dir='ltr'><strong>cum</strong></span> <span class='ocrx_word' id='word_1_691' title='bbox 2550 4026 2723 4082; x_wconf 89' lang='lat' dir='ltr'><strong>sancti</strong></span> <span class='ocrx_word' id='word_1_692' title='bbox 2760 4025 2860 4079; x_wconf 88' lang='lat' dir='ltr'><strong>viri</strong></span> <span class='ocrx_word' id='word_1_693' title='bbox 2889 4040 2947 4080; x_wconf 89' lang='lat' dir='ltr'><strong>se</strong></span> <span class='ocrx_word' id='word_1_694' title='bbox 2974 4025 3027 4078; x_wconf 91' lang='lat' dir='ltr'><strong>in</strong></span> <span class='ocrx_word' id='word_1_695' title='bbox 3052 4024 3502 4093; x_wconf 86' lang='lat' dir='ltr'><strong>contemplatione</strong></span> <span class='ocrx_word' id='word_1_696' title='bbox 3545 4040 3669 4079; x_wconf 88' lang='lat' dir='ltr'><strong>sus-</strong></span> 
     </span>
    </p>
   </div>
   <div class='ocr_carea' id='block_1_88' title="bbox 2088 4117 3667 4193">
    <p class='ocr_par' dir='ltr' id='par_1_88' title="bbox 2088 4117 3667 4193">
     <span class='ocr_line' id='line_1_88' title="bbox 2088 4117 3667 4193; baseline -0.005 -15"><span class='ocrx_word' id='word_1_697' title='bbox 2088 4121 2348 4193; x_wconf 89' lang='lat' dir='ltr'><strong>pendunt.</strong></span> <span class='ocrx_word' id='word_1_698' title='bbox 2397 4119 2463 4174; x_wconf 87' lang='lat' dir='ltr'><strong>Et</strong></span> <span class='ocrx_word' id='word_1_699' title='bbox 2509 4119 2636 4189; x_wconf 90' lang='lat' dir='ltr'><strong>quia</strong></span> <span class='ocrx_word' id='word_1_700' title='bbox 2685 4117 3052 4186; x_wconf 88' lang='lat' dir='ltr'><strong>unusquisque</strong></span> <span class='ocrx_word' id='word_1_701' title='bbox 3104 4126 3412 4172; x_wconf 88' lang='lat' dir='ltr'><strong>sanctorum</strong></span> <span class='ocrx_word' id='word_1_702' title='bbox 3459 4126 3667 4185; x_wconf 88' lang='lat' dir='ltr'><strong>quanto</strong></span> 
     </span>
    </p>
   </div>
   <div class='ocr_carea' id='block_1_89' title="bbox 2092 4208 3665 4282">
    <p class='ocr_par' dir='ltr' id='par_1_89' title="bbox 2092 4208 3665 4282">
     <span class='ocr_line' id='line_1_89' title="bbox 2092 4208 3665 4282; baseline -0.004 -14"><span class='ocrx_word' id='word_1_703' title='bbox 2092 4214 2207 4282; x_wconf 91' lang='lat' dir='ltr'><strong>ipse</strong></span> <span class='ocrx_word' id='word_1_704' title='bbox 2234 4214 2286 4266; x_wconf 92' lang='lat' dir='ltr'><strong>in</strong></span> <span class='ocrx_word' id='word_1_705' title='bbox 2305 4211 2586 4281; x_wconf 89' lang='lat' dir='ltr'><strong>Scriptura</strong></span> <span class='ocrx_word' id='word_1_706' title='bbox 2616 4225 2769 4265; x_wconf 87' lang='lat' dir='ltr'><strong>sacra</strong></span> <span class='ocrx_word' id='word_1_707' title='bbox 2809 4208 3116 4278; x_wconf 80' lang='lat' dir='ltr'><strong>profecerit,</strong></span> <span class='ocrx_word' id='word_1_708' title='bbox 3153 4217 3304 4262; x_wconf 87' lang='lat' dir='ltr'><strong>tanto</strong></span> <span class='ocrx_word' id='word_1_709' title='bbox 3332 4209 3449 4262; x_wconf 70' lang='lat' dir='ltr'><strong>bzcc</strong></span> <span class='ocrx_word' id='word_1_710' title='bbox 3473 4208 3665 4262; x_wconf 78' lang='lat' dir='ltr'><strong>eadem</strong></span> 
     </span>
    </p>
   </div>
   <div class='ocr_carea' id='block_1_90' title="bbox 2092 4296 3663 4371">
    <p class='ocr_par' dir='ltr' id='par_1_90' title="bbox 2092 4296 3663 4371">
     <span class='ocr_line' id='line_1_90' title="bbox 2092 4296 3663 4371; baseline -0.003 -16"><span class='ocrx_word' id='word_1_711' title='bbox 2092 4298 2371 4371; x_wconf 83' lang='lat' dir='ltr'><strong>Scriptura</strong></span> <span class='ocrx_word' id='word_1_712' title='bbox 2407 4314 2559 4355; x_wconf 90' lang='lat' dir='ltr'><strong>sacra</strong></span> <span class='ocrx_word' id='word_1_713' title='bbox 2586 4298 2801 4368; x_wconf 76' lang='lat' dir='ltr'><strong>proficit</strong></span> <span class='ocrx_word' id='word_1_714' title='bbox 2831 4297 2970 4367; x_wconf 87' lang='lat' dir='ltr'><strong>apud</strong></span> <span class='ocrx_word' id='word_1_715' title='bbox 2998 4297 3171 4365; x_wconf 91' lang='lat' dir='ltr'><strong>ipsum</strong></span> <span class='ocrx_word' id='word_1_716' title='bbox 3199 4315 3211 4348; x_wconf 88' lang='lat'><strong>:</strong></span> <span class='ocrx_word' id='word_1_717' title='bbox 3244 4304 3391 4351; x_wconf 88' lang='lat' dir='ltr'><strong>recte</strong></span> <span class='ocrx_word' id='word_1_718' title='bbox 3418 4296 3625 4350; x_wconf 89' lang='lat' dir='ltr'><strong>dicitur</strong></span> <span class='ocrx_word' id='word_1_719' title='bbox 3650 4314 3663 4351; x_wconf 91' lang='lat'><strong>:</strong></span> 
     </span>
    </p>
   </div>
   <div class='ocr_carea' id='block_1_91' title="bbox 2098 4384 3669 4453">
    <p class='ocr_par' dir='ltr' id='par_1_91' title="bbox 2098 4384 3669 4453">
     <span class='ocr_line' id='line_1_91' title="bbox 2098 4384 3669 4453; baseline -0.002 -13"><span class='ocrx_word' id='word_1_720' title='bbox 2098 4409 2116 4440; x_wconf 76' lang='grc' dir='ltr'>ι</span> <span class='ocrx_word' id='word_1_721' title='bbox 2145 4389 2276 4445; x_wconf 89' lang='lat' dir='ltr'><strong>Cum</strong></span> <span class='ocrx_word' id='word_1_722' title='bbox 2306 4388 2641 4444; x_wconf 88' lang='lat' dir='ltr'><strong>ambularent</strong></span> <span class='ocrx_word' id='word_1_723' title='bbox 2669 4386 2937 4448; x_wconf 89' lang='lat' dir='ltr'><strong>animalia,</strong></span> <span class='ocrx_word' id='word_1_724' title='bbox 2970 4385 3316 4440; x_wconf 88' lang='lat' dir='ltr'><strong>ambulabant</strong></span> <span class='ocrx_word' id='word_1_725' title='bbox 3361 4384 3573 4453; x_wconf 87' lang='lat' dir='ltr'><strong>pariter</strong></span> <span class='ocrx_word' id='word_1_726' title='bbox 3611 4393 3669 4437; x_wconf 90' lang='lat' dir='ltr'><strong>ct</strong></span> 
     </span>
    </p>
   </div>
   <div class='ocr_carea' id='block_1_92' title="bbox 419 4464 1987 4545">
    <p class='ocr_par' dir='ltr' id='par_1_92' title="bbox 419 4472 1987 4543">
     <span class='ocr_line' id='line_1_92' title="bbox 419 4472 1987 4543; baseline -0.002 -14"><span class='ocrx_word' id='word_1_727' title='bbox 419 4490 524 4530; x_wconf 90' lang='lat' dir='ltr'><strong>non</strong></span> <span class='ocrx_word' id='word_1_728' title='bbox 554 4474 743 4531; x_wconf 88' lang='lat' dir='ltr'><strong>debuit</strong></span> <span class='ocrx_word' id='word_1_729' title='bbox 792 4474 1052 4530; x_wconf 90' lang='lat' dir='ltr'><strong>tributum</strong></span> <span class='ocrx_word' id='word_1_730' title='bbox 1082 4474 1264 4539; x_wconf 87' lang='lat' dir='ltr'><strong>dedit;</strong></span> <span class='ocrx_word' id='word_1_731' title='bbox 1297 4480 1353 4528; x_wconf 90' lang='lat' dir='ltr'><strong>et</strong></span> <span class='ocrx_word' id='word_1_732' title='bbox 1386 4488 1620 4539; x_wconf 90' lang='lat' dir='ltr'><strong>rursum,</strong></span> <span class='ocrx_word' id='word_1_733' title='bbox 1652 4472 1779 4542; x_wconf 88' lang='lat' dir='ltr'><strong>quia</strong></span> <span class='ocrx_word' id='word_1_734' title='bbox 1829 4488 1987 4543; x_wconf 86' lang='lat' dir='ltr'><strong>gene-</strong></span> 
     </span>
    </p>
   </div>
   <div class='ocr_carea' id='block_1_93' title="bbox 2090 4464 3663 4545">
    <p class='ocr_par' dir='ltr' id='par_1_93' title="bbox 2094 4477 3663 4545">
     <span class='ocr_line' id='line_1_93' title="bbox 2094 4477 3663 4545; baseline -0.003 -10"><span class='ocrx_word' id='word_1_735' title='bbox 2094 4490 2242 4545; x_wconf 66' lang='lat' dir='ltr'><strong>ratae,</strong></span> <span class='ocrx_word' id='word_1_736' title='bbox 2273 4488 2471 4535; x_wconf 90' lang='lat' dir='ltr'><strong>etcum</strong></span> <span class='ocrx_word' id='word_1_737' title='bbox 2495 4479 2835 4534; x_wconf 89' lang='lat' dir='ltr'><strong>elevarentur</strong></span> <span class='ocrx_word' id='word_1_738' title='bbox 2861 4478 3111 4532; x_wconf 89' lang='lat' dir='ltr'><strong>animalia</strong></span> <span class='ocrx_word' id='word_1_739' title='bbox 3165 4477 3231 4533; x_wconf 89' lang='lat' dir='ltr'><strong>de</strong></span> <span class='ocrx_word' id='word_1_740' title='bbox 3278 4487 3446 4542; x_wconf 90' lang='lat' dir='ltr'><strong>terra,</strong></span> <span class='ocrx_word' id='word_1_741' title='bbox 3479 4478 3663 4534; x_wconf 80' lang='lat' dir='ltr'><strong>eleva-</strong></span> 
     </span>
    </p>
   </div>
   <div class='ocr_carea' id='block_1_94' title="bbox 419 4563 1990 4632">
    <p class='ocr_par' dir='ltr' id='par_1_94' title="bbox 419 4563 1990 4632">
     <span class='ocr_line' id='line_1_94' title="bbox 419 4563 1990 4632; baseline 0 -15"><span class='ocrx_word' id='word_1_742' title='bbox 419 4563 528 4618; x_wconf 86' lang='lat' dir='ltr'><strong>rari</strong></span> <span class='ocrx_word' id='word_1_743' title='bbox 554 4563 864 4619; x_wconf 90' lang='lat' dir='ltr'><strong>scandalum</strong></span> <span class='ocrx_word' id='word_1_744' title='bbox 891 4564 944 4618; x_wconf 90' lang='lat' dir='ltr'><strong>in</strong></span> <span class='ocrx_word' id='word_1_745' title='bbox 972 4564 1330 4632; x_wconf 89' lang='lat' dir='ltr'><strong>quorumdam</strong></span> <span class='ocrx_word' id='word_1_746' title='bbox 1355 4563 1607 4619; x_wconf 89' lang='lat' dir='ltr'><strong>cordibus</strong></span> <span class='ocrx_word' id='word_1_747' title='bbox 1634 4569 1820 4618; x_wconf 89' lang='lat' dir='ltr'><strong>contra</strong></span> <span class='ocrx_word' id='word_1_748' title='bbox 1852 4564 1990 4618; x_wconf 78' lang='lat' dir='ltr'><strong>veri-</strong></span> 
     </span>
    </p>
   </div>
   <div class='ocr_carea' id='block_1_95' title="bbox 418 4653 1986 4723">
    <p class='ocr_par' dir='ltr' id='par_1_95' title="bbox 418 4653 1986 4723">
     <span class='ocr_line' id='line_1_95' title="bbox 418 4653 1986 4723; baseline 0.001 -18"><span class='ocrx_word' id='word_1_749' title='bbox 418 4662 585 4707; x_wconf 84' lang='lat' dir='ltr'><strong>tatem</strong></span> <span class='ocrx_word' id='word_1_750' title='bbox 611 4653 767 4718; x_wconf 88' lang='lat' dir='ltr'><strong>vidit,</strong></span> <span class='ocrx_word' id='word_1_751' title='bbox 796 4653 850 4707; x_wconf 92' lang='lat' dir='ltr'><strong>in</strong></span> <span class='ocrx_word' id='word_1_752' title='bbox 879 4668 978 4709; x_wconf 90' lang='lat' dir='ltr'><strong>suo</strong></span> <span class='ocrx_word' id='word_1_753' title='bbox 1005 4669 1100 4709; x_wconf 90' lang='lat' dir='ltr'><strong>eos</strong></span> <span class='ocrx_word' id='word_1_754' title='bbox 1133 4654 1388 4710; x_wconf 87' lang='lat' dir='ltr'><strong>seandalo</strong></span> <span class='ocrx_word' id='word_1_755' title='bbox 1416 4667 1697 4708; x_wconf 90' lang='lat' dir='ltr'><strong>remanere</strong></span> <span class='ocrx_word' id='word_1_756' title='bbox 1723 4653 1986 4723; x_wconf 88' lang='lat' dir='ltr'><strong>permisit.</strong></span> 
     </span>
    </p>
   </div>
   <div class='ocr_carea' id='block_1_96' title="bbox 419 4741 1987 4815">
    <p class='ocr_par' dir='ltr' id='par_1_96' title="bbox 419 4741 1987 4815">
     <span class='ocr_line' id='line_1_96' title="bbox 419 4741 1987 4815; baseline 0.003 -20"><span class='ocrx_word' id='word_1_757' title='bbox 419 4741 495 4795; x_wconf 79' lang='lat' dir='ltr'><strong>Ex</strong></span> <span class='ocrx_word' id='word_1_758' title='bbox 522 4758 626 4812; x_wconf 90' lang='lat' dir='ltr'><strong>qua</strong></span> <span class='ocrx_word' id='word_1_759' title='bbox 649 4757 706 4797; x_wconf 90' lang='lat' dir='ltr'><strong>re</strong></span> <span class='ocrx_word' id='word_1_760' title='bbox 728 4743 883 4798; x_wconf 87' lang='lat' dir='ltr'><strong>nobis</strong></span> <span class='ocrx_word' id='word_1_761' title='bbox 902 4745 1350 4801; x_wconf 88' lang='lat' dir='ltr'><strong>considerandum</strong></span> <span class='ocrx_word' id='word_1_762' title='bbox 1376 4755 1481 4811; x_wconf 90' lang='lat' dir='ltr'><strong>est,</strong></span> <span class='ocrx_word' id='word_1_763' title='bbox 1507 4746 1632 4815; x_wconf 90' lang='lat' dir='ltr'><strong>quia</strong></span> <span class='ocrx_word' id='word_1_764' title='bbox 1656 4746 1708 4800; x_wconf 90' lang='lat' dir='ltr'><strong>in</strong></span> <span class='ocrx_word' id='word_1_765' title='bbox 1729 4754 1987 4815; x_wconf 87' lang='lat' dir='ltr'><strong>quantum</strong></span> 
     </span>
    </p>
   </div>
   <div class='ocr_carea' id='block_1_97' title="bbox 420 4832 1986 4904">
    <p class='ocr_par' dir='ltr' id='par_1_97' title="bbox 420 4832 1986 4904">
     <span class='ocr_line' id='line_1_97' title="bbox 420 4832 1986 4904; baseline 0.002 -19"><span class='ocrx_word' id='word_1_766' title='bbox 420 4832 540 4886; x_wconf 88' lang='lat' dir='ltr'><strong>sine</strong></span> <span class='ocrx_word' id='word_1_767' title='bbox 570 4840 792 4901; x_wconf 82' lang='lat' dir='ltr'><strong>peccato</strong></span> <span class='ocrx_word' id='word_1_768' title='bbox 845 4848 1154 4902; x_wconf 89' lang='lat' dir='ltr'><strong>possumus,</strong></span> <span class='ocrx_word' id='word_1_769' title='bbox 1184 4836 1358 4890; x_wconf 88' lang='lat' dir='ltr'><strong>vitare</strong></span> <span class='ocrx_word' id='word_1_770' title='bbox 1405 4836 1777 4904; x_wconf 79' lang='lat' dir='ltr'><strong>proximorum</strong></span> <span class='ocrx_word' id='word_1_771' title='bbox 1825 4851 1986 4890; x_wconf 87' lang='lat' dir='ltr'><strong>scan-</strong></span> 
     </span>
    </p>
   </div>
   <div class='ocr_carea' id='block_1_98' title="bbox 418 4921 1984 4982">
    <p class='ocr_par' dir='ltr' id='par_1_98' title="bbox 418 4921 1984 4982">
     <span class='ocr_line' id='line_1_98' title="bbox 418 4921 1984 4982; baseline 0.003 -7"><span class='ocrx_word' id='word_1_772' title='bbox 418 4921 600 4979; x_wconf 86' lang='lat' dir='ltr'><strong>dalum</strong></span> <span class='ocrx_word' id='word_1_773' title='bbox 649 4923 924 4978; x_wconf 86' lang='lat' dir='ltr'><strong>debemus.</strong></span> <span class='ocrx_word' id='word_1_774' title='bbox 959 4923 1015 4979; x_wconf 93' lang='lat' dir='ltr'><strong>Si</strong></span> <span class='ocrx_word' id='word_1_775' title='bbox 1065 4936 1246 4980; x_wconf 86' lang='lat' dir='ltr'><strong>autem</strong></span> <span class='ocrx_word' id='word_1_776' title='bbox 1289 4927 1355 4981; x_wconf 91' lang='lat' dir='ltr'><strong>de</strong></span> <span class='ocrx_word' id='word_1_777' title='bbox 1392 4927 1621 4982; x_wconf 86' lang='lat' dir='ltr'><strong>veritate</strong></span> <span class='ocrx_word' id='word_1_778' title='bbox 1669 4926 1984 4981; x_wconf 86' lang='lat' dir='ltr'><strong>scandalum</strong></span> 
     </span>
    </p>
   </div>
   <div class='ocr_carea' id='block_1_99' title="bbox 425 5017 1986 5091">
    <p class='ocr_par' dir='ltr' id='par_1_99' title="bbox 425 5017 1986 5091">
     <span class='ocr_line' id='line_1_99' title="bbox 425 5017 1986 5091; baseline 0.001 -19"><span class='ocrx_word' id='word_1_779' title='bbox 425 5017 677 5083; x_wconf 85' lang='lat' dir='ltr'><strong>sumitur,</strong></span> <span class='ocrx_word' id='word_1_780' title='bbox 702 5017 887 5073; x_wconf 86' lang='lat' dir='ltr'><strong>utilius</strong></span> <span class='ocrx_word' id='word_1_781' title='bbox 924 5020 1255 5089; x_wconf 87' lang='lat' dir='ltr'><strong>permittitur</strong></span> <span class='ocrx_word' id='word_1_782' title='bbox 1281 5022 1430 5077; x_wconf 87' lang='lat' dir='ltr'><strong>nasci</strong></span> <span class='ocrx_word' id='word_1_783' title='bbox 1452 5022 1760 5077; x_wconf 90' lang='lat' dir='ltr'><strong>scandalum</strong></span> <span class='ocrx_word' id='word_1_784' title='bbox 1781 5062 1793 5083; x_wconf 92' lang='lat'><strong>,</strong></span> <span class='ocrx_word' id='word_1_785' title='bbox 1826 5036 1986 5091; x_wconf 88' lang='lat' dir='ltr'><strong>quam</strong></span> 
     </span>
    </p>
   </div>
   <div class='ocr_carea' id='block_1_100' title="bbox 417 5109 2029 5183">
    <p class='ocr_par' dir='ltr' id='par_1_100' title="bbox 417 5109 2029 5183">
     <span class='ocr_line' id='line_1_100' title="bbox 417 5109 2029 5183; baseline 0.001 -20"><span class='ocrx_word' id='word_1_786' title='bbox 417 5110 616 5165; x_wconf 72' lang='lat' dir='ltr'><strong>veritas</strong></span> <span class='ocrx_word' id='word_1_787' title='bbox 662 5109 1015 5179; x_wconf 88' lang='lat' dir='ltr'><strong>relinquatur.</strong></span> <span class='ocrx_word' id='word_1_788' title='bbox 1059 5111 1195 5177; x_wconf 90' lang='lat' dir='ltr'><strong>Quia</strong></span> <span class='ocrx_word' id='word_1_789' title='bbox 1234 5127 1365 5183; x_wconf 89' lang='lat' dir='ltr'><strong>ergo</strong></span> <span class='ocrx_word' id='word_1_790' title='bbox 1393 5121 1703 5168; x_wconf 86' lang='lat' dir='ltr'><strong>sanctorum</strong></span> <span class='ocrx_word' id='word_1_791' title='bbox 1754 5122 1986 5177; x_wconf 80' lang='lat' dir='ltr'><strong>mentes,</strong></span> <span class='ocrx_word' id='word_1_792' title='bbox 2024 5144 2029 5147; x_wconf 90' lang='lat'><strong><em>-</em></strong></span> 
     </span>
    </p>
   </div>
   <div class='ocr_carea' id='block_1_101' title="bbox 416 5199 1986 5272">
    <p class='ocr_par' dir='ltr' id='par_1_101' title="bbox 416 5199 1986 5272">
     <span class='ocr_line' id='line_1_101' title="bbox 416 5199 1986 5272; baseline -0.001 -17"><span class='ocrx_word' id='word_1_793' title='bbox 416 5200 653 5270; x_wconf 87' lang='lat' dir='ltr'><strong>undique</strong></span> <span class='ocrx_word' id='word_1_794' title='bbox 697 5214 757 5255; x_wconf 89' lang='lat' dir='ltr'><strong>se</strong></span> <span class='ocrx_word' id='word_1_795' title='bbox 796 5199 997 5254; x_wconf 87' lang='lat' dir='ltr'><strong>circum</strong></span> <span class='ocrx_word' id='word_1_796' title='bbox 1031 5200 1376 5271; x_wconf 89' lang='lat' dir='ltr'><strong>inspicientes</strong></span> <span class='ocrx_word' id='word_1_797' title='bbox 1403 5202 1701 5272; x_wconf 87' lang='lat' dir='ltr'><strong>invigilant,</strong></span> <span class='ocrx_word' id='word_1_798' title='bbox 1731 5212 1894 5271; x_wconf 86' lang='lat' dir='ltr'><strong>atque</strong></span> <span class='ocrx_word' id='word_1_799' title='bbox 1933 5203 1986 5255; x_wconf 84' lang='lat' dir='ltr'><strong>in</strong></span> 
     </span>
    </p>
   </div>
   <div class='ocr_carea' id='block_1_102' title="bbox 417 5288 1990 5363">
    <p class='ocr_par' dir='ltr' id='par_1_102' title="bbox 417 5288 1990 5363">
     <span class='ocr_line' id='line_1_102' title="bbox 417 5288 1990 5363; baseline 0.001 -19"><span class='ocrx_word' id='word_1_800' title='bbox 417 5290 564 5344; x_wconf 91' lang='lat' dir='ltr'><strong>omni</strong></span> <span class='ocrx_word' id='word_1_801' title='bbox 587 5305 686 5345; x_wconf 92' lang='lat' dir='ltr'><strong>suo</strong></span> <span class='ocrx_word' id='word_1_802' title='bbox 722 5303 885 5359; x_wconf 90' lang='lat' dir='ltr'><strong>opere</strong></span> <span class='ocrx_word' id='word_1_803' title='bbox 882 5288 1125 5363; x_wconf 51' lang='lat' dir='ltr'><strong>‘pavoris</strong></span> <span class='ocrx_word' id='word_1_804' title='bbox 1148 5295 1205 5343; x_wconf 92' lang='lat' dir='ltr'><strong>et</strong></span> <span class='ocrx_word' id='word_1_805' title='bbox 1224 5288 1594 5346; x_wconf 88' lang='lat' dir='ltr'><strong>sollicitudinis</strong></span> <span class='ocrx_word' id='word_1_806' title='bbox 1646 5291 1859 5346; x_wconf 91' lang='lat' dir='ltr'><strong>oculum</strong></span> <span class='ocrx_word' id='word_1_807' title='bbox 1886 5291 1990 5346; x_wconf 82' lang='lat' dir='ltr'><strong>cir-</strong></span> 
     </span>
    </p>
   </div>
   <div class='ocr_carea' id='block_1_103' title="bbox 417 5378 1986 5450">
    <p class='ocr_par' dir='ltr' id='par_1_103' title="bbox 417 5378 1986 5450">
     <span class='ocr_line' id='line_1_103' title="bbox 417 5378 1986 5450; baseline 0.002 -17"><span class='ocrx_word' id='word_1_808' title='bbox 417 5378 769 5442; x_wconf 90' lang='lat' dir='ltr'><strong>cumducunt,</strong></span> <span class='ocrx_word' id='word_1_809' title='bbox 817 5391 887 5432; x_wconf 91' lang='lat' dir='ltr'><strong>ne</strong></span> <span class='ocrx_word' id='word_1_810' title='bbox 946 5385 1038 5432; x_wconf 90' lang='lat' dir='ltr'><strong>aut</strong></span> <span class='ocrx_word' id='word_1_811' title='bbox 1089 5392 1254 5447; x_wconf 87' lang='lat' dir='ltr'><strong>prava</strong></span> <span class='ocrx_word' id='word_1_812' title='bbox 1303 5386 1483 5450; x_wconf 88' lang='lat' dir='ltr'><strong>agant,</strong></span> <span class='ocrx_word' id='word_1_813' title='bbox 1516 5393 1609 5435; x_wconf 89' lang='lat' dir='ltr'><strong>aut</strong></span> <span class='ocrx_word' id='word_1_814' title='bbox 1652 5390 1821 5446; x_wconf 87' lang='lat' dir='ltr'><strong>recta,</strong></span> <span class='ocrx_word' id='word_1_815' title='bbox 1866 5396 1986 5449; x_wconf 75' lang='lat' dir='ltr'><strong>qua:</strong></span> 
     </span>
    </p>
   </div>
   <div class='ocr_carea' id='block_1_104' title="bbox 414 5471 1986 5540">
    <p class='ocr_par' dir='ltr' id='par_1_104' title="bbox 414 5471 1986 5540">
     <span class='ocr_line' id='line_1_104' title="bbox 414 5471 1986 5540; baseline 0.002 -16"><span class='ocrx_word' id='word_1_816' title='bbox 414 5478 685 5540; x_wconf 59' lang='lat' dir='ltr'><strong>praecepta</strong></span> <span class='ocrx_word' id='word_1_817' title='bbox 729 5478 855 5525; x_wconf 88' lang='lat' dir='ltr'><strong>sunt</strong></span> <span class='ocrx_word' id='word_1_818' title='bbox 883 5484 988 5524; x_wconf 92' lang='lat' dir='ltr'><strong>non</strong></span> <span class='ocrx_word' id='word_1_819' title='bbox 1017 5478 1200 5540; x_wconf 85' lang='lat' dir='ltr'><strong>agant,</strong></span> <span class='ocrx_word' id='word_1_820' title='bbox 1221 5478 1317 5523; x_wconf 89' lang='lat' dir='ltr'><strong>aut</strong></span> <span class='ocrx_word' id='word_1_821' title='bbox 1343 5471 1496 5526; x_wconf 92' lang='lat' dir='ltr'><strong>bonis</strong></span> <span class='ocrx_word' id='word_1_822' title='bbox 1523 5473 1733 5527; x_wconf 90' lang='lat' dir='ltr'><strong>actibus</strong></span> <span class='ocrx_word' id='word_1_823' title='bbox 1760 5472 1986 5540; x_wconf 80' lang='lat' dir='ltr'><strong>expletis</strong></span> 
     </span>
    </p>
   </div>
   <div class='ocr_carea' id='block_1_105' title="bbox 418 5557 1985 5634">
    <p class='ocr_par' dir='ltr' id='par_1_105' title="bbox 418 5557 1985 5634">
     <span class='ocr_line' id='line_1_105' title="bbox 418 5557 1985 5634; baseline 0.004 -23"><span class='ocrx_word' id='word_1_824' title='bbox 418 5557 472 5611; x_wconf 91' lang='lat' dir='ltr'><strong>in</strong></span> <span class='ocrx_word' id='word_1_825' title='bbox 497 5559 609 5613; x_wconf 89' lang='lat' dir='ltr'><strong>suis</strong></span> <span class='ocrx_word' id='word_1_826' title='bbox 641 5560 1062 5631; x_wconf 86' lang='lat' dir='ltr'><strong>cogitationibus</strong></span> <span class='ocrx_word' id='word_1_827' title='bbox 1088 5561 1477 5625; x_wconf 88' lang='lat' dir='ltr'><strong>intumescant,</strong></span> <span class='ocrx_word' id='word_1_828' title='bbox 1508 5570 1562 5618; x_wconf 90' lang='lat' dir='ltr'><strong>et</strong></span> <span class='ocrx_word' id='word_1_829' title='bbox 1589 5573 1741 5619; x_wconf 91' lang='lat' dir='ltr'><strong>tanto</strong></span> <span class='ocrx_word' id='word_1_830' title='bbox 1768 5564 1985 5634; x_wconf 87' lang='lat' dir='ltr'><strong>gravius</strong></span> 
     </span>
    </p>
   </div>
   <div class='ocr_carea' id='block_1_106' title="bbox 417 5645 1982 5722">
    <p class='ocr_par' dir='ltr' id='par_1_106' title="bbox 417 5645 1982 5722">
     <span class='ocr_line' id='line_1_106' title="bbox 417 5645 1982 5722; baseline 0.004 -22"><span class='ocrx_word' id='word_1_831' title='bbox 417 5645 709 5718; x_wconf 72' lang='lat' dir='ltr'><strong>offendant,</strong></span> <span class='ocrx_word' id='word_1_832' title='bbox 740 5660 941 5720; x_wconf 85' lang='lat' dir='ltr'><strong>quanto</strong></span> <span class='ocrx_word' id='word_1_833' title='bbox 981 5649 1112 5722; x_wconf 89' lang='lat' dir='ltr'><strong>justi</strong></span> <span class='ocrx_word' id='word_1_834' title='bbox 1157 5650 1406 5706; x_wconf 83' lang='lat' dir='ltr'><strong>videntur</strong></span> <span class='ocrx_word' id='word_1_835' title='bbox 1452 5651 1585 5708; x_wconf 80' lang='lat' dir='ltr'><strong>foris</strong></span> <span class='ocrx_word' id='word_1_836' title='bbox 1631 5663 1686 5707; x_wconf 89' lang='lat' dir='ltr'><strong>et</strong></span> <span class='ocrx_word' id='word_1_837' title='bbox 1719 5653 1982 5709; x_wconf 81' lang='lat' dir='ltr'><strong>occultius</strong></span> 
     </span>
    </p>
   </div>
   <div class='ocr_carea' id='block_1_107' title="bbox 2091 4567 3662 4637">
    <p class='ocr_par' dir='ltr' id='par_1_107' title="bbox 2091 4567 3662 4637">
     <span class='ocr_line' id='line_1_107' title="bbox 2091 4567 3662 4637; baseline -0.001 -13"><span class='ocrx_word' id='word_1_838' title='bbox 2091 4571 2291 4625; x_wconf 90' lang='lat' dir='ltr'><strong>bantur</strong></span> <span class='ocrx_word' id='word_1_839' title='bbox 2313 4569 2561 4623; x_wconf 89' lang='lat' dir='ltr'><strong>similiter</strong></span> <span class='ocrx_word' id='word_1_840' title='bbox 2584 4576 2639 4622; x_wconf 91' lang='lat' dir='ltr'><strong>et</strong></span> <span class='ocrx_word' id='word_1_841' title='bbox 2660 4576 2811 4622; x_wconf 78' lang='lat' dir='ltr'><strong>rotm.</strong></span> <span class='ocrx_word' id='word_1_842' title='bbox 2844 4586 2861 4618; x_wconf 73' lang='grc' dir='ltr'><strong><em>ι</em></strong></span> <span class='ocrx_word' id='word_1_843' title='bbox 2895 4567 3031 4633; x_wconf 89' lang='lat' dir='ltr'><strong>Quia</strong></span> <span class='ocrx_word' id='word_1_844' title='bbox 3053 4567 3233 4621; x_wconf 90' lang='lat' dir='ltr'><strong>divina</strong></span> <span class='ocrx_word' id='word_1_845' title='bbox 3261 4567 3499 4637; x_wconf 87' lang='lat' dir='ltr'><strong>eloquia,</strong></span> <span class='ocrx_word' id='word_1_846' title='bbox 3532 4568 3662 4623; x_wconf 88' lang='lat' dir='ltr'><strong>dum</strong></span> 
     </span>
    </p>
   </div>
   <div class='ocr_carea' id='block_1_108' title="bbox 2092 4656 3663 4731">
    <p class='ocr_par' dir='ltr' id='par_1_108' title="bbox 2092 4656 3663 4731">
     <span class='ocr_line' id='line_1_108' title="bbox 2092 4656 3663 4731; baseline 0 -18"><span class='ocrx_word' id='word_1_847' title='bbox 2092 4660 2343 4731; x_wconf 85' lang='lat' dir='ltr'><strong>leguntur</strong></span> <span class='ocrx_word' id='word_1_848' title='bbox 2367 4666 2647 4723; x_wconf 89' lang='lat' dir='ltr'><strong>crescunt;</strong></span> <span class='ocrx_word' id='word_1_849' title='bbox 2689 4673 2811 4711; x_wconf 92' lang='lat' dir='ltr'><strong>nam</strong></span> <span class='ocrx_word' id='word_1_850' title='bbox 2840 4666 2987 4712; x_wconf 92' lang='lat' dir='ltr'><strong>tanto</strong></span> <span class='ocrx_word' id='word_1_851' title='bbox 3011 4656 3097 4711; x_wconf 90' lang='lat' dir='ltr'><strong>illa</strong></span> <span class='ocrx_word' id='word_1_852' title='bbox 3143 4658 3371 4727; x_wconf 87' lang='lat' dir='ltr'><strong>quisque</strong></span> <span class='ocrx_word' id='word_1_853' title='bbox 3396 4658 3663 4713; x_wconf 74' lang='lat' dir='ltr'><strong>intellexit</strong></span> 
     </span>
    </p>
   </div>
   <div class='ocr_carea' id='block_1_109' title="bbox 2090 4746 3660 4817">
    <p class='ocr_par' dir='ltr' id='par_1_109' title="bbox 2090 4746 3660 4817">
     <span class='ocr_line' id='line_1_109' title="bbox 2090 4746 3660 4817; baseline 0.003 -16"><span class='ocrx_word' id='word_1_854' title='bbox 2090 4748 2272 4814; x_wconf 88' lang='lat' dir='ltr'><strong>altius,</strong></span> <span class='ocrx_word' id='word_1_855' title='bbox 2296 4756 2499 4817; x_wconf 91' lang='lat' dir='ltr'><strong>quanto</strong></span> <span class='ocrx_word' id='word_1_856' title='bbox 2545 4748 2599 4800; x_wconf 90' lang='lat' dir='ltr'><strong>in</strong></span> <span class='ocrx_word' id='word_1_857' title='bbox 2638 4746 2717 4803; x_wconf 89' lang='lat' dir='ltr'><strong>eis</strong></span> <span class='ocrx_word' id='word_1_858' title='bbox 2745 4747 2905 4801; x_wconf 90' lang='lat' dir='ltr'><strong>altius</strong></span> <span class='ocrx_word' id='word_1_859' title='bbox 2932 4747 3178 4802; x_wconf 74' lang='lat' dir='ltr'><strong>intendit.</strong></span> <span class='ocrx_word' id='word_1_860' title='bbox 3231 4747 3381 4803; x_wconf 76' lang='lat' dir='ltr'><strong>Unde</strong></span> <span class='ocrx_word' id='word_1_861' title='bbox 3423 4762 3526 4804; x_wconf 87' lang='lat' dir='ltr'><strong>nec</strong></span> <span class='ocrx_word' id='word_1_862' title='bbox 3547 4749 3660 4805; x_wconf 58' lang='lat' dir='ltr'><strong>elev</strong></span> 
     </span>
    </p>
   </div>
   <div class='ocr_carea' id='block_1_110' title="bbox 2091 4836 3660 4903">
    <p class='ocr_par' dir='ltr' id='par_1_110' title="bbox 2091 4836 3660 4903">
     <span class='ocr_line' id='line_1_110' title="bbox 2091 4836 3660 4903; baseline 0.004 -16"><span class='ocrx_word' id='word_1_863' title='bbox 2091 4848 2286 4892; x_wconf 69' lang='lat' dir='ltr'><strong>rantur</strong></span> <span class='ocrx_word' id='word_1_864' title='bbox 2312 4846 2445 4891; x_wconf 71' lang='lat' dir='ltr'><strong>rotte</strong></span> <span class='ocrx_word' id='word_1_865' title='bbox 2465 4878 2478 4901; x_wconf 94' lang='lat'><strong>,</strong></span> <span class='ocrx_word' id='word_1_866' title='bbox 2509 4838 2553 4891; x_wconf 89' lang='lat' dir='ltr'><strong>si</strong></span> <span class='ocrx_word' id='word_1_867' title='bbox 2585 4851 2691 4891; x_wconf 92' lang='lat' dir='ltr'><strong>non</strong></span> <span class='ocrx_word' id='word_1_868' title='bbox 2720 4836 3000 4891; x_wconf 76' lang='lat' dir='ltr'><strong>elevantur</strong></span> <span class='ocrx_word' id='word_1_869' title='bbox 3046 4836 3315 4892; x_wconf 85' lang='lat' dir='ltr'><strong>animalia.</strong></span> <span class='ocrx_word' id='word_1_870' title='bbox 3367 4837 3504 4903; x_wconf 88' lang='lat' dir='ltr'><strong>Quia</strong></span> <span class='ocrx_word' id='word_1_871' title='bbox 3557 4839 3660 4893; x_wconf 84' lang='lat' dir='ltr'><strong>nisi</strong></span> 
     </span>
    </p>
   </div>
   <div class='ocr_carea' id='block_1_111' title="bbox 2088 4927 3660 5000">
    <p class='ocr_par' dir='ltr' id='par_1_111' title="bbox 2088 4927 3660 5000">
     <span class='ocr_line' id='line_1_111' title="bbox 2088 4927 3660 5000; baseline 0.003 -19"><span class='ocrx_word' id='word_1_872' title='bbox 2088 4927 2378 4998; x_wconf 87' lang='lat' dir='ltr'><strong>legentium</strong></span> <span class='ocrx_word' id='word_1_873' title='bbox 2425 4937 2632 4992; x_wconf 81' lang='lat' dir='ltr'><strong>mentes</strong></span> <span class='ocrx_word' id='word_1_874' title='bbox 2660 4929 2726 4982; x_wconf 89' lang='lat' dir='ltr'><strong>ad</strong></span> <span class='ocrx_word' id='word_1_875' title='bbox 2753 4928 2860 4983; x_wconf 90' lang='lat' dir='ltr'><strong>alta</strong></span> <span class='ocrx_word' id='word_1_876' title='bbox 2901 4928 3228 5000; x_wconf 81' lang='lat' dir='ltr'><strong>profecerim</strong></span> <span class='ocrx_word' id='word_1_877' title='bbox 3248 4969 3264 4994; x_wconf 95' lang='lat'><strong>,</strong></span> <span class='ocrx_word' id='word_1_878' title='bbox 3292 4931 3473 4985; x_wconf 85' lang='lat' dir='ltr'><strong>divina</strong></span> <span class='ocrx_word' id='word_1_879' title='bbox 3516 4932 3660 4986; x_wconf 83' lang='lat' dir='ltr'><strong>dicta</strong></span> 
     </span>
    </p>
   </div>
   <div class='ocr_carea' id='block_1_112' title="bbox 2088 5020 3657 5093">
    <p class='ocr_par' dir='ltr' id='par_1_112' title="bbox 2088 5020 3657 5093">
     <span class='ocr_line' id='line_1_112' title="bbox 2088 5020 3657 5093; baseline 0.003 -21"><span class='ocrx_word' id='word_1_880' title='bbox 2088 5020 2233 5075; x_wconf 81' lang='lat' dir='ltr'><strong>velut</strong></span> <span class='ocrx_word' id='word_1_881' title='bbox 2267 5021 2317 5074; x_wconf 90' lang='lat' dir='ltr'><strong>in</strong></span> <span class='ocrx_word' id='word_1_882' title='bbox 2343 5021 2464 5076; x_wconf 89' lang='lat' dir='ltr'><strong>imis</strong></span> <span class='ocrx_word' id='word_1_883' title='bbox 2486 5037 2591 5076; x_wconf 90' lang='lat' dir='ltr'><strong>non</strong></span> <span class='ocrx_word' id='word_1_884' title='bbox 2621 5021 2885 5076; x_wconf 86' lang='lat' dir='ltr'><strong>intellecta</strong></span> <span class='ocrx_word' id='word_1_885' title='bbox 2902 5020 3105 5089; x_wconf 85' lang='lat' dir='ltr'><strong>jacent.</strong></span> <span class='ocrx_word' id='word_1_886' title='bbox 3129 5021 3260 5076; x_wconf 88' lang='lat' dir='ltr'><strong>Cum</strong></span> <span class='ocrx_word' id='word_1_887' title='bbox 3291 5023 3434 5077; x_wconf 88' lang='lat' dir='ltr'><strong>enim</strong></span> <span class='ocrx_word' id='word_1_888' title='bbox 3463 5023 3657 5093; x_wconf 81' lang='lat' dir='ltr'><strong>legenti</strong></span> 
     </span>
    </p>
   </div>
   <div class='ocr_carea' id='block_1_113' title="bbox 2087 5109 3661 5180">
    <p class='ocr_par' dir='ltr' id='par_1_113' title="bbox 2087 5109 3661 5180">
     <span class='ocr_line' id='line_1_113' title="bbox 2087 5109 3661 5180; baseline 0.001 -17"><span class='ocrx_word' id='word_1_889' title='bbox 2087 5109 2306 5165; x_wconf 89' lang='lat' dir='ltr'><strong>cuilibet</strong></span> <span class='ocrx_word' id='word_1_890' title='bbox 2333 5124 2513 5164; x_wconf 89' lang='lat' dir='ltr'><strong>sermo</strong></span> <span class='ocrx_word' id='word_1_891' title='bbox 2534 5110 2829 5180; x_wconf 69' lang='lat' dir='ltr'><strong>Scriptum</strong></span> <span class='ocrx_word' id='word_1_892' title='bbox 2851 5126 3020 5165; x_wconf 70' lang='lat' dir='ltr'><strong>sacrae</strong></span> <span class='ocrx_word' id='word_1_893' title='bbox 3042 5111 3251 5180; x_wconf 87' lang='lat' dir='ltr'><strong>tepidus</strong></span> <span class='ocrx_word' id='word_1_894' title='bbox 3273 5112 3506 5176; x_wconf 84' lang='lat' dir='ltr'><strong>videtur,</strong></span> <span class='ocrx_word' id='word_1_895' title='bbox 3537 5125 3661 5166; x_wconf 83' lang='lat' dir='ltr'><strong>sen-</strong></span> 
     </span>
    </p>
   </div>
   <div class='ocr_carea' id='block_1_114' title="bbox 2088 5198 3657 5267">
    <p class='ocr_par' dir='ltr' id='par_1_114' title="bbox 2088 5198 3657 5267">
     <span class='ocr_line' id='line_1_114' title="bbox 2088 5198 3657 5267; baseline 0.001 -15"><span class='ocrx_word' id='word_1_896' title='bbox 2088 5213 2180 5253; x_wconf 90' lang='lat' dir='ltr'><strong>sus</strong></span> <span class='ocrx_word' id='word_1_897' title='bbox 2227 5198 2393 5252; x_wconf 76' lang='lat' dir='ltr'><strong>divini</strong></span> <span class='ocrx_word' id='word_1_898' title='bbox 2441 5199 2639 5267; x_wconf 89' lang='lat' dir='ltr'><strong>eloquii</strong></span> <span class='ocrx_word' id='word_1_899' title='bbox 2676 5199 2791 5267; x_wconf 88' lang='lat' dir='ltr'><strong>ejus</strong></span> <span class='ocrx_word' id='word_1_900' title='bbox 2828 5208 3063 5255; x_wconf 86' lang='lat' dir='ltr'><strong>mentem</strong></span> <span class='ocrx_word' id='word_1_901' title='bbox 3093 5217 3199 5254; x_wconf 87' lang='lat' dir='ltr'><strong>non</strong></span> <span class='ocrx_word' id='word_1_902' title='bbox 3248 5202 3469 5265; x_wconf 80' lang='lat' dir='ltr'><strong>excitat,</strong></span> <span class='ocrx_word' id='word_1_903' title='bbox 3503 5210 3559 5256; x_wconf 90' lang='lat' dir='ltr'><strong>et</strong></span> <span class='ocrx_word' id='word_1_904' title='bbox 3601 5205 3657 5255; x_wconf 89' lang='lat' dir='ltr'><strong>in</strong></span> 
     </span>
    </p>
   </div>
   <div class='ocr_carea' id='block_1_115' title="bbox 2088 5289 3655 5359">
    <p class='ocr_par' dir='ltr' id='par_1_115' title="bbox 2088 5289 3655 5359">
     <span class='ocr_line' id='line_1_115' title="bbox 2088 5289 3655 5359; baseline 0.001 -15"><span class='ocrx_word' id='word_1_905' title='bbox 2088 5289 2411 5359; x_wconf 84' lang='lat' dir='ltr'><strong>cogitatione</strong></span> <span class='ocrx_word' id='word_1_906' title='bbox 2438 5304 2534 5343; x_wconf 90' lang='lat' dir='ltr'><strong>sua</strong></span> <span class='ocrx_word' id='word_1_907' title='bbox 2562 5289 2706 5344; x_wconf 90' lang='lat' dir='ltr'><strong>nullo</strong></span> <span class='ocrx_word' id='word_1_908' title='bbox 2734 5289 3034 5344; x_wconf 87' lang='lat' dir='ltr'><strong>intellectus</strong></span> <span class='ocrx_word' id='word_1_909' title='bbox 3058 5290 3260 5345; x_wconf 89' lang='lat' dir='ltr'><strong>lumine</strong></span> <span class='ocrx_word' id='word_1_910' title='bbox 3284 5292 3512 5357; x_wconf 89' lang='lat' dir='ltr'><strong>emicat;</strong></span> <span class='ocrx_word' id='word_1_911' title='bbox 3538 5302 3655 5346; x_wconf 91' lang='lat' dir='ltr'><strong>rota</strong></span> 
     </span>
    </p>
   </div>
   <div class='ocr_carea' id='block_1_116' title="bbox 2089 5381 3657 5451">
    <p class='ocr_par' dir='ltr' id='par_1_116' title="bbox 2089 5381 3657 5451">
     <span class='ocr_line' id='line_1_116' title="bbox 2089 5381 3657 5451; baseline -0.001 -14"><span class='ocrx_word' id='word_1_912' title='bbox 2089 5391 2143 5437; x_wconf 88' lang='lat' dir='ltr'><strong>et</strong></span> <span class='ocrx_word' id='word_1_913' title='bbox 2166 5381 2336 5436; x_wconf 90' lang='lat' dir='ltr'><strong>otiosa</strong></span> <span class='ocrx_word' id='word_1_914' title='bbox 2358 5389 2414 5436; x_wconf 92' lang='lat' dir='ltr'><strong>et</strong></span> <span class='ocrx_word' id='word_1_915' title='bbox 2441 5382 2496 5436; x_wconf 92' lang='lat' dir='ltr'><strong>in</strong></span> <span class='ocrx_word' id='word_1_916' title='bbox 2530 5389 2673 5436; x_wconf 82' lang='lat' dir='ltr'><strong>terra</strong></span> <span class='ocrx_word' id='word_1_917' title='bbox 2702 5389 2801 5440; x_wconf 84' lang='lat' dir='ltr'><strong>est,</strong></span> <span class='ocrx_word' id='word_1_918' title='bbox 2836 5382 2964 5451; x_wconf 91' lang='lat' dir='ltr'><strong>quia</strong></span> <span class='ocrx_word' id='word_1_919' title='bbox 2990 5383 3189 5437; x_wconf 89' lang='lat' dir='ltr'><strong>animal</strong></span> <span class='ocrx_word' id='word_1_920' title='bbox 3216 5398 3324 5439; x_wconf 92' lang='lat' dir='ltr'><strong>non</strong></span> <span class='ocrx_word' id='word_1_921' title='bbox 3359 5383 3598 5439; x_wconf 83' lang='lat' dir='ltr'><strong>elevatur</strong></span> <span class='ocrx_word' id='word_1_922' title='bbox 3622 5398 3657 5436; x_wconf 87' lang='lat' dir='ltr'><strong>a</strong></span> 
     </span>
    </p>
   </div>
   <div class='ocr_carea' id='block_1_117' title="bbox 2089 5473 3656 5540">
    <p class='ocr_par' dir='ltr' id='par_1_117' title="bbox 2089 5473 3656 5540">
     <span class='ocr_line' id='line_1_117' title="bbox 2089 5473 3656 5540; baseline -0.002 -11"><span class='ocrx_word' id='word_1_923' title='bbox 2089 5485 2252 5529; x_wconf 80' lang='lat' dir='ltr'><strong>terra.</strong></span> <span class='ocrx_word' id='word_1_924' title='bbox 2280 5473 2350 5527; x_wconf 87' lang='lat' dir='ltr'><strong>At</strong></span> <span class='ocrx_word' id='word_1_925' title='bbox 2388 5489 2518 5529; x_wconf 88' lang='lat' dir='ltr'><strong>vero</strong></span> <span class='ocrx_word' id='word_1_926' title='bbox 2546 5474 2592 5529; x_wconf 91' lang='lat' dir='ltr'><strong>si</strong></span> <span class='ocrx_word' id='word_1_927' title='bbox 2619 5474 2816 5528; x_wconf 89' lang='lat' dir='ltr'><strong>animal</strong></span> <span class='ocrx_word' id='word_1_928' title='bbox 2861 5475 3113 5537; x_wconf 88' lang='lat' dir='ltr'><strong>ambulet,</strong></span> <span class='ocrx_word' id='word_1_929' title='bbox 3149 5476 3203 5530; x_wconf 89' lang='lat' dir='ltr'><strong>id</strong></span> <span class='ocrx_word' id='word_1_930' title='bbox 3248 5485 3366 5540; x_wconf 90' lang='lat' dir='ltr'><strong>est,</strong></span> <span class='ocrx_word' id='word_1_931' title='bbox 3391 5476 3527 5529; x_wconf 86' lang='lat' dir='ltr'><strong>bene</strong></span> <span class='ocrx_word' id='word_1_932' title='bbox 3576 5473 3656 5527; x_wconf 87' lang='lat' dir='ltr'><strong>vi—</strong></span> 
     </span>
    </p>
   </div>
   <div class='ocr_carea' id='block_1_118' title="bbox 2088 5563 3656 5636">
    <p class='ocr_par' dir='ltr' id='par_1_118' title="bbox 2088 5563 3656 5636">
     <span class='ocr_line' id='line_1_118' title="bbox 2088 5563 3656 5636; baseline 0 -20"><span class='ocrx_word' id='word_1_933' title='bbox 2088 5566 2245 5620; x_wconf 86' lang='lat' dir='ltr'><strong>vendi</strong></span> <span class='ocrx_word' id='word_1_934' title='bbox 2275 5565 2520 5621; x_wconf 87' lang='lat' dir='ltr'><strong>ordinem</strong></span> <span class='ocrx_word' id='word_1_935' title='bbox 2548 5572 2751 5633; x_wconf 65' lang='lat' dir='ltr'><strong>quaerat</strong></span> <span class='ocrx_word' id='word_1_936' title='bbox 2768 5605 2783 5629; x_wconf 94' lang='lat'><strong>,</strong></span> <span class='ocrx_word' id='word_1_937' title='bbox 2809 5574 2863 5620; x_wconf 84' lang='lat' dir='ltr'><strong>ct</strong></span> <span class='ocrx_word' id='word_1_938' title='bbox 2890 5579 2984 5635; x_wconf 75' lang='lat' dir='ltr'><strong>per</strong></span> <span class='ocrx_word' id='word_1_939' title='bbox 3004 5581 3242 5636; x_wconf 85' lang='lat' dir='ltr'><strong>gressum</strong></span> <span class='ocrx_word' id='word_1_940' title='bbox 3289 5564 3468 5620; x_wconf 87' lang='lat' dir='ltr'><strong>cordis</strong></span> <span class='ocrx_word' id='word_1_941' title='bbox 3508 5563 3656 5617; x_wconf 81' lang='lat' dir='ltr'><strong>inve—</strong></span> 
     </span>
    </p>
   </div>
   <div class='ocr_carea' id='block_1_119' title="bbox 2088 5655 3652 5726">
    <p class='ocr_par' dir='ltr' id='par_1_119' title="bbox 2088 5655 3652 5726">
     <span class='ocr_line' id='line_1_119' title="bbox 2088 5655 3652 5726; baseline -0.002 -17"><span class='ocrx_word' id='word_1_942' title='bbox 2088 5657 2200 5710; x_wconf 69' lang='lat' dir='ltr'><strong>niat</strong></span> <span class='ocrx_word' id='word_1_943' title='bbox 2247 5655 2697 5725; x_wconf 80' lang='lat' dir='ltr'><strong>quemadmodum</strong></span> <span class='ocrx_word' id='word_1_944' title='bbox 2754 5672 2995 5726; x_wconf 73' lang='lat' dir='ltr'><strong>gressum</strong></span> <span class='ocrx_word' id='word_1_945' title='bbox 3055 5656 3179 5711; x_wconf 85' lang='lat' dir='ltr'><strong>boui</strong></span> <span class='ocrx_word' id='word_1_946' title='bbox 3246 5657 3424 5726; x_wconf 81' lang='lat' dir='ltr'><strong>operis</strong></span> <span class='ocrx_word' id='word_1_947' title='bbox 3466 5664 3652 5724; x_wconf 78' lang='lat' dir='ltr'><strong>ponat,</strong></span> 
     </span>
    </p>
   </div>
  </div>
