3950 6184
266 289 384 345 553

1230 288 1580 347 COMMENT.
1623 287 1689 342 IN
1729 270 2179 345 EZECHIELEM.
2218 317 2287 327 -—
2325 287 2450 343 LIB.
2495 287 2554 343 ll.

3439 291 3536 345 5M

270 404 564 459 ambulant
605 403 807 473 pariter
861 412 917 458 et
961 411 1113 459 rotae.
1164 403 1300 472 Quia
1346 413 1554 460 tantum
1605 407 1658 460 in
1709 419 1867 460 sacro
1895 407 1941 467 Α
1971 420 2129 459 nemo
2173 413 2485 460 sanctorum
2516 405 2581 459 ad
2611 403 2890 459 cmlestem
2941 403 3166 474 gloriam
3209 404 3310 459 nisi
3340 406 3556 473 patien-

271 493 498 563 eloquio
526 492 830 563 profectum
860 493 1092 557 invenis,
1120 504 1381 563 quantum
1422 496 1562 565 apud
1594 495 1722 549 illud
1754 496 1871 565 ipse

277 582 600 653 profeceris.
629 580 690 637 Si
742 597 872 637 vero
915 594 1210 652 pennatum
1256 584 1458 638 animal
1507 599 1628 640 sese
1663 585 1716 638 in
1747 599 1875 639 cou-

279 673 695 743 templationem
744 672 1054 738 tetenderit,
1085 681 1219 728 rotat
1256 675 1504 744 protinus
1529 689 1559 729 a
1588 682 1731 730 terra
1757 673 1869 729 ele-

279 776 503 821 vantur.
537 765 675 833 Quia
721 774 938 822 terrena
960 781 1067 821 non
1094 781 1217 823 esse
1268 766 1543 839 intelligis,
1567 781 1688 837 qua:
1720 768 1872 837 prius

281 856 344 910 in
386 869 548 911 sacro
587 854 802 925 eloquio
818 854 972 925 juxta
1000 864 1273 911 terrenum
1300 871 1507 911 morem
1533 857 1672 912 dicta
1701 858 1872 913 credi-

279 947 436 1013 disti,
467 946 631 1016 fitque
667 952 726 999 ut
758 943 1052 1016 Scriptura:
1078 960 1248 1002 suem
1272 947 1437 1001 verba
1466 946 1707 1002 coelestia
1751 962 1872 1002 esse

282 1037 535 1102 sentias,
571 1037 614 1092 si
662 1050 924 1092 accensus
968 1052 1069 1107 per
1114 1037 1586 1110 contemplationis
1642 1039 1868 1110 gratiam

282 1124 631 1195 temetipsum
683 1125 750 1180 ad
785 1125 1023 1181 caelestia
1070 1127 1386 1196 suspendas.
1430 1126 1499 1182 Et
1544 1128 1680 1182 mira
1712 1136 1873 1198 atque

287 1213 578 1269 inetl‘abilis
621 1214 763 1269 sacri
808 1214 1003 1285 eloquii
1049 1214 1224 1269 virtus
1253 1215 1588 1286 agnoscitur,
1619 1232 1740 1271 cum
1783 1233 1873 1272 su-

284 1318 460 1372 perno
486 1318 671 1358 amore
690 1303 916 1374 legentis
955 1306 1168 1359 animus
1188 1312 1523 1376 penetratur.
1561 1304 1698 1372 Quia
1741 1321 1872 1377 ergo

289 1394 495 1449 animal
547 1395 614 1449 ad
654 1394 762 1450 alta
796 1411 854 1451 se
880 1396 1145 1460 sublevat,
1200 1405 1317 1453 rota
1365 1396 1543 1461 volat;
1579 1398 1823 1467 sequitur
1857 1413 1870 1450 :

291 1502 314 1533 ι
351 1483 682 1553 Quocunque
710 1484 824 1539 ibat
843 1486 1087 1554 spiritus,
1119 1485 1244 1542 illuc
1272 1493 1434 1541 eunte
1452 1486 1645 1557 spiritu
1666 1495 1721 1540 et
1745 1495 1875 1541 rota:

286 1575 497 1644 pariter
539 1574 859 1630 levabantur
906 1584 1194 1647 sequentes
1252 1592 1397 1633 eum.
1457 1597 1476 1630 ι
1534 1578 1688 1634 Rotas
1729 1579 1871 1634 enim

288 1666 539 1736 spiritum
586 1675 925 1736 sequuntur,
955 1668 1081 1737 quia
1130 1669 1295 1724 verba
1353 1668 1493 1723 sacri
1550 1668 1874 1738 eloquii,ut

1974 495 2101 552 tiam
2128 497 2393 551 servando
2418 495 2679 566 pervenit.
2708 495 2862 562 Quod
2888 495 3003 564 ipse
3031 501 3221 549 auctor
3248 503 3303 549 et
3336 495 3544 549 redem-

1971 595 2093 655 ptor
2139 584 2357 654 generis
2405 584 2623 638 humani
2650 624 2665 650 ,
2717 591 2907 652 sputa,
2962 583 3249 651 colaphos,
3299 583 3544 653 spineam

1969 688 2246 738 coronam,
2268 689 2515 740 crucem,
2552 673 2795 730 lanceam
2842 674 3101 743 pertulit,
3131 681 3185 728 et
3217 682 3395 727 tamen
3444 688 3545 742 pro

1969 763 2403 832 persecutoribus
2440 763 2617 818 oravit
2641 760 2859 835 (Matth.
2893 778 3040 826 xxvi,
3072 761 3262 832 xxv").
3312 760 3371 816 Si
3417 762 3545 816 vitze

1970 856 2190 925 spiritus
2224 855 2449 926 legentis
2496 854 2733 909 animum
2762 854 2829 908 ad
2875 854 3112 908 studium
3142 852 3544 922 praedicationis

1969 944 2205 1009 excitat;
2258 945 2445 1003 statim
2496 949 2794 1011 sequuntur
2847 950 2904 996 et
2950 951 3081 997 rotm
3126 957 3141 995 :
3189 942 3318 1011 quia
3366 942 3418 995 in
3458 957 3544 996 sa-

1971 1035 2081 1089 cris
2127 1034 2357 1107 eli-quiis
2409 1034 2610 1089 invenit
2646 1031 2856 1105 (Exod.
2904 1032 2970 1102 v)
3021 1034 3162 1101 quod
3210 1032 3420 1104 Moyses
3456 1031 3544 1100 ju-

1972 1124 2132 1179 bente
2164 1124 2393 1180 Domino
2436 1133 2624 1180 contra
2671 1123 2889 1196 Egypti
2939 1139 3142 1193 regem,
3168 1124 3219 1177 in
3242 1124 3458 1192 quantis
3487 1140 3544 1177 se

1971 1215 2370 1284 praedicationis
2416 1216 2583 1269 libere
2612 1215 2791 1269 verbis
2817 1214 3020 1278 erexit,
3054 1214 3195 1281 quod
3243 1214 3544 1282 Stephanus

1970 1305 2170 1363 Judteis
2190 1308 2578 1378 perfldentilms
2600 1307 2844 1363 diceret:
2883 1325 2902 1357 ι
2936 1307 3041 1361 Vos
3066 1321 3280 1376 semper
3319 1305 3542 1375 Spiriitti

1974 1408 2163 1455 sancto
2206 1399 2482 1455 restitistis
2528 1397 2665 1469 (Act.
2696 1396 2817 1468 vn),
2857 1417 2875 1449 ι
2920 1413 3018 1451 nec
3068 1397 3205 1451 inter
3244 1396 3445 1466 lapides
3489 1396 3550 1449 ti-

1976 1491 2130 1544 muit.
2178 1489 2332 1556 Quod
2381 1489 2608 1551 Petrus,
2637 1485 2865 1542 fustibus
2907 1501 3078 1541 exesus
3099 1527 3113 1551 ,
3140 1499 3209 1539 ne
3237 1485 3289 1538 in
3332 1485 3548 1539 nomine

1973 1578 2102 1634 Jesu
2154 1579 2492 1648 loqueretur,
2518 1593 2640 1633 cum
2689 1592 2884 1648 magna
2927 1577 3176 1632 libertate
3226 1576 3543 1646 respondit:

1982 1688 2000 1719 ι
2053 1668 2285 1725 Obedire
2340 1676 2552 1739 Oportet
2614 1667 2726 1722 Deo
2792 1667 2963 1736 magis
3013 1682 3172 1736 quam
3238 1665 3547 1720 hominibus

287 1773 430 1827 sa‘pe
478 1756 594 1826 jam
621 1758 827 1813 dictum
875 1765 958 1814 est
982 1799 997 1823 ,
1019 1759 1171 1829 juxta
1208 1773 1426 1815 sensum
1454 1758 1743 1830 legentium
1776 1774 1873 1829 per
1905 1753 1945 1811 Β
1975 1758 2204 1830 (Acuv).
2232 1778 2248 1809 ι
2276 1758 2428 1825 Quod
2454 1757 2650 1813 Paulus
2676 1765 2990 1812 catenarum
3012 1757 3241 1811 vinculis
3268 1757 3550 1827 stringitur

290 1851 620 1907 intellectum
661 1859 931 1907 crescunt.
964 1852 1020 1906 ιιι
1073 1867 1179 1906 una
1222 1853 1363 1906 enim
1416 1852 1714 1922 eademque
1764 1867 1879 1907 sen-

289 1944 459 1997 tentia
487 1942 805 2014 Scripturae,
840 1944 976 2000 alius
1021 1945 1134 1999 sola
1186 1945 1409 1999 historia
1445 1946 1705 2015 pascitur,
1742 1946 1879 2001 alius

291 2034 564 2105 typicam,
622 2034 759 2089 alius
818 2050 945 2091 vero
1012 2051 1104 2106 per
1169 2044 1349 2107 typum
1410 2037 1879 2108 contemplativam

291 2126 703 2197 intelligentiam
753 2128 962 2198 quaerit.
1008 2127 1075 2182 Et
1104 2126 1164 2181 flt
1216 2143 1625 2198 nonnunquam,
1654 2135 1713 2183 ut
1742 2129 1880 2184 dixi-

288 2232 531 2285 mus,ut
593 2224 645 2277 in
700 2239 802 2276 una
832 2223 1129 2293 eademque
1167 2222 1436 2278 sententia
1488 2231 1679 2277 cuncta
1721 2223 1877 2278 simul

290 2316 394 2369 tria
445 2313 659 2368 valeant
700 2313 948 2368 inveniri.
1007 2313 1143 2381 Quia
1175 2313 1340 2384 igitur
1379 2312 1522 2368 dicta
1571 2313 1709 2370 sacri
1768 2313 1878 2368 elo—

294 2406 411 2479 quii
476 2421 600 2462 cum
668 2405 955 2474 legentium
1038 2406 1231 2477 Spiritu
1289 2414 1662 2471 excrescunt;
1733 2416 1879 2461 ncte

294 2512 439 2551 nunc
509 2496 747 2559 dicitur,
798 2516 816 2547 ι
869 2492 1208 2567 quocumque
1262 2495 1374 2550 ibat
1424 2494 1682 2565 spiritus,
1752 2494 1878 2551 illuc

292 2594 457 2641 eunte
498 2586 689 2655 spiritu
720 2594 776 2640 et
830 2594 960 2640 rotae
1006 2586 1212 2655 pariter
1244 2585 1613 2650 elevabantur,
1648 2600 1880 2655 sequen-

295 2686 378 2731 tes
445 2691 593 2731 eum.
640 2695 659 2728 ι
710 2676 776 2731 Et
823 2677 1068 2731 subditur
1118 2694 1131 2729 :
1189 2696 1207 2728 ι
1271 2676 1505 2746 Spiritus
1553 2677 1693 2731 enim
1756 2677 1879 2732 vita)

294 2776 416 2820 erat
458 2766 512 2819 in
544 2766 693 2820 rotis.
739 2787 757 2818 ι
800 2765 855 2820 In
884 2766 1017 2820 rotis
1051 2766 1194 2820 enim
1224 2766 1445 2834 spiritus
1473 2766 1593 2820 vitte
1619 2776 1720 2830 est,
1752 2766 1876 2834 quia

297 2873 394 2928 per
421 2872 581 2912 sacra
604 2857 818 2927 eloquia
845 2857 984 2912 dono
1007 2857 1228 2927 spiritus
1254 2856 1617 2922 vivificamur,
1650 2864 1709 2910 ut
1735 2872 1879 2910 mor-

300 2948 460 3003 tifera
493 2963 522 3001 a
556 2948 710 3003 nobis
738 2961 900 3016 opera
930 2947 1272 3018 repellamus.
1295 2946 1480 3003 Potest
1506 2955 1685 3001 autem
1716 2946 1875 3001 intel-

298 3038 411 3109 ligi,
442 3038 569 3109 quia
602 3038 821 3108 spiritus
867 3038 1041 3102 vadit;
1081 3052 1203 3091 cum
1231 3036 1457 3107 legentis
1504 3037 1743 3091 animum
1792 3036 1876 3092 di-

301 3130 473 3185 versis
526 3129 700 3183 modis
747 3135 803 3183 et
852 3128 1132 3183 ordinibus
1183 3127 1570 3201 tangit_Deus;
1619 3127 1873 3198 quoniam
1903 3104 1946 3166 C

301 3222 448 3275 hunc
473 3235 574 3290 per
612 3219 774 3275 verba
803 3220 945 3274 sacri
970 3219 1168 3290 eloquii
1202 3219 1362 3274 modo
1387 3219 1441 3274 in
1471 3218 1588 3273 zelo
1610 3218 1873 3283 excitans,

301 3309 367 3364 ad
391 3309 650 3365 ultionem
671 3310 848 3381 erigit,
874 3310 1033 3365 modo
1046 3310 1111 3363 ad
1132 3310 1447 3379 patientiam
1464 3308 1689 3380 mitigat,
1720 3308 1878 3364 modo

302 3400 356 3454 in
405 3398 785 3469 praedicatione
832 3399 1070 3464 instruit,
1106 3397 1266 3453 modo
1314 3397 1381 3453 ad
1430 3397 1761 3468 pmuitentia:
1801 3397 1879 3451 la-

303 3497 484 3545 menla
508 3489 838 3561 compungit.
875 3487 982 3546 Sed
1014 3502 1355 3543 recurramus
1383 3487 1621 3542 breviter
1646 3502 1744 3556 per
1764 3488 1879 3542 haec

303 3579 492 3634 eadem
524 3579 687 3633 verba
725 3594 843 3647 quae
890 3577 1147 3643 diximus,
1200 3585 1256 3632 et
1301 3575 1581 3631 videamus
1610 3575 1877 3646 quomodo

304 3677 606 3739 sequuntur
634 3678 764 3723 rota:
792 3667 1065 3738 spiritum,
1097 3667 1188 3736 qui
1217 3667 1343 3721 vita:
1394 3666 1615 3736 spiritus
1658 3666 1875 3731 dicitur,

304 3768 358 3814 et
378 3759 513 3815 rotis
548 3758 727 3814 inesse
757 3759 1089 3828 perhibetur.
1117 3757 1276 3813 Certe
1312 3756 1358 3812 si
1386 3756 1613 3828 legentis
1640 3756 1876 3810 animum

303 3850 527 3921 spiritus
558 3849 682 3905 vita:
710 3851 764 3905 in
792 3850 893 3905 zeli
934 3849 1147 3906 fervore
1195 3847 1473 3918 tetigerit,
1529 3847 1777 3917 protinus
1822 3847 1876 3900 in

305 3942 477 3998 sacris
497 3941 728 4012 eloquiis
750 3942 918 4007 videt,
942 3942 1086 4013 quod
1112 3940 1322 4012 Moyses
1351 3938 1417 3993 ad
1440 3946 1618 3992 castra
1643 3937 1874 4001 rediens,

305 4042 360 4087 et
388 4048 486 4103 per
522 4031 664 4087 idola
711 4031 967 4103 populum
1017 4044 1271 4101 peccasse
1317 4041 1649 4100 cognoscens
1678 4025 1873 4097 (Exod.

306 4122 479 4192 χχιιι)
503 4164 517 4188 ,
548 4122 693 4177 hunc
732 4137 829 4192 per
854 4121 1122 4177 fervorem
1166 4119 1389 4190 spiritus
1429 4117 1605 4189 gladio
1645 4115 1873 4180 stravit;

304 4211 442 4281 quod
456 4210 688 4266 Phinees
700 4210 1071 4281 persequendo
1083 4208 1348 4263 luxuriam
1365 4205 1440 4278 (Ν
1447 4222 1551 4260 ιιηι.
1572 4205 1722 4275 xxv),
1742 4202 1876 4257 iram

307 4301 515 4356 Domini
548 4299 725 4371 gladio
752 4300 1021 4370 placavit,
1062 4298 1206 4368 quod
1239 4298 1428 4352 Petrus
1456 4296 1781 4351 mentientes
1811 4294 1880 4348 si-

305 4393 474 4447 bimet
512 4392 677 4447 verbo
706 4389 936 4460 perculit
963 4400 1018 4444 et
1045 4387 1244 4444 occidit
1273 4386 1409 4458 (Act.
1458 4384 1534 4457 ιι),
1560 4385 1701 4454 quod
1736 4383 1877 4437 Pau-

305 4487 387 4541 lus
415 4485 808 4557 negligentibus
848 4483 1124 4553 discipulis
1149 4483 1355 4551 virgam
1398 4480 1634 4535 minatur
1666 4478 1718 4549 (I
1751 4477 1875 4531 Cor.

305 4577 401 4648 tv).
428 4575 488 4632 Si
513 4574 733 4646 spiritus
751 4574 1110 4645 viuelegentis
1129 4572 1366 4626 animum
1393 4571 1461 4625 ad
1487 4569 1876 4624 observandam

304 4668 618 4739 patientiam
660 4667 869 4737 tangit,
900 4665 1083 4721 statim
1123 4668 1420 4732 sequuntur
1456 4668 1509 4716 et
1548 4667 1717 4723 rotae;
1752 4659 1877 4727 quia

292 4762 359 4814 in
390 4760 565 4815 sacris
586 4759 814 4830 eloquiis
835 4758 1039 4813 invenit
1058 4754 1247 4827 (Num.
1276 4755 1395 4824 xx),
1424 4752 1565 4824 quod
1589 4752 1799 4823 Moyses
1826 4759 1884 4806 et

305 4851 381 4904 Aa
390 4866 487 4905 ron
501 4863 623 4906 cum
638 4848 918 4920 loquentes
939 4856 1086 4903 recta
1101 4844 1526 4916 persecutionem
1538 4842 1717 4911 populi
1736 4841 1879 4912 passi

308 4950 453 5005 sunt,
478 4941 544 4994 ad
569 4939 972 4995 tabernaculum
1014 4943 1372 4993 cucurrerunt
1399 4949 1496 5004 pro
1526 4934 1645 5004 ipso
1686 4933 1882 5003 populo

309 5041 617 5093 exorantes,
652 5045 811 5100 quem
867 5029 1161 5095 fugiebant.
1220 5027 1417 5080 Sancta
1452 5033 1644 5097 [autem
1694 5038 1882 5079 eorum

311 5137 462 5177 tuens
503 5132 559 5176 et
587 5121 833 5175 timorem
883 5118 1305 5190 superbientium
1336 5115 1590 5186 pertulit,
1622 5121 1678 5170 et
1702 5122 1882 5169 tamen

311 5223 497 5268 contra
527 5228 623 5269 eos
651 5214 719 5268 ad
756 5213 938 5268 odium
967 5227 1072 5267 non
1102 5211 1300 5280 erupit.
1330 5208 1592 5263 Patientia
1622 5222 1751 5263 vero
1776 5215 1882 5270 est,

311 5322 430 5375 qua:
454 5313 509 5358 et
536 5306 710 5374 ipsum
737 5312 901 5370 amat,
934 5317 1093 5373 quem
1119 5310 1319 5371 portat,
1354 5314 1477 5353 nam
1501 5298 1756 5362 tolerare,
1787 5296 1882 5352 sed

311 5396 491 5450 odisse
513 5434 530 5461 ,
567 5409 673 5448 non
704 5401 785 5448 est
813 5393 981 5448 virtus
1006 5389 1431 5447 mansuetudinis
1452 5428 1468 5452 ,
1513 5388 1609 5442 sed
1638 5387 1884 5440 velamen

316 5484 532 5539 furoris.
579 5482 637 5537 ln
684 5484 887 5538 eisdem
925 5498 1139 5552 quoque
1164 5480 1394 5549 eloquiis
1421 5477 1627 5532 invenit
1672 5475 1725 5547 (I
1755 5474 1884 5545 Reg.

316 5576 455 5642 vtu),
485 5575 629 5644 quod
656 5573 893 5639 Samuel,
923 5575 990 5629 de
1008 5573 1341 5644 principatus
1368 5568 1603 5624 culmine
1629 5564 1887 5635 deiectus,

316 5682 498 5723 orasse
545 5684 604 5723 se
650 5668 814 5723 etiam
864 5683 959 5740 pro
998 5664 1367 5735 dejicieutibus
1396 5660 1714 5724 conﬁtetur;
1744 5657 1890 5731 quod

1980 1849 2232 1920 (Philipp.
2265 1848 2322 1920 ι),
2348 1850 2440 1903 sed
2466 1858 2644 1903 tamen
2671 1850 2894 1902 verbum
2917 1847 3009 1902 Dei
3038 1863 3143 1903 non
3166 1855 3249 1902 est
3275 1848 3548 1918 alligatum

1979 1940 2061 2013 (II
2097 1940 2230 1994 Tim.
2258 1944 2338 2014 ιι).
2374 1940 2430 1993 Si
2460 1941 2585 1995 vitat
2613 1939 2836 2010 spiritus
2858 1939 2924 1993 ad
2955 1940 3285 2008 pmnitentia:
3320 1939 3549 1993 lamenta

1977 2031 2310 2101 eompungit,
2334 2037 2636 2099 sequuntur
2663 2029 2909 2099 protinus
2929 2037 3079 2094 rotze,
3107 2044 3230 2084 cum
3258 2027 3552 2099 Scripturtn

1978 2137 2146 2177 sacra:
2194 2121 2359 2176 verba
2415 2121 2582 2175 David
2632 2120 3006 2191 pmnitentiam
3057 2119 3353 2190 proferunt.
3398 2121 3551 2187 Quod

1978 2230 2071 2269 rex
2107 2214 2467 2284 reprehensus
2495 2228 2525 2267 a
2563 2214 2845 2283 propheta,
2875 2213 3004 2283 quia
3026 2212 3299 2283 subjectus
3345 2213 3550 2267 emlcsti

1980 2306 2090 2375 regi
2149 2321 2257 2360 non
2318 2305 2447 2366 fuit.
2517 2304 2758 2373 subjecto
2818 2305 3116 2374 increpanti
3174 2319 3279 2358 non
3341 2304 3555 2358 erulzuit
3629 2299 3643 2310 “

1979 2394 2225 2450 confiteri
2251 2396 2392 2464 quod
2422 2394 2550 2450 fecit
2579 2394 2664 2466 (Η
2689 2393 2812 2464 Reg.
2839 2393 2963 2457 xu).
3002 2392 3154 2459 Quod
3201 2391 3517 2462 publicanus
3536 2433 3550 2456 ,

1978 2487 2069 2557 qui
2102 2495 2309 2542 reatum
2333 2502 2445 2542 sine
2486 2485 2740 2556 nequitia:
2774 2484 3027 2556 cognovit
3058 2482 3208 2557 (Luc.
3240 2481 3413 2554 ιιι-ιιι),
3447 2483 3550 2538 etsi

1978 2577 2207 2645 iniustus
2236 2577 2302 2631 ad
2329 2576 2586 2646 templum
2632 2575 2815 2637 venit,
2836 2572 3166 2641 justiﬁeatus
3187 2585 3218 2624 a
3241 2570 3438 2639 templo
3468 2586 3554 2623 rc-

1978 2667 2093 2721 (liit.
2120 2665 2272 2733 Quod
2299 2666 2493 2720 Petrus
2530 2664 2834 2733 negationis
2860 2661 3100 2716 maculas
3143 2660 3396 2731 lacrymis
3421 2660 3552 2713 lavit

1980 2756 2194 2829 (Malm.
2245 2756 2418 2828 xxvi).
2475 2755 2632 2822 Quod
2674 2755 2851 2818 latro,
2882 2754 2973 2823 qui
3020 2754 3072 2806 in
3104 2766 3266 2806 cruce
3303 2751 3554 2819 cognovit

1978 2851 2188 2920 culpam
2236 2866 2411 2915 suam,
2445 2850 2499 2903 in
2543 2850 2655 2919 ipsa
2698 2847 2812 2916 jam
2865 2854 3041 2900 morte
3099 2845 3305 2899 invenit
3342 2844 3553 2897 veniam

1958 2940 2130 3012 ,(Luc.
2157 2941 2338 3012 χχιιι).
2365 2940 2442 2994 De
2463 2939 2659 3008 quibus
2681 2937 2855 2992 adhuc
2882 2935 3018 2990 rotis
3059 2935 3246 2990 eadem
3293 2935 3552 3003 propheta

1983 3031 2204 3101 replicat
2246 3038 2407 3099 atque
2457 3026 2730 3098 subiungit
2776 3044 2789 3080 :
2839 3044 2859 3077 ι
2911 3026 3046 3081 Cum
3090 3023 3343 3079 euntibus
3381 3022 3553 3089 ibant,

1977 3130 2031 3175 et
2060 3135 2182 3175 cum
2229 3120 2499 3174 stantibus
2548 3119 2788 3182 stabant,
2818 3125 2876 3173 et
2908 3131 3030 3171 cum
3066 3116 3290 3171 elevatis
3314 3130 3344 3168 a
3388 3124 3552 3181 terra,

1977 3211 2183 3281 pariter
2206 3210 2560 3265 elevabantur
2592 3217 2648 3264 et
2673 3217 2828 3274 rotae,
2859 3218 3151 3278 sequentes
3179 3222 3263 3271 ea,
3291 3207 3415 3275 quia
3445 3207 3557 3275 spi-

1979 3304 2115 3357 ritus
2135 3303 2260 3357 vitce
2285 3309 2405 3357 erat
2433 3302 2485 3355 in
2517 3300 2674 3355 rotis.
2707 3321 2725 3352 ι
2757 3299 2882 3355 lla'c
2905 3308 3050 3363 sunt,
3073 3300 3211 3353 sicut
3233 3300 3420 3360 uost's,
3447 3299 3556 3351 fra‘

1977 3401 2089 3448 tres
2100 3392 2429 3456 charissimi,
2444 3407 2508 3446 ex
2525 3390 2756 3465 maxima
2772 3390 3040 3459 parteiam
3065 3389 3206 3441 dicta
3225 3404 3238 3451 ;
3257 3389 3350 3441 sed
3371 3389 3558 3441 iterata

1977 3483 2337 3554 descriptione
2357 3489 2664 3537 narrantur.
2684 3481 2796 3537 Hoc
2815 3482 2959 3537 enim
2984 3479 3157 3535 solum
3189 3480 3242 3533 in
3273 3480 3358 3534 his
3384 3479 3560 3533 verbis

1977 3592 2174 3633 novum
2196 3575 2471 3645 adjicitur,
2489 3574 2633 3644 quod
2660 3574 3137 3633 dictumesmcum
3162 3571 3432 3625 stantibus
3453 3579 3561 3624 sta-

1977 3666 2316 3725 bantaSunt
2358 3667 2503 3723 enim
2534 3666 2753 3736 quidam
2774 3705 2789 3730 ,
2833 3664 2924 3733 qui
2954 3676 3126 3731 usque
3170 3662 3236 3715 ad
3265 3663 3367 3716 hoc
3396 3661 3561 3730 protl-

1977 3762 2165 3825 ciunt,
2212 3771 2272 3814 ut
2314 3768 2531 3815 terrena
2577 3772 2698 3828 qua:
2741 3756 3015 3825 accipiunt
3058 3754 3195 3809 bene
3244 3754 3559 3823 dispensare

1978 3852 2245 3907 noverint.
2279 3848 2666 3905 Misericordia:
2709 3847 3028 3909 intendunt,
3073 3844 3347 3913 oppressis
3389 3843 3558 3898 obve-

1978 3942 2161 4003 niunt;
2191 3940 2244 3994 hi
2265 3938 2514 3994 videlicet
2536 3938 2740 3992 vaJunt
2769 3937 2820 3991 iu
2849 3950 2945 4002 eo,
2971 3922 3087 4004 quo.
3143 3948 3200 3988 se
3228 3932 3293 3987 ad
3321 3933 3558 4002 proximi

1978 4031 2266 4086 utilitatem
2316 4029 2560 4084 tendunt.
2593 4029 2727 4083 Cum
2757 4027 2843 4082 his
2870 4041 3000 4096 ergo
3045 4035 3177 4079 rotae
3219 4024 3557 4094 gradiuntur,

1978 4123 2103 4193 quia
2138 4137 2292 4178 sacra
2316 4121 2524 4191 eloquia
2554 4120 2824 4176 dictorum
2847 4134 3065 4175 suorum
3111 4132 3328 4187 passum
3360 4118 3413 4172 in
3442 4117 3561 4188 ejus

1982 4214 2174 4268 itinere
2201 4211 2513 4281 disponunt.
2567 4211 2635 4265 Et
2677 4219 2801 4267 sunt
2838 4209 2960 4273 alii,
2991 4208 3085 4277 qui
3117 4208 3170 4261 in
3211 4207 3368 4261 fidem
3395 4221 3558 4276 quam

1982 4309 2328 4372 acceperunt,
2352 4301 2425 4355 ita
2451 4301 2519 4355 ad
2546 4300 2831 4354 tenendam
2855 4297 3021 4352 fortes
3058 4303 3205 4359 sunt,
3237 4304 3295 4348 ut
3318 4295 3562 4349 adversis

1982 4394 2284 4464 quibusque
2309 4392 2562 4447 resistere
2587 4389 2818 4451 valeant,
2844 4395 2900 4441 et
2926 4400 3030 4439 non
3053 4385 3227 4439 solum
3255 4384 3475 4438 minime
3491 4385 3560 4439 ad

1986 4484 2393 4555 perversitatem
2422 4480 2706 4535 trahantur
2727 4476 2983 4546 perﬁdiae,
3007 4474 3100 4529 sed
3106 4474 3289 4559 .otiam
3307 4488 3562 4543 perverse

1984 4572 2324 4643 loquentibus
2381 4570 2732 4638 impuguent,
2792 4578 2990 4633 eosque
3055 4563 3123 4617 ad
3185 4562 3559 4618 reetitudinem

1986 4662 2219 4715 trahant.
2282 4658 2417 4713 Cum
2448 4656 2601 4725 .,istis
2654 4653 2921 4709 stantibus
2969 4662 3118 4706 stant
3175 4652 3339 4706 etiam
3394 4663 3556 4715 rotae,

1983 4750 2110 4819 quia
2168 4749 2248 4803 eis
2311 4744 2687 4800 rectitudinem
2719 4757 2893 4797 suam
2943 4742 3084 4796 sacri
3138 4740 3336 4811 eloquii
3396 4741 3563 4795 verba

1986 4837 2342 4902 conﬁrmant,
2376 4851 2500 4891 cum
2550 4835 2604 4889 in
2648 4835 2729 4888 eis
2763 4833 3026 4887 audiunt:
3066 4852 3083 4883 ι
3119 4832 3347 4887 Statcet
3384 4838 3563 4885 tenete

1987 4929 2306 4984 traditiones
2345 4941 2483 4996 quas
2526 4923 2796 4979 didicistis
2822 4921 2909 4992 (II
2948 4921 3130 4977 Thess.
3168 4921 3255 4992 ιι).
3286 4940 3307 4973 ι
3336 4920 3405 4975 Et
3436 4935 3560 4974 rur-

1988 5035 2145 5076 sum:
2195 5037 2215 5069 ι
2258 5016 2615 5072 Adversarius
2658 5024 2841 5069 vester
2885 5012 3133 5068 diabolus
3177 5020 3432 5081 tanquam
3480 5010 3565 5065 leo

1989 5110 2205 5180 rugiens
2231 5108 2427 5164 circuit
2459 5119 2709 5175 quzerens
2732 5118 2893 5173 quem
2926 5103 3175 5166 devoret,
3201 5101 3287 5157 cui
3327 5100 3565 5155 resistite

1989 5196 2157 5252 fortes
2186 5197 2239 5250 iu
2271 5196 2373 5251 fide
2412 5193 2464 5265 (1
2488 5192 2635 5247 Petr.
2668 5192 2744 5259 v).
2780 5213 2799 5245 ι
2837 5193 2907 5247 Et
2943 5200 3071 5247 sunt
3109 5191 3232 5254 alii,
3257 5189 3349 5259 qui
3380 5187 3561 5241 omnia

1988 5297 2202 5343 terrena
2239 5286 2572 5355 despiciunt,
2599 5283 2746 5337 nulla
2774 5299 2896 5352 qua:
2932 5287 3258 5352 praetereunt
3290 5277 3566 5346 possidere

1986 5380 2293 5450 dignantur.
2310 5376 2366 5429 lu
2383 5375 2477 5430 Dei
2494 5390 2574 5439 se,
2596 5383 2653 5427 ut
2665 5374 2976 5443 przedictum
2987 5380 3090 5435 est,
3113 5358 3567 5434 contemplatione

1987 5469 2337 5540 suspendunt.
2368 5467 2503 5521 Cum
2551 5466 2638 5519 his
2663 5478 2793 5533 ergo
2822 5463 3047 5517 elevatis
3093 5470 3149 5515 et
3186 5466 3317 5512 rotae
3361 5456 3566 5526 pariter

1989 5560 2251 5615 levantur.
2275 5556 2410 5622 Quia
2438 5556 2491 5609 in
2520 5562 2780 5624 quantum
2809 5553 3038 5622 quisque
3075 5549 3143 5602 ad
3180 5547 3287 5602 alta
3322 5545 3564 5615 profece-

1992 5656 2081 5718 rit,
2098 5654 2150 5707 in
2174 5657 2380 5704 tantum
2394 5646 2441 5703 ei
2465 5654 2519 5701 et
2542 5661 2695 5702 saera
2714 5643 2923 5713 eloquia
2946 5643 3012 5697 de
3035 5639 3315 5709 altioribus
3340 5638 3566 5707 loquun-
