3950 6184
418 255 522 313 ωδ

1078 262 1138 318 Β.
1182 264 1433 318 RABANI
1476 263 1690 319 MAU'BI
1722 261 2040 319 ARCHiEP.
2080 258 2385 315 MOGUNT.
2427 256 2709 313 OPERUM
2748 255 2929 311 PARS
2966 256 3028 311 ll.

3566 257 3671 315 536

419 383 525 428 tttr.
570 374 783 431 Vadunt
826 393 954 446 ergo
993 377 1243 431 animalia
1289 377 1355 431 ad
1399 376 1684 432 utilitatem
1730 375 1980 446 proximi.
2012 377 2057 434 Λ
2087 372 2204 428 sine
2245 371 2452 425 defectu
2484 370 2688 424 vultum
2726 368 2909 424 videre
2952 369 3238 434 creatotis,
3272 378 3437 441 atque
3474 372 3529 426 in
3558 370 3673 441 ejus

415 461 574 519 Stant
601 465 669 519 ad
696 467 992 521 custodiam
1014 467 1116 521 sui.
1153 461 1443 521 Elevantur
1473 467 1540 520 ad
1577 465 1982 534 contemplatio-

417 569 536 614 nem
561 555 674 610 Dei.
698 554 802 610 Sed
835 564 891 610 et
918 564 1048 610 rotae
1077 556 1283 625 pariter
1326 555 1546 618 vadunt,
1577 563 1739 619 stant,
1769 554 1982 609 elcvam

417 652 522 708 tur,
549 644 673 715 quia
698 644 921 714 qumsita
955 659 1110 698 sacra
1154 644 1314 700 lectio
1340 645 1462 700 talis
1491 645 1784 706 invenitur,
1806 644 1978 712 qualis

413 745 467 788 et
493 734 749 804 sitipsea
777 750 880 800 quo
909 735 1185 803 qumritur.
1226 735 1307 790 Ad
1349 735 1579 790 activam
1629 736 1771 789 enim
1815 735 1980 789 vitam

412 826 706 896 proiecisti,
734 826 974 880 antlulat
1021 837 1199 882 tecum
1226 845 1238 881 :
1262 825 1330 881 ad
1356 825 1790 882 immobilitatem
1817 834 1981 896 atque

409 917 766 974 constantiam
788 917 1009 987 spiritus
1037 915 1310 985 proiecisti
1337 933 1351 970 :
1375 923 1485 971 stat
1510 924 1688 971 tecum
1714 935 1726 969 :
1758 916 1827 970 ad
1850 930 1978 971 cou-

411 1007 776 1078 templativam
799 1008 981 1071 vitam,
1009 1021 1105 1076 per
1126 1006 1219 1061 Dei
1241 1006 1470 1077 gratiam
1496 1006 1810 1076 pervenisti,
1836 1005 1981 1061 volat

409 1110 608 1156 tecum.
634 1098 701 1152 Et
721 1113 932 1152 rursum
964 1097 1242 1152 subditur:
1271 1116 1289 1148 t
1320 1095 1453 1164 Quia
1476 1095 1699 1167 spiritus
1717 1095 1839 1150 vitro
1860 1105 1980 1150 crat

407 1191 460 1247 in
488 1190 641 1245 rotis.
679 1208 700 1243 ι
733 1188 886 1257 Quod
914 1188 1115 1242 idcirco
1155 1186 1392 1241 secundo
1423 1185 1642 1250 dicitur,
1666 1184 1789 1239 vitae
1814 1185 1976 1255 spiri-

407 1287 494 1333 tus
521 1278 574 1333 iu
599 1278 733 1333 rotis
757 1292 898 1341 esse,
929 1275 1055 1346 quia
1080 1274 1371 1345 Scriptum:
1392 1272 1498 1329 duo
1518 1282 1645 1331 sunt
1664 1273 1979 1330 Testamen-

405 1378 482 1432 ta,
510 1382 631 1437 quas
656 1376 887 1437 utraque
916 1366 1007 1421 Dei
1033 1365 1259 1436 spiritus
1284 1364 1449 1421 scribi
1473 1365 1666 1432 voluit,
1692 1372 1754 1421 ut
1785 1380 1884 1421 nos
1908 1365 1976 1420 ab

402 1458 597 1513 anima:
616 1465 791 1512 morte
806 1456 1086 1521 liberaret,
1113 1456 1198 1511 vel
1220 1463 1388 1521 certe,
1410 1455 1536 1528 quia
1563 1457 1670 1513 duo
1691 1466 1815 1513 sunt
1838 1471 1979 1527 prte-

401 1556 555 1618 t-epta
596 1546 910 1611 cbaritatis,
953 1546 1171 1601 dilectio
1217 1546 1470 1602 videlicet
1504 1546 1623 1612 Dei,
1666 1554 1721 1603 et
1759 1546 1976 1603 dilectio

401 1636 658 1708 proximi,
683 1651 780 1707 per
800 1651 919 1707 quae
946 1644 1173 1706 utraque
1197 1652 1295 1693 nos
1320 1651 1491 1692 sacrm
1513 1635 1809 1706 Scriptura:
1830 1638 1974 1694 dicta

2085 462 2369 516 dilectione
2404 461 2519 515 sine
2547 460 2917 513 immutatione
2938 458 3465 529 persistereﬂ‘otest
3490 471 3670 517 autem

2087 549 2408 605 ﬁrmamenti
2444 549 2660 603 nomine
2691 548 2804 616 ipse
2828 562 2926 618 per
2951 548 3173 618 ﬁguram
3215 557 3402 605 noster
3429 548 3669 604 Redem-

2082 650 2205 710 ptor
2233 639 2454 709 intelligi
2474 680 2488 703 ,
2522 654 2682 694 verus
2710 638 2850 694 Deus
2873 654 3037 708 super
3059 639 3265 702 omnia,
3292 649 3347 695 et
3371 640 3554 696 lactus
3589 642 3670 697 in-

2085 740 2167 785 ter
2209 716 2603 786 omniahomo
2633 727 2940 799 perfectus,
2990 733 3046 783 in
3083 745 3191 800 quo
3237 739 3434 787 natura
3483 743 3669 789 nostra

2082 822 2220 892 apud
2268 821 2485 876 Patrem
2534 820 2855 876 conﬁrmata
2906 827 3010 875 est.
3062 818 3142 875 De
3193 835 3301 891 quo
3351 822 3521 875 etiam
3574 837 3672 891 per

2079 910 2426 965 Psalmistam
2452 910 2824 980 prophetando
2858 909 3093 967 dicitur:
3125 929 3144 961 ι
3178 910 3303 966 Fiat
3346 927 3544 967 manus
3581 922 3668 967 tua

2081 1017 2243 1073 super
2272 1002 2448 1057 virum
2476 1003 2712 1057 dexterae
2743 1010 2869 1064 tute,
2910 1011 2967 1056 et
3010 1016 3172 1072 super
3215 1002 3384 1057 tilium
3431 1004 3669 1059 hominis

2080 1108 2239 1165 quem
2261 1091 2595 1148 conﬁrmasti
2620 1092 2713 1147 tibi
2731 1090 2902 1163 (Psal.
2927 1095 3139 1163 Lxxtx).
3159 1112 3178 1145 ι
3205 1093 3451 1148 Humana
3464 1096 3666 1149 ctenim

2079 1190 2294 1248 natura,
2320 1182 2636 1255 priusquam
2658 1198 2689 1236 a
2723 1182 2985 1237 Creatore
3009 1182 3250 1238 omnium
3273 1184 3665 1254 susciperetur,

2079 1282 2225 1330 terra
2250 1282 2389 1340 erat,
2434 1290 2558 1329 nam
2610 1273 3011 1329 firmamentum
3053 1288 3161 1329 non
3192 1283 3331 1328 erat.
3383 1275 3664 1330 Peccatori

2078 1362 2276 1433 quippe
2304 1363 2507 1420 homini
2538 1364 2740 1419 dictum
2765 1371 2850 1419 est
2872 1376 2892 1415 :
2921 1380 2941 1415 ι
2978 1361 3144 1417 Terra
3170 1377 3253 1428 es,
3278 1372 3335 1417 et
3374 1364 3428 1418 in
3462 1372 3663 1419 terram

2079 1452 2184 1509 ibis
2208 1448 2358 1523 (Gen.
2384 1452 2521 1524 111).»
2540 1453 2907 1524 Atpostquam
2929 1461 3205 1524 assumpta
3221 1460 3304 1509 est
3330 1452 3403 1508 ab
3423 1451 3663 1511 Auctore

2077 1543 2315 1597 omnium
2346 1551 2507 1612 atque
2535 1544 2589 1598 in
2614 1543 2767 1599 caelis
2797 1543 3107 1609 sublevata,
3145 1553 3200 1600 ct
3241 1561 3403 1616 super
3440 1547 3663 1618 angelos

2078 1630 2239 1686 ducta
2286 1630 2684 1688 ﬁrmamentum
2721 1633 2866 1689 facta
2896 1642 3013 1699 est,
3043 1650 3165 1705 qua:
3207 1643 3355 1691 terra
3383 1636 3511 1693 fuit.
3547 1638 3653 1694 Sed

404 1728 696 1784 tiviﬁcam.
730 1727 977 1784 secundo
1018 1743 1148 1800 ergo
1177 1729 1394 1794 dicitur,
1426 1730 1552 1801 quia
1594 1730 1817 1800 spiritus
1852 1731 1977 1785 vita»,
2003 1715 2052 1793 Β.
2078 1719 2476 1776 ﬁrmamentum
2501 1723 2642 1792 quod
2683 1723 2959 1794 aspicitur,
3005 1725 3157 1797 cujus
3184 1725 3381 1780 habeat
3407 1728 3659 1784 similitu-

399 1826 518 1874 crat
546 1818 603 1873 in
638 1818 809 1873 rotis:
840 1818 964 1889 quia
997 1818 1337 1874 dilectionem
1360 1817 1456 1873 Dei
1488 1826 1544 1873 et
1571 1818 1803 1889 proximi
1831 1819 1976 1889 capi-

403 1926 523 1966 mus
543 1911 597 1965 in
619 1910 846 1980 eloquiis
860 1910 1074 1976 divinis,
1091 1926 1186 1980 per
1196 1919 1465 1982 praecepta
1477 1926 1646 1967 sacra:
1658 1911 1973 1983 Scriptum,

400 2003 542 2058 dicta
583 2004 942 2070 viviﬁcamur,
979 2003 1074 2074 qui
1111 2005 1311 2060 mortui
1354 2005 1408 2059 in
1447 2005 1601 2076 culpa
1635 2006 1971 2078 jaeebamus.

477 2112 496 2144 ε
540 2094 608 2150 Ει
653 2095 949 2150 similitudo
997 2110 1160 2166 super
1203 2096 1380 2165 capita
1427 2096 1741 2153 animalium
1787 2096 1971 2152 ﬁrma-

403 2204 421 2235 t
470 2185 658 2247 menti,
681 2185 835 2257 quasi
858 2194 1105 2257 aspectus
1124 2186 1362 2256 crystalli
1384 2186 1660 2243 horribilis
1686 2194 1744 2242 et
1766 2188 1971 2244 extenti

402 2298 420 2328 ο
463 2292 628 2347 super
639 2276 813 2347 capita
829 2292 1015 2332 eorum
1030 2277 1278 2346 desuper.
1303 2296 1321 2328 ι
1354 2275 1625 2349 (Ηὶενοη.)
1644 2278 1973 2333 Videtnrau-

398 2376 503 2422 tem
528 2382 692 2437 super
716 2377 947 2438 quatuor
970 2368 1244 2432 animalia,
1281 2378 1334 2424 et
1357 2378 1508 2425 rotas
1535 2371 1756 2426 totidem
1787 2370 1972 2426 simili-

396 2461 526 2516 tudo
556 2460 903 2527 ﬁrmamenti,
930 2461 1074 2531 quod
1109 2477 1207 2517 nos
1238 2477 1494 2517 vocamus
1518 2463 1739 2529 cmlum,
1768 2464 1993 2541 habens

393 2551 627 2622 speciem
655 2552 895 2624 crystalli
924 2550 1066 2623 quod
1095 2561 1181 2609 est
1204 2553 1587 2624 purissimum,
1625 2564 1681 2611 et
1713 2572 1781 2612 ex
1814 2555 1971 2625 aquis

392 2640 611 2698 mundis
635 2650 798 2713 atque
822 2641 1155 2710 lucentibus,
1192 2644 1362 2700 nimio
1390 2644 1590 2718 frigore
1616 2660 1971 2703 concrescere

391 2732 609 2797 dicitur,
668 2733 934 2789 intantum
979 2743 1039 2790 ut
1086 2734 1252 2790 etiam
1299 2736 1421 2807 gelu
1472 2737 1766 2793 constricta
1796 2752 1968 2808 aqua

391 2822 582 2881 Grinco
610 2840 862 2882 sermone
902 2827 1189 2899 crystallus
1225 2828 1549 2884 nominetur.
1594 2828 1828 2886 Docebat
1873 2845 1969 2886 au-

392 2926 501 2971 tem
540 2916 593 2971 in
621 2917 989 2988 superioribus
1031 2933 1152 2974 esse
1194 2918 1448 2975 eximiam
1477 2920 1766 2989 puritatem
1791 2961 1808 2988 ,
1848 2937 1969 2992 quin

390 3014 583 3065 cuncta
630 3008 977 3078 protegebat,
1019 3008 1073 3063 id
1108 3016 1226 3074 est,
1262 3008 1554 3065 rationales
1590 3011 1967 3081 sapientesque

390 3099 651 3163 virtutes,
696 3108 753 3154 et
796 3106 1029 3168 quatuor
1073 3106 1378 3169 temporum
1414 3114 1667 3167 cursum,
1695 3109 1753 3155 et
1779 3102 1965 3157 mundi

389 3187 614 3259 plagas,
658 3197 713 3247 et
759 3203 939 3245 rerum
983 3190 1223 3245 omnium
1270 3188 1488 3245 ordines
1522 3200 1578 3245 et
1601 3191 1965 3262 evangelicam

391 3278 850 3349 pradicationem,
878 3295 998 3349 qua:
1035 3294 1101 3335 ex
1136 3287 1293 3350 parte
1330 3279 1666 3352 intelligitur,
1701 3296 1767 3338 ex
1808 3292 1964 3353 parte

392 3368 619 3424 velatur.
654 3386 674 3420 t
711 3368 777 3423 Et
803 3369 1113 3436 similitudo,
1147 3368 1340 3440 inquit,
1368 3385 1528 3441 supra
1557 3372 1735 3442 capita
1756 3373 1965 3428 anima-

389 3461 517 3516 limu
550 3460 898 3526 ﬁrmamenti,
918 3470 1024 3518 etc.
1054 3482 1074 3518 ι
1100 3460 1305 3536 (Greg.)
1331 3463 1483 3519 lianc
1506 3462 1678 3536 [Hac]
1698 3463 1964 3537 largiente

388 3552 616 3609 Domino
635 3553 845 3610 duobus
864 3554 1037 3610 modis
1056 3555 1394 3625 exponimus,
1421 3563 1479 3609 ut
1507 3555 1723 3611 lectoris
1734 3555 1960 3624 judicio,

388 3644 517 3714 quid
554 3643 861 3715 eligendum
885 3652 1106 3701 censeat
1128 3645 1517 3716 relinquamus.
1550 3644 1782 3701 Possunt
1814 3646 1960 3702 enim

388 3733 715 3793 ﬁrmamenti
774 3735 993 3792 nomine
1044 3735 1293 3793 caelestes
1358 3744 1653 3807 potestates
1713 3736 1961 3809 intelligi.

387 3826 541 3893 Quod
589 3827 984 3892 ﬁrmamentum
1033 3836 1214 3891 recte,
1270 3828 1424 3898 quasi
1470 3837 1723 3898 aspectus
1764 3829 1964 3886 dicitur

388 3918 632 3990 crystalli
663 3934 677 3971 :
705 3918 830 3987 quia
860 3917 1109 3973 videlicet
1133 3919 1443 3992 crystallum
1470 3919 1611 3976 forte
1636 3920 1850 3990 quidem
1878 3920 1965 3976 ni-

390 4011 495 4071 mis
520 4015 632 4073 est,
661 4008 755 4062 sed
782 4022 847 4062 ex
889 4022 1027 4077 aqua
1057 4007 1362 4065 solidatam.
1401 4010 1468 4069 Et
1496 4020 1689 4065 natura
1719 4011 1961 4083 angelica

389 4099 603 4170 quando
645 4106 829 4154 creata
873 4106 958 4154 est
1004 4097 1234 4154 liberum
1278 4100 1562 4157 arbitrium
1613 4104 1855 4174 accepit,
1902 4113 1965 4159 ut

2074 1810 2254 1865 dinem
2290 1811 2644 1882 subinfertur,
2690 1830 2812 1870 cum
2844 1815 3084 1869 dicitur:
3133 1834 3151 1867 ε
3192 1814 3359 1882 Quasi
3410 1826 3658 1888 aspectus

2073 1901 2314 1971 crystalli
2338 1902 2660 1960 horribilis.»
2685 1903 3030 1976 Crystallum,
3050 1906 3192 1960 sicut
3217 1907 3421 1961 dictum
3449 1917 3558 1973 est,
3589 1925 3655 1964 ex

2073 2006 2212 2061 aqua
2234 1993 2565 2062 congclascit
2586 2004 2642 2049 et
2667 1994 2947 2051 robustum
2970 1997 3049 2050 ﬁt.
3070 1995 3286 2053 Scimus
3302 2014 3433 2070 ergo
3454 2011 3657 2071 quanta

2069 2081 2145 2137 sit
2158 2081 2611 2151 aquaamobilitas.
2634 2082 2841 2154 Corpus
2867 2094 3046 2141 autem
3062 2087 3441 2160 Redemptoris
3463 2092 3655 2157 nostri,

2072 2171 2198 2240 quia
2227 2186 2400 2242 usque
2430 2172 2496 2226 ad
2525 2182 2752 2228 mortem
2791 2175 3028 2245 passioni
3060 2175 3327 2246 subjacuit
3346 2218 3363 2245 ,
3402 2194 3559 2249 aqua
3585 2180 3656 2235 si-

2074 2262 2201 2316 mile
2236 2260 2391 2331 juxta
2421 2262 2620 2333 aliquid
2650 2263 2769 2318 fuit.
2799 2265 2938 2332 Quia
2979 2268 3281 2334 nascendo,
3327 2270 3654 2336 crescendo,

2072 2349 2416 2406 lassescendo
2451 2361 2506 2406 et
2541 2352 2846 2414 esuriendo.
2868 2354 3121 2422 sitiendo,
3146 2357 3447 2423 moriendo,
3485 2374 3656 2428 usque

2072 2443 2138 2498 ad
2179 2443 2484 2513 passionem
2536 2459 2689 2500 suam
2734 2460 2832 2515 per
2880 2458 3149 2503 momenta
3197 2459 3500 2520 temporum
3542 2468 3656 2506 mu—

2072 2536 2310 2592 tabiliter
2333 2538 2660 2594 decucurrit.
2688 2538 2841 2609 Aqua
2882 2556 3011 2614 ergo
3045 2543 3100 2598 in
3140 2543 3454 2616 crystallum
3491 2546 3656 2599 verti-

2071 2633 2196 2694 tur,
2246 2630 2463 2699 quando
2508 2631 2871 2701 corruptionis
2919 2633 3038 2703 ejus
3084 2632 3377 2690 inﬁrmitas
3424 2649 3523 2706 per
3573 2650 3654 2690 re-

2069 2719 2461 2774 surrectionem
2517 2736 2668 2775 suam
2730 2722 2795 2776 ad
2851 2722 3274 2793 incorruptiouis
3338 2723 3649 2779 ﬁrmitatem

2068 2820 2153 2867 est
2198 2811 2503 2867 immutata.
2553 2813 2658 2869 Sed
2702 2815 3030 2880 notandum,
3080 2816 3222 2885 quod
3267 2818 3371 2872 hoc
3421 2817 3648 2888 crystal-

2069 2901 2180 2955 lum
2230 2901 2491 2957 horribile
2515 2942 2529 2967 ,
2555 2902 2606 2956 id
2651 2912 2737 2958 est
2776 2904 3101 2973 pavendum,
3137 2906 3354 2961 dicitur.
3390 2907 3524 2974 Quis
3549 2922 3647 2962 au-

2071 3000 2179 3046 tem
2245 2993 2453 3049 nesciat
2502 2995 2656 3065 cujus
2703 2994 3123 3064 pulchritudinis
3167 2997 3239 3052 sit
3296 2998 3649 3073 crystallum?

1992 3055 2037 3118 Ο
2067 3084 2136 3139 Et
2168 3084 2366 3139 mirum
2388 3055 2656 3154 quomodo
2682 3055 2734 3141 in
2781 3086 2882 3143 hoc
2918 3088 3172 3158 crystallo
3211 3055 3499 3144 conveniat
3529 3089 3645 3160 pul-

2067 3177 2320 3233 chritudo
2349 3194 2470 3233 cum
2514 3194 2730 3249 pavore.
2762 3178 2867 3235 Sed
2906 3182 3158 3237 omnibus
3188 3196 3314 3237 vera
3349 3182 3646 3237 scientibus

2065 3277 2299 3333 constat,
2326 3270 2466 3339 quod
2493 3269 2823 3340 Redemptor
2848 3272 3069 3326 humani
3093 3273 3308 3343 generis
3334 3288 3456 3328 cum
3482 3271 3645 3342 judex

2066 3363 2406 3432 apparuerit,
2432 3371 2486 3417 et
2512 3363 2790 3433 speciosus
2819 3361 3015 3432 justis,
3038 3373 3092 3418 ct
3122 3364 3382 3419 terribilis
3427 3366 3533 3420 erit
3562 3364 3645 3419 iu~

2056 3448 2239 3519 justis.
2269 3450 2438 3518 Quem
2468 3452 2614 3507 enim
2639 3464 2982 3509 mansuetum
3005 3454 3274 3524 aspiciunt
3300 3453 3479 3518 electi,
3505 3456 3644 3510 hunc

2064 3541 2312 3596 eumdem
2323 3543 2624 3611 pavendum
2638 3552 2800 3613 atque
2815 3544 3108 3600 terribilem
3130 3544 3364 3614 reprobi.
3384 3544 3644 3604 Sedhunc

2065 3631 2187 3688 ideo
2217 3632 2512 3688 terribilem
2537 3640 2668 3688 tunc
2700 3649 2807 3689 non
2828 3633 3090 3690 videbunt
3122 3634 3301 3699 electi,
3333 3636 3458 3704 quia
3489 3636 3642 3688 modo

2066 3732 2331 3779 terrorem
2357 3723 2498 3778 illius
2531 3724 2876 3780 considerare
2903 3740 3009 3781 non
3030 3733 3263 3781 cessant.
3291 3725 3357 3779 Et
3381 3726 3507 3795 quia
3534 3726 3642 3795 ipse

2063 3828 2233 3883 pavor
2254 3813 2373 3884 ejus
2400 3830 2558 3883 quem
2590 3815 2644 3868 in
2672 3816 2785 3870 suis
2807 3815 3227 3886 cogitationibus
3248 3823 3437 3871 tenent
3456 3830 3640 3871 eorum
3694 3813 3705 3821 ’

2064 3913 2276 3959 mentes
2288 3904 2541 3974 protegit,
2559 3913 2708 3959 recte
2728 3904 3068 3976 subjungitur
3088 3923 3102 3960 :
3124 3923 3144 3956 t
3156 3905 3370 3960 Extenti
3386 3919 3547 3975 super
3563 3920 3642 3958 ca-

2063 3994 2177 4064 pita
2199 4009 2385 4049 eorum
2408 3994 2656 4064 desuper.
2687 4014 2704 4048 »
2732 3994 3156 4050 Firmamentum
3176 3995 3305 4062 hoc,
3326 3996 3468 4066 quod
3494 3997 3547 4051 in
3565 3995 3641 4050 si-

2065 4084 2423 4140 militudinem
2443 4085 2680 4156 crystalli
2698 4101 2859 4159 super
2878 4088 3057 4158 capita
3072 4088 3384 4142 animalium
3400 4097 3639 4159 apparet,

388 4199 568 4249 υιιιωη
599 4188 761 4246 vene;
784 4190 838 4245 in
861 4188 1164 4245 humilitate
1184 4191 1503 4260 persistere,
1534 4200 1591 4248 οι
1620 4193 1677 4248 in
1708 4195 1964 4266 οωηίρο,
2063 4185 2120 4233 et
2150 4178 2408 4233 horribile
2442 4187 2497 4233 et
2520 4187 2805 4233 extensum
2841 4188 2943 4244 est,
2980 4179 3107 4248 qui‘a
3141 4179 3404 4235 bonorum
3436 4187 3642 4234 mentes

390 4282 554 4338 tentis
582 4282 677 4336 Dei
705 4288 927 4353 aspectu
955 4294 1294 4351 permanere,
1335 4295 1403 4337 an
1435 4282 1503 4337 ad
1530 4284 1841 4353 superbiam
1882 4285 1961 4341 ιε.
2064 4270 2207 4324 unde
2224 4278 2410 4336 terret,
2436 4270 2560 4327 inde
2572 4272 2824 4341 protegit.
2845 4270 2901 4327 Si
2924 4272 3067 4327 enim
3082 4271 3430 4343 pavendusin
3457 4287 3641 4331 eortun

389 4376 625 4440 boretur,
656 4381 712 4431 et
741 4388 775 4430 a
804 4372 1138 4431 beatitudine
1156 4372 1397 4464 caderet,
1423 4389 1521 4445 per
1548 4376 1957 4436 similitudinem
1987 4404 2040 4464 ι)
2063 4361 2320 4416 cordibus
2358 4370 2654 4464 ηεηηεεδειν
2676 4370 3034 4464 ⁸ρτοιεεοιιζιπξξι
3061 4364 3219 4418 modo
3246 4378 3278 4416 ει
3311 4363 3568 4433 peccatis.
3592 4372 3644 4464 ιξι

387 4482 528 4537 aqua
558 4465 678 4522 fuit.
708 4464 815 4522 Sed
831 4465 965 4538 quia
993 4463 1311 4521 cadentibus
1350 4464 1472 4521 aliis
1516 4466 1724 4538 angelis
1742 4507 1757 4534 ,
1788 4471 1962 4525 sancti

2071 4464 2188 4523 post
2203 4471 2232 4509 a
2254 4454 2527 4524 suppliciis
2541 4470 2647 4509 non
2671 4454 2878 4511 fuisset.
2895 4454 3030 4522 Quia
3052 4464 3229 4512 autem
3243 4470 3459 4527 semper
3470 4457 3635 4511 consi-

388 4535 453 4611 ὶη⁷
469 4571 566 4612 sua
604 4535 935 4613 beatitudine
975 4556 1360 4626 perstiterunt,
1405 4566 1568 4628 atque
1594 4535 1707 4613 hoc
1744 4573 1967 4630 accepc.
2067 4546 2257 4602 derant
2281 4548 2372 4617 qui
2394 4561 2563 4616 pavor
2575 4563 2640 4603 ΟΣ
2648 4546 2851 4617 judicio
2864 4548 3428 4614 immineat,virtutum
3443 4562 3645 4618 pennas

389 4655 516 4701 runt
540 4646 592 4700 iu
624 4661 864 4709 munere,
894 4654 952 4700 ut
975 4646 1088 4717 jam
1114 4646 1308 4703 cadere
1335 4649 1555 4703 omnino
1583 4664 1691 4704 non
1735 4651 1963 4719 possint,

2071 4639 2123 4694 in
2141 4638 2463 4697 rectitudine
2476 4648 2819 4694 conservant.
2839 4637 2992 4695 Unde
3007 4647 3062 4694 ct
3075 4647 3197 4708 apte
3213 4654 3335 4694 mox
3357 4638 3607 4694 subditur
3625 4651 3642 4691 :

389 4735 444 4789 in
472 4735 553 4789 eis
600 4742 788 4789 natura
828 4750 958 4798 sua,
988 4736 1114 4805 quia
1153 4735 1267 4804 jam
1297 4738 1455 4809 dcjici
1488 4739 1817 4796 mutabiliter
1854 4757 1963 4799 non
2142 4749 2161 4781 ί
2206 4730 2319 4791 sub
2337 4729 2679 4786 ﬁrmamen“)
2702 4737 2880 4784 δυιθιη
2904 4744 3094 4799 Delum
3114 4743 3301 4784 eorum
3330 4737 3494 4785 "cui
3515 4728 3647 4784 aue”

387 4834 583 4896 potest.
611 4825 763 4895 quasi
794 4826 861 4881 ad
886 4825 1175 4898 imaginem
1204 4829 1441 4899 crystalli
1470 4832 1660 4886 durata
1677 4839 1796 4898 est,
1818 4832 1964 4901 quod

388 4918 699 4991 crystallum
744 4918 1000 4975 horribile
1052 4927 1109 4975 et
1158 4930 1443 4977 extensum
1501 4922 1736 4993 desuper
1781 4925 1962 4995 capita

387 5008 703 5065 animalium
747 5008 962 5072 dicitur,
1012 5008 1138 5078 quia
1178 5017 1474 5080 potestates
1519 5012 1624 5068 ilhe
1670 5014 1961 5084 angelicae,

388 5114 509 5170 quae
536 5097 919 5168 omnipotentis
961 5098 1055 5151 Dei
1099 5102 1409 5168 conspectui
1459 5102 1748 5167 assistunt,
1806 5105 1965 5160 nobis

385 5192 565 5247 adhuc
589 5190 645 5245 in
677 5190 781 5245 hac
804 5189 1151 5259 corruptione
1176 5191 1366 5259 positis
1395 5192 1664 5249 terribiles
1684 5201 1849 5265 atque
1872 5211 1968 5265 pa-

388 5283 574 5338 vendm
602 5289 744 5336 sunt.
778 5278 1017 5347 Quarum
1042 5292 1185 5335 nunc
1202 5281 1393 5352 gaudia
1416 5322 1431 5345 ,
1457 5283 1584 5351 quia
1618 5298 1838 5339 sensum
1867 5301 1964 5340 no-

385 5383 625 5430 strarum
655 5370 913 5426 mentium
943 5369 1229 5436 excedunt,
1258 5386 1419 5440 super
1446 5373 1624 5442 capita
1645 5374 1960 5430 animalium

388 5479 509 5520 esse
537 5472 924 5525 memorantur.
957 5461 1088 5526 Quis
1127 5462 1273 5517 enim
1320 5462 1372 5516 in
1420 5477 1585 5517 carne
1625 5463 1960 5533 corruptibili

388 5554 614 5622 positus,
644 5552 1099 5625 comprehendere
1151 5552 1324 5608 valeat
1352 5566 1475 5622 qua:
1508 5552 1580 5609 sit
1614 5553 1704 5609 illa
1736 5552 1958 5625 angelo-

389 5657 508 5698 rum
530 5645 812 5703 ineﬂahilis
848 5654 906 5702 et
948 5645 1066 5702 sine
1100 5645 1207 5700 ﬁne
1251 5644 1470 5701 Letitia?
1509 5643 1640 5712 Qua:
1681 5644 1962 5700 beatitudo

2073 4843 2091 4877 ι
2138 4825 2253 4879 rius
2278 4823 2347 4879 ad
2369 4823 2620 4888 alterum,
2645 4831 2751 4878 etc.
2783 4842 2802 4874 ι
2828 4822 3023 4877 Pennas
3052 4822 3312 4875 virtutum
3337 4820 3439 4875 sub
3466 4819 3646 4875 ﬁrma—

2066 4921 2250 4969 mento
2279 4921 2438 4970 rectae
2462 4922 2608 4977 sunt,
2641 4912 2856 4982 quando
2898 4911 3102 4967 bonum
3142 4911 3285 4979 quod
3317 4910 3456 4966 alter
3484 4911 3645 4965 habet

2067 5004 2223 5061 alteri
2249 5004 2531 5074 impendit,
2558 5011 2618 5057 ut
2637 5002 2727 5071 qui
2758 5011 3028 5057 terrenam
3049 4999 3407 5056 substantiam
3429 5000 3641 5069 accipit,

2068 5097 2369 5167 indigentes
2396 5094 2629 5164 proximi
2677 5094 2910 5163 inopiam
2953 5091 3213 5148 sublevet.
3250 5090 3353 5158 Qui
3389 5089 3645 5145 doctrina:

2066 5190 2239 5260 gratia
2269 5188 2459 5259 plenus
2483 5196 2588 5251 est,
2611 5186 2912 5257 ignorantis
2939 5184 3170 5256 proximi
3206 5182 3461 5239 tenebras
3480 5182 3643 5237 verbo

2069 5298 2181 5341 sua:
2210 5284 2619 5354 pricdicationis
2648 5283 2901 5340 illustret.
2925 5281 3028 5349 Qui
3064 5279 3348 5351 temporali
3381 5285 3643 5350 potestate

2068 5373 2328 5428 subnixus
2373 5383 2497 5438 est,
2539 5388 2827 5443 oppressos
2875 5388 2906 5425 a
2950 5371 3221 5429 violentiis
3270 5368 3496 5423 relcvet.
3542 5364 3639 5432 Qui

2067 5464 2363 5533 prophetia:
2408 5465 2599 5534 spiritu
2647 5464 2837 5534 plenus
2879 5471 2994 5527 est,
3028 5478 3063 5517 a
3090 5461 3198 5516 vita
3240 5459 3477 5529 proximi
3506 5455 3636 5511 mala

2066 5554 2401 5610 imminentia
2450 5556 2591 5611 bona
2643 5554 2915 5610 suadendo
2963 5552 3213 5609 declinet.
3263 5550 3367 5617 Qui
3415 5548 3637 5619 gratiam

2066 5647 2364 5703 curationis
2412 5647 2631 5716 accipit,
2683 5646 3072 5702 intercessione
3128 5659 3227 5699 sua
3277 5641 3439 5698 saluti
3498 5638 3637 5695 inﬁr-
