3950 6184
260 292 358 347 57

258 405 523 462 mantium
559 403 647 472 pie
669 411 726 456 et
763 400 1036 455 bumiliter
1064 401 1303 455 intendat
1343 400 1660 473 [impendat]
1692 418 1704 453 τ
1739 403 1829 469 qui
1863 400 1907 458 Α

256 513 286 550 a
319 494 554 550 terrenis
581 493 790 548 actibus
815 491 952 546 liber
976 490 1073 545 soli
1108 492 1215 546 Deo
1242 508 1435 546 vacare
1481 493 1708 548 meruit.
1744 506 1841 561 pro

257 584 698 654 delinquentibus
723 591 930 636 exoret.
957 582 1042 636 Fit
1086 592 1262 636 autem
1302 598 1464 652 same,
1497 593 1555 636 ttt
1595 584 1683 650 qui
1737 591 1842 635 ter-

256 692 388 732 rena
424 675 730 730 substantia
759 674 920 728 nimis
941 684 1253 744 occupatur,
1285 675 1516 729 orationi
1541 691 1644 728 non
1674 690 1842 743 quan-

260 780 372 823 tum
397 767 590 832 debet,
626 767 886 835 invigilet.
923 767 988 821 Et
1016 767 1073 821 fit
1113 766 1430 836 plerumque
1451 807 1464 830 ,
1495 775 1554 820 ttt
1582 768 1627 821 is
1655 767 1746 836 qui
1773 768 1842 822 ad

257 861 592 915 exorandum
625 859 934 921 Dominum,
967 858 1177 912 cunctis
1207 858 1391 911 mundi
1414 857 1671 912 oneribus
1704 871 1840 912 exu-

259 959 345 1004 ttts
374 958 570 1012 vacat,
598 949 1049 1003 sustentationem
1083 947 1295 1001 vivendi
1335 964 1440 1002 non
1485 947 1699 1001 habeat.
1732 946 1839 1001 Sed

258 1043 383 1096 dum
435 1041 588 1095 dives
637 1039 867 1109 porrigit
913 1037 1221 1092 alimentum
1259 1047 1419 1106 atque
1458 1037 1838 1090 vestimentum

257 1132 505 1202 pauperi,
536 1139 591 1184 et
615 1131 743 1183 dum
767 1143 972 1198 pauper
991 1127 1290 1182 orationem
1315 1141 1466 1181 suam
1491 1127 1683 1179 animze
1707 1125 1842 1178 divi-

258 1224 328 1276 tis
353 1221 638 1291 impendit,
662 1235 852 1289 pennze
872 1217 1184 1272 animalium
1214 1226 1358 1272 recte
1379 1217 1602 1271 alterius
1622 1218 1688 1270 ad
1713 1216 1848 1272 altex

256 1329 377 1369 rum
403 1315 719 1367 tenduntur.
751 1309 1011 1379 Sequitur
1039 1327 1053 1362 :

334 1423 352 1454 ι
401 1402 836 1471 Unumquodque
853 1400 1063 1456 duabus
1077 1399 1187 1454 alis
1208 1399 1421 1454 velabat
1442 1414 1639 1469 corpus
1661 1415 1837 1454 suum.

260 1513 280 1546 ι
326 1495 394 1548 ΕΙ,
423 1495 658 1548 alterum
685 1492 935 1547 similiter
960 1491 1261 1545 velabatur.
1300 1510 1319 1542 ι
1353 1487 1419 1560 (ϐ
1429 1491 1559 1559 reg.)
1583 1489 1716 1557 Quia
1748 1504 1843 1560 per

254 1601 459 1656 corpus
487 1585 652 1648 actio,
675 1599 774 1653 per
804 1583 916 1638 alas
946 1597 1075 1636 vero
1097 1583 1325 1635 virtutes
1345 1582 1649 1651 signantur,
1681 1597 1840 1650 supra

249 1676 363 1746 jam
394 1677 650 1731 diximus.
680 1677 741 1729 Et
771 1690 893 1730 cum
923 1675 1087 1735 dicat,
1125 1693 1142 1723 ι
1170 1675 1270 1728 sub
1295 1672 1636 1727 lirtnamento
1661 1681 1839 1726 autem

1220 285 1570 345 COMMENT.
1612 286 1680 342 IN
1718 283 2168 342 EZECIllELEM.
2209 317 2275 325 —
2311 286 2436 342 LIB.
2476 287 2538 342 ll.

3421 293 3523 349 558

2011 419 2029 449 ε
2053 399 2408 454 Etaudiebam
2428 416 2617 454 sonum
2636 402 2864 466 alarum,
2882 404 3240 472 quasisonum
3259 420 3518 474 aquarum

1949 507 1966 540 ε
1997 489 2300 549 multarum.
2327 500 2430 546 etc.
2459 511 2476 541 ι
2519 491 2790 563 (Hier-on.)
2821 495 3041 562 Voxque
3075 497 3292 548 auditur
3316 495 3523 550 alarum

1941 583 2259 641 volantium.
2288 585 2438 651 quasi
2464 599 2564 637 vox
2607 601 2867 653 aquarum
2892 587 3196 646 multarum,
3233 585 3523 655 quaajuxta

1939 671 2293 743 Apocalypsin
2315 671 2537 728 Joannis
2564 675 2785 743 populos
2808 676 3134 746 significant,
3156 677 3526 746 paulatimque

1940 763 2243 830 proﬁciens,
2265 765 2418 832 quasi
2441 780 2543 819 vox
2571 775 2891 830 castrorum,
2910 775 2964 820 et
2987 767 3137 837 quasi
3161 782 3264 820 vox
3280 767 3527 821 sublimis

1942 853 2056 907 Dei.
2071 853 2220 919 Quod
2245 854 2508 908 llcbraice
2522 855 2822 923 appellatur
2836 857 3042 920 saddai,
3059 855 3276 924 etjuxta
3300 857 3530 925 Septua-

1941 946 2088 1014 ginta
2109 986 2122 1007 ,
2156 961 2251 998 vox
2291 947 2464 1008 verbi,
2495 954 2554 998 ut
2597 947 2878 1010 universa,
2912 963 3034 1016 quae
3072 949 3438 1016 praedicantur
3469 948 3521 1001 in

1942 1039 2159 1101 mundo,
2190 1054 2372 1093 vocem
2399 1039 2514 1092 Filii
2539 1039 2632 1093 Dei
2650 1055 2771 1094 esse
2795 1040 3099 1095 credamus.
3118 1039 3523 1111 (Greg.)Solent

1939 1131 2080 1184 enim
2114 1129 2166 1182 in
2197 1145 2354 1184 sacro
2402 1130 2616 1199 eloquio
2660 1147 2760 1200 per
2805 1146 2975 1200 aquas
3000 1131 3182 1200 populi
3227 1132 3522 1202 designari.

1942 1220 2094 1275 Unde
2133 1235 2229 1288 per
2258 1219 2519 1274 Joannem
2565 1221 2804 1275 dicitur:
2841 1239 2860 1272 ‹
2893 1221 3061 1290 Aqua:
3087 1236 3215 1275 vero
3260 1230 3388 1276 sunt
3435 1237 3530 1291 po-

1940 1313 2049 1382 puli
2080 1312 2263 1381 (dpoc.
2297 1313 2449 1378 xvtt).
2487 1331 2505 1362 ι
2543 1311 2746 1366 Idcirco
2773 1322 2953 1366 autem
2987 1326 3084 1381 per
3111 1327 3281 1380 aquas
3301 1313 3528 1381 populus

1941 1403 2278 1470 designatur,
2303 1401 2428 1470 quia
2453 1410 2506 1455 et
2534 1402 2586 1455 in
2617 1402 2723 1455 vita
2753 1417 2945 1455 sonum
2987 1402 3149 1456 habet
3185 1417 3252 1455 ex
3292 1401 3526 1454 tumultu

1941 1493 2154 1556 carnis,
2191 1503 2244 1547 et
2290 1494 2533 1561 quotidie
2575 1492 2760 1546 deﬂuit
2797 1509 2860 1546 ex
2903 1493 3132 1548 decursu
3158 1493 3524 1548 mortalitatis.

1943 1585 2013 1639 L't
2039 1595 2216 1637 autem
2244 1584 2511 1654 smpejatn
2542 1584 2795 1648 diximus,
2815 1583 2912 1637 ala:
2935 1592 3058 1638 sunt
3077 1583 3388 1637 animalium
3415 1583 3527 1636 vir-

1943 1683 2084 1729 tutes
2107 1684 2437 1728 sanctorum.
2472 1673 2611 1740 Quid
2643 1682 2726 1728 est
2765 1689 2894 1743 ergo
2930 1675 3072 1742 quod
3109 1674 3368 1743 propheta
3411 1673 3526 1726 ala-

254 1783 450 1838 pennzc
463 1782 652 1822 eorum
679 1775 835 1821 recte
856 1765 1078 1820 alterius
1099 1765 1163 1818 ad
1187 1765 1413 1817 alterum
1426 1783 1468 1844 ,t
1493 1763 1839 1833 quzerendum
1874 1739 1916 1797 Β
1947 1781 2062 1819 rum
2094 1781 2283 1820 sonum
2306 1765 2478 1829 audit,
2501 1765 2650 1834 quasi
2683 1781 2872 1820 sonum
2905 1779 3165 1834 aquarum
3203 1765 3517 1831 multarum,

253 1868 340 1916 est
363 1859 598 1928 qualiter
626 1858 892 1922 subditur,
922 1876 940 1907 ι
970 1855 1399 1925 Unumquodque
1421 1854 1628 1909 duabus
1639 1854 1737 1908 alis
1753 1870 1844 1908 ve-

179 1957 186 1963 ‘
253 1950 406 2003 labat
439 1963 636 2018 corpus
662 1963 839 2002 suum.
873 1967 891 1998 ι
917 1947 1032 2014 Qua
1070 1947 1122 2000 in
1153 1961 1210 2000 re
1231 1946 1332 2000 boc
1347 1954 1594 2014 patenter
1616 1946 1840 2010 indicat,

251 2043 380 2112 quia
413 2051 469 2095 et
502 2057 710 2111 pennas
742 2040 881 2093 alius
897 2039 961 2093 ad
985 2039 1214 2094 alterum
1241 2039 1550 2102 tendebant,
1577 2046 1632 2092 et
1661 2046 1840 2092 tamen

251 2133 468 2188 duabus
497 2131 601 2186 alis
628 2145 824 2200 corpus
858 2130 1134 2199 pmprium
1167 2127 1437 2182 velabant.
1465 2128 1602 2195 Quid
1632 2138 1686 2182 et
1717 2129 1839 2192 hoc,

249 2226 392 2290 nisi,
418 2225 548 2295 quia
575 2224 654 2279 sic
678 2223 935 2278 debemus
959 2223 1185 2276 virtutes
1219 2237 1353 2290 quas
1389 2221 1682 2292 accipimus
1721 2221 1843 2276 aliis

250 2317 592 2388 impendere,
620 2324 765 2370 utea
798 2316 850 2369 in
885 2315 1078 2384 quibus
1101 2315 1461 2383 peccavimus,
1495 2329 1598 2367 non
1629 2315 1842 2368 desina-

251 2425 373 2464 mus
397 2415 560 2463 caute
593 2407 850 2476 cogitare,
882 2413 936 2458 et
966 2413 1174 2459 reatum
1205 2412 1446 2458 no~trum
1481 2403 1720 2473 quotidie
1747 2418 1842 2471 per

249 2500 509 2553 timorem
548 2504 602 2551 et
641 2495 1011 2566 pmnitentiam
1045 2494 1336 2564 plangere?
1375 2493 1518 2547 Duas
1555 2492 1697 2546 enim
1729 2492 1841 2546 alas

249 2590 509 2660 superius
529 2587 723 2657 quibus
745 2601 941 2656 corpus
962 2585 1240 2638 velabatur
1261 2625 1275 2646 ,
1309 2584 1554 2637 timorem
1581 2591 1635 2636 ct
1661 2583 1838 2650 pmtti-

251 2681 482 2736 tentiam
511 2678 765 2732 diximus.
793 2677 850 2729 Si
875 2691 1004 2745 ergo
1043 2675 1093 2728 in
1132 2674 1398 2728 eharitatc
1443 2687 1754 2727 crescamus
1781 2679 1841 2725 ttt

247 2787 460 2846 pennas
508 2771 790 2824 tendamus
839 2768 905 2821 ad
962 2767 1283 2836 proximos,
1341 2765 1420 2820 sic
1472 2779 1676 2833 pennas
1723 2770 1839 2818 ten-

248 2867 446 2922 damus
498 2863 552 2916 in
601 2860 906 2929 proximos,
959 2869 1018 2911 ttt
1066 2871 1338 2925 nunquam
1395 2855 1702 2908 desinamus
1748 2868 1839 2908 co-

247 2958 424 3028 gitare
468 2963 526 3008 et
570 2951 824 3023 plangere
855 2949 1230 3018 nosmetipsos.
1265 2948 1460 3002 Pennze
1507 2956 1684 3002 autem
1724 2954 1838 2999 ten-

245 3049 452 3104 dantur
486 3046 641 3114 juxla
685 3057 907 3112 pennas,
954 3049 1012 3094 ιιι
1058 3039 1370 3109 cooperiant
1407 3053 1654 3106 corpora,
1689 3037 1836 3092 utdc

243 3141 405 3196 bonis
432 3137 649 3192 actibus
675 3135 1011 3204 praebeamus
1031 3131 1299 3199 exempla,
1321 3141 1375 3182 et
1399 3129 1560 3193 mala,
1584 3144 1705 3198 qua:
1725 3128 1836 3198 agi-

243 3227 740 3297 mus,abscondant
767 3241 794 3279 a
817 3225 1021 3296 judicio
1052 3224 1213 3276 timor
1247 3231 1302 3276 et
1338 3221 1674 3291 paenitentia.
1701 3220 1833 3274 Pos-

243 3330 370 3377 sunt
415 3329 585 3373 ettam
613 3332 710 3386 per
739 3315 850 3370 alas
882 3315 980 3394 bas
1013 3314 1118 3367 dttu
1140 3320 1406 3382 praecepta
1440 3309 1725 3366 charitatis
1754 3309 1835 3361 in-

246 3411 441 3482 telligi,
472 3409 684 3463 scilicet
715 3406 804 3460 Dei
835 3414 889 3460 et
917 3403 1168 3474 proximi.
1202 3403 1448 3457 Amando
1477 3400 1642 3470 igitur
1665 3399 1833 3452 Deum

243 3510 436 3558 nostra
493 3500 547 3553 in
600 3498 753 3552 nobis
801 3495 944 3550 mala
993 3489 1388 3563 persequimur,
1432 3489 1484 3545 id
1519 3497 1601 3545 est
1638 3503 1834 3558 corpus

241 3593 518 3647 velamus.
553 3588 829 3658 Diligendo
853 3593 1032 3639 autem
1062 3583 1366 3653 proximum
1406 3581 1454 3636 ei
1485 3581 1537 3634 in
1570 3593 1677 3648 quo
1712 3593 1834 3648 pos-

239 3697 438 3737 sumus
463 3679 722 3749 prodesse
749 3675 1088 3737 festinamus,
1112 3674 1163 3728 id
1187 3681 1270 3728 est
1289 3673 1402 3726 alas
1423 3672 1490 3726 ad
1512 3671 1833 3726 alterutrum

239 3772 545 3827 tendimus.
571 3768 746 3834 Quaeri
768 3767 965 3821 etenim
990 3773 1186 3836 potest,
1207 3781 1305 3820 cur
1327 3773 1606 3833 postquam
1630 3763 1830 3816 dictum

238 3869 367 3916 est:
403 3879 422 3909 ι
457 3857 893 3927 Unumquodque
914 3855 1124 3910 velabat
1156 3870 1352 3925 corpus
1376 3869 1562 3916 suum,
1601 3871 1617 3902 ι
1651 3852 1831 3904 statim

236 3951 502 4010 subditur
533 3967 546 4002 :
578 3968 595 3999 ι
627 3959 681 4003 et
704 3949 931 4003 alterum
954 3946 1201 4002 similiter
1227 3945 1526 4000 velabatur.
1553 3965 1569 3996 ι
1600 3944 1654 3998 Si
1687 3945 1831 3998 enim

235 4047 458 4102 diceret
485 4059 649 4096 unum
675 4051 728 4096 et
756 4041 1003 4105 alterum,
1029 4039 1279 4109 loquendi
1309 4038 1448 4092 ratio
1469 4044 1657 4100 staret,
1683 4045 1832 4104 post-

235 4157 409 4213 quam
457 4155 586 4193 vero
623 4139 822 4192 dictum
862 4143 945 4190 est
982 4133 1418 4203 unumquodque,
1448 4148 1546 4187 cur
1585 4129 1832 4198 adjicitur

234 4233 505 4294 alterum,
547 4244 669 4283 cum
699 4229 750 4281 in
793 4239 1117 4295 unoquoque
1149 4239 1336 4277 omnes
1365 4221 1831 4291 comprehendun-

232 4335 347 4380 tur.
395 4323 506 4379 Sed
537 4329 593 4375 et
637 4322 680 4374 si
723 4319 1082 4390 perfecturum
1111 4318 1307 4379 vitam,
1341 4324 1398 4370 et
1436 4313 1830 4385 proficientium

1946 1857 2048 1911 nisi
2084 1857 2225 1925 quod
2249 1871 2316 1910 ex
2339 1856 2721 1925 omnipotentis
2749 1856 2842 1908 Dei
2868 1856 3070 1924 pietate
3100 1856 3202 1910 illa:
3234 1855 3330 1909 alte
3352 1855 3526 1908 virtu-

1948 1957 2092 2012 tum,
2143 1964 2262 2017 qua:
2306 1947 2358 2000 in
2407 1948 2596 2016 paucis
2641 1947 2791 2016 prius
2840 1947 3042 2001 sanctis
3079 1948 3375 2010 sonabant,
3411 1947 3525 2015 jant

1945 2054 2088 2092 nunc
2135 2039 2516 2107 praedicatione
2545 2037 2738 2094 diffusa
2780 2038 2834 2091 in
2877 2038 3168 2091 multorum
3207 2037 3524 2106 populorqu

1943 2128 2350 2182 conversatione
2416 2128 2710 2180 resonant?
2769 2126 3054 2181 lncarnato
3108 2127 3250 2180 enim
3285 2167 3300 2191 ,
3364 2142 3526 2196 passo

1943 2233 2007 2273 ac
2069 2226 2380 2286 resurgente
2446 2217 2710 2281 Domino,
2761 2233 2935 2287 pauca
2988 2226 3219 2287 pennata
3269 2217 3523 2271 animalia

1942 2307 2178 2369 fuerunt,
2213 2308 2338 2377 quia
2363 2308 2469 2361 rari
2502 2307 2657 2361 valde
2677 2308 3024 2372 exstiterunt,
3053 2309 3144 2376 qui
3176 2307 3412 2362 coelestia
3436 2307 3528 2360 de-

1941 2399 2260 2462 siderarent,
2286 2409 2340 2454 et
2369 2400 2626 2453 virtutum
2658 2401 2848 2469 pennis
2897 2417 2955 2454 se
2990 2402 3040 2454 in
3085 2401 3189 2454 alta
3233 2401 3524 2470 suspende-

1941 2497 2080 2541 rent.
2120 2487 2224 2542 Sed
2269 2497 2556 2558 postquam
2603 2489 2904 2543 divinitatis
2948 2489 3066 2557 ejus
3109 2490 3421 2559 praedicatio
3468 2489 3520 2542 in

1939 2583 2138 2637 mundo
2164 2581 2354 2636 diffusa
2376 2591 2478 2646 est,
2503 2585 2688 2653 quanti
2711 2583 2823 2650 jam
2848 2585 3075 2653 parvuli,
3100 2586 3287 2654 quanti
3311 2587 3524 2655 gravio-

1939 2689 2048 2738 res,
2071 2673 2257 2742 quanti
2291 2672 2456 2728 fortes
2474 2672 2718 2742 juvenes,
2743 2676 2931 2744 quanti
2966 2675 3283 2737 imbecilles,
3308 2685 3524 2746 quanta:

1939 2779 2211 2818 conversae
2257 2765 2612 2834 peecatrices.
2663 2776 2880 2834 quantae
2923 2750 3090 2828 anus,
3130 2766 3396 2835 virgines,
3426 2781 3524 2835 per

1939 2855 2126 2918 fidem,
2152 2870 2246 2925 per
2271 2871 2419 2926 spem
2444 2896 2458 2918 ,
2487 2870 2586 2924 per
2605 2871 2841 2910 amorem
2863 2896 2877 2920 ,
2902 2857 2968 2910 ad
3002 2856 3242 2910 caelestia
3274 2856 3519 2920 evolant;

1937 2947 2059 3015 quis
2085 2947 2266 3000 dicere
2284 2945 2449 3014 ,‘quis
2475 2947 2745 3000 :eslimare
2770 2946 3007 3001 sullicit?
3036 2947 3172 3002 Ecce
3201 2947 3406 3000 alarum
3438 2963 3525 3002 so-

1938 3054 2060 3099 nus,
2091 3039 2178 3106 qui
2203 3039 2352 3108 prius
2381 3039 2432 3091 in
2456 3039 2642 3107 paucis
2668 3038 2989 3093 animalibus
3012 3037 3132 3101 fuit,
3157 3038 3268 3108 jam
3297 3053 3440 3091 nunc
3466 3038 3518 3091 in

1937 3131 2148 3199 [)"plliis
2177 3137 2412 3183 resonat.
2445 3127 2565 3182 Ja'm
2622 3145 2763 3184 nunc
2799 3131 2980 3183 mundi
3019 3129 3418 3183 multitudinem
3455 3129 3522 3182 ad

1933 3221 2157 3276 cmleste
2203 3220 2533 3274 desiderium
2578 3236 2768 3289 pennae
2811 3221 3074 3274 virtutum
3123 3220 3325 3275 levant.
3376 3220 3521 3275 Bene

1931 3328 2061 3383 ergo
2088 3313 2419 3366 dicit-uruEt
2447 3311 2729 3366 audiebam
2755 3327 2946 3366 sonum
2969 3311 3174 3365 alarum
3197 3353 3210 3375 ,
3247 3312 3402 3380 quasi
3432 3327 3522 3366 so-

1935 3420 2063 3458 num
2093 3417 2353 3470 aquarum
2385 3402 2696 3456 multarum.
2717 3403 2878 3468 IQllia
2891 3403 3029 3456 sicut
3058 3401 3264 3470 prmfati
3299 3418 3519 3466 sumus,

1934 3498 2022 3552 ille
2050 3497 2310 3549 virtutum
2338 3509 2524 3558 sonus,
2559 3494 2651 3564 qui
2685 3495 2738 3547 in
2767 3509 2899 3548 aure
2926 3493 3018 3547 Dei
3048 3493 3198 3562 prius
3222 3509 3290 3548 ex
3327 3495 3521 3562 paucis

1934 3587 2134 3641 sanctis
2176 3584 2350 3638 factus
2392 3591 2505 3646 est,
2554 3585 2894 3652 postmodum
2932 3599 2997 3636 ex
3031 3584 3188 3651 aquis
3222 3583 3434 3648 multis,
3466 3585 3519 3638 id

1932 3688 2034 3744 est,
2064 3695 2128 3733 ex
2157 3676 2639 3731 iunmnerabilibus
2661 3685 2743 3729 est
2777 3674 2986 3744 populis
3009 3673 3410 3742 multiplicatus.
3442 3673 3518 3728 De

1932 3786 2039 3841 quo
2069 3770 2242 3824 adhuc
2270 3782 2403 3821 sono
2432 3766 2569 3820 bene
2613 3767 2828 3819 additur
2860 3779 2876 3818 :
2905 3785 2918 3814 ι
2951 3764 3115 3830 Quasi
3147 3779 3312 3818 sonus
3351 3764 3519 3818 subli~

1933 3864 2036 3916 mis
2066 3861 2178 3914 Dei.
2219 3881 2236 3910 ι
2264 3859 2401 3925 Quid
2446 3865 2528 3912 est
2559 3857 2699 3926 quod
2746 3857 2954 3910 alarum
3003 3871 3170 3910 sonus
3214 3855 3282 3909 in
3312 3856 3517 3910 sanctis

1933 3953 2284 4014 animalibus,
2327 3950 2482 4019 quasi
2527 3965 2696 4004 sonus
2723 3948 2968 4003 sublimis
2997 3947 3094 4001 Dei
3138 3947 3370 4002 dicitur?
3399 3945 3512 4001 Nisi

1931 4046 2072 4115 quod
2094 4045 2431 4113 omnipotens
2457 4043 2598 4096 Deus
2618 4051 2672 4095 et
2692 4042 2805 4111 ipse
2827 4041 3014 4110 implet
3035 4049 3343 4094 sanctorum
3366 4054 3517 4092 men-

1934 4146 2013 4190 tes
2050 4135 2257 4190 caelesti
2291 4133 2592 4197 desiderio,
2618 4141 2673 4188 et
2699 4133 2814 4202 ipse
2847 4133 3067 4186 exaudit
3090 4131 3356 4200 impletas.
3391 4129 3511 4198 Ipse

1931 4228 2130 4282 ctenim
2153 4236 2302 4282 creat
2327 4227 2377 4280 itt
2412 4235 2722 4282 sanctorum
2751 4225 3002 4279 cordibus
3037 4239 3298 4286 amorem,
3320 4229 3375 4275 et
3399 4222 3514 4289 ipse

1932 4334 1999 4372 ex
2035 4319 2343 4372 amantibus
2393 4317 2644 4372 cordibus
2687 4317 2910 4385 suscipit
2951 4329 3158 4384 preces.
3200 4312 3343 4366 Bene
3384 4327 3516 4381 ergo

232 4417 439 4472 merita
465 4413 866 4482 distinguimus,
891 4419 946 4465 et
968 4408 1384 4477 unumquodque
1405 4406 1699 4461 etalterum
1725 4420 1828 4458 non
1863 4427 1909 4486 ι)
1939 4407 2039 4459 iste
2068 4406 2276 4460 alarum
2309 4422 2496 4470 sonus,
2531 4407 2680 4475 quasi
2710 4422 2873 4460 sonus
2902 4403 3148 4457 sublimis
3175 4401 3264 4454 Dei
3287 4399 3510 4457 dicitur.

232 4505 696 4564 irrationabiliter
743 4502 974 4572 positum
1025 4499 1288 4552 videmus.
1318 4496 1418 4563 Qui
1459 4496 1600 4550 enim
1643 4503 1698 4548 et
1734 4507 1829 4547 sua

231 4599 444 4654 deflent
469 4607 525 4649 et
558 4596 817 4648 virtutum
862 4606 1070 4662 pennas
1117 4589 1182 4642 ad
1219 4587 1522 4658 proximum
1557 4587 1610 4639 in
1651 4600 1831 4638 exem-

228 4694 384 4766 plum
413 4690 663 4751 tendunt,
688 4685 876 4756 procul
898 4681 1303 4751 dubioperfecti
1327 4688 1472 4733 sunt.
1492 4679 1629 4732 Sunt
1649 4685 1828 4729 autem

227 4785 491 4855 plerique
538 4777 916 4849 parvulorum,
949 4774 1040 4844 qui
1085 4787 1272 4826 eorum
1321 4770 1587 4840 lacrymas
1618 4768 1826 4837 conspi-

227 4877 388 4932 ciunt
441 4880 500 4926 et
528 4870 826 4923 imitantur.
862 4865 929 4920 Et
956 4864 1046 4934 qui
1082 4863 1207 4916 nudi
1248 4863 1299 4916 in
1331 4862 1444 4915 suis
1474 4859 1832 4928 pravitatibus

225 4981 354 5021 esse
376 4961 703 5032 potuissent,
726 4965 944 5012 sanctos
965 4955 1334 5025 vigilantiores
1355 4969 1440 5020 gttc
1462 4952 1606 5006 viros
1626 4951 1832 5018 conspi-

225 5058 408 5117 ciunt,
440 5065 676 5119 moxque
705 5049 819 5102 suis
852 5047 1210 5116 pravitatibus
1252 5045 1375 5098 irati
1400 5084 1414 5107 ,
1459 5042 1830 5098 accenduntur

225 5156 287 5199 ut
336 5143 626 5214 plangant.
656 5137 1064 5192 Inflammantur
1112 5136 1179 5190 ad
1222 5133 1634 5204 paenitentiam,
1667 5141 1828 5200 atque

224 5245 285 5291 ut
336 5233 530 5288 velare
577 5237 792 5284 sanctos
837 5240 1063 5296 corpora
1103 5239 1198 5279 sua
1231 5223 1590 5290 conspiciunt,
1621 5222 1693 5274 ita
1726 5221 1826 5290 ipsi

223 5338 458 5396 quoque
506 5321 865 5391 lacrymarum
909 5333 1129 5373 suarum
1171 5316 1271 5370 alis
1311 5316 1580 5378 velantur,
1621 5314 1826 5379 seipsos

222 5418 378 5472 enim
408 5413 626 5482 magnis
647 5405 1104 5482 increpationibus
1119 5409 1340 5471 feriunt,
1365 5424 1462 5462 cur
1485 5407 1577 5476 qui
1599 5407 1827 5460 virtutes

222 5525 336 5564 non
373 5505 584 5561 habent
607 5513 827 5574 peccata
857 5518 954 5558 sua
980 5503 1204 5556 minime
1233 5500 1540 5569 deplorant,
1587 5499 1630 5553 si
1667 5507 1722 5552 et
1750 5497 1824 5551 illi

221 5601 419 5654 adhuc
447 5596 700 5666 plangere
721 5611 826 5650 non
849 5594 1122 5655 desinunt,
1154 5593 1242 5661 qui
1270 5590 1376 5659 iam
1401 5591 1658 5645 virtutum
1699 5606 1827 5661 pcn-

227 5707 330 5746 nas
359 5705 467 5761 per
491 5688 732 5758 exempla
767 5689 832 5742 ad
859 5686 1134 5756 proximos
1169 5685 1412 5738 tendunt.

1935 4497 2069 4564 Quia
2109 4497 2366 4565 quidquid
2400 4497 2450 4548 itt
2482 4504 2794 4549 sanctorum
2831 4491 3123 4545 virtutibus
3157 4490 3352 4559 agitur,
3395 4487 3514 4556 ejus

1933 4600 2013 4643 cst
2044 4591 2256 4660 gratiae,
2290 4590 2378 4655 qui
2421 4589 2608 4642 merita
2643 4587 2888 4657 largitur,
2934 4585 3024 4654 qui
3072 4593 3220 4638 recte
3261 4599 3354 4652 per
3391 4598 3511 4653 pro-

1933 4681 2150 4748 pltetam
2185 4677 2432 4732 sublimis
2456 4679 2596 4730 Deus
2622 4691 2740 4730 esse
2765 4685 3114 4730 memoratur.
3146 4674 3202 4728 Itt
3237 4675 3517 4745 Scriptura

1933 4772 2076 4825 enim
2119 4785 2271 4824 sacra
2316 4767 2604 4838 aliquando
2630 4768 2768 4822 Deus
2804 4768 3192 4837 nuncupative,
3225 4767 3517 4836 aliquando

1936 4881 2066 4918 vero
2093 4863 2452 4919 essentialiter
2475 4861 2692 4914 dicitur.
2718 4859 3088 4928 Nuncupative
3116 4861 3261 4913 enim
3292 4859 3514 4922 dicitur,

1936 4957 2074 5010 sicut
2114 4957 2373 5023 scriptum
2416 4962 2535 5006 est:
2568 4971 2587 5001 ‹
2623 4951 2761 5006 Ecce
2789 4951 3044 5005 constitui
3085 4958 3136 5003 te
3177 4949 3343 5003 Deum
3369 4947 3514 5002 Pba-

1934 5046 2117 5099 raonis
2135 5041 2330 5113 (Exod.
2348 5042 2466 5112 vtt).
2493 5062 2509 5093 ι
2534 5042 2597 5095 Et
2619 5042 2760 5096 sicut
2803 5041 2976 5094 Moses
3001 5040 3078 5094 ait
3115 5037 3310 5109 (Exod.
3336 5039 3472 5109 xxtt)
3498 5056 3512 5089 .-

1938 5159 1955 5189 ε
1978 5138 2033 5192 Si
2061 5138 2182 5206 quis
2211 5138 2314 5190 hoc
2340 5135 2420 5190 vel
2453 5134 2582 5189 illttd
2622 5132 2832 5195 fecerit,
2851 5132 3058 5202 applica
3080 5131 3230 5184 illum
3256 5131 3321 5184 ad
3349 5129 3513 5198 deos,

1931 5228 2180 5281 videlicet
2205 5227 2268 5278 ad
2287 5226 2622 5284 sacerdotes;
2649 5245 2666 5276 ι
2695 5225 2784 5295 qui
2810 5240 3023 5278 rursum
3045 5222 3208 5278 dicit:
3226 5241 3245 5272 ι
3273 5221 3385 5274 Diis
3407 5235 3513 5273 non

1932 5316 2184 5371 detrabes
2224 5313 2435 5385 (Ibid),
2465 5314 2515 5366 id
2545 5322 2650 5376 cst,
2677 5314 3066 5367 sacerdotibus.
3102 5311 3171 5366 Et
3204 5309 3344 5364 sicut
3367 5307 3516 5360 i’sal-

1933 5407 2088 5462 mista
2113 5406 2220 5458 ait:
2259 5423 2276 5454 ε
2312 5406 2452 5458 Deus
2483 5405 2632 5457 stetit
2659 5405 2711 5457 itt
2736 5419 3007 5473 synagoga
3033 5403 3286 5461 deorum,
3317 5399 3368 5451 in
3397 5412 3512 5450 tne-

1933 5498 2022 5554 dio
2048 5506 2226 5551 autem
2261 5497 2390 5550 deos
2427 5495 2688 5550 discernit
2715 5493 2888 5563 (I’sal.
2919 5493 3124 5562 tax-XI).
3157 5511 3175 5543 ι
3201 5487 3515 5545 Esscntiali-

1935 5596 2018 5641 ter
2053 5596 2230 5642 autem
2267 5587 2407 5640 Deus
2449 5586 2666 5648 dicitur,
2706 5585 2845 5639 sicut
2883 5584 2996 5652 ipse
3033 5585 3099 5635 ad
3133 5581 3348 5649 Moysen
3391 5577 3463 5632 ait
3497 5595 3508 5630 :

1942 5700 1959 5732 t
1993 5682 2100 5752 Ego
2148 5696 2265 5735 sunt
2312 5680 2453 5735 Deus
2481 5677 2658 5732 Patris
2685 5676 2796 5737 tui,
2839 5674 2979 5728 Deus
3021 5672 3327 5732 Abraham,
3368 5670 3510 5724 Deus
