3950 6184
448 296 552 351 559

1079 289 1139 343 Β.
1182 285 1426 342 ΒΛΒᾹΝἶ
1471 281 1684 338 MAXIM
1723 279 2041 337 ARClllEP.
2085 276 2392 334 MOGUNT.
2430 272 2711 332 OPEliUM
2751 272 2929 327 PARS
2966 271 3028 327 ll.

3581 272 3684 326 MO

447 401 626 465 Isaac,
654 403 798 456 Deus
827 397 994 453 Iacob
1022 390 1534 465 (Exod.m).tl1ndc
1563 389 1765 444 Paulus
1799 397 2009 458 aposto-
2042 396 2088 451 Α
2116 394 2224 440 tem
2254 386 2304 438 in
2332 384 2641 438 caelestibus
2669 384 2811 439 ferre
2839 399 2942 438 non
2967 391 3246 454 poterant,
3277 387 3371 438 sed
3398 382 3611 437 stabant
3636 394 3689 439 et

450 490 774 556 lus,velens
804 486 1222 556 nuncupativum
1262 482 1356 535 Dei
1396 495 1589 535 nomen
1633 480 1701 533 ab
1742 477 2013 533 cssentiali

449 582 787 645 discernere,
834 580 899 633 de
941 576 1299 643 Redemptum
1336 580 1523 626 nostro
1554 572 1763 625 locutus
1808 575 1898 625 est‘
1931 569 2014 622 di-

448 685 573 724 cens
595 668 886 734 :tQtlm'lltl.‘
903 674 1141 734 patreset
1153 680 1215 718 ex
1234 663 1426 732 quibus
1452 662 1699 716 Christus
1722 661 2016 714 secundum

450 775 687 818 carnem,
714 759 802 826 qui
825 768 904 810 est
929 771 1090 825 super
1116 754 1297 808 omnia
1326 753 1470 806 Deus
1497 752 1810 805 benedietus
1834 751 1887 803 in
1919 765 2019 804 sa:-

450 851 566 903 cula
593 848 764 919 (lium.
794 847 891 914 ιχ).
917 866 943 897 ιι
982 847 1075 912 qui
1102 845 1246 899 enim
1278 842 1638 911 nuncupative
1664 841 1860 913 dicitur
1878 840 2019 895 Deus

452 938 592 993 inter
615 937 793 992 omnia
820 954 834 989 :
866 934 965 1002 Qui
991 949 1119 989 vero
1151 932 1515 989 essentialiter
1550 932 1688 985 Deus
1713 945 1875 999 super
1903 944 2019 984 om-

449 1028 538 1081 nia
583 1035 686 1081 est.
739 1026 810 1082 Ut
855 1041 985 1096 ergo
1027 1025 1339 1079 ostenderet
1380 1021 1654 1076 Christum
1701 1020 2020 1075 naturaliter

450 1119 639 1181 Deum,
671 1134 777 1173 non
805 1118 949 1171 hunc
978 1116 1145 1169 Deum
1173 1112 1570 1174 tantummodo,
1598 1111 1691 1166 sed
1732 1111 1900 1164 Deum
1930 1124 2022 1163 su-

448 1224 548 1279 per
565 1208 746 1264 omnia
771 1222 892 1261 esse
918 1206 1258 1260 memoravit.
1289 1203 1424 1270 Quia
1467 1214 1523 1258 et
1557 1202 1760 1256 electus
1792 1200 2023 1270 quisque

452 1299 615 1370 (sicut
643 1295 1017 1368 praemisimus)
1058 1296 1142 1349 vel
1172 1296 1222 1349 in
1251 1292 1495 1361 exemplo
1513 1292 1766 1362 justitim,
1812 1289 1895 1344 vel
1923 1305 2022 1359 pro

452 1388 722 1457 erngando
749 1386 1146 1456 prmdicationis
1174 1384 1340 1439 verbo
1363 1382 1570 1453 positus
1587 1422 1601 1446 ,
1627 1380 1732 1436 dici
1766 1380 1907 1433 Deus
1936 1395 2025 1449 po—

455 1492 590 1547 test,
624 1482 715 1535 sed
744 1482 885 1535 inter
922 1480 1100 1534 omnia
1120 1519 1134 1543 ,
1180 1477 1433 1547 quoniam
1464 1474 1826 1544 nuncupative
1858 1472 2019 1526 Deus.

449 1573 695 1629 Christus
722 1582 901 1627 autem
936 1572 1074 1626 Deus
1111 1585 1272 1638 super
1294 1568 1507 1632 omnia,
1547 1566 1672 1636 quia
1708 1564 2024 1619 naturaliter

453 1664 613 1717 Dens.
630 1663 798 1730 Quem
815 1678 943 1734 ergo
956 1661 1155 1715 Paulus
1167 1661 1331 1714 Deum
1348 1673 1510 1729 super
1522 1658 1721 1720 omnia,
1740 1658 1885 1711 hunc
1901 1655 2026 1733 Eae-

2117 477 2471 539 mirabantur,
2494 483 2547 529 et
2570 475 2783 529 silentio
2803 490 2901 529 suo
2920 473 3014 529 Dei
3040 473 3337 544 potentiam
3357 474 3691 529 demonstra.

2117 567 2263 629 bant,
2292 567 2380 635 qui
2413 566 2633 621 sedebat
2657 580 2821 634 super
2857 564 3280 619 ﬁrmamentum.
3305 561 3508 635 (σι-ορ.)
3539 564 3692 619 Stant

2116 667 2300 713 sancta
2355 656 2609 710 animalia
2652 656 2869 726 quando
2922 670 2987 710 ea
3022 670 3144 724 quae
3190 654 3287 709 Dei
3319 663 3447 710 sunt
3491 655 3692 710 intenta

2115 748 2565 817 contempla-ioue
2603 747 2946 802 considerant
2980 745 3115 801 :sed
3154 760 3343 800 eorum
3379 759 3573 814 penna:
3604 747 3694 801 de-

2118 848 2412 908 ponuntur,
2440 838 2563 906 quia
2588 839 2713 891 dum
2736 836 2843 890 alta
2872 837 2963 890 Dei
2996 835 3199 906 judicia
3236 835 3507 904 aspiciunt
3528 875 3547 899 ,
3587 850 3696 891 sua

2118 930 2199 985 eis
2225 930 2454 984 virtutes
2493 929 2798 993 vilescunt,
2833 928 2976 997 quod
3008 935 3196 996 aperte
3220 927 3535 996 exponitur,
3574 942 3694 980 cum

2119 1020 2302 1075 statim
2327 1019 2612 1075 subditur:

2196 1137 2215 1169 ι
2260 1117 2392 1172 Nam
2418 1133 2541 1173 cum
2567 1117 2723 1172 ﬁeret
2749 1132 2853 1172 vox
2890 1130 3054 1187 super
3081 1114 3483 1170 ﬁrmamentum
3500 1154 3519 1178 ,
3555 1114 3696 1183 quod

2127 1228 2146 1261 ι
2188 1218 2305 1264 erat
2331 1224 2495 1280 super
2519 1219 2914 1279 caputeorum,
2953 1208 3171 1263 stabant
3213 1214 3270 1262 et
3312 1206 3700 1261 sulnnittebaut

2127 1320 2147 1353 ‹
2190 1302 2303 1356 alas
2329 1317 2473 1357 suas.
2510 1320 2528 1354 ι
2559 1301 2981 1355 Firmamentum
3011 1299 3263 1369 superius
3290 1298 3394 1353 sub
3418 1297 3697 1353 intellectu

2124 1392 2321 1461 duplici
2348 1392 2708 1461 indicavimus
2730 1390 3124 1461 exponendum.
3147 1388 3380 1445 Possunt
3396 1390 3543 1444 enim
3563 1390 3700 1444 sicut

2124 1482 2435 1551 prcedietum
2466 1489 2548 1536 est
2577 1478 2902 1534 ﬁrmamenti
2930 1478 3149 1534 nomine
3179 1477 3428 1532 cmlestes
3465 1485 3700 1546 potestte

2128 1582 2207 1627 tes
2254 1571 2500 1641 intelligi.
2558 1570 2740 1625 Potest
2773 1568 3099 1623 ﬁrmamenti
3144 1566 3360 1623 nomine
3389 1567 3702 1636 uuigenitus

2127 1664 2457 1727 incarnatus,
2492 1677 2587 1732 per
2615 1661 2717 1716 hoc
2761 1659 2903 1729 quod
2945 1659 2999 1713 in
3030 1673 3152 1714 eum
3193 1666 3384 1712 natura
3414 1665 3599 1713 nostra
3638 1658 3703 1711 ad

451 1757 588 1810 Clliel
617 1756 874 1825 propheta
909 1755 1074 1808 Deum
1118 1752 1397 1807 sublimem
1438 1750 1697 1805 nominat.
1735 1748 2025 1816 Postquam
2058 1746 2100 1803 Β
2129 1754 2484 1809 mter-nitatem
2518 1751 2728 1806 ﬁrmata
2759 1758 2862 1816 est,
2894 1750 3188 1820 designari.
3223 1748 3380 1804 Prius
3405 1765 3536 1821 ergo
3563 1748 3705 1818 quod

453 1860 582 1899 vero
600 1845 798 1898 dictum
823 1852 923 1905 est,
948 1863 966 1895 ι
991 1858 1178 1898 sonum
1204 1842 1410 1895 alarum
1432 1840 1736 1901 audiebam,
1753 1838 1905 1908 quasi
1933 1853 2023 1892 so-

455 1951 579 1989 num
596 1950 854 2003 aquarum
871 1934 1177 1995 multarum,
1202 1952 1219 1984 t
1240 1932 1363 2000 quia
1385 1931 1559 1985 adhuc
1573 1930 1811 1993 additur,
1835 1948 1851 1977 ι
1873 1928 2024 1997 quasi

454 2041 645 2081 sonum
673 2026 916 2080 sublimis
927 2024 1246 2091 Dei,»etiam
1273 2025 1376 2079 hoc
1393 2024 1698 2092 intellegere
1721 2037 2023 2092 possumus,

458 2120 598 2187 quod
631 2120 866 2173 futurum
902 2119 1089 2173 electis
1114 2118 1365 2171 omnibus
1393 2118 1614 2171 scimus.
1642 2106 1860 2170 Marum
1883 2116 2025 2169 enim

455 2210 683 2274 sonitus,
707 2210 847 2264 sicut
865 2208 1120 2273 diximus,
1147 2207 1244 2260 fuit
1268 2208 1319 2260 in
1340 2206 1781 2277 pnrdicatoribus
1801 2206 2025 2270 sanctis,

457 2317 719 2371 aquarum
752 2303 962 2356 sonitus
1007 2301 1059 2353 in
1089 2299 1366 2354 conversis
1397 2309 1452 2353 et
1480 2299 1830 2368 sequentibus
1866 2312 2030 2367 popu-

458 2394 544 2447 lis.
574 2394 680 2449 Sed
708 2394 823 2463 ipse
865 2393 1036 2447 isdem
1071 2393 1278 2447 sonitus
1311 2391 1416 2446 erit
1440 2392 1761 2461 quandoque
1783 2388 2028 2443 sublimis

464 2484 576 2546 Dei,
610 2484 734 2553 quia
767 2482 1069 2547 multitudo,
1101 2498 1220 2552 qua:
1243 2497 1385 2537 nunc
1406 2497 1501 2551 per
1531 2488 1746 2535 sanctos
1782 2480 2030 2535 doctores

458 2574 523 2627 ad
558 2574 714 2627 ﬁdem
748 2573 1000 2635 trah'tur,
1027 2573 1352 2642 quandoque
1390 2571 1442 2624 in
1485 2569 1758 2625 caelestem
1800 2568 2028 2638 patriam

457 2664 885 2735 congregabitur,
931 2671 989 2717 ut
1020 2663 1092 2717 ibi
1122 2677 1311 2716 onmes
1338 2660 1494 2716 electi
1526 2661 1643 2716 sine
1667 2659 1771 2714 ﬁne
1812 2659 2030 2713 laudent

454 2768 575 2808 cum
601 2754 834 2807 viderint
858 2753 977 2808 sine
1006 2752 1110 2807 ﬁne
1135 2768 1292 2821 quem
1322 2752 1562 2806 laudent.
1589 2752 1875 2819 Postquam
1898 2764 2029 2819 ergo

454 2842 713 2912 propheta
743 2856 933 2894 sonum
960 2840 1196 2903 alarum,
1242 2839 1394 2909 quasi
1432 2854 1622 2893 sonum
1659 2838 1905 2892 sublimis
1934 2838 2028 2892 Dei

453 2946 575 2986 esse
596 2931 880 3000 conspexit
909 2930 962 2984 in
990 2930 1163 2995 cmlis,
1190 2944 1402 2983 rursum
1434 2929 1501 2983 ad
1535 2938 1733 2983 terram
1766 2928 1951 2991 rediit,
1975 2936 2030 2982 et

454 3030 689 3092 pennata
735 3020 988 3075 animalia
1030 3020 1157 3090 quid
1201 3020 1289 3074 hic
1320 3029 1482 3090 agant
1520 3018 1777 3089 loquitur,
1817 3028 1877 3073 ut
1918 3019 2029 3076 illic

455 3128 666 3168 summa
700 3120 1027 3175 mereantur,
1051 3110 1274 3165 dicens:

531 3223 549 3255 ι
590 3203 724 3258 Cum
745 3202 1109 3265 ambularent,
1135 3200 1289 3271 quasi
1316 3215 1481 3256 sonus
1498 3209 1619 3255 erat
1646 3198 2028 3266 multitudinis,

457 3314 478 3344 ε
522 3303 576 3350 et
596 3294 807 3349 sonitus
832 3302 1155 3348 cistrorum.
1196 3312 1214 3343 ι
1253 3291 1387 3348 Cum
1420 3291 1808 3363 praedicatores
1848 3292 2027 3348 sancti

454 3389 712 3442 mundum
763 3386 1101 3456 prteticando
1149 3395 1203 3440 et
1254 3386 1518 3442 trahendo
1564 3388 1934 3453 circumeunt;
1975 3396 2032 3442 et

457 3478 711 3533 animalia
742 3478 1055 3541 ambulant,
1080 3485 1137 3531 et
1165 3478 1289 3546 quia
1318 3478 1371 3533 hi
1398 3478 1563 3533 etiam
1599 3494 1737 3548 quos
1767 3480 2030 3550 colligunt

455 3570 637 3624 statim
670 3576 730 3622 ut
773 3568 1153 3631 crediderunt,
1188 3568 1242 3621 in
1285 3568 1495 3623 laudem
1535 3568 1704 3623 nostri
1752 3568 2030 3623 Creatoris

455 3660 772 3729 insurgunt.
816 3659 874 3712 lit
914 3674 1108 3724 sonus,
1158 3658 1312 3729 quasi
1352 3673 1517 3713 sonus
1553 3658 1931 3713 multitudinis.
1964 3658 2033 3712 Et

452 3748 576 3818 quia
610 3749 662 3802 in
690 3749 1076 3818 prtedicatione
1100 3749 1287 3804 eadem
1309 3748 1504 3802 bellum
1528 3757 1713 3803 contra
1736 3747 1912 3802 aerias
1931 3761 2029 3817 po-

455 3849 679 3896 testates
706 3852 955 3903 sumunt,
992 3850 1137 3896 recte
1180 3840 1525 3911 subiungitur
1550 3859 1562 3893 :
1591 3859 1610 3892 ‹
1651 3840 1717 3894 Et
1748 3853 1915 3895 sonus
1946 3853 2032 3893 ca-

454 3941 712 3988 strorum.
747 3952 764 3983 »
792 3931 925 3985 Cum
953 3932 1096 3984 enim
1123 3933 1327 3985 sanctis
1355 3931 1803 4000 praedicatoribus
1846 3930 2031 3985 ﬁdeles

456 4020 638 4091 populi
684 4018 1112 4089 coniunguntur,
1160 4029 1347 4074 contra
1396 4020 1659 4090 malignos
1708 4019 1931 4090 spiritus
1976 4019 2030 4073 in

457 4115 735 4185 procinctu
766 4111 889 4168 ﬁdei
917 4111 1287 4167 multitudines
1310 4121 1615 4166 castrorum
1640 4111 1795 4177 ﬁunt,
1823 4120 1881 4167 et
1903 4111 2031 4165 dum

459 4207 699 4277 quotidie
729 4205 915 4261 ﬁdeles
941 4205 1138 4274 quique
1169 4204 1478 4260 cmlestibus
1511 4204 1794 4259 desideriis
1823 4204 2032 4275 replen-

458 4311 568 4362 tur,
614 4308 826 4353 terrena
875 4296 1210 4364 despiciunt,
1261 4295 1394 4350 dura
1442 4295 1543 4349 sibi
1587 4296 1884 4350 certamina
1936 4309 2033 4365 pro

455 4406 640 4445 arnore
669 4398 886 4444 atternte
910 4386 1100 4456 patria:
1131 4396 1457 4456 proponunt.
1491 4386 1692 4441 Contra
1736 4394 2030 4455 potestates

457 4483 635 4537 aerias
663 4488 839 4535 castra
873 4478 1025 4542 ﬁunt,
1055 4477 1181 4546 quin
1224 4477 1419 4531 armati
1447 4476 1552 4532 ﬁde
1581 4486 1635 4531 et
1674 4476 1831 4531 bonis
1853 4478 2030 4546 operi-

456 4574 559 4628 bus
581 4573 769 4627 muniti
790 4571 1134 4642 gradiuntur;
1161 4569 1314 4639 quasi
1335 4570 1476 4623 enim
1500 4569 1822 4639 quibusdam
1839 4569 2032 4623 castris

457 4664 749 4733 spiritualis
786 4662 1060 4717 exercitus
1106 4676 1205 4730 per
1244 4658 1467 4714 Paulum
1498 4659 1738 4714 dicitur:
1777 4678 1795 4708 ί
1823 4657 2031 4713 Induite

456 4769 554 4809 vos
580 4761 855 4807 armatura
885 4752 978 4806 Dei
1011 4760 1070 4806 ut
1096 4752 1317 4821 possitis
1341 4760 1488 4805 stare
1517 4749 1780 4805 adversus
1807 4748 2030 4803 insidias

456 4846 677 4910 diaboli,
702 4846 830 4916 quia
858 4861 963 4899 non
986 4852 1070 4899 est
1097 4843 1251 4899 nobis
1271 4841 1581 4898 colluctatio
1616 4841 1876 4895 adversus
1904 4854 2028 4893 car-

457 4955 579 4995 nem
607 4948 662 4993 et
686 4939 1022 5006 sanguinem,
1045 4939 1140 4991 sed
1161 4938 1420 4991 adversus
1446 4936 1778 5006 principatus
1800 4944 1853 4989 et
1875 4944 2027 5003 pote-

455 5038 653 5092 states,
680 5038 736 5082 et
757 5029 1015 5081 adversus
1055 5026 1238 5081 mundi
1281 5035 1519 5081 rectores
1549 5026 1895 5080 tenebrarum
1933 5025 2029 5078 ha-

456 5135 597 5182 rum,
621 5127 812 5173 contra
835 5116 1098 5186 spiritalia
1121 5115 1374 5184 nequitite
1398 5116 1451 5169 in
1477 5115 1789 5170 coelestibus
1806 5112 2022 5185 (Ep/tes.

453 5211 553 5285 vn).
587 5230 605 5263 ι
639 5209 963 5265 Sanctorum
1003 5215 1183 5262 autem
1225 5206 1593 5262 multitudines
1632 5214 1812 5261 castra
1860 5205 2025 5270 ﬁunt,

453 5317 574 5373 quae
592 5302 791 5358 bellum
814 5309 1001 5355 contra
1023 5298 1200 5353 aerias
1226 5306 1523 5367 potestates
1545 5305 1920 5366 susceperunt.
1953 5298 2028 5351 De

454 5394 658 5449 sanctis
680 5407 807 5447 vero
832 5390 1153 5445 animalibus
1179 5389 1354 5444 adhuc
1375 5390 1639 5444 subditur.

530 5503 550 5535 ς
580 5484 822 5552 Cumque
853 5490 1081 5545 starent,
1112 5480 1520 5536 dimittebantur
1548 5493 1739 5548 penna:
1763 5493 1970 5533 comm.
2006 5495 2023 5526 ι

455 5573 724 5645 (ΙΙὶενοη.)
754 5572 1033 5629 Stantibus
1053 5582 1232 5627 autem
1258 5571 1606 5627 animalibus.
1622 5568 2031 5625 dimittebantnr

455 5665 553 5718 ala:
583 5681 788 5720 eorum.
824 5667 1017 5720 Vocem
1048 5665 1192 5719 enim
1225 5663 1317 5718 Dei
1347 5662 1737 5731 tmtuipotemis
1771 5677 2030 5716 resonan-

2127 1844 2386 1899 sentimus
2414 1844 2479 1898 de
2508 1842 2730 1913 angelis,
2766 1851 2820 1896 et
2857 1843 3197 1912 postmodum
3236 1844 3303 1897 dc
3351 1842 3580 1896 Domino
3610 1857 3706 1894 an-

2127 1933 2363 2002 gelorum
2401 1932 2701 2003 loquamur.
2736 1932 2875 1988 Ecce
2907 1933 3048 1988 enim
3079 1934 3311 1988 dicitur:
3343 1951 3363 1984 ε
3388 1933 3525 1988 Cum
3556 1934 3707 1987 ﬁeret

2128 2040 2227 2079 vox
2280 2040 2438 2094 super
2488 2023 2906 2087 ﬁrmamentum,
2957 2024 3172 2079 stabant
3218 2014 3274 2078 et
3313 2022 3707 2078 subtnittebaut

2129 2119 2243 2172 alas
2273 2132 2417 2172 suas.
2441 2136 2459 2168 ι
2492 2116 2608 2184 Quo
2637 2117 2690 2170 in
2729 2116 2849 2171 loco
2876 2117 2977 2171 hoc
3004 2116 3278 2171 sciendum
3312 2123 3399 2170 est
3424 2115 3552 2185 quia
3585 2115 3709 2170 sub-

2129 2210 2342 2264 mittere
2363 2224 2467 2262 non
2494 2210 2563 2264 ab
2597 2208 2837 2263 inferiori
2867 2208 2933 2262 ad
2962 2208 3236 2277 superiora
3265 2210 3507 2273 tendere,
3546 2208 3642 2261 sed
3678 2224 3710 2261 a

2128 2300 2389 2371 superiori
2435 2301 2500 2354 ad
2560 2300 2812 2356 inferiora
2862 2300 2975 2355 alas
3021 2302 3289 2371 deponere
3337 2300 3502 2357 debet
3557 2301 3711 2357 intel-

2129 2393 2239 2465 ligi,
2269 2403 2487 2464 propter
2534 2394 2635 2448 hoc
2677 2393 2818 2463 quod
2856 2393 3192 2462 prtemissum
3225 2401 3343 2448 est:
3382 2414 3400 2444 ε
3430 2392 3571 2449 Cum
3605 2403 3714 2447 sta-

2130 2494 2266 2546 rent,
2293 2484 2703 2538 dimittebantnr
2731 2500 2921 2554 penna:
2945 2498 3153 2539 eorum.
3180 2504 3199 2536 θ
3220 2482 3580 2550 Quaerendum
3616 2499 3710 2538 no»

2128 2574 2213 2628 bis
2239 2583 2321 2629 est
2352 2575 2531 2644 itaque
2562 2590 2681 2644 quae
2709 2575 2779 2630 sit
2807 2590 2929 2640 vox,
2960 2591 3080 2645 qua:
3117 2591 3279 2645 super
3308 2574 3712 2645 ﬁrmamentum

2131 2666 2208 2720 ﬁt.
2251 2664 2357 2719 Sed
2402 2666 2648 2720 eamdem
2681 2681 2863 2721 vocem
2898 2666 3089 2721 melius
3131 2665 3500 2737 intelligimus,
3550 2667 3597 2720 si
3644 2667 3712 2720 ab

2129 2755 2331 2810 inlimis
2373 2756 2440 2809 ad
2485 2755 2766 2825 superiora
2816 2757 3140 2827 gradientes,
3189 2756 3341 2826 quasi
3385 2755 3712 2825 quibusdam

2130 2846 2374 2915 passibus
2419 2846 2793 2911 ascendamus,
2840 2846 2982 2900 sicttt
3032 2845 3247 2901 auditus
3286 2846 3531 2915 corporis
3561 2845 3711 2899 exei-

2134 2945 2279 2991 tatur
2305 2952 2453 3000 voce,
2501 2937 2575 2991 ita
2613 2953 2805 2992 sensus
2845 2938 3043 2992 mentis
3086 2938 3357 2993 excitatur
3409 2938 3714 3001 intellectu,

2132 3029 2223 3098 qui
2255 3029 2321 3085 de
2356 3029 2704 3085 interioribus
2730 3029 2927 3100 agitur.
2969 3030 3086 3084 Vox
3127 3044 3256 3099 ergo
3290 3038 3375 3084 est
3418 3029 3471 3083 ia
3509 3040 3713 3093 mente,

2134 3120 2288 3189 quasi
2322 3120 2539 3189 quidam
2568 3136 2732 3175 sonus
2760 3119 3140 3189 intelligentiae.
3187 3120 3293 3175 Sed
3323 3120 3604 3175 sciendum
3628 3132 3718 3175 est

2131 3212 2256 3282 quia
2281 3213 2485 3267 nostris
2509 3213 2756 3268 sensibus
2779 3213 3070 3284 aliquando
3097 3229 3198 3270 vox
3234 3215 3415 3269 carnis
3450 3216 3717 3285 loquitur,

2133 3301 2424 3370 aliquando
2469 3317 2571 3357 vox
2617 3302 2828 3369 animm,
2876 3302 3162 3372 aliquando
3199 3318 3303 3359 vox
3351 3303 3717 3369 ﬁrmamenti,

2131 3394 2418 3465 aliquando
2447 3411 2547 3450 vox
2593 3412 2714 3465 qua:
2750 3412 2911 3467 super
2949 3396 3344 3452 ﬁrmamentum
3391 3406 3494 3452 est.
3528 3398 3715 3452 Pona-

2131 3499 2251 3539 mus
2277 3484 2422 3539 enim
2450 3495 2574 3540 ante
2618 3485 2823 3550 oculos,
2853 3487 2995 3555 quod
3033 3486 3297 3557 quispiam
3326 3486 3486 3542 ltesus
3514 3501 3545 3539 a
3588 3501 3718 3555 pro-

2132 3577 2279 3630 ximo
2307 3575 2407 3639 sit,
2452 3577 2544 3646 qui
2572 3592 2635 3631 ex
2682 3577 2913 3631 humana
2964 3577 3172 3631 ratione
3194 3577 3395 3646 cogitat
3436 3585 3495 3630 ut
3537 3577 3716 3631 vicem

2132 3667 2334 3723 lacsioni
2369 3669 2575 3734 reddat,
2608 3668 2808 3723 malum
2840 3684 2937 3739 pro
2968 3669 3108 3724 malo
3129 3670 3409 3724 retribuat.
3443 3669 3582 3726 Iluic
3609 3686 3713 3725 vox

2132 3758 2312 3812 carnis
2340 3758 2576 3827 loquitur
2604 3760 2656 3813 in
2692 3768 2871 3814 mente
2896 3778 2909 3813 :
2947 3760 3072 3830 quia
3099 3776 3223 3815 cum
3248 3761 3429 3815 divina
3455 3762 3714 3816 mandata

2133 3848 2443 3917 praecipiant
2476 3848 2689 3919 (Matth.
2730 3849 2807 3917 v),
2844 3849 2982 3905 bene
3024 3866 3121 3905 nos
3151 3850 3327 3905 facere
3355 3852 3438 3905 his
3474 3853 3566 3921 qui
3615 3868 3717 3909 nos

2133 3953 2166 3990 o
2187 3937 2381 4003 ierunt,
2410 3938 2656 4007 quisquis
2698 3939 3019 3994 malefacere
3048 3955 3107 3994 se
3152 3939 3456 3995 odientibus
3485 3943 3713 4011 cogitat,

2134 4030 2185 4084 in
2214 4032 2329 4101 ejus
2356 4031 2534 4085 animo
2557 4032 2739 4088 carnis
2775 4050 2876 4087 vox
2906 4042 3082 4088 sonat.
3128 4033 3289 4087 Multa
3330 4040 3545 4087 terrena
3578 4050 3714 4104 quo-

2135 4123 2261 4176 tidie
2293 4123 2520 4193 agimus,
2551 4132 2671 4193 post
2711 4124 2826 4179 haec
2868 4124 2934 4178 ad
2969 4124 3270 4180 orationem
3314 4124 3575 4188 redimus,
3622 4139 3713 4180 ac-

2132 4214 2381 4268 cenditur
2408 4213 2476 4267 ad
2511 4215 2980 4284 compunctionem
3013 4213 3245 4278 animus,
3276 4213 3368 4267 sed
3409 4228 3601 4267 earum
3631 4228 3716 4267 re-

2136 4317 2276 4366 rum,
2302 4318 2438 4371 quas
2468 4302 2971 4374 egimus,imagines
3000 4309 3283 4358 versantur
3322 4302 3374 4355 in
3423 4311 3624 4364 mente,
3661 4310 3714 4356 et

2136 4392 2485 4446 intentionem
2528 4391 2955 4460 compunctionis
2984 4389 3316 4461 praepediant
3349 4389 3405 4442 in
3442 4390 3712 4454 oratione,

2134 4487 2190 4534 et
2216 4481 2359 4549 quod
2388 4480 2629 4534 voicntcs
2666 4478 2795 4533 foris
2821 4480 3050 4549 egimus,
3082 4480 3183 4534 hoc
3215 4479 3442 4533 interius
3478 4480 3715 4548 patimur

2136 4568 2289 4622 inviti
2318 4587 2331 4622 :
2359 4577 2418 4622 ut
2453 4568 2696 4637 quaedam
2723 4570 3107 4639 cogitationum
3138 4569 3521 4638 phantasmata
3567 4585 3709 4623 men-

2136 4669 2242 4717 te.n
2284 4677 2381 4732 per
2424 4664 2684 4733 imagines
2709 4677 2995 4731 eorpureas
3024 4662 3356 4731 dispergant,
3403 4677 3473 4716 ne
3522 4663 3708 4718 stricte

2135 4766 2195 4806 se
2225 4761 2390 4806 totam
2417 4752 2470 4807 in
2498 4752 2739 4806 oratione
2763 4751 2997 4820 colligat.
3026 4750 3150 4804 ll.ec
3175 4766 3388 4820 quoque
3405 4766 3511 4805 vox
3536 4753 3710 4806 carnis

2134 4851 2236 4896 cst.
2276 4842 2410 4896 Cum
2446 4856 2573 4896 vero
2617 4849 2672 4895 et
2717 4840 2821 4895 ista
2861 4840 3176 4910 subigimus,
3215 4849 3378 4909 atque
3427 4841 3499 4896 ab
3547 4842 3711 4895 oculis

2137 4933 2334 4988 mentis
2375 4940 2597 4987 cunctas
2627 4947 2918 5003 corporeas
2966 4933 3226 5000 imagines
3259 4931 3583 5003 cliugamus,
3636 4934 3707 5003 ip-

2135 5042 2250 5080 sam
2303 5025 2354 5079 in
2403 5024 2805 5094 nobismetipsis
2860 5035 3109 5077 naturam
3163 5024 3357 5077 anima:
3409 5033 3715 5093 qua‘rcntes

2133 5116 2306 5186 qualis
2331 5116 2423 5180 sit,
2451 5130 2570 5184 qua:
2601 5130 2819 5168 carnem
2865 5113 3138 5167 viviﬁcare
3165 5121 3364 5182 potest,
3394 5112 3491 5166 sed
3526 5121 3708 5167 semet-

2133 5208 2303 5279 ipsam
2334 5206 2600 5275 stringere
2643 5206 2696 5259 in
2744 5206 2900 5259 bonis
2940 5204 3357 5275 cogitationibus
3389 5206 3536 5259 sicut
3575 5205 3708 5261 desi-

2131 5298 2283 5353 derat
2318 5312 2429 5355 non
2455 5304 2668 5366 potest:
2698 5295 3003 5351 invenimus
3043 5297 3329 5365 quemdam
3374 5295 3707 5351 intellectua-

2129 5385 2233 5440 lem
2282 5387 2531 5455 spiritum
2576 5400 2673 5455 per
2728 5386 2993 5441 creatoris
3049 5386 3343 5455 potentiam
3397 5385 3703 5449 viventem,

2131 5492 2324 5547 corpus
2351 5480 2492 5548 quod
2536 5478 2766 5534 sustinet
2794 5478 3176 5543 viviﬁcantem,
3220 5480 3314 5533 sed
3360 5486 3543 5532 tamen
3581 5478 3711 5532 obii-

2132 5569 2272 5624 vioni
2302 5570 2601 5634 subditum,
2630 5569 2972 5624 mutabilitati
3012 5569 3332 5639 subjecttun,
3365 5587 3529 5639 quem
3574 5585 3705 5635 sape

2133 5663 2295 5716 timor
2336 5662 2516 5729 allicit,
2552 5662 2735 5718 Letitia
2764 5662 2992 5718 extollit.
3030 5661 3146 5731 ipse
3177 5662 3360 5731 itaque
3410 5661 3708 5715 intellectus
