3950 6184
258 271 357 326 διι

1252 270 1608 329 COMMENT.
1650 271 1715 326 IN
1756 266 2207 324 EZECHIELEM.
2243 299 2318 311 —
2353 266 2482 323 LIB.
2522 267 2587 323 11.

3428 264 3534 319 512

256 385 456 440 anima:
484 399 591 439 vox
610 383 729 453 ejus
749 392 856 448 est,
879 384 1007 453 quia
1038 391 1197 439 sonat
1217 383 1362 453 quod
1386 392 1494 449 est,
1520 398 1642 452 qua:
1669 391 1850 437 tamen
1881 385 1924 443 Α
1954 390 2137 435 monet
2181 380 2368 435 dicens
2405 396 2417 430 :
2449 397 2468 429 ι
2498 377 2692 433 Venite
2736 384 2792 430 et
2838 375 3019 430 videte
3072 387 3235 444 opera
3282 372 3494 428 Domini
3513 413 3530 438 ,

255 476 440 530 adhuc
461 490 570 530 vox
599 475 700 529 sub
735 473 1077 529 ﬁrmamento
1118 482 1221 528 est.
1255 473 1360 528 Sed
1403 471 1850 527 transcendentes

255 566 526 631 animm,
551 579 741 620 vocem
766 564 833 620 de
869 564 1211 618 ﬁrmamento
1235 563 1529 631 quaerimus
1556 579 1570 615 :
1602 574 1727 615 cum
1759 558 1849 614 illa

254 668 577 712 sanctorum
607 655 923 728 angelorum
962 656 1247 711 innumera
1275 655 1563 709 multitudo
1591 655 1644 709 in
1678 654 1852 708 omni-

256 748 503 819 potentis
529 747 744 803 Domini
773 755 1068 818 conspectu
1115 747 1293 817 qualis
1322 747 1395 802 sit
1439 746 1848 817 investigamus,

255 856 385 909 qua:
409 840 481 894 sit
509 840 564 894 in
593 840 675 894 eis
714 838 833 893 sine
880 838 986 893 line
1016 839 1277 893 festivitas
1303 838 1526 893 visionis
1572 837 1701 899 Dei,
1732 851 1852 905 qua:

255 931 451 986 Letitia
490 930 608 984 sine
648 927 881 995 defectu,
911 930 1002 998 qui
1042 934 1243 984 amoris
1271 929 1435 984 ardor
1460 911 1565 983 noon
1602 928 1851 983 crucians

255 1021 363 1076 sed
395 1021 688 1086 delectans,
719 1029 979 1090 quantum
1010 1020 1064 1075 in
1104 1021 1185 1076 eis
1229 1021 1300 1075 sit
1333 1021 1662 1076 desiderium
1694 1021 1854 1075 visio-

257 1114 355 1168 nis
379 1112 474 1168 Dei
505 1128 628 1168 cum
655 1114 929 1177 satietate,
956 1120 1012 1166 et
1053 1121 1252 1182 quanta
1282 1112 1505 1167 satietas
1542 1126 1663 1165 cum
1712 1110 1849 1165 desi-

256 1205 443 1269 derio,
488 1203 542 1256 in
589 1204 786 1272 quibus
820 1218 921 1258 nec
963 1204 1288 1258 desiderium
1330 1217 1548 1274 pmnam
1597 1212 1850 1271 generat,

259 1308 372 1349 nec
423 1296 646 1351 satietas
690 1296 967 1352 fastidium
1007 1298 1181 1367 parit,
1225 1298 1495 1369 quomodo
1539 1296 1853 1352 inhzerendo

255 1385 589 1441 beatitudini
614 1386 726 1441 sint
753 1387 916 1451 beati,
958 1389 1228 1457 quomodo
1261 1387 1672 1457 contemplando
1714 1401 1855 1441 sem-

256 1490 368 1546 per
403 1476 704 1531 aeternitate
732 1476 843 1531 sint
883 1478 1094 1544 interni,
1126 1479 1394 1548 quomodo
1424 1476 1696 1548 conjuncti
1726 1490 1854 1530 vero

257 1565 458 1619 lumini
507 1564 634 1620 facti
669 1575 794 1621 sunt
829 1566 944 1632 lux,
974 1569 1242 1637 quomodo
1287 1568 1611 1637 aspicientes
1639 1581 1854 1636 semper

260 1659 326 1711 in
369 1658 885 1725 incommutabilem,
932 1660 1123 1714 mutati
1181 1661 1293 1715 sint
1341 1658 1857 1715 incommutabilita-

1949 483 2111 537 quam
2155 465 2415 522 terribilis
2464 466 2517 519 in
2565 463 2806 521 consiliis
2857 478 3022 533 super
3071 461 3210 516 ﬁlios
3258 462 3534 515 hominum

1951 555 2123 629 (Paul.
2158 559 2305 627 ιη).
2336 576 2355 608 ι
2397 556 2530 623 Quis
2569 556 2719 610 enim
2760 556 2918 625 digne
2962 555 3314 609 considerare
3360 553 3538 607 valeat

1949 655 2188 718 quantus
2211 661 2479 716 supernus
2505 654 2679 700 terror
2703 646 2775 699 sit
2801 644 3150 700 consiliorum
3175 642 3294 708 Dei,
3320 644 3539 711 quando

1950 745 2004 792 et
2052 737 2192 791 alter
2221 752 2289 792 ex
2336 736 2628 791 virtutibus
2674 736 2727 789 in
2775 734 2936 791 ﬁnem
2987 735 3162 790 tendit
3195 734 3262 787 ad
3300 734 3539 797 vitia,‘et

1951 826 2091 881 alter
2110 842 2141 881 a
2161 827 2310 882 vitiis
2332 826 2387 880 in
2414 825 2705 879 virtutibus
2734 823 3006 879 concludit
3031 823 3213 887 ﬁnem,
3237 822 3362 891 quia
3383 821 3540 889 juxta

1952 915 2261 972 Salomonis
2307 930 2495 971 vocem
2542 914 2779 986 (Eccles.
2830 930 2965 979 vui,
3017 917 3145 983 Ix):
3185 932 3203 964 ‹
3244 911 3539 979 Suntjusti

1951 1008 2019 1062 ad
2040 1022 2178 1077 quos
2201 1006 2465 1076 pervenit,
2489 1005 2644 1075 quasi
2679 1019 2815 1073 opus
2847 1004 3134 1081 impiorum
3162 1021 3176 1057 :
3205 1013 3260 1057 et
3287 1012 3414 1058 sunt
3434 1004 3536 1057 im-

1952 1098 2049 1168 pii,
2077 1097 2145 1152 ad
2173 1111 2309 1167 quos
2336 1096 2603 1166 pervenit,
2635 1095 2793 1164 quasi
2819 1109 2957 1163 opus
2987 1091 3257 1161 iustorum
3287 1111 3299 1145 :
3330 1101 3385 1148 et
3413 1100 3543 1148 sunt

1948 1191 2083 1262 justi
2114 1198 2278 1259 atque
2300 1190 2596 1259 sapientes,
2626 1187 2721 1243 sed
2742 1202 2904 1257 opera
2933 1201 3121 1242 eorum
3150 1186 3204 1239 in
3234 1200 3395 1239 manu
3421 1185 3540 1239 Dei.

1954 1280 2022 1334 Et
2068 1288 2246 1334 tamen
2291 1278 2464 1333 nescit
2511 1278 2672 1332 homo
2721 1286 2900 1329 utrum
2942 1290 3127 1329 amore
3170 1289 3239 1328 an
3294 1273 3419 1329 odio
3463 1274 3547 1328 di-

1954 1385 2092 1440 gnus
2132 1369 2231 1434 sit,
2281 1368 2375 1423 sed
2404 1367 2587 1422 omnia
2638 1367 2689 1420 in
2736 1364 2918 1419 futuro
2948 1371 3232 1419 servantur
3265 1364 3488 1418 incerta.
3521 1380 3541 1414 ι

1956 1461 2044 1524 Ει,
2074 1464 2203 1519 «Est
2232 1460 2316 1513 via
2360 1474 2482 1529 quae
2535 1458 2749 1513 videtur
2789 1457 3100 1511 hominibus
3155 1464 3323 1521 recta,
3361 1465 3417 1509 et
3444 1470 3547 1509 no-

1957 1551 2178 1606 vissima
2216 1550 2334 1620 ejus
2372 1550 2577 1604 ducunt
2637 1548 2705 1603 ad
2752 1556 2982 1602 mortem
3022 1544 3307 1617 (Proverb.
3345 1540 3491 1618 xiv).
3524 1564 3544 1597 ι

1962 1641 2090 1698 Hac
2123 1641 2308 1710 itaque
2351 1639 2564 1698 occulta
2590 1637 2859 1708 profunda
2884 1635 3091 1704 judicia
3126 1636 3390 1706 cogitare,
3420 1634 3549 1704 quid

260 1756 398 1802 tem.
434 1746 542 1803 Sed
569 1762 693 1802 cum
723 1748 825 1803 ista
851 1749 919 1804 de
946 1749 1155 1820 angelis
1181 1749 1501 1821 cogitamus,
1538 1748 1716 1803 adhuc
1742 1761 1848 1801 γοχ
1881 1732 1924 1790 Β
1950 1746 2034 1793 est
2063 1735 2207 1790 aliud
2256 1750 2417 1804 quam
2448 1733 2564 1788 alas
2593 1733 2882 1801 deponere,
2931 1731 2983 1784 id
3011 1738 3114 1793 est,
3147 1729 3215 1785 de
3242 1726 3549 1821 nullaAvir-

258 1849 355 1893 est
377 1838 445 1893 de
489 1839 831 1895 ﬁrmamento
858 1856 962 1894 non
995 1856 1157 1911 super
1187 1840 1604 1895 ﬁrmamentum.
1655 1839 1855 1893 Trans-

258 1941 358 1986 eat
385 1945 519 2001 ergo
544 1930 779 1996 animus,
806 1939 864 1986 et
888 1933 957 1987 ab
987 1932 1121 2001 ipsis
1151 1932 1499 1987 transcendat
1526 1945 1685 1985 omne
1713 1928 1857 1999 quod

260 2030 515 2076 creatum
540 2029 645 2085 est,
689 2021 743 2075 in
782 2020 897 2075 solo
928 2023 1187 2076 creatoris
1216 2023 1297 2077 sui
1329 2022 1531 2075 lumine
1576 2020 1699 2074 ﬁdei
1727 2035 1858 2073 ocu-

260 2108 351 2165 los
394 2110 557 2181 ﬁgat,
606 2111 751 2179 quod
810 2126 949 2165 unus
994 2111 1233 2167 viviﬁcet
1270 2112 1472 2178 omnia,
1514 2111 1606 2181 qui
1652 2110 1859 2165 creavit

261 2198 436 2264 Deus,
464 2201 610 2270 quod
636 2201 834 2270 ubique
856 2211 958 2267 est,
989 2211 1045 2257 et
1073 2202 1270 2273 ubique
1298 2212 1442 2258 totus
1466 2211 1573 2268 est,
1599 2202 1741 2273 quod
1775 2202 1858 2256 in-

262 2291 718 2361 circumscriptus
755 2300 809 2346 et
842 2293 1406 2363 incomprehensibilis
1434 2294 1624 2349 sentiri
1656 2301 1856 2364 potest,

262 2392 323 2436 et
349 2381 523 2436 videri
554 2396 659 2436 non
690 2391 887 2451 petest,
916 2385 1059 2453 quod
1091 2399 1353 2453 nusquam
1385 2385 1557 2445 deest.
1590 2392 1647 2438 et
1678 2392 1859 2437 tamen

262 2475 337 2530 ab
366 2474 684 2544 iniquorum
712 2474 1131 2545 cogitationibus
1161 2477 1315 2545 longe
1347 2484 1447 2536 est,
1482 2474 1623 2544 qucd
1656 2489 1756 2529 nec
1785 2474 1858 2529 ibi

264 2564 445 2628 deest,
470 2562 564 2617 ubi
606 2562 764 2634 longe
795 2572 898 2628 est,
931 2565 1054 2633 quia
1086 2563 1175 2618 ubi
1202 2579 1310 2618 non
1338 2572 1421 2620 est
1465 2579 1563 2633 per
1606 2565 1858 2635 gratiam,

264 2655 425 2708 adest
452 2666 556 2722 per
583 2653 895 2719 vindictam,
930 2655 1075 2724 quod
1103 2655 1284 2710 omnia
1314 2656 1503 2726 tangit,
1544 2671 1643 2710 nec
1681 2663 1860 2709 tamen

264 2743 557 2814 aqualiter
576 2744 758 2799 omnia
788 2746 979 2817 tangit,
1004 2748 1252 2817 quaedam
1279 2747 1424 2802 enim
1457 2747 1625 2818 tangit
1646 2756 1708 2802 ut
1732 2749 1860 2813 sint,

266 2851 371 2891 nec
404 2843 589 2890 tamen
614 2844 678 2890 ut
721 2836 900 2892 vivant
935 2846 992 2893 et
1037 2839 1297 2903 sentiant,
1328 2838 1471 2894 sicut
1501 2847 1628 2894 sunt
1669 2848 1862 2894 cuncta

266 2924 630 2991 bisensibilia,
656 2925 904 2996 quredam
934 2928 1105 2999 tangit
1128 2937 1189 2983 ut
1208 2930 1347 2994 sint,
1374 2930 1576 2993 vivant,
1603 2931 1862 2995 sentiant,

265 3032 370 3073 nee
401 3026 589 3073 tamen
618 3027 680 3073 ut
705 3017 1039 3085 discernant,
1067 3020 1208 3075 sicut
1233 3029 1360 3076 sunt
1399 3021 1556 3075 bruta
1587 3020 1862 3087 animalia,

263 3109 526 3179 quaadam
571 3110 770 3180 tangit,
815 3116 876 3165 ut
921 3110 1137 3175 vivant,
1180 3112 1416 3173 sentiant
1439 3119 1495 3166 et
1528 3111 1859 3176 discernunt,

264 3201 415 3256 sicut
460 3208 549 3255 est
592 3201 826 3256 humana
874 3210 1069 3256 natura
1116 3209 1173 3256 et
1205 3201 1467 3270 angelica.
1501 3201 1718 3255 Etcum
1750 3201 1864 3270 ipse

267 3306 556 3361 nunquam
595 3290 698 3346 sibi
735 3292 808 3346 sit
838 3291 1136 3356 dissimilis,
1168 3290 1507 3346 dissimiliter
1532 3299 1709 3345 tamen
1747 3300 1866 3344 tan-

268 3380 353 3449 git
383 3378 696 3434 dissimilia.
723 3379 876 3447 Quod
905 3380 1106 3450 ubique
1136 3396 1376 3451 prresens
1403 3389 1504 3445 est,
1536 3388 1592 3434 et
1634 3380 1864 3434 inveniri

268 3470 361 3524 vix
404 3477 606 3539 potest.
663 3470 815 3537 Quod
858 3479 1091 3526 stantem
1141 3472 1439 3541 sequimur,
1478 3480 1535 3525 et
1564 3470 1864 3540 apprehen-

268 3558 406 3613 dere
444 3573 552 3613 non
587 3559 849 3614 valemus.
874 3559 1148 3615 Ponamus
1187 3576 1316 3630 ergo
1343 3573 1470 3616 ante
1505 3561 1693 3615 oculos
1725 3575 1870 3614 men-

269 3654 362 3713 tis,
394 3666 522 3719 qua:
548 3650 641 3705 illa
671 3660 861 3706 natura
891 3653 963 3707 sit
988 3668 1108 3722 qua:
1138 3660 1284 3707 tenet
1311 3653 1514 3718 omnia,
1548 3652 1731 3722 implet
1757 3666 1868 3707 om-

272 3743 406 3806 nia,
455 3741 918 3811 circumplectitur
977 3744 1192 3808 omnia,
1237 3744 1618 3813 superexcedit
1664 3743 1864 3809 omnia,

276 3830 522 3886 sustinet
561 3831 742 3885 omnia
773 3872 788 3896 ,
835 3847 935 3888 nec
971 3833 1075 3887 alia
1125 3848 1191 3889 ex
1237 3843 1391 3903 parte
1440 3834 1671 3889 sustinet
1708 3843 1869 3903 atque

270 3924 382 3977 alia
413 3924 812 3992 superexcedit,
836 3939 1012 3994 neque
1040 3924 1146 3980 alia
1189 3940 1257 3981 ex
1298 3934 1453 3995 parte
1495 3925 1682 3995 implet
1709 3935 1870 3993 atque

274 4016 776 4086 circumplectitur,
832 4016 928 4071 sed
970 4015 1463 4085 circumplectendo
1505 4014 1720 4085 implet,
1771 4014 1871 4067 im-

271 4109 480 4180 plendo
537 4106 1023 4177 circumplectitur,
1097 4106 1416 4161 sustinendo
1459 4104 1867 4176 superexcedit,

273 4196 762 4268 superexcedendo
807 4197 1067 4263 sustinet,
1116 4194 1271 4265 cujus
1322 4204 1531 4250 natura:
1573 4194 1868 4266 potentiam

272 4303 405 4344 cum
435 4286 663 4341 strictus
689 4287 743 4341 in
767 4300 832 4340 ea
867 4288 1069 4357 cogitat
1104 4288 1339 4352 animus,
1368 4301 1471 4340 vox
1506 4301 1668 4355 super
1690 4286 1872 4339 ﬁrma-

275 4389 531 4436 mentum
563 4377 655 4443 ﬁt,
692 4379 819 4449 quia
849 4379 967 4449 ejus
1012 4379 1340 4434 intellectum
1382 4379 1664 4448 concepit,
1696 4377 1786 4447 qui
1817 4385 1873 4431 et

273 4471 603 4543 angelorum
630 4484 850 4524 sensum
879 4485 975 4524 sua
1013 4468 1657 4538 incomprehensibilitate
1695 4476 1873 4521 trans-

275 4562 487 4618 cendit.
516 4558 650 4614 Cum
678 4574 808 4630 ergo
846 4574 947 4613 vox
989 4574 1152 4627 super
1184 4558 1581 4612 ﬁrmamentum
1614 4556 1696 4621 lit,
1727 4564 1873 4610 stant

276 4652 569 4718 animalia,
596 4660 650 4707 et
687 4651 1014 4707 submittunt
1058 4651 1172 4705 alas
1210 4666 1355 4714 suas,
1387 4652 1510 4720 quia
1562 4658 1872 4705 sanctorum

278 4751 499 4799 mentes
540 4758 668 4799 cum
715 4743 979 4798 creatoris
1026 4743 1110 4797 sui
1147 4742 1446 4812 potentiam
1488 4743 1696 4797 intenta
1739 4756 1873 4796 con-

280 4835 641 4907 templatione
696 4835 1084 4899 considerant,
1133 4834 1400 4889 vilescunt
1449 4846 1635 4886 eorum
1694 4832 1876 4884 animo

279 4928 520 4981 virtutes
544 4938 682 4993 quas
716 4925 933 4978 habent.
966 4923 1033 4977 Et
1071 4931 1220 4977 tanto
1252 4922 1386 4977 liunt
1424 4922 1562 4993 apud
1603 4936 1663 4976 se
1702 4920 1880 4975 innui-

282 5010 385 5083 les,
419 5027 625 5088 quanto
654 5017 783 5071 illud
812 5018 894 5074 eis
919 5016 1088 5071 altum
1134 5022 1239 5079 est,
1283 5015 1425 5085 quod
1456 5030 1619 5084 super
1661 5014 1879 5083 angelos

284 5119 470 5165 sonat.
502 5107 658 5179 Saepe
705 5107 869 5163 etiam
918 5115 1232 5162 sanctorum
1275 5104 1693 5173 cogitationibus
1739 5104 1875 5172 ipsa,

284 5217 412 5271 qua:
461 5198 665 5255 habent
703 5200 843 5254 bona
882 5198 1251 5261 blandiuntur,
1280 5205 1342 5251 ut
1364 5210 1551 5251 eorum
1586 5203 1793 5250 mentes
1824 5194 1877 5246 in

287 5294 473 5361 aliqua
506 5291 590 5346 sui
638 5290 832 5346 ﬁducia
875 5290 1105 5353 elevem,
1152 5288 1246 5343 sed
1289 5288 1535 5358 protinus
1562 5286 1629 5339 ad
1664 5284 1877 5340 occulta

291 5382 389 5436 Dei
421 5380 626 5449 judicia
657 5388 963 5443 recurrunt,
988 5379 1259 5449 quomodo
1285 5377 1375 5432 alii
1405 5393 1469 5433 ex
1499 5375 1788 5431 virtutibus
1812 5375 1880 5429 ad

293 5475 572 5533 infernum
601 5486 700 5541 per
726 5470 1018 5525 elationem
1053 5476 1332 5532 corruunt,
1366 5469 1456 5523 alii
1485 5482 1550 5522 ex
1588 5466 1734 5521 vitiis
1765 5481 1883 5519 cor-

296 5565 437 5620 recti
465 5564 533 5616 ad
562 5562 759 5617 malum
791 5577 887 5632 per
916 5560 1273 5615 humilitatem
1305 5559 1568 5613 levantur.
1599 5556 1751 5612 Unde
1785 5572 1882 5610 nos

298 5656 369 5711 ad
419 5652 779 5709 humilitatem
838 5668 1099 5708 revocans
1153 5651 1414 5723 prepheta
1468 5659 1635 5704 terret
1683 5657 1735 5702 et
1781 5647 1878 5702 ad-

1891 3072 1938 3135 C

1901 4425 1950 4485 D

1954 1834 2069 1881 tute
2095 1823 2390 1887 conﬁdere,
2422 1824 2516 1878 sed
2544 1823 2644 1877 sub
2672 1836 2866 1891 magno
2896 1821 3089 1875 timore
3117 1818 3426 1888 trepidare?

2030 1935 2050 1969 ι
2080 1916 2147 1971 Ει
2174 1930 2336 1985 super
2363 1915 2764 1968 ﬁrmamentum
2803 1912 2948 1982 quod
2978 1922 3097 1965 erat
3135 1911 3426 1965 imminens
3461 1923 3552 1963 ca-

1961 2029 1982 2063 ι
2023 2011 2122 2081 piti
2162 2026 2350 2065 eorum
2380 2009 2534 2079 quasi
2576 2017 2825 2078 aspectus
2858 2007 3049 2076 lapidis
3074 2005 3338 2075 sapphiri,
3369 2004 3556 2058 simili-

1961 2123 1980 2156 ι
2025 2105 2152 2158 tudo
2174 2103 2373 2166 throni,
2397 2110 2449 2155 et
2474 2115 2630 2171 super
2656 2099 3062 2155 similitudinem
3088 2098 3287 2161 throni,
3304 2095 3557 2151 similitu-

1961 2217 1984 2253 ι
2027 2200 2097 2256 do
2122 2200 2273 2269 quasi
2299 2208 2544 2270 aspectus
2564 2199 2800 2254 hominis
2822 2200 3072 2269 desuper,
3100 2206 3204 2253 etc.
3232 2219 3249 2250 ι
3281 2194 3554 2269 (Hieron)

1957 2289 2108 2358 Quod
2127 2289 2524 2343 ﬁrmamentum
2546 2290 2648 2351 his,
2668 2289 2758 2357 qui
2783 2290 3032 2344 deorsum
3050 2289 3458 2352 erant,hahehat
3484 2286 3558 2339 si—

1957 2380 2315 2436 militudinem
2337 2381 2576 2451 crystalli
2604 2381 2722 2436 :his
2741 2390 2942 2444 autem,
2965 2380 3057 2449 qui
3078 2395 3259 2449 supra,
3285 2379 3456 2433 instar
3481 2377 3557 2431 la-

1960 2472 2099 2542 pidis
2142 2470 2381 2540 sapphiri
2431 2472 2732 2526 videbatur.
2772 2472 2903 2538 Quae
2951 2470 3246 2525 similitudo
3291 2469 3558 2539 sapphiri,

1960 2567 2188 2620 thronus
2201 2566 2447 2635 eratejus
2459 2565 2547 2635 qui
2565 2564 2853 2621 sedebatin
2868 2564 3275 2619 similitudinem
3290 2563 3548 2618 hominis.

1962 2655 2040 2709 Ex
2060 2671 2169 2725 quo
2192 2655 2539 2727 intelligimus
2552 2663 2606 2710 et
2630 2655 3052 2720 ﬁrmamentum,
3074 2661 3129 2710 et
3147 2654 3481 2726 crystallum,
3499 2661 3558 2709 et

1962 2750 2297 2821 sapphirum,
2324 2758 2379 2804 et
2406 2750 2698 2813 hominem.
2729 2749 2785 2804 in
2808 2748 3177 2810 similitudine,
3217 2763 3324 2802 non
3374 2748 3428 2801 in
3462 2761 3556 2801 ve-

1964 2841 2127 2897 ritate
2172 2840 2485 2895 monstrari.
2536 2839 2821 2894 Hominem
2868 2848 3049 2893 autem
3111 2839 3278 2892 Deum
3340 2838 3554 2892 Patrem

1966 2934 2164 2988 debere
2191 2932 2438 3002 intelligi,
2471 2932 2640 2986 multa
2685 2932 2881 2986 docent
2927 2931 3256 2985 testimonia.
3288 2930 3331 2984 E
3362 2931 3558 3000 quibus

1967 3023 2097 3079 illud
2124 3032 2208 3079 est
2253 3023 2308 3077 in
2353 3022 2642 3094 Evangelio
2698 3021 2919 3093 (Matth.
2963 3021 3130 3093 xxI):
3169 3040 3187 3071 ι
3221 3021 3394 3075 Homo
3436 3020 3559 3091 qui-

1968 3117 2090 3172 dam
2126 3115 2390 3185 plantavit
2414 3115 2651 3180 vineam,
2680 3123 2735 3169 et
2769 3114 2968 3170 locavit
2999 3129 3120 3169 cam
3151 3113 3426 3184 agricolis,
3452 3132 3471 3165 ι
3501 3122 3559 3169 et

1968 3216 2088 3277 post
2112 3205 2409 3275 paululum,
2444 3224 2464 3256 ‹
2494 3205 2644 3260 misit
2665 3220 2872 3271 servos,
2903 3213 2961 3260 et
2979 3220 3142 3275 super
3161 3220 3350 3259 omnes
3390 3205 3555 3259 lilium

1967 3311 2143 3352 Suum.
2167 3313 2187 3347 ι
2211 3294 2555 3365 Rursumque
2578 3294 2794 3366 (Matth.
2821 3294 2961 3365 χχιι)
2990 3312 3007 3351 :
3042 3315 3060 3347 ι
3094 3295 3266 3348 Homo
3290 3294 3417 3348 fecit
3458 3312 3557 3350 nu-

1967 3386 2109 3456 ptias
2135 3384 2246 3440 ﬁlio
2274 3400 2393 3440 suo.
2417 3404 2436 3436 ι
2468 3382 2583 3438 Non
2615 3386 2757 3455 quod
2786 3385 2928 3439 ﬁlius
2954 3384 3273 3438 excludatur
3302 3399 3331 3437 a
3366 3399 3548 3453 regno,

1971 3476 2036 3530 de
2075 3490 2182 3545 quo
2229 3474 2449 3545 scripsit
2485 3474 2689 3528 Isaias:
2734 3474 2898 3529 «Vidi
2945 3473 3231 3527 Dominum
3281 3473 3555 3526 sedentem

1970 3579 2134 3634 super
2171 3564 2421 3617 thronum
2445 3562 2722 3617 excelsum
2751 3570 2807 3616 et
2842 3562 3112 3617 elevatum
3141 3560 3276 3632 (Isa.
3307 3560 3417 3633 vi);
3451 3579 3470 3612 ι
3502 3569 3561 3614 et
3592 3546 3599 3551 ’

1969 3654 2206 3709 Joannes
2233 3673 2245 3708 :
2290 3672 2310 3706 ο
2342 3654 2468 3710 [ltec
2500 3661 2704 3719 autem,
2732 3654 2926 3724 inquit,
2953 3653 3091 3707 dixit
3125 3652 3313 3716 Isaias,
3342 3651 3558 3722 quando

1969 3744 2104 3799 vidit
2127 3744 2350 3815 gloriam
2385 3743 2508 3799 Filii
2536 3743 2629 3799 Dei
2658 3740 2841 3814 (Joan.
2873 3742 2993 3813 xu),
3023 3762 3042 3795 ι
3074 3742 3170 3797 sed
3196 3743 3338 3812 quod
3369 3742 3421 3796 in
3458 3741 3558 3795 Pa-

1970 3842 2055 3891 tre
2097 3842 2302 3906 regnet,
2336 3842 2392 3889 et
2419 3833 2608 3897 Filius,
2639 3833 2821 3888 omnia
2850 3832 2993 3887 enim
3026 3832 3149 3887 Filii
3181 3832 3363 3886 Patris
3398 3839 3554 3895 sunt,

1975 3942 1995 3975 ο
2014 3924 2106 3994 qui
2132 3930 2216 3977 est
2243 3924 2421 3994 imago
2443 3924 2536 3979 Dei
2563 3923 2741 3978 Patris
2765 3924 3067 3979 invisibilis.
3095 3944 3114 3975 ι
3136 3924 3271 3979 Nam
3294 3931 3348 3979 el.
3378 3924 3429 3977 in
3455 3923 3562 4003 Da-

1969 4016 2110 4070 niele
2135 4015 2298 4087 (Dan.
2324 4017 2450 4089 vn),
2487 4016 2627 4071 Deus
2667 4016 2829 4070 Pater
2860 4016 3053 4072 sedens
3091 4016 3366 4071 inducitur
3391 4024 3445 4070 et
3480 4014 3562 4069 of-

1970 4108 2140 4166 fertur
2174 4111 2223 4166 ei
2272 4109 2416 4165 ﬁlius
2460 4110 2694 4165 hominis
2739 4117 2800 4164 ut
2830 4109 3061 4180 accipiat
3106 4124 3354 4180 regnum.
3388 4109 3456 4162 Et
3504 4108 3560 4162 in

1970 4199 2286 4271 Apocalypsi
2316 4197 2541 4254 Joannis
2569 4198 2753 4271 (Apoc.
2786 4215 2867 4263 ιιι,
2898 4199 2996 4270 vn)
3018 4239 3032 4263 ,
3065 4201 3253 4254 eadem
3308 4199 3374 4251 de
3424 4198 3562 4254 Filio

1971 4290 2302 4346 scribuntur.
2334 4289 2403 4345 Et
2438 4290 2504 4344 ad
2540 4304 2774 4361 pugnam
2819 4290 2977 4359 primi
3011 4290 3267 4359 martyris
3298 4287 3561 4356 Stephani

1975 4378 2113 4450 (Act.
2142 4379 2263 4451 vn),
2291 4387 2443 4434 stans
2476 4380 2543 4433 ad
2572 4380 2846 4433 dexteram
2878 4378 3076 4441 Patris,
3106 4378 3171 4431 de
3201 4392 3308 4447 quo
3347 4378 3565 4431 canitur

1976 4473 2028 4526 in
2050 4472 2282 4531 Psalmis
2313 4490 2326 4526 :
2365 4490 2384 4522 ι
2414 4471 2559 4525 Dixit
2587 4471 2847 4526 Dominus
2872 4470 3099 4525 Domino
3128 4485 3285 4525 meo:
3321 4469 3461 4527 Sede
3493 4473 3562 4527 ad

1976 4562 2256 4617 dexteram
2300 4577 2507 4626 meam,
2537 4562 2710 4615 donec
2739 4575 2936 4629 ponam
2988 4559 3236 4614 inimicos
3271 4569 3390 4614 tuos
3444 4570 3567 4614 sca-

1975 4652 2174 4707 bellnm
2229 4652 2425 4721 pedum
2475 4660 2689 4705 tuorum
2744 4648 2913 4721 (Psal.
2941 4648 3082 4720 eux).
3116 4668 3134 4700 ι
3182 4649 3333 4705 Sicut
3381 4660 3562 4705 autem

1976 4743 2233 4814 crystallo
2257 4742 2549 4811 purissima
2580 4754 2807 4809 qumque
2832 4748 2994 4808 atque
3024 4738 3257 4793 lucentia
3294 4739 3346 4793 in
3394 4740 3563 4794 cocle-

1978 4832 2152 4887 stibns
2186 4832 2648 4894 demonstrantur,
2693 4844 2813 4898 qum
2851 4837 3096 4882 nostrum
3126 4828 3401 4882 oculatum
3446 4844 3567 4882 enr-

1982 4939 2082 4991 pus
2105 4922 2406 4976 illuminent
2429 4935 2443 4974 :
2466 4920 2544 4974 sic
2567 4920 2621 4973 in
2642 4919 2915 4989 sapphiro,
2943 4919 2993 4972 id
3017 4925 3118 4982 est,
3147 4918 3199 4971 in
3225 4919 3419 4972 throno
3438 4918 3560 4983 Dei,

1981 5023 2030 5069 el
2067 5030 2229 5083 super
2256 5012 2652 5066 ﬁrmamentum
2682 5010 2825 5079 quod
2855 5008 3053 5064 cadum
3091 5008 3408 5077 accipimus,
3440 5009 3565 5061 abs—
3656 5072 3659 5073 ν

1982 5105 2200 5161 condita
2230 5112 2393 5173 atque
2433 5110 2641 5156 secreta
2680 5108 2735 5154 et
2764 5097 3328 5169 incomprehcmihilia
3357 5096 3451 5150 Dei
3482 5111 3565 5149 sa-

1982 5201 2261 5250 cramenta
2290 5198 2693 5245 monstrantur:
2724 5206 2743 5238 ‹
2767 5188 2867 5255 Qui
2894 5187 3071 5257 posuit
3096 5188 3346 5240 tenebras
3376 5185 3566 5237 latibu-

1982 5286 2090 5340 lum
2135 5299 2291 5339 suum
2331 5280 2504 5355 (Paul.
2531 5279 2685 5350 xvn).
2708 5297 2727 5329 ι
2762 5277 2829 5331 Ει
2854 5278 2905 5332 in
2938 5277 3079 5331 nube
3105 5276 3317 5331 videtur
3354 5283 3404 5326 et
3433 5272 3566 5325 cali-

1981 5377 2135 5446 gine;
2166 5373 2306 5429 unde
2344 5379 2401 5427 et
2429 5371 2481 5424 in
2515 5369 2699 5423 Exodo
2725 5366 3016 5423 scribitur:
3054 5383 3072 5415 ι
3104 5365 3170 5419 Ει
3211 5363 3313 5418 sub
3338 5361 3565 5431 pedibus

1984 5463 2078 5519 Dei
2099 5470 2232 5525 erat,
2256 5460 2410 5530 quasi
2434 5474 2570 5528 opus
2595 5457 2779 5512 lateris
2798 5454 3033 5528 [lapidis]
3055 5452 3319 5523 sapphiri,
3341 5459 3397 5505 et
3422 5450 3563 5503 sicut

1983 5555 2191 5623 species
2221 5551 2544 5606 ﬁrmamenti
2577 5550 2700 5606 cmli
2745 5546 3080 5603 mundissimi
3113 5543 3309 5613 (Exod.
3341 5541 3509 5610 xxiv).
3538 5560 3557 5594 ι

2059 5645 2208 5701 Unde
2232 5653 2286 5700 et
2314 5659 2507 5715 sponsa
2536 5640 2985 5714 pulchritudinem
3015 5635 3197 5706 sponsi
3227 5632 3483 5688 describit
3510 5634 3562 5687 in
