3910 6174
405 272 512 328 545

1039 275 1098 328 Β.
1143 271 1390 329 RABANI
1419 270 1645 327 ‘MAURI
1683 268 1996 326 ARCIIIEP.
2040 267 2346 325 MOGUNT.
2384 267 2666 324 OPERUM
2701 267 2879 324 PARS
2917 270 2978 324 ll.

3565 267 3670 322 5M

408 391 670 447 Cantico:
709 407 726 439 ι
757 390 956 445 Venter
982 387 1096 453 ejus
1123 387 1274 455 quasi
1325 384 1503 438 tabula
1540 385 1774 438 eburnea
1823 397 1984 452 super
2013 385 2058 442 Α
2089 399 2191 435 non
2233 391 2422 447 erunt,
2452 383 2540 452 qui
2587 383 2688 436 huc
2733 397 2856 436 eum
2901 390 3124 451 peccato
3159 380 3458 433 venerunt?
3494 378 3670 448 ipsum

409 483 637 551 lapidem
669 479 978 548 sapphirum
1013 476 1189 548 (Cant.
1210 476 1314 547 v)»
1351 476 1414 528 Et
1445 475 1495 528 in
1532 473 1752 528 Joannis
1781 474 1984 542 Apoca-

409 572 542 642 lypsi
572 589 583 624 :
618 569 882 623 «Primum
914 565 1520 634 fundamentumjaspis,
1547 565 1839 618 secundum
1869 579 1986 633 sap-

408 663 552 732 phiri
587 661 841 715 scribitur
888 659 1069 728 (Apoc.
1106 655 1240 728 xxi).
1268 675 1283 703 ι
1315 656 1378 708 Et
1428 655 1480 707 in
1533 654 1777 707 rationali
1809 655 1986 723 ponti-

410 751 527 806 ﬁcis
569 751 621 804 in
660 766 818 803 versu
865 758 919 803 et
947 750 1138 802 ordine
1183 748 1418 817 lapidum
1452 747 1803 816 singulorum,
1841 765 1859 795 ι
1905 761 1986 799 se-

409 843 616 896 cundus
661 843 793 895 ordo
838 840 1222 894 carbunculum
1269 839 1423 893 habet
1471 847 1525 891 et
1555 837 1902 906 sapphirum,
1933 845 1987 889 et

403 932 667 1002 jaspidcm
715 931 908 1001 (Exod.
935 929 1146 1001 xxvm).
1172 949 1189 980 ι
1218 925 1421 998 [Greg.]
1447 926 1582 992 Quid
1607 942 1705 995 per
1734 927 1987 980 thronum

408 1023 511 1076 nisi
566 1022 666 1075 illae
713 1024 938 1076 virtutes
975 1022 1229 1091 angelica:
1278 1022 1645 1091 designantur,
1680 1035 1801 1090 quas
1845 1020 1988 1089 ipsos

409 1128 622 1181 quoque
653 1113 870 1182 angelos
905 1112 1167 1180 dignitate
1214 1113 1314 1168 loci
1362 1112 1657 1180 superioris
1698 1112 1984 1166 excedunt.

411 1201 540 1255 Nam
580 1219 701 1256 cum
745 1202 918 1272 angeli
956 1203 1128 1256 nuntii
1161 1203 1410 1256 dicantur
1458 1201 1645 1266 (Hebr.
1675 1201 1736 1272 ι),
1767 1211 1822 1255 et
1848 1216 1988 1271 saepe

407 1294 580 1364 angeli
613 1295 680 1348 ad
716 1295 1083 1349 annuntianda
1114 1295 1356 1364 quzedam
1400 1296 1707 1350 ltominibus
1745 1296 1984 1360 veniant,

407 1384 609 1437 Tln'oni
643 1384 788 1438 missi
812 1386 878 1438 ad
910 1385 1265 1438 ministerium
1293 1385 1464 1438 nuntii
1497 1401 1769 1454 nunquam
1805 1387 1985 1457 legun-

408 1483 512 1526 tur.
546 1473 680 1539 Quia
703 1474 783 1527 eis
813 1473 966 1543 longe
1008 1473 1292 1527 sublimius
1320 1482 1532 1527 creator
1575 1474 1815 1528 omnium
1851 1490 1988 1544 pra:-

405 1562 447 1613 si
475 1563 563 1614 !et.
598 1561 748 1615 Unde
787 1561 985 1614 Paulus
1013 1562 1286 1631 apostolus
1313 1563 1534 1617 ordines
1562 1561 1862 1617 etelestium
1895 1579 1988 1633 ag-

407 1652 607 1704 minum
635 1666 771 1720 quos
814 1652 880 1704 ad
911 1653 1129 1705 tertium
1177 1651 1373 1705 coelum
1405 1661 1591 1720 raptus
1633 1652 1844 1706 viderat
1887 1652 1983 1706 de-

2083 489 2213 527 vero
2244 473 2642 526 ﬁrmamentum
2670 473 2812 540 quod
2839 483 2924 526 est
2948 486 3110 540 super
3137 479 3301 538 caput
3334 471 3670 537 animalium,

2085 565 2138 618 id
2173 574 2274 628 est,
2303 565 2445 633 quod
2478 565 2695 618 transiit
2726 573 2935 618 mentes
2958 563 3256 633 justorum,
3290 563 3488 617 habeat
3512 579 3676 632 super

2084 672 2142 710 se
2190 671 2373 710 vocem
2397 696 2411 719 ,
2439 656 2564 724 quia
2601 655 2929 724 Redemptor
2958 664 3143 710 noster
3170 669 3290 708 eam
3337 669 3498 723 quam
3545 670 3673 709 eum

2085 745 2243 800 Patre
2267 746 2532 814 disposuit
2554 761 2675 799 cum
2707 743 2820 816 [ex]
2848 745 3131 798 divinitate
3171 742 3520 806 sententiam,
3554 759 3677 813 per-

2085 835 2204 888 tulit
2246 835 2298 888 in
2341 851 2525 889 carne.
2554 835 2725 901 Quam
2780 836 3060 890 audientes
3101 834 3237 902 justi
3270 845 3568 898 terrentur,
3618 847 3675 890 et

2085 941 2297 979 omnem
2343 926 2410 980 de
2455 927 2568 981 suis
2601 927 2808 980 virihus
2854 927 3328 996 praesumptionem
3374 927 3672 996 deponunt.

2086 1013 2424 1080 Quibuslibet
2460 1016 2604 1070 enim
2633 1016 2924 1070 virtutibus
2954 1015 3170 1085 poileat,
3220 1015 3352 1085 quid
3395 1015 3557 1086 digna
3589 1027 3677 1072 est

2087 1103 2192 1156 vita
2231 1114 2592 1172 peccatorum,
2633 1105 2676 1158 si
2728 1114 2784 1158 et
2827 1104 2944 1170 eius
2973 1105 3082 1159 vita
3129 1119 3231 1174 pro
3276 1105 3431 1159 nobis
3461 1105 3675 1176 ﬂzgcllo

2087 1193 2375 1263 subjaeuit,
2403 1209 2524 1263 quze
2567 1195 2782 1249 subdita
2814 1195 2944 1248 nulli
2975 1205 3200 1264 peccato
3227 1194 3369 1249 fuit?
3394 1195 3501 1250 Sed
3542 1211 3677 1252 ecce

2087 1287 2268 1356 gravis
2306 1286 2460 1340 nobis
2485 1287 2710 1354 quaestio
2736 1287 2910 1341 oritur
2933 1302 3054 1341 cum
3088 1285 3306 1349 dicitur,
3334 1285 3477 1354 quod
3508 1301 3677 1355 super

2088 1377 2482 1432 ﬁrmamentum
2544 1379 2686 1447 quod
2729 1386 2847 1432 erat
2903 1378 3189 1432 imminens
3231 1378 3392 1447 capiti
3439 1392 3632 1432 eorum
3660 1419 3673 1438 .

2086 1468 2240 1537 quasi
2287 1475 2538 1537 aspectus
2568 1468 2760 1538 lapidis
2790 1467 3031 1539 sapphiri
3059 1468 3356 1523 similitudo
3385 1469 3584 1524 throni.
3615 1469 3694 1524 Si-

2086 1560 2228 1615 enim
2254 1575 2350 1630 per
2375 1558 2772 1614 ﬁrmamentum
2801 1559 3076 1622 Dominus,
3093 1567 3148 1613 et
3170 1575 3268 1629 per
3295 1559 3526 1629 lapidem
3558 1576 3677 1629 sap-

2088 1649 2301 1718 phirum
2343 1658 2398 1704 et
2423 1649 2827 1704 similitudinem
2867 1651 3070 1715 throni,
3110 1666 3334 1704 summa:
3377 1650 3481 1704 illae
3507 1666 3677 1719 auge.

405 1741 668 1804 scribens,
701 1743 814 1794 ait:
853 1761 870 1792 ι
903 1741 1026 1796 Sive
1053 1743 1256 1805 throni,
1285 1743 1397 1796 sive
1427 1743 1841 1808 dominationes,
1870 1743 1984 1797 sive
2012 1723 2057 1780 Β
2088 1739 2203 1794 lica:
2249 1747 2541 1808 potestates
2587 1740 2908 1808 ﬁgurantur,
2953 1739 3222 1808 quomodo
3269 1754 3430 1809 super
3482 1740 3672 1793 ﬁrma-

406 1831 754 1898 prineipatus,
785 1831 898 1884 sive
936 1840 1246 1900 potestates,
1280 1833 1460 1886 omnia
1480 1848 1578 1902 per
1606 1833 1802 1902 ipsum,
1832 1842 1887 1888 et
1930 1833 1984 1888 in

405 1934 523 1987 ipso
563 1929 742 1973 creata
785 1932 909 1974 sunt
941 1921 1160 1990 (tloloss.
1193 1922 1250 1992 I).
1279 1942 1296 1974 ι
1333 1922 1583 1978 Thronos
1629 1923 1813 1993 igitur,
1859 1932 1987 1978 ante

403 2021 497 2062 eos
539 2010 850 2078 angelorum
897 2011 1113 2064 ordines
1144 2012 1300 2075 dixit,
1345 2012 1539 2080 quibus
1586 2012 1702 2066 illos
1736 2012 1986 2080 praelatos

404 2113 522 2153 esse
566 2101 830 2169 cognovit.
882 2100 1024 2155 Bene
1058 2110 1236 2155 autem
1275 2103 1502 2156 thronus
1542 2101 1701 2171 lapidi
1733 2102 1984 2172 sapphiro

405 2202 769 2261 comparatur,
811 2193 1064 2262 quoniam
1091 2193 1225 2263 lapis
1267 2195 1555 2264 sapphirus
1577 2208 1795 2248 aereum
1825 2194 1985 2248 habet

405 2282 658 2336 colorem.
707 2284 940 2337 Virtutes
992 2299 1119 2353 ergo
1177 2283 1478 2338 cmlestium
1529 2283 1690 2352 lapidi
1731 2284 1984 2352 sapphiro

403 2386 805 2445 comparantur,
854 2377 980 2446 quia
1022 2376 1073 2430 bi
1103 2377 1327 2445 spiritus
1351 2377 1546 2446 quibus
1575 2378 1712 2430 Deus
1742 2375 1985 2445 omnipo-

405 2473 522 2518 tens
567 2465 728 2520 altius
769 2466 1038 2534 praesidet,
1089 2467 1386 2536 superioris
1433 2467 1532 2520 loci
1578 2467 1628 2520 in
1675 2466 1985 2521 caelestibus

402 2559 713 2629 dignitatem
747 2568 948 2614 tenent.
980 2578 997 2610 ι
1029 2559 1203 2629 Super
1244 2561 1498 2615 thronum
1537 2575 1662 2614 vero
1692 2559 1984 2614 similitudo

404 2651 654 2705 hominis.
680 2671 698 2701 ι
733 2653 867 2718 Quia
903 2662 958 2706 et
992 2667 1154 2721 super
1183 2652 1299 2706 illas
1328 2652 1572 2714 virtutes,
1606 2667 1724 2721 quae
1751 2659 1806 2705 et
1843 2652 1987 2720 ipsos

403 2741 622 2810 angelos
650 2743 1006 2805 antecedunt,
1062 2744 1229 2797 nostri
1271 2752 1356 2797 est
1395 2743 1560 2813 gloria
1587 2743 1981 2811 Redemptoris.

406 2827 708 2882 Notandum
735 2844 883 2898 ergo,
928 2831 1021 2899 qui
1050 2833 1184 2885 ordo
1227 2841 1688 2901 servaturzsuper
1731 2833 1983 2886 animalia

404 2919 546 2973 enim
596 2920 1023 2985 ﬁrmamentum,
1073 2937 1232 2990 super
1279 2921 1676 2975 ﬁrmamentum
1737 2923 1980 2987 thronus,

403 3023 566 3078 super
600 3010 850 3062 thronum
883 3011 1041 3064 homo
1065 3026 1185 3065 esse
1215 3011 1558 3076 descrihitur,
1589 3012 1714 3082 quia
1740 3024 1794 3066 et
1822 3028 1984 3083 super

405 3110 620 3154 sanctos
656 3101 898 3155 homines
928 3102 1105 3155 adhuc
1141 3103 1192 3154 in
1233 3102 1332 3155 hac
1367 3103 1711 3171 corruptione
1739 3105 1984 3174 corporis

404 3191 643 3244 viventes
685 3191 880 3261 angeli,
908 3199 962 3246 et
1001 3209 1162 3261 super
1203 3193 1423 3263 angelos
1455 3194 1762 3262 superiores
1788 3204 1841 3250 et
1875 3197 1984 3251 Deo

403 3281 660 3349 proximae
690 3282 943 3350 angelicze
972 3292 1286 3352 potestates,
1326 3300 1488 3353 super
1527 3293 1824 3355 potestates
1855 3303 1984 3343 vero

405 3371 516 3427 Deo
547 3375 844 3443 proximas,
893 3375 1132 3430 elevatus
1176 3386 1259 3431 est
1292 3396 1309 3427 ‹
1342 3378 1604 3432 mediator
1643 3378 1736 3432 Dei
1779 3387 1834 3434 et
1885 3381 1983 3434 ho-

405 3462 608 3516 minum
642 3465 802 3518 homo
828 3464 1074 3520 Christus
1104 3465 1260 3522 Jesus
1291 3467 1341 3538 (Ι
1375 3467 1508 3521 Tim.
1539 3469 1620 3538 ιι).
1655 3489 1671 3520 ι
1711 3468 1804 3524 Sin
1833 3486 1984 3534 vero,

405 3563 464 3607 ut
494 3555 866 3622 praediximus,
913 3556 1236 3611 ﬁrmamenti
1264 3557 1480 3611 nomine
1507 3558 1773 3612 mediator
1809 3559 1900 3613 Dei
1931 3568 1988 3613 et

405 3645 681 3698 hominum
715 3663 812 3717 pro
842 3658 1117 3718 assumpta
1152 3650 1486 3705 humanitate
1535 3651 1694 3705 debet
1735 3653 1983 3722 intelligi,

403 3736 526 3804 quia
558 3738 657 3791 sub
686 3739 845 3794 unius
882 3740 1115 3794 nominis
1159 3739 1515 3810 appellatione
1557 3741 1730 3796 solent
1760 3743 1988 3812 prophea

405 3826 492 3880 tiae
521 3828 765 3896 spiritum
796 3832 958 3883 multa
995 3832 1218 3900 signari,
1251 3849 1352 3887 vox
1385 3849 1545 3902 super
1589 3834 1985 3891 ﬁrmamentum

404 3915 546 3971 facta
570 3929 672 3982 est,
703 3935 821 3987 qua:
849 3938 1009 3990 super
1038 3923 1366 3991 baptizatum
1415 3926 1699 3981 Dominum
1755 3930 1820 3983 de
1849 3929 1986 3984 cmlo

403 4009 585 4063 sonuit
610 4009 832 4063 dicens:
869 4028 887 4059 ι
921 4011 998 4063 Tu
1035 4027 1095 4066 es
1122 4012 1290 4067 Filius
1333 4030 1485 4070 meus
1511 4017 1758 4082 dilectus,
1791 4019 1842 4072 in
1879 4035 1986 4088 quo

403 4099 538 4153 mihi
581 4099 878 4168 complaeui
920 4099 1113 4170 (Marc.
1142 4100 1210 4170 t).
1236 4121 1254 4153 ι
1301 4102 1616 4168 Quwramus
1657 4107 1819 4175 igitur
1848 4124 1983 4176 quo-

407 4194 564 4248 modo
586 4194 724 4248 hanc
739 4210 928 4254 vocem
955 4195 1206 4249 animalia
1229 4197 1542 4262 audiunt,et
1557 4199 1670 4254 alas
1692 4201 1982 4270 deponunt.

403 4283 654 4340 Hahaeuc
682 4287 972 4355 requisitus
999 4287 1180 4341 dicat:
1213 4306 1232 4338 ι
1261 4289 1504 4354 Domine,
1535 4294 1710 4346 audivi
1743 4296 1984 4349 auditum

2086 1839 2365 1894 mentum,
2419 1829 2470 1884 id
2515 1838 2637 1894 est,
2685 1844 2845 1899 super
2885 1830 3173 1887 Dominum
3222 1844 3342 1884 esse
3389 1833 3675 1886 credenda:

2085 1928 2231 1983 sunt,
2264 1934 2386 1974 cum
2412 1928 2466 1973 et
2492 1935 2612 1974 mox
2644 1919 2910 1984 subditur,
2943 1919 3038 1972 «Et
3058 1935 3224 1988 super
3257 1919 3671 1974 similitudinem

2086 2013 2288 2075 throni,
2331 2012 2625 2066 similitudo
2659 2012 2810 2082 quasi
2847 2021 3100 2082 aspectus
3132 2013 3370 2066 hominis
3414 2013 3672 2083 desuper.

2086 2101 2217 2154 Nam
2245 2101 2290 2155 si
2317 2102 2414 2165 ita,
2442 2109 2504 2154 ut
2527 2101 2730 2155 dictum
2762 2109 2864 2164 est,
2895 2100 3293 2155 ﬁrmamentum
3322 2102 3676 2168 exprimitur,

2085 2188 2340 2244 Dominus
2367 2199 2422 2243 et
2471 2205 2656 2244 rursus
2703 2191 2862 2245 homo
2904 2192 3167 2259 accipitur
3215 2191 3478 2245 Dominus
3514 2207 3528 2244 :
3567 2209 3674 2261 qua

2085 2281 2293 2351 ratione
2338 2290 2515 2350 potest
2559 2281 2784 2352 intelligi
2833 2291 2887 2337 et
2917 2283 3030 2350 ipse
3073 2298 3234 2353 super
3279 2284 3578 2347 thronum,
3623 2294 3676 2340 et

2085 2371 2198 2438 ipse
2241 2370 2340 2424 sub
2385 2371 2621 2425 throno?
2659 2370 2764 2426 Sed
2808 2372 3096 2426 adstrictos
3144 2373 3301 2442 hujus
3355 2376 3677 2443 quaestionis

2085 2462 2253 2516 nodos
2301 2462 2412 2530 ipse
2460 2462 2640 2527 solvit,
2690 2463 2756 2516 de
2808 2477 2916 2531 quo
2967 2462 3268 2532 loquimur,
3312 2467 3436 2534 quia
3490 2465 3672 2520 amatu

2085 2555 2256 2608 sancti
2286 2553 2536 2624 Spiritus,
2566 2571 2629 2608 ea
2667 2572 2788 2624 qua:
2829 2555 3012 2609 clausa
3054 2565 3179 2609 sunt
3225 2558 3455 2626 aperuit.
3489 2558 3672 2612 lucar-

2086 2658 2243 2704 natus
2271 2650 2414 2704 enim
2443 2629 2746 2719 unigenitus
2792 2649 2988 2712 Patris,
3015 2664 3112 2717 per
3140 2649 3241 2703 hoc
3271 2651 3412 2720 quod
3459 2669 3476 2700 ι
3509 2652 3675 2704 homo

2086 2739 2257 2794 factus
2285 2749 2385 2800 est,
2407 2760 2426 2792 ι
2461 2740 2598 2794 infra
2625 2741 2843 2810 angelos
2885 2741 3012 2807 fuit,
3035 2743 3177 2796 sicut
3216 2743 3283 2796 de
3316 2758 3384 2795 eo
3409 2744 3675 2812 scriptum

2085 2839 2206 2885 est:
2246 2851 2264 2881 ‹
2294 2831 2531 2886 Minuisti
2571 2847 2695 2886 eum
2741 2832 2896 2901 paulo
2938 2833 3117 2887 minus
3145 2834 3214 2887 ab
3242 2833 3446 2902 angelis
3495 2833 3670 2892 (Ρεαι.

2084 2918 2226 2988 vui).
2269 2939 2286 2970 ι
2338 2919 2648 2990 Resurgens
2691 2932 2745 2975 et
2791 2923 3087 2976 ascendens
3134 2924 3186 2976 in
3217 2924 3392 2986 caelis,
3421 2925 3680 2978 omnibus

2085 3009 2342 3078 angelicis
2371 3012 2731 3078 potestatibus
2774 3013 3046 3082 praesidet,
3079 3014 3218 3068 sicut
3247 3014 3313 3068 de
3341 3030 3407 3069 eo
3457 3030 3675 3069 rursum

2086 3099 2344 3169 scriptum
2373 3110 2456 3154 est
2483 3118 2494 3154 :
2529 3120 2546 3150 ι
2575 3100 2766 3156 Omnia
2799 3103 3074 3172 sulsjecisti
3100 3103 3199 3157 sub
3228 3105 3452 3173 pedibus
3480 3105 3617 3175 ejus.
3648 3125 3672 3156 ι

2086 3191 2151 3244 Et
2180 3191 2320 3246 sicut
2347 3191 2460 3260 ipse
2487 3193 2596 3245 ait:
2629 3212 2646 3242 ‹
2680 3193 2810 3246 Data
2839 3205 2923 3247 est
2953 3195 3087 3248 mihi
3113 3195 3292 3248 omnis
3335 3203 3576 3264 potestas
3618 3197 3678 3248 in

2085 3282 2221 3338 cmlo
2250 3291 2304 3337 et
2348 3283 2402 3336 in
2441 3291 2603 3337 terra.
2629 3303 2646 3335 ι
2683 3284 3106 3340 Firmamentum
3150 3301 3280 3357 ergo
3321 3285 3423 3341 sub
3455 3287 3678 3350 throno,

2083 3381 2137 3426 et
2176 3373 2336 3427 homo
2361 3389 2522 3444 super
2560 3376 2816 3429 thronum
2851 3384 2933 3430 est
2955 3416 2970 3442 ,
3013 3377 3140 3446 quia
3170 3392 3267 3446 per
3315 3378 3565 3432 humanae
3591 3393 3680 3434 as-

2085 3462 2405 3531 sumptionis
2435 3472 2681 3517 naturam
2710 3474 2764 3518 et
2790 3473 2875 3519 est
2905 3465 3017 3534 ipse
3047 3467 3146 3521 sub
3175 3467 3379 3536 angelis
3405 3476 3586 3533 natus,
3613 3482 3676 3522 ct

2087 3556 2200 3624 ipse
2241 3570 2402 3624 super
2429 3555 2647 3626 angelos
2687 3557 2974 3611 exaltatus.
3009 3559 3112 3623 Qui
3140 3567 3196 3613 et
3223 3558 3544 3629 priusquam
3572 3575 3678 3629 per

2086 3645 2500 3700 resurrectionis
2533 3645 2865 3700 exaltaretur
2901 3646 3146 3716 gloriam,
3194 3648 3476 3704 divinitate
3506 3665 3678 3718 super

2085 3736 2302 3807 angelos
2335 3735 2474 3790 fuit:
2518 3739 2610 3792 sed
2637 3747 2814 3792 tamen
2843 3738 3066 3808 angelis,
3094 3748 3152 3792 ut
3187 3739 3388 3793 dictum
3429 3748 3533 3802 est,
3572 3740 3676 3793 hu-

2085 3827 2346 3881 manitate
2370 3827 2689 3888 minoratus,
2718 3842 2784 3880 ex
2815 3843 2918 3896 qua
2959 3836 3014 3883 et
3055 3829 3213 3883 morti
3245 3827 3538 3895 subjaeuit.
3583 3830 3678 3882 At-

2085 3931 2190 3984 que
2235 3924 2518 3984 postquam
2563 3925 2790 3971 mortem
2836 3919 3168 3988 resurgendo
3196 3919 3445 3983 calcavit,
3477 3921 3674 3974 huma-

2086 4007 2309 4061 nitatem
2337 4023 2489 4061 suam
2515 4008 2676 4062 etiam
2710 4006 3086 4074 majestatibus
3128 4010 3447 4080 angelorum
3477 4026 3671 4080 super-

2085 4099 2282 4168 posuit.
2334 4099 2491 4153 Prius
2536 4099 2715 4168 itaque
2752 4100 2977 4154 thronus
3020 4116 3184 4170 super
3233 4102 3676 4166 ﬁrmamentum,

2085 4196 2138 4241 et
2167 4197 2288 4256 post
2317 4189 2476 4242 homo
2502 4204 2666 4258 super
2695 4191 2947 4243 thronum
2975 4191 3124 4245 visus
3149 4207 3270 4246 esse
3300 4193 3628 4248 descrihitur
3654 4213 3672 4247 :

2085 4277 2209 4344 quia
2254 4275 2641 4334 humanitatem
2672 4295 2825 4333 suam
2855 4280 3070 4334 humani
3099 4283 3312 4351 generis
3345 4283 3680 4355 Redemptor

403 4381 552 4428 tuum
578 4384 632 4430 ει
663 4377 833 4439 timui,
863 4377 1200 4433 consideravi
1229 4395 1392 4450 opera
1430 4390 1517 4435 tua
1545 4390 1602 4436 et
1628 4385 1818 4452 “pavi
1852 4385 1983 4455 (ηα,
2013 4409 2060 4468 D
2086 4365 2457 4468 descendendo
2484 4367 2588 4468 sub.
2611 4369 2832 4468 angelis.
2855 4373 3102 4468 sumpsit,
3133 4380 3188 4425 et
3217 4375 3558 4430 ascendendo
3584 4391 3678 4430 su-

403 4464 516 4516 bac.
546 4469 648 4534 ιιι).
676 4487 693 4518 ι
725 4467 921 4523 Sancta
956 4470 1135 4538 itaque
1178 4471 1432 4526 animalia
1474 4487 1660 4528 vocem
1697 4490 1858 4544 super
1893 4476 1983 4529 ﬁr-

403 4565 733 4609 mamentum
773 4559 996 4612 audiunt
1045 4569 1101 4614 et
1145 4562 1532 4630 pertimescunt
1577 4583 1590 4616 :
1640 4567 1765 4634 quia
1815 4567 1858 4620 si
1895 4581 1983 4622 so-

405 4643 488 4696 lus
529 4646 648 4700 sine
679 4657 900 4716 peccato
946 4659 1052 4714 est,
1082 4652 1135 4705 in
1182 4653 1298 4722 ejus
1339 4655 1644 4708 innocentia
1695 4657 1981 4726 aspiciunt,

405 4735 458 4788 in
484 4747 743 4805 quantum
774 4740 872 4809 ipsi
896 4743 1137 4810 quotidie
1164 4745 1630 4816 delinquant,qu:e
1661 4765 1881 4804 necesse
1903 4759 1986 4807 est

404 4835 465 4879 ut
516 4827 847 4884 incessanter
883 4832 1130 4887 deﬂeant.
1179 4836 1536 4892 Considerant
1577 4855 1810 4909 quoque,
1857 4845 1983 4912 quia

403 4923 460 4967 et
489 4916 601 4984 ipse
629 4926 818 4972 auctor
839 4921 976 4981 vitae,
1007 4923 1122 4977 sine
1149 4925 1416 4992 passionis
1441 4927 1625 4982 dolore
1649 4945 1712 4983 ex
1743 4931 1841 4986 hae
1874 4933 1978 4986 vita

406 5020 509 5058 non
556 5007 740 5061 exivit.
791 5009 859 5062 Et
903 5010 1016 5066 haec
1054 5028 1183 5082 ergo
1229 5030 1328 5069 vox
1376 5032 1539 5084 super
1583 5019 1980 5075 ﬁrmamentum

407 5095 544 5149 facta
591 5105 701 5160 est,
739 5099 865 5166 quia
896 5102 1279 5170 omnipOtentis
1313 5105 1489 5161 Patris
1522 5109 1786 5162 sententia
1815 5112 1979 5164 etiam

406 5186 472 5239 de
505 5195 676 5240 morte
705 5203 767 5242 ac
815 5190 1212 5245 resurrectione
1251 5195 1508 5262 unigeniti
1556 5199 1839 5265 processit.
1873 5198 1980 5253 Sed

405 5292 529 5331 eum
559 5293 661 5332 vox
703 5294 864 5349 super
891 5279 1288 5337 ﬁrmamentum
1334 5286 1411 5348 ﬁt,
1445 5297 1589 5343 stant
1617 5291 1893 5355 animalia,
1925 5300 1981 5345 et

405 5368 730 5422 submittunt
752 5369 864 5424 alas
889 5386 1032 5426 suas.
1050 5371 1184 5438 Quia
1211 5377 1381 5430 sancti
1407 5393 1642 5448 quoque,
1661 5397 1779 5435 eum
1805 5384 1978 5451 ipsum

405 5458 737 5527 unigenitum
783 5459 1102 5532 ﬁagellatum
1135 5463 1190 5517 in
1239 5465 1340 5519 hoc
1377 5469 1577 5523 mundo
1618 5473 1979 5540 conspiciunt,

406 5545 679 5613 deponunt
707 5551 750 5604 si
781 5552 908 5621 quid
933 5552 999 5606 de
1029 5554 1143 5608 suis
1190 5556 1394 5611 meritis
1441 5569 1792 5627 prtesumunt.
1845 5561 1977 5616 Nam

407 5631 452 5684 si
481 5636 593 5705 ipse
623 5639 746 5695 hinc
773 5641 888 5696 sine
929 5640 1138 5714 ﬂagello
1162 5661 1269 5700 non
1297 5646 1449 5714 exiit,
1479 5665 1544 5702 an
1577 5649 1798 5720 ﬂagellis
1833 5651 1977 5724 digni

2090 4471 2187 4525 per
2222 4456 2438 4526 angelos
2471 4458 2748 4512 exaltavit.
2779 4458 2869 4514 Sic
2900 4476 3026 4516 vero
3062 4461 3262 4516 factum
3292 4479 3416 4518 eum
3443 4466 3544 4519 sub
3582 4482 3682 4533 an—

2089 4548 2220 4618 gelis
2263 4548 2523 4612 dicimus,
2566 4549 2707 4604 sicut
2753 4549 2957 4604 factum
3014 4552 3114 4619 sub
3165 4553 3282 4624 lege
3343 4557 3680 4623 przedieante

2087 4637 2343 4706 Apostolo
2385 4638 2686 4694 audivimus
2728 4638 2872 4709 (Cal.
2900 4639 3000 4710 tv),
3032 4652 3362 4711 assumptam
3400 4661 3532 4713 ergo
3579 4648 3681 4701 hu-

2090 4729 2402 4782 manitatem
2449 4728 2548 4782 sub
2593 4729 2799 4800 angelis
2847 4731 3161 4800 accipimus,
3190 4749 3291 4801 pro
3319 4747 3382 4787 ea
3430 4736 3690 4790 minora-

2091 4819 2235 4872 tione
2279 4819 2332 4872 in
2382 4834 2490 4888 qua
2528 4819 2779 4890 dignatus
2823 4829 2909 4876 est
2952 4837 3231 4891 apparere.
3271 4823 3406 4878 Nam
3451 4841 3573 4880 mox
3610 4837 3682 4880 ut

2089 4910 2308 4962 verbum
2339 4925 2467 4963 caro
2493 4909 2694 4966 factum
2737 4921 2841 4975 est,
2871 4929 2995 4968 mox
3042 4914 3182 4969 Deus
3215 4916 3376 4970 homo
3408 4927 3684 4986 potestate

2088 5017 2248 5070 super
2275 5003 2490 5072 angelos
2530 5005 2648 5059 fuit.
2694 5008 2769 5060 De
2818 5008 2934 5077 ipso
2959 5009 3156 5078 quippe
3197 5018 3324 5065 ante
3362 5013 3682 5081 passionem

2087 5094 2346 5162 scriptum
2392 5105 2515 5149 est:
2552 5114 2570 5146 ι
2601 5096 2741 5152 Ecce
2786 5100 2959 5169 angeli
3009 5113 3375 5167 accesserunt,
3418 5113 3472 5158 et
3509 5105 3684 5158 mini-

2087 5177 2332 5234 strabant
2360 5181 2408 5235 ei
2446 5181 2660 5251 (Matth.
2691 5185 2788 5254 tv-).
2817 5206 2834 5236 ι
2869 5187 2976 5242 Sed
3011 5199 3190 5244 tamen
3229 5199 3288 5244 ut
3317 5191 3688 5246 humanitatis

2087 5270 2204 5339 ejus
2246 5273 2532 5329 inﬁrmitas
2583 5287 3002 5343 monstraretur,
3051 5298 3266 5336 rursum
3312 5283 3378 5338 de
3419 5299 3484 5338 eo
3530 5285 3690 5338 scri-

2084 5371 2232 5430 ptum
2268 5373 2350 5417 est
2383 5381 2394 5416 :
2431 5382 2449 5413 ι
2474 5363 2737 5435 Apparuit
2786 5368 2860 5424 illi
2897 5371 3122 5440 angelus
3170 5370 3238 5426 de
3283 5375 3424 5429 ctelo
3451 5375 3690 5428 eonl'or‘

2087 5462 2206 5508 tans
2250 5470 2371 5510 eum
2413 5455 2562 5526 (Luc.
2595 5459 2753 5530 xxn).
2781 5481 2798 5512 ι
2847 5461 2903 5515 In
2933 5463 3256 5517 documento
3295 5482 3425 5536 ergo
3469 5465 3686 5519 utrius-

2084 5559 2188 5614 que
2221 5557 2448 5612 naturae.
2497 5551 2622 5606 huic
2667 5563 2720 5606 et
2766 5555 2937 5622 angeli
2982 5557 3392 5622 ministrarunt,
3441 5560 3578 5612 hunc
3621 5569 3691 5611 et

2085 5636 2303 5706 angelus
2367 5639 2672 5696 eonfortare
2730 5643 3074 5699 descrihitur.
3142 5647 3291 5702 Unus
3347 5649 3542 5718 quippe
3615 5647 3696 5703 iu
