3950 6184
286 299 393 356 515

1249 292 1603 351 COHMENT.
1645 293 1711 348 ΙΝ
1749 291 2199 349 EZEClﬂELEM.
2238 323 2309 334 —
2343 293 2472 350 LIB.
2512 294 2577 350 ll.

3426 299 3535 357 546

284 418 509 477 utraque
537 414 755 466 natura,
799 402 1071 472 quoniam.
1094 402 1186 471 qui
1220 401 1360 457 Deus
1389 410 1514 456 ante
1542 400 1739 455 sarcula
1765 415 1859 454 ex-
1888 402 1933 460 Α
1963 415 2160 463 rorem,
2208 401 2365 457 datur
2389 403 2607 472 signum
2647 402 3048 468 misericordias,
3093 403 3237 460 velut
3283 417 3532 476 aspectus

285 496 441 560 stitit,
464 494 629 549 homo
658 491 835 546 factus
855 499 939 546 est
964 490 1016 543 in
1044 488 1150 544 line
1178 488 1520 545 saeculorum.
1549 488 1647 542 Cui
1680 498 1859 541 tamen

283 596 406 643 ante
451 586 762 656 passionem
815 597 969 637 suam
1023 590 1078 636 et
1131 580 1304 651 angeli
1354 580 1766 642 ministrabant,
1805 589 1861 634 et

284 677 424 731 hunc
457 672 682 743 angelus
709 668 997 727 confortat.
1027 668 1155 724 Post
1201 668 1506 737 passionem
1530 682 1660 723 vero
1701 674 1862 736 atque

286 762 735 818 resurrectionem
765 760 884 830 ejus
916 759 1040 814 huic
1070 758 1246 829 angeli
1282 758 1590 812 ministrare
1616 767 1856 827 possunt,

283 854 373 907 sed
404 854 520 923 jam
566 853 710 905 hunc
754 848 1061 905 confortare
1105 863 1214 902 non
1258 855 1502 917 possunt,
1546 848 1674 917 quia
1723 847 1862 903 sicut

282 944 484 998 dictum
527 951 641 1007 est,
690 952 746 997 et
792 941 837 995 si
885 941 1036 1010 prius
1084 938 1482 994 ﬁrmamentum
1521 938 1622 993 sub
1668 937 1861 993 throno

282 1036 549 1107 apparuit,
573 1035 688 1104 jam
721 1030 900 1090 tamen
945 1034 1109 1088 homo
1153 1046 1315 1101 super
1364 1032 1617 1085 thronum
1665 1040 1769 1086 est.
1803 1031 1858 1086 ln

282 1127 435 1195 cujus
484 1141 712 1197 persona
756 1133 815 1179 ut
863 1125 1127 1194 propheta
1194 1132 1411 1179 sanctus
1475 1122 1860 1179 adunationem

285 1214 728 1287 [adjunctionem]
775 1215 1056 1283 utriusque
1093 1220 1301 1268 naturae
1336 1228 1394 1268 se
1429 1212 1628 1268 vidisse
1670 1221 1857 1269 osten-

282 1304 451 1368 deret,
480 1303 728 1373 protinus
751 1302 997 1373 adiunxit
1024 1321 1037 1356 :

355 1415 375 1448 ι
406 1396 475 1451 Et
521 1395 664 1459 vidi,
696 1394 851 1464 quasi
899 1394 1137 1464 speciem
1185 1392 1371 1449 electri
1404 1392 1547 1448 velut
1579 1401 1858 1461 aspectum

287 1504 307 1538 ι
351 1485 496 1556 ignis
529 1484 857 1539 intrinsecus
882 1498 980 1554 per
1026 1483 1310 1538 circuitum
1341 1498 1370 1535 a
1398 1481 1594 1536 lumbis
1636 1480 1772 1548 ejus,
1803 1487 1859 1534 et

286 1593 305 1629 ι
348 1575 601 1643 desuper,
643 1582 700 1628 et
746 1589 776 1627 a
823 1572 1182 1642 lnmbisejus
1229 1587 1400 1642 usque
1441 1572 1717 1635 deorsum,
1749 1570 1856 1624 vidi

286 1682 304 1714 ι
348 1664 506 1734 quasi
546 1663 784 1732 speciem
813 1662 950 1733 ignis
996 1663 1327 1733 splendentis
1355 1663 1408 1716 in
1437 1661 1687 1725 circuitu,
1709 1659 1859 1716 velut

1961 505 2143 554 arcus,
2183 506 2304 546 cum
2341 491 2502 548 fuerit
2539 494 2591 547 in
2631 494 2774 549 nube
2819 495 2872 548 in
2906 495 2994 550 die
3030 496 3239 566 pluviae.
3265 495 3530 571 (Cragon)

1960 576 2096 642 Quid
2129 588 2231 642 est,
2285 582 2426 650 quod
2453 589 2702 650 aspectus
2729 582 2962 638 hominis
2996 585 3209 640 videtur
3237 587 3288 641 in
3320 588 3533 653 throno.

1958 671 2110 739 quasi
2168 672 2375 740 species
2416 670 2625 735 electri,
2674 672 2775 726 nisi
2825 674 2968 742 quod
3015 674 3066 727 in
3119 675 3343 741 electro,
3394 679 3539 735 sicut

1959 759 2121 830 longe
2162 760 2410 828 superius
2435 759 2688 823 diximus,
2713 774 2905 815 aurum
2933 771 2988 816 et
3014 772 3296 833 argentum
3347 768 3538 824 misce-

1959 858 2067 911 tur,
2116 858 2283 903 utres
2311 863 2416 902 una
2446 863 2515 904 ex
2562 849 2768 903 duobus
2798 850 3030 906 metallis
3066 852 3202 907 fiat?
3232 854 3287 908 In
3334 871 3439 925 qua
3478 868 3536 912 et

1959 954 2057 1009 per
2116 946 2396 1007 argentum
2457 939 2576 993 auri
2630 938 2850 994 claritas
2919 951 3281 1012 temperatur,
3334 955 3389 999 et
3441 963 3538 1017 per

1958 1029 2262 1084 claritatem
2287 1028 2409 1082 auri
2434 1029 2641 1098 species
2680 1029 2932 1085 clarescit
2957 1034 3184 1102 argenti.
3239 1036 3296 1089 ln
3328 1038 3535 1091 redem-

1959 1134 2114 1194 ptore
2141 1136 2318 1178 autem
2355 1134 2571 1187 nostro,
2596 1132 2834 1192 utraeque
2867 1135 3093 1189 naturae,
3135 1128 3185 1181 id
3210 1137 3313 1198 est,
3347 1131 3540 1185 divini—

1961 1214 2087 1269 tatis
2112 1222 2167 1268 et
2202 1213 2553 1268 humanitatis
2578 1212 2853 1269 inconfuse
2899 1218 3061 1285 atque
3109 1218 3477 1287 inseparabilit
3511 1236 3540 1274 r

1959 1302 2176 1357 sibimet
2200 1312 2326 1358 sunt
2353 1303 2535 1367 unita),
2580 1311 2638 1357 nt
2664 1317 2763 1372 per
2785 1305 3193 1370 humanitatem,
3241 1309 3538 1364 divinitatis

1957 1389 2075 1460 ejus
2126 1392 2344 1447 claritas
2407 1392 2608 1448 nostris
2653 1402 2837 1461 posset
2898 1394 3071 1449 oculis
3115 1398 3437 1467 temperari;
3482 1406 3537 1454 et

1958 1494 2056 1549 per
2125 1481 2462 1535 divinitatem
2515 1482 2747 1535 humana
2811 1495 2877 1535 eo
2926 1491 3117 1538 natura
3193 1484 3536 1551 claresceret,

1958 1578 2120 1637 atque
2132 1569 2365 1625 exaltata
2394 1568 2656 1640 fulgorem
2684 1569 2821 1624 ultra
2852 1572 2955 1625 hoc
2979 1571 3121 1641 quod
3146 1582 3329 1628 creata
3360 1573 3543 1631 fuerat

1961 1661 2202 1716 haberet.
2254 1660 2372 1730 Ipse
2397 1676 2525 1716 vero
2547 1671 2796 1731 aspectus
2820 1663 3053 1718 hominis
3082 1679 3244 1734 super
3280 1667 3535 1721 thronum

287 1774 303 1803 ι
347 1762 627 1822 aspectum
653 1767 815 1808 arcus
840 1768 965 1808 cum
997 1752 1157 1808 fuerit
1188 1754 1240 1808 in
1273 1753 1414 1807 nube
1441 1752 1494 1806 in
1530 1750 1616 1808 die
1640 1752 1851 1821 pluviae.
1887 1756 1929 1813 Β
1958 1759 2013 1805 et
2070 1750 2276 1819 species
2294 1749 2502 1815 electri,
2553 1765 2714 1819 quam
2744 1751 2896 1815 vidit,
2940 1752 3114 1822 qualis
3145 1755 3193 1809 ei
3229 1758 3542 1826 apparuerit

287 1861 303 1893 I
348 1841 448 1897 llic
475 1852 595 1898 erat
618 1852 868 1911 aspectus
895 1842 1194 1913 splendoris
1218 1858 1314 1912 per
1342 1857 1552 1913 gyrum,
1581 1843 1696 1897 haec
1726 1842 1861 1895 visio

288 1951 304 1982 ι
347 1931 724 1986 similitudinis
773 1931 958 2002 gloria:
1003 1931 1237 1986 Domini.
1271 1951 1290 1983 ι
1343 1929 1613 2003 (Hier-on.)
1654 1928 1860 1985 Simili-

284 2022 410 2076 tudo
476 2021 743 2085 hominis,
794 2022 887 2091 qui
957 2022 1183 2077 sedebat
1241 2036 1407 2091 super
1455 2020 1862 2076 similitudinem

281 2112 509 2167 throni:
539 2111 629 2182 qui
658 2112 884 2166 thronus
932 2112 1168 2167 habebat
1212 2111 1618 2166 similitudinem
1670 2109 1862 2179 lapidis

280 2205 518 2275 sapphiri
565 2204 825 2259 alnmbis
865 2211 920 2259 et
965 2204 1215 2275 desuper,
1247 2203 1450 2259 electro
1492 2209 1861 2271 comparatur.

281 2294 431 2363 Quod
460 2294 721 2350 electrum
762 2302 818 2349 et
863 2292 1188 2349 intrinsecus
1220 2301 1276 2348 et
1322 2292 1660 2348 extrinsecus
1699 2291 1862 2345 hahe-

280 2386 391 2449 bat,
418 2384 579 2454 quasi
626 2384 765 2455 ignis
794 2392 1092 2453 aspectum.
1138 2382 1183 2436 A
1220 2382 1416 2438 lumbis
1452 2396 1582 2437 vero
1605 2390 1662 2436 et
1705 2381 1863 2439 deor-

281 2491 418 2542 sum,
451 2475 591 2547 ignis
616 2485 736 2530 crat
760 2474 1108 2545 resplendens
1150 2474 1204 2529 in
1247 2474 1498 2538 circuitu,
1527 2482 1586 2527 ut
1612 2476 1864 2532 ostende-

284 2578 361 2625 ret
387 2584 457 2623 ea
489 2583 609 2638 quae
639 2582 802 2638 supra
833 2566 1043 2622 lumbos
1068 2575 1211 2631 sunt,
1241 2566 1333 2620 ubi
1390 2580 1584 2620 sensus
1614 2576 1865 2622 versatur

282 2668 336 2714 et
374 2658 544 2722 ratio,
576 2673 682 2713 non
712 2656 953 2726 indigere
998 2657 1121 2727 igne
1155 2672 1257 2711 nec
1298 2654 1559 2718 ﬂammis,
1608 2658 1701 2712 sed
1742 2673 1866 2727 pre~

283 2749 580 2805 tiosissimo
609 2746 822 2802 metallo
857 2756 914 2803 et
936 2747 1242 2817 purissimo.
1269 2747 1345 2803 Ea
1372 2760 1501 2802 vero
1525 2762 1647 2815 qua:
1669 2763 1699 2801 a
1727 2748 1866 2802 lum-

283 2839 361 2893 bis
396 2839 674 2901 deorsum,
706 2836 795 2890 ubi
826 2837 1019 2902 coitus,
1062 2836 1150 2891 ubi
1193 2837 1494 2907 generatio,
1534 2838 1625 2893 ubi
1676 2837 1864 2894 inccn-

1960 1840 2137 1895 adhuc
2166 1840 2523 1895 describendo
2548 1841 2809 1911 adjungit.
2861 1859 2880 1891 ι
2914 1840 3072 1896 Velut
3112 1854 3365 1913 aspectus
3404 1846 3544 1917 ignis

1958 1928 2284 1985 intrinsecus
2343 1928 2460 1996 ejus
2505 1944 2603 1998 per
2646 1929 2971 1995 circuitum,
3024 1947 3053 1984 a
3091 1930 3287 1988 lumbis
3331 1935 3449 2003 ejus
3488 1944 3544 1991 rt

1963 2018 2215 2087 desuper,
2241 2030 2298 2074 et
2325 2034 2357 2073 a
2381 2020 2579 2075 lumbis
2606 2019 2724 2087 ejus
2750 2036 2922 2091 usque
2947 2021 3198 2086 deorsum
3240 2026 3348 2080 vidi
3382 2028 3539 2095 quasi

1961 2110 2197 2179 speciem
2249 2110 2389 2180 ignis
2437 2109 2771 2179 splendentis
2800 2111 2853 2165 in
2889 2112 3140 2167 circuitu.
3184 2133 3203 2166 ι
3258 2114 3397 2182 Quid
3448 2127 3534 2173 est

1960 2200 2100 2269 quod
2141 2200 2403 2254 meJiator
2441 2200 2535 2256 Dei
2559 2209 2615 2255 et
2636 2201 2914 2255 hominum
2961 2202 3124 2258 homo
3179 2206 3334 2260 Jesus
3385 2207 3543 2262 Chri-

1961 2298 2077 2346 stus
2130 2289 2181 2361 (I
2229 2288 2363 2344 Tim.
2419 2290 2520 2362 ιι),
2563 2306 2592 2344 a
2641 2291 2835 2345 lumbis
2882 2301 2940 2346 et
2982 2293 3214 2362 desuper
3263 2307 3540 2365 aspectum

1962 2379 2103 2451 ignis
2144 2380 2469 2435 intrinsecus
2506 2396 2605 2449 per
2640 2381 2928 2436 circuitum
2951 2381 3153 2437 habere
3197 2383 3540 2449 describitur,

1959 2478 2016 2526 et
2041 2485 2073 2524 a
2102 2469 2299 2526 lumbis
2322 2479 2379 2525 et
2404 2470 2655 2526 deorsum
2693 2470 2933 2540 speciem
2960 2472 3099 2542 ignis
3125 2472 3457 2541 splendentis
3484 2477 3539 2531 in

1961 2564 2234 2619 circuitu?
2269 2564 2699 2635 lnvestigandum
2727 2579 2960 2633 namque
2984 2575 3087 2631 est,
3143 2581 3314 2636 quare
3344 2580 3376 2619 a
3407 2566 3547 2620 lum-

1961 2656 2045 2712 bis
2071 2663 2127 2711 et
2152 2657 2382 2726 desuper
2412 2656 2587 2727 ignem
2613 2655 2956 2721 intrinsecus,
3014 2672 3115 2712 nec
3153 2665 3333 2712 tamen
3363 2656 3540 2727 splen-

1963 2746 2180 2809 dentem
2229 2745 2406 2816 ignem
2451 2747 2653 2802 habere
2689 2755 2962 2802 narratur.
2994 2746 3039 2800 Α
3088 2746 3282 2802 lumbis
3318 2761 3445 2803 vero
3490 2754 3549 2802 et

1964 2834 2217 2890 deorsum
2255 2836 2455 2893 habere
2478 2836 2617 2907 ignis
2659 2837 2894 2905 speciem
2945 2837 3162 2902 dicitur,
3215 2853 3321 2892 non
3358 2847 3538 2893 tamen

285 2932 389 2985 tiva
426 2930 713 2994 vitiorum,
759 2928 1076 2999 purgatione
1120 2929 1359 2999 indigere
1401 2926 1775 2995 ﬂammarum,
1806 2938 1869 2984 ut
1965 2925 2110 2981 hunc
2145 2925 2347 2981 habere
2375 2926 2701 2982 intrinsecus
2730 2938 3085 2993 memoratur,
3116 2929 3240 2998 quia
3269 2939 3325 2984 et
3348 2929 3551 2986 descri-

284 3036 401 3073 cmn
452 3028 678 3090 purgata
710 3019 934 3081 iuerint,
986 3017 1219 3073 habeant
1245 3019 1384 3073 sicut
1421 3034 1582 3075 arcus
1617 3020 1866 3076 similitu—
1964 3015 2137 3070 bitur.
2160 3014 2298 3083 Quid
2317 3016 2461 3070 enim
2484 3016 2785 3071 luml.orum
2803 3018 3015 3073 nomine
3035 3019 3135 3073 nisi
3152 3033 3386 3089 propago
3400 3034 3547 3073 mor-

284 3109 487 3173 dinem,
514 3124 632 3178 qua:
661 3108 817 3179 vulgo
862 3107 962 3162 Iris
991 3107 1205 3172 dicitur,
1234 3122 1358 3162 cum
1409 3107 1575 3164 fuerit
1623 3109 1678 3163 in
1725 3109 1866 3165 nube
1892 3092 1945 3154 Cr
1972 3105 2194 3161 talitatis
2221 3105 2578 3177 exprimitur?
2600 3105 2827 3178 Propter
2852 3109 2994 3178 quod
3031 3108 3191 3163 etiam
3213 3109 3279 3162 de
3312 3109 3436 3163 Levi
3462 3108 3548 3165 di-

286 3198 337 3252 in
359 3198 450 3254 die
465 3198 677 3268 pluviae;
699 3197 796 3276 ἵρις
813 3198 981 3262 enim,
995 3212 1113 3267 qua:
1133 3196 1186 3251 in
1211 3205 1398 3253 sancta
1419 3196 1696 3269 Scriptura
1710 3196 1863 3268 (Gen.

286 3289 376 3361 Ix)
434 3298 659 3345 vocatur
695 3305 870 3353 arcus,
921 3297 977 3342 et
1004 3288 1058 3341 in
1084 3287 1403 3359 Apocalypsi
1428 3288 1649 3344 Joannis
1675 3290 1867 3345 eodem

286 3380 505 3434 nomine
534 3376 634 3452 ἶρις
658 3378 855 3433 dicitur
884 3379 1068 3449 (Apoc.
1098 3393 1150 3432 tv
1172 3387 1220 3432 et
1249 3377 1328 3449 ι),
1372 3378 1477 3433 nisi
1507 3379 1565 3433 in
1604 3378 1783 3449 pluvia
1811 3388 1867 3433 et

289 3474 340 3525 in
371 3486 581 3541 aquosa
606 3470 747 3525 nube
767 3485 871 3524 non
901 3476 1077 3540 potest
1105 3482 1388 3537 apparere,
1418 3468 1758 3524 diversorum
1776 3486 1868 3526 co-

287 3561 465 3617 lorum
490 3568 546 3615 et
572 3559 1080 3631 pulcherrimorum,
1111 3568 1168 3613 et
1203 3558 1404 3613 sensim
1443 3558 1496 3613 in
1530 3558 1665 3613 alios
1693 3568 1868 3614 trans-

288 3652 552 3709 euntium.
599 3649 695 3704 llic
722 3664 880 3704 arcus
920 3648 1128 3719 signum
1159 3655 1242 3702 est
1286 3646 1583 3703 clementiae
1612 3658 1667 3703 et
1698 3657 1865 3704 testa-

290 3740 458 3796 menti
487 3739 603 3802 Dei,
633 3739 774 3808 quod
804 3737 933 3793 fecit
958 3753 1081 3792 cum
1112 3736 1418 3792 hominibus
1443 3745 1500 3791 ut
1529 3738 1744 3806 quando
1775 3754 1869 3808 ap-

290 3828 532 3899 paruerit
558 3828 609 3882 in
637 3828 800 3891 nube,
825 3826 1060 3880 Sciamus
1088 3840 1187 3879 nos
1211 3825 1503 3880 secundum
1530 3826 1869 3895 antiquitatis

290 3918 597 3986 exemplum
644 3929 979 3985 nequaquam
1029 3916 1296 3985 perituros
1358 3929 1478 3970 esse
1517 3915 1735 3970 diluvio.
1790 3917 1864 3970 Ex

290 4023 395 4077 quo
422 4006 723 4062 ostenditur
750 4014 870 4074 post
897 4018 1087 4074 poenas
1130 4014 1291 4073 atque
1336 4003 1617 4074 supplicia,
1647 4014 1701 4060 et
1735 4021 1866 4075 pur-

290 4099 561 4169 gationem
589 4106 952 4167 peccatorum,
982 4094 1217 4150 futuram
1254 4096 1709 4151 misericordiam:
1737 4098 1870 4152 dun-

293 4196 443 4241 taxat
467 4188 522 4241 in
553 4187 637 4242 his
677 4186 768 4257 qui
800 4186 965 4242 Deum
993 4186 1291 4241 meruerint
1314 4186 1496 4241 videre
1527 4196 1864 4257 regnantem.

292 4277 448 4333 Unde
488 4292 630 4332 nunc
658 4277 897 4332 dicitur:
936 4293 953 4326 ι
984 4274 1082 4330 llic
1125 4284 1245 4331 erat
1275 4284 1526 4346 aspectus
1569 4275 1869 4346 splendoris

290 4384 385 4438 per
433 4384 687 4439 gyrum.)
724 4367 830 4422 Per
871 4382 1058 4438 gyrum
1105 4366 1201 4421 Dei
1236 4366 1323 4422 vel
1370 4368 1580 4432 throni,
1623 4367 1704 4422 vel
1748 4383 1866 4422 om-

1967 3199 2109 3253 citnr
2136 3196 2290 3269 (Gen.
2334 3196 2472 3268 xiv),
2506 3198 2632 3267 quia
2669 3198 2847 3253 adhuc
2884 3200 2938 3253 in
2972 3199 3167 3254 lumbis
3200 3199 3372 3268 patris
3409 3210 3547 3266 erat,

1968 3307 2094 3346 cum
2125 3290 2515 3346 Melchisedech
2540 3291 2778 3345 occurrit
2810 3290 3060 3347 Ahrahaa.
3089 3290 3166 3346 De
3198 3291 3393 3348 lumbis
3417 3307 3548 3348 vero

1965 3382 2198 3436 Abrahae
2210 3380 2374 3452 Virgo
2395 3379 2560 3434 Maria
2589 3381 2739 3446 exiit,
2781 3382 2834 3434 in
2863 3381 3018 3451 cujus
3045 3389 3197 3437 utero
3225 3381 3546 3454 Unigenitns

1970 3471 2152 3526 Patris
2190 3485 2289 3542 per
2313 3468 2579 3541 Spiritum
2596 3479 2845 3527 sanctum
2871 3470 3136 3525 incarnari
3160 3470 3415 3541 dignatus
3437 3480 3543 3538 est,

1967 3578 2031 3617 ex
2060 3577 2165 3633 qua
2198 3562 2571 3617 incarnatione
2599 3562 2853 3617 universo
2879 3562 3110 3617 innotuit
3150 3562 3349 3616 mundo
3381 3561 3543 3625 Deus,

1967 3655 2107 3709 sicut
2131 3662 2187 3708 et
2214 3668 2312 3723 per
2332 3652 2672 3707 Psahnistam
2704 3652 2904 3708 dicitur
2936 3665 2955 3703 :
2985 3669 3004 3703 ι
3042 3652 3340 3722 Accingere
3370 3651 3548 3722 gladio

1968 3752 2059 3798 tuo
2071 3744 2213 3799 circa
2227 3742 2401 3797 femur
2416 3753 2586 3808 tuum,
2602 3739 3156 3813 potentissime(Psal.
3181 3742 3348 3812 ηις).
3371 3762 3390 3795 ι
3415 3742 3545 3797 Gla-

1968 3835 2116 3889 dium
2158 3833 2356 3888 etenim
2402 3833 2544 3888 circa
2597 3832 2771 3889 femur
2824 3834 3231 3903 potentissimus
3278 3835 3545 3905 sumpsit,

1968 3924 2093 3993 quia
2121 3937 2300 3979 sermo
2327 3922 2725 3993 prtedicationis
2750 3922 2893 3978 illius
2916 3938 2981 3978 ex
3015 3923 3387 3979 incarnatione
3421 3939 3550 3979 con-

1968 4015 2153 4069 valuit.
2190 4013 2329 4080 Quid
2361 4028 2491 4068 vero
2524 4014 2627 4071 iste
2672 4014 2812 4084 ignis
2849 4014 3113 4085 designat,
3157 4015 3260 4069 nisi
3299 4015 3549 4070 ardorem

1968 4104 2145 4159 sancti
2172 4103 2425 4173 Spiritus,
2457 4104 2551 4174 qui
2582 4105 2745 4159 corda
2814 4120 2934 4175 qua:
2962 4104 3246 4176 repleverit
3280 4104 3546 4170 accendit,

1970 4194 2037 4249 de
2056 4209 2163 4263 quo
2193 4194 2303 4264 ipsa
2334 4194 2549 4249 Veritas
2576 4195 2743 4250 dicit:
2781 4213 2800 4246 ι
2828 4194 3008 4267 Ignem
3054 4196 3175 4249 veni
3224 4194 3441 4250 mittere
3487 4194 3544 4248 in

1972 4293 2169 4357 terram
2206 4282 2355 4355 (Luc.
2379 4286 2501 4356 xu).
2539 4306 2556 4337 ι
2591 4285 2728 4353 Quid
2750 4294 2981 4355 estergo
3009 4284 3150 4354 quod
3176 4283 3229 4336 in
3267 4284 3370 4337 hoc
3396 4297 3549 4353 aspe~

1971 4385 2059 4431 ctu
2107 4376 2380 4440 hominis,
2435 4376 2528 4445 qui
2583 4376 2860 4445 prophetae
2927 4372 3214 4443 apparuit,
3274 4387 3306 4425 a
3351 4372 3550 4426 lumbis

291 4462 476 4523 nium,
515 4473 634 4528 qua:
679 4465 957 4528 perspecta
1009 4464 1152 4511 sunt.
1207 4473 1225 4506 ι
1258 4454 1322 4510 Ει
1359 4456 1477 4511 haec
1504 4456 1640 4511 visio
1683 4455 1864 4527 glorise

1970 4464 2237 4534 superius,
2289 4462 2615 4517 intrinsecus
2637 4479 2735 4531 per
2780 4461 3062 4515 circuitum
3112 4459 3250 4529 ignis
3290 4459 3462 4523 ardet,
3514 4474 3548 4514 a

289 4549 657 4604 similitudinis
700 4549 813 4602 Dei.
845 4568 864 4599 ι
918 4547 1031 4602 Non
1083 4561 1191 4617 quo
1238 4546 1465 4614 gloriam
1522 4547 1731 4603 Domini
1782 4549 1867 4602 vi-

290 4641 467 4704 derit,
510 4639 604 4693 sed
643 4637 1047 4693 similitudinem
1091 4637 1275 4707 gloriae
1317 4637 1454 4708 ejus.
1498 4638 1646 4693 Visio
1686 4648 1865 4693 autem

289 4730 471 4785 omnis
510 4730 627 4786 htcc
674 4736 774 4784 est.
813 4727 1044 4799 Spiritus
1085 4728 1301 4784 elevans
1349 4738 1403 4784 et
1438 4730 1607 4784 nubes
1650 4744 1864 4800 magna,

289 4831 345 4877 et
394 4829 632 4892 quatuor
677 4819 950 4885 animalia,
993 4827 1049 4875 et
1099 4827 1230 4876 rota:
1275 4821 1526 4885 totidem,
1581 4830 1867 4890 sequentes

289 4911 545 4967 animalia
599 4910 987 4980 etspiritum,
1042 4924 1162 4980 qua:
1222 4911 1323 4966 sub
1381 4910 1720 4967 ﬁrmamento
1772 4914 1865 4968 Dei

291 5018 414 5057 esse
455 5008 784 5055 memorant.
836 4998 967 5067 Quae
1022 5008 1303 5069 postquam
1348 5000 1553 5055 elevata
1612 5010 1770 5066 sunt,
1811 5011 1867 5058 et

291 5094 584 5147 audierunt
625 5105 845 5154 vocem,
896 5090 1050 5161 quasi
1112 5105 1371 5160 aquarum
1437 5091 1759 5159 multarum,
1810 5101 1866 5147 et

291 5181 450 5253 quasi
488 5179 640 5235 verbi
688 5178 932 5233 sublimis
976 5177 1094 5242 Dei,
1126 5193 1420 5248 vocemque
1465 5188 1765 5236 castrorum
1811 5191 1865 5236 ct

291 5272 597 5336 exercitus,
634 5271 954 5326 dimiserunt
1007 5269 1151 5335 alas,
1194 5280 1250 5325 et
1308 5278 1581 5342 stuporem
1650 5273 1864 5328 silentio

292 5366 756 5419 demonstrarunt.
797 5362 1165 5433 Apparuitque
1193 5362 1385 5418 sedens
1412 5379 1574 5434 super
1619 5365 1869 5419 similitu-

293 5455 477 5509 dinem
528 5453 799 5525 sapphiri.
848 5454 1002 5522 quasi
1054 5452 1349 5509 similitudo
1391 5453 1665 5517 hominis,
1696 5455 1786 5525 qui
1838 5470 1869 5507 a

293 5546 494 5601 lumbis
517 5559 680 5615 supra
731 5544 960 5600 habebat
1002 5544 1236 5614 speciem
1278 5544 1484 5609 electri,
1516 5553 1571 5600 et
1614 5560 1644 5598 a
1676 5545 1871 5600 lumbis

292 5636 547 5691 deorsum
575 5635 807 5707 speciem
844 5634 980 5703 ignis
1010 5636 1061 5689 in
1092 5635 1342 5690 circuitu.
1387 5634 1516 5690 Post
1562 5649 1721 5704 quem
1765 5643 1871 5689 ter-

1969 4554 2165 4608 lumbis
2192 4567 2320 4606 vero
2342 4545 2611 4611 deorsum,
2645 4566 2752 4604 non
2784 4549 2923 4620 ignis
2959 4549 3315 4612 intrinsecus,
3360 4547 3456 4602 sed
3492 4547 3547 4602 in

1967 4644 2197 4699 circuitu
2252 4640 2570 4710 resplendet,
2619 4639 2718 4695 nisi
2761 4639 2906 4708 quod
2956 4647 3083 4694 ante
3120 4638 3548 4694 incarnationem

1966 4734 2224 4803 nuigeniti
2281 4730 2636 4799 redemptoris
2689 4729 2858 4785 nostri
2915 4728 3027 4786 sola
3089 4730 3233 4784 intra
3286 4727 3547 4783 selndzca

1966 4826 2213 4880 ardorem
2264 4821 2466 4876 amoris
2515 4820 2631 4891 ejus
2669 4818 2896 4883 habuit,
2948 4827 3070 4889 post
3114 4817 3546 4872 incarnationem

1969 4932 2098 4973 vero
2133 4915 2275 4969 illius
2297 4915 2351 4969 in
2374 4914 2604 4969 circuitu
2630 4912 2747 4982 ejus
2774 4912 2912 4983 ignis
2943 4909 3291 4981 resplendnit,
3334 4910 3462 4979 quia
3490 4908 3546 4963 in

1970 5007 2223 5061 universo
2244 5005 2441 5059 mundo
2477 5004 2727 5075 gentibus
2771 5002 3073 5061 claritatem
3108 5002 3280 5057 sancti
3311 5000 3549 5070 Spiritus

1968 5095 2381 5151 cll'udit?Prius
2444 5109 2573 5166 ergo
2638 5094 2967 5149 intrinsecus
3035 5093 3175 5164 ignis
3223 5101 3383 5156 erat,
3449 5090 3545 5145 sed

1969 5187 2222 5257 splendor
2266 5201 2374 5241 non
2401 5194 2539 5251 erat,
2595 5185 2720 5255 quia
2748 5184 2983 5256 Spiritus
3021 5191 3241 5238 sanctus
3282 5182 3336 5235 in
3364 5180 3548 5236 multis

1969 5278 2184 5346 quidem
2205 5276 2450 5344 partibus
2482 5274 2720 5329 Jndmam
2752 5275 3009 5344 replebat,
3062 5273 3155 5328 sed
3186 5273 3252 5326 ad
3299 5271 3545 5326 notitiam

1973 5366 2210 5438 gentium
2262 5364 2488 5419 necdum
2520 5364 2635 5433 ejus
2675 5364 2852 5418 lumen
2897 5363 3213 5417 emit-uerat.
3263 5361 3308 5413 Α
3350 5358 3550 5413 lumbis

1974 5471 2103 5510 vero
2136 5453 2253 5523 ejus
2300 5461 2354 5507 et
2407 5455 2657 5509 deorsum
2709 5453 2848 5521 ignis
2905 5452 2956 5506 in
3000 5450 3226 5505 circuitu
3279 5447 3548 5517 splendet.

1976 5548 2111 5615 Quia
2145 5556 2429 5618 postquam
2461 5547 2527 5602 de
2572 5545 2779 5613 virgine
2804 5556 3024 5598 carnem
3050 5539 3297 5608 sumpsit,
3358 5538 3411 5592 in
3442 5538 3546 5592 hn-

1978 5652 2139 5693 mano
2189 5650 2383 5707 genere
2439 5636 2595 5704 longe
2655 5635 2868 5703 lateque
2903 5631 3075 5687 sancti
3112 5628 3348 5699 Spiritus
3408 5628 3548 5685 dona
