3950 6184
404 313 507 369 847
1040 308 1103 363 Β.
1146 306 1396 363 RABANI
1433 304 1653 363 MAURI
1691 302 2007 361 ARCIIIEP.
2050 301 2363 361 MOGUNT.
2395 300 2678 362 OPERUM
2717 303 2898 360 PARS
2930 304 2995 361 ll.
3563 311 3661 367 548

400 420 666 476 dilatavit.
739 417 807 473 Et
849 416 1140 474 notandum
1187 417 1330 486 quod
1377 416 1518 487 ignis
1564 415 1666 470 iste
1702 430 1732 468 a
1785 414 1986 469 lumbis
2015 423 2059 479 Λ
2091 421 2247 467 cente
2273 420 2615 469 revocentur.
2656 411 2866 469 Nuhem
2892 413 3039 469 enim
3070 414 3427 487 redemptoris
3449 432 3663 476 carnem

403 511 650 581 superius
674 524 771 579 per
796 509 1079 564 circuitum
1103 520 1222 562 esse
1247 507 1590 572 describitur,
1640 521 1747 560 non
1781 506 1986 560 extrin-
2085 515 2192 554 non
2234 500 2674 555 inconvenienter
2708 503 3024 573 accipimus.
3060 505 3138 560 De
3166 522 3272 577 qua
3312 522 3411 578 per
3439 508 3663 565 Psalmi-

404 615 581 664 secus,
634 599 725 654 sed
753 598 1112 651 intrinsecus:
1152 596 1279 665 quia
1330 595 1533 650 amoris
1572 594 1812 660 flamma,
1846 594 1987 648 sicut
2085 599 2223 644 stam
2254 590 2454 645 dicitur
2484 604 2500 643 :
2540 608 2560 642 ι
2590 591 2691 658 Qui
2718 593 2871 660 ponit
2889 594 3085 648 nubem
3117 609 3402 652 ascensum
3432 612 3608 652 suum.
3641 620 3658 653 ι

404 691 605 744 dictum
650 696 774 752 est,
850 687 906 740 in
969 686 1157 741 electis
1224 693 1388 755 atque
1454 685 1787 755 spiritalibus
1851 684 1985 737 viris
2084 679 2287 735 Nubem
2346 683 2545 752 quippe
2608 698 2895 739 ascensum
2959 702 3115 742 suum
3167 690 3382 759 posuit,
3443 692 3571 761 quia
3623 693 3666 749 is

404 779 600 846 ubique
638 777 691 830 in
734 775 847 830 suis
883 774 1078 830 linibus
1097 773 1335 829 Iudaeam
1364 774 1634 844 replebat,
1663 789 1765 829 nec
1806 783 1982 828 tamen

402 871 580 924 exibat
617 870 971 931 extrinsecus,
1029 868 1155 938 quia
1194 882 1313 922 sese
1356 869 1411 922 in
1459 867 1799 921 multitudine
1855 879 1985 937 gen-

402 960 531 1012 tium
573 973 679 1012 non
733 958 1012 1012 dilatabat.
1061 957 1192 1023 Qua:
1215 956 1425 1010 ardoris
1461 954 1678 1009 flamma
1726 955 1838 1008 visa
1876 963 1971 1021 est,

397 1047 736 1117 postmodum
770 1047 821 1100 in
852 1047 1083 1102 circuitu
1118 1046 1481 1116 resplendere,
1524 1046 1651 1116 quia
1675 1059 1771 1114 per
1796 1045 1981 1098 mundi

398 1137 646 1191 cardines
688 1136 740 1190 in
788 1136 1055 1191 universis
1124 1137 1373 1206 gentibus
1437 1134 1822 1205 omnipotentis
1886 1133 1980 1188 Dei

396 1228 560 1296 carpit
624 1243 777 1282 amor
817 1241 1152 1283 cxcrescere.
1220 1226 1373 1293 Quod
1425 1235 1608 1282 tamen
1661 1225 1884 1296 intelligi
1922 1234 1979 1281 et

396 1317 556 1373 aliter
577 1326 774 1388 potest.
807 1318 942 1384 Quia
993 1318 1299 1387 redemptor
1327 1325 1515 1373 noster
1539 1319 1683 1373 Deus
1707 1325 1764 1372 et
1798 1317 1980 1371 Domi-

396 1423 500 1463 nus
527 1417 709 1463 noster
736 1406 893 1462 Jesus
944 1406 1213 1471 Christus,
1265 1422 1361 1476 per
1383 1406 1775 1461 humanitatem
1823 1420 1978 1459 suam

397 1498 702 1552 hominibus
730 1497 982 1561 innotuit,
1023 1496 1114 1565 qui
1146 1510 1243 1565 per
1263 1495 1601 1551 divinitatem
1633 1510 1790 1551 suam
1817 1503 1978 1550 notus

397 1588 601 1658 angelis
639 1596 695 1641 et
748 1597 872 1641 ante
919 1588 1346 1641 incarnationem
1397 1585 1520 1641 fuit.
1565 1585 1730 1642 Nobis
1770 1602 1899 1658 ergo
1944 1601 1976 1640 a

396 1677 593 1732 lumbis
632 1676 854 1732 inferius
900 1677 1203 1747 resplendet
1253 1679 1306 1731 in
1343 1678 1596 1743 circuitu,
1639 1678 1794 1748 cujus
1834 1678 1975 1747 ignis

2081 772 2173 841 qui
2203 787 2299 840 per
2347 774 2682 829 divinitatem
2713 776 2912 847 ubique
2944 788 3049 846 est,
3099 795 3264 836 carne
3306 783 3375 837 ad
3426 785 3664 839 cmlestia

2082 863 2344 917 ascendit.
2378 865 2605 935 Expleta
2631 881 2760 923 vero
2785 869 2930 923 omni
2964 873 3191 941 mystica
3217 874 3425 929 visione
3451 877 3666 947 subjun-

2081 953 2387 1022 gitumllie
2401 964 2519 1009 erat
2536 967 2788 1025 aspectus
2805 958 3106 1028 splendoris
3129 978 3223 1033 per
3244 979 3458 1035 gyrum,
3482 978 3536 1020 et
3562 968 3666 1023 haec

2058 1043 2217 1099 Ivism
2238 1044 2605 1100 similitudinis
2632 1046 2815 1117 gloria:
2844 1049 3144 1117 DeiaQnid
3167 1055 3308 1107 enim
3338 1054 3391 1108 in
3419 1057 3666 1111 universo

2080 1132 2281 1187 mundo
2328 1135 2502 1188 sancti
2536 1133 2771 1204 Spiritus
2818 1139 2990 1208 gratia
3032 1151 3178 1211 agat,
3222 1143 3511 1213 aspiciens,
3564 1145 3661 1199 ait:

2086 1239 2105 1271 ι
2136 1221 2233 1275 llic
2255 1231 2373 1277 erat
2390 1234 2641 1293 aspectus
2661 1225 2964 1296 splendoris
2984 1245 3081 1298 per
3104 1247 3312 1302 gyrum.
3350 1251 3368 1285 ι
3397 1233 3530 1301 Quae
3547 1248 3666 1290 vero

2079 1309 2306 1365 interius
2324 1311 2566 1381 ejusdem
2592 1314 2763 1369 sancti
2783 1314 3017 1384 Spiritus
3038 1319 3208 1387 gloria
3230 1332 3467 1389 maneat,
3491 1327 3665 1380 consi-

2079 1400 2271 1455 derare
2296 1400 2501 1468 volens,
2529 1403 2623 1457 sed
2645 1403 2784 1458 sicut
2803 1414 2924 1460 erat
2951 1422 3058 1461 non
3081 1408 3283 1475 valens,
3306 1410 3601 1480 adjungitu
3614 1412 3672 1466 Et

2078 1490 2195 1544 haec
2220 1490 2360 1544 visio
2389 1491 2756 1547 similitudinis
2776 1494 2959 1564 gloria:
2993 1495 3204 1551 Domini
3222 1514 3236 1563 ;
3254 1515 3390 1556 mon
3405 1501 3549 1554 enim
3574 1502 3662 1565 ait,

2080 1579 2231 1635 Visio
2256 1579 2462 1650 gloriae,
2490 1582 2582 1636 sed
2607 1582 2976 1640 similitudinis
3005 1586 3187 1657 gloria:
3214 1587 3446 1642 Domini.
3485 1590 3559 1645 Ut
3593 1592 3666 1644 vi-

2078 1668 2276 1724 delicet
2289 1670 2607 1725 ostendatur
2630 1673 2756 1741 quia
2785 1674 3194 1742 quantalibetse
3209 1677 3504 1733 intentione
3518 1694 3666 1735 mens

396 1769 720 1823 intrinsecus
767 1785 798 1822 a
837 1768 1034 1822 lumbis
1067 1768 1315 1838 superius
1355 1768 1509 1822 ardet
1538 1768 1591 1823 in
1634 1767 1792 1823 cmlo.
1840 1768 1976 1834 Quia
2007 1758 2051 1818 Β
2078 1759 2311 1815 humana
2343 1763 2652 1827 tetenderit,
2679 1765 2889 1819 etiamsi
2909 1763 3020 1834 jam
3042 1768 3356 1836 phantasias
3375 1770 3663 1841 imaginum

396 1861 472 1916 illi
520 1861 764 1917 cmlestes
818 1860 1039 1931 spiritus
1070 1875 1191 1915 eum
1252 1861 1304 1915 in
1359 1860 1641 1931 divinitate
1687 1875 1783 1915 sua
1840 1875 1974 1915 con-

399 1952 654 2022 Spiciunt,
684 1959 739 2005 et
765 1952 968 2005 amoris
986 1951 1103 2021 ejus
1130 1951 1250 2021 igne
1274 1952 1659 2006 accenduntur.
1692 1950 1801 2005 Nos
1824 1965 1973 2017 vero,

395 2042 488 2112 qui
517 2047 659 2097 hunc
687 2050 1057 2115 ex_assumpta
1084 2040 1422 2095 humanitate
1460 2039 1755 2112 diligimus,
1802 2040 1980 2095 adhuc

399 2135 454 2188 in
510 2135 612 2188 hac
656 2134 995 2204 corruptibili
1044 2134 1153 2188 vita
1215 2134 1377 2205 positi
1439 2134 1779 2205 splendorem
1840 2132 1980 2204 ignis

399 2223 548 2278 illius
593 2222 726 2277 foris
756 2223 1037 2278 habemus.
1091 2222 1241 2278 Unus
1274 2223 1456 2293 itaque
1487 2223 1587 2278 sub
1632 2222 1825 2277 throno
1873 2229 1976 2284 est,

397 2315 490 2384 qui
536 2322 593 2371 et
633 2329 793 2385 super
839 2314 1051 2369 lumbos
1099 2315 1277 2385 ignem
1338 2314 1668 2369 intrinsecus
1711 2313 1876 2369 habet
1924 2312 1978 2366 in

397 2406 624 2474 angelis,
668 2414 727 2461 et
766 2406 866 2461 sub
892 2405 1090 2461 lumbis
1130 2406 1307 2477 ignem
1339 2406 1393 2460 in
1447 2406 1676 2461 circuitu
1723 2406 1886 2460 habet
1925 2405 1981 2460 in

397 2495 739 2549 hominibus:
791 2494 921 2564 quia
949 2495 1003 2549 in
1034 2508 1196 2549 omne
1236 2495 1381 2565 quod
1406 2496 1475 2551 ab
1510 2494 1715 2566 angelis
1742 2505 1976 2559 amatur,

397 2600 498 2654 per
533 2599 693 2639 omne
717 2585 858 2653 quod
885 2584 954 2639 ab
984 2583 1295 2641 hominibus
1321 2584 1674 2649 desideratur,
1708 2601 1850 2641 unus
1875 2592 1977 2651 est,

395 2674 485 2744 qui
510 2675 563 2729 in
613 2674 867 2730 cordibus
894 2674 1049 2729 ardet
1080 2675 1399 2729 amantium.
1456 2692 1476 2726 ι
1514 2674 1674 2730 Velut
1705 2684 1977 2745 aspectus,

397 2766 588 2836 inquit,
641 2781 800 2821 arcus
849 2780 972 2819 cum
1011 2764 1175 2820 fuerit
1204 2766 1258 2819 in
1288 2766 1434 2821 nube
1482 2766 1538 2821 in
1581 2764 1670 2821 die
1702 2766 1916 2836 pluvize.
1956 2785 1977 2818 ι

394 2856 596 2911 Arcum
638 2856 976 2925 omnipotens
1034 2856 1177 2909 Deus
1224 2857 1367 2910 inter
1420 2871 1480 2911 se
1524 2864 1579 2911 et
1631 2857 1876 2912 homines
1927 2857 1982 2911 in

2079 1851 2441 1919 corporalium
2478 1867 2507 1905 a
2542 1853 2870 1922 cogitatione
2894 1864 3221 1924 compescat,
3262 1859 3306 1913 si
3332 1857 3449 1926 jam
3477 1876 3663 1914 omnes

2079 1937 2518 2009 circumscriptus
2557 1942 2781 2010 spiritus
2831 1943 2898 1997 ab
2926 1944 3099 1999 oculis
3148 1947 3330 2001 cordis
3379 1950 3662 2014 amaverit,

2079 2029 2254 2083 adhuc
2303 2038 2482 2084 tamen
2516 2030 2569 2084 in
2601 2046 2766 2087 carne
2817 2033 3032 2088 mortali
3083 2036 3280 2105 posita,
3329 2037 3511 2094 videre
3558 2040 3664 2108 glo-

2081 2118 2219 2172 riam
2251 2119 2347 2174 Dei
2394 2135 2499 2175 non
2547 2121 2695 2175 valet
2721 2123 2863 2178 sicut
2895 2134 2998 2191 est,
3045 2127 3140 2180 sed
3169 2127 3430 2197 quidquid
3464 2130 3531 2184 de
3578 2132 3664 2185 illa

2079 2216 2185 2273 est,
2228 2210 2373 2279 quod
2422 2211 2476 2264 in
2506 2220 2685 2267 mente
2744 2213 3066 2283 resplendet,
3114 2217 3430 2283 similitudo,
3474 2228 3663 2276 etnon

2081 2297 2196 2367 ipsa
2243 2306 2348 2354 est.
2402 2299 2558 2356 Unde
2597 2311 2655 2356 et
2680 2302 2769 2356 ille
2823 2304 3179 2373 prmdicator,
3227 2308 3317 2376 qui
3364 2318 3554 2378 raptus
3598 2312 3663 2365 ad

2082 2388 2301 2442 tertium
2321 2389 2518 2444 caelum
2544 2389 2738 2456 fuerat,
2791 2394 3038 2448 dicebat:
3074 2413 3094 2446 ι
3120 2396 3376 2453 Videmus
3401 2415 3542 2454 nunc
3572 2415 3665 2470 per

2080 2478 2358 2547 speculum
2411 2489 2467 2536 et
2502 2482 2557 2535 in
2602 2484 2891 2553 aenigmate
2914 2483 2966 2555 (1
3000 2482 3126 2540 Cor.
3187 2486 3331 2560 xm).
3387 2509 3406 2541 ι
3459 2489 3576 2557 Qua
3610 2492 3660 2544 in

2081 2583 2141 2624 re
2173 2585 2282 2625 non
2317 2572 2660 2641 desp'cienda
2691 2575 2847 2630 nobis
2892 2577 3121 2645 quaestio
3150 2580 3343 2644 oritur,
3391 2583 3658 2652 quomodo

2078 2656 2312 2716 Joannes
2337 2662 2684 2733 evangelista,
2712 2679 2834 2719 cum
2863 2680 2991 2737 erga
3021 2668 3280 2723 miracula
3295 2667 3660 2743 Redemptoris

2081 2755 2253 2809 nostri
2289 2754 2594 2812 Judmorum
2627 2756 2906 2827 perfidiam
2935 2760 3100 2814 etiam
3132 2774 3199 2814 ex
3226 2762 3405 2817 verbis
3431 2764 3660 2832 prophe-

2083 2846 2204 2901 ticis
2225 2847 2620 2918 descripsisset,
2645 2849 2885 2920 adjungit
2899 2849 3084 2905 dicens
3109 2868 3122 2905 :
3161 2868 3179 2902 ι
3200 2850 3326 2907 Haec
3346 2853 3476 2908 dicit
3498 2853 3660 2908 lsaias

400 2945 554 3014 signo
584 2944 784 3013 posuit,
830 2954 889 2998 ut
914 2944 1059 2997 ultra
1092 2945 1352 2999 mundum
1388 2944 1590 3000 diluvio
1625 2960 1733 3000 non
1778 2945 1983 3001 deleret
2081 2936 2299 3006 (ιιιηιιάο
2322 2937 2456 2993 Vidi‘
2474 2937 2698 3009 Gloriam
2720 2937 2929 3008 θιῖυειθῑ
2950 2940 3159 2996 “cuius
3183 2950 3268 2996 εει
3293 2941 3361 2997 de
3387 2957 3454 2998 θο
3480 2942 3656 3016 (λυπη-

399 3037 585 3092 diccns
611 3055 624 3089 :
668 3056 685 3086 ι
716 3035 916 3090 Ponant
949 3051 1135 3090 arcum
1190 3050 1368 3089 meum
1410 3036 1466 3090 in
1498 3037 1751 3102 nubibus,
1780 3047 1835 3092 et
1879 3038 1985 3094 erit
2028 3102 2037 3103 ί
2082 3030 2206 3101 ιιι)ο
2254 3049 2273 3082 ι
2302 3030 2369 3084 El
2397 3030 2444 3085 εί
2474 3030 2719 3085 Ειθοὶὶίθι
2747 3047 2851 3086 11οη
2879 3032 3127 3103 gloriam.
3148 3035 3241 3088 θεά
3268 3034 3452 3103 glorise
3475 3035 3660 3090 Simili-

403 3127 617 3197 signum
654 3125 874 3180 foederis
916 3120 1057 3179 inter
1099 3140 1184 3179 me
1217 3134 1273 3180 et
1314 3125 1455 3180 inter
1486 3136 1706 3180 terram.
1739 3126 1981 3196 Cumque
2009 3102 2053 3164 Ο
2088 3119 2326 3175 tudinem
2351 3120 2503 3186 vidit.
2536 3122 2663 3190 quid
2685 3132 2771 3177 est
2797 3102 2939 3194 quod
2969 3124 3072 3179 iste
3100 3102 3510 3181 similitudinem
3545 3126 3654 3198 glo-

331 3228 337 3233 ‘
398 3217 678 3272 obduxere
722 3216 953 3270 nubibus
1001 3215 1234 3281 cretum,
1286 3216 1565 3286 apparebit
1613 3232 1772 3272 arcus
1829 3233 1983 3274 meus

402 3307 457 3362 in
517 3307 781 3372 nubibus,
821 3315 875 3361 et
912 3306 1237 3361 recordabar
1289 3305 1509 3361 hederis
1557 3308 1663 3362 mei
1705 3308 1983 3363 vobiscum

399 3396 552 3470 (Gen.
581 3397 678 3469 ιχ).
708 3398 858 3454 Unde
880 3406 936 3453 et
956 3398 1009 3451 in
1038 3413 1167 3453 arcu
1192 3396 1380 3453 eodem
1405 3398 1555 3453 color
1582 3413 1736 3469 aqum
1762 3409 1817 3455 et
1842 3401 1981 3473 ignis

399 3490 556 3546 simul
584 3490 909 3555 ostenditur,
952 3492 1077 3560 quia
1116 3506 1184 3547 ex
1206 3499 1360 3562 parte
1382 3500 1464 3547 est
1487 3494 1781 3559 cmruleus,
1832 3502 1886 3548 et
1912 3510 1979 3549 ex

394 3592 550 3653 parte
574 3583 949 3647 rubicundus;
998 3591 1058 3636 ut
1105 3584 1391 3652 utriusque
1440 3581 1631 3652 judicii
1677 3586 1830 3639 testis
1883 3586 1974 3651 sit,

393 3675 553 3729 unius
575 3674 1104 3741 videlicet’faciendi,
1146 3683 1202 3730 et
1244 3676 1471 3732 alterius
1511 3676 1663 3742 facti,
1720 3679 1815 3734 sed
1860 3678 1974 3748 jam

393 3781 499 3820 non
527 3766 751 3822 ulterius
776 3766 1028 3822 faciendi.
1082 3767 1219 3834 Quia
1246 3769 1479 3823 mundus
1518 3770 1735 3839 quidem
1784 3769 1974 3838 judicii

392 3858 513 3927 igne
545 3857 897 3921 cremabitur,
948 3857 1045 3912 sed
1074 3872 1215 3927 aqua
1241 3856 1354 3927 jam
1383 3858 1570 3913 diluvii
1617 3875 1723 3913 non
1772 3860 1977 3915 delebi-

392 3953 497 3999 tur.
539 3945 679 4011 Quid
727 3953 811 3998 est
847 3954 1050 4010 autem,
1109 3947 1252 4018 quod
1298 3947 1668 4015 splendentem
1712 3950 1893 4019 ignem
1941 3966 1972 4004 a

390 4033 586 4087 lumbis
641 4032 873 4088 hominis
913 4034 1107 4087 throno
1159 4036 1513 4104 praesidentis,
1544 4038 1684 4093 sicut
1725 4049 1975 4109 aspectus

392 4137 555 4176 arcus
583 4136 707 4176 cum
733 4121 898 4176 fuerit
946 4123 1183 4179 innube
1240 4124 1293 4178 in
1341 4124 1429 4180 die
1471 4127 1664 4194 pluviae
1708 4132 1973 4200 propheta

390 4213 714 4283 conspexit?
756 4213 892 4281 Quia
923 4214 1066 4268 enim
1099 4230 1194 4285 per
1238 4216 1432 4286 ignem,
1464 4218 1603 4273 sicut
1630 4220 1830 4274 dictum
1866 4231 1970 4287 e~t,

390 4305 555 4360 ardor
587 4305 760 4360 sancti
793 4303 1029 4375 Spiritus
1055 4305 1390 4376 designatur,
1418 4321 1539 4376 qua:
1567 4308 1862 4365 similitudo
1888 4321 1973 4367 cst

388 4413 549 4454 arcus
579 4405 632 4453 et
657 4398 879 4468 spiritus
907 4406 966 4452 ut
999 4398 1157 4468 ignis,
1208 4400 1300 4467 qui
1331 4400 1599 4469 apparuit,
1633 4403 1791 4470 quasi
1816 4418 1972 4472 aspe-

387 4496 508 4542 ctus
536 4502 697 4542 arcus
743 4488 1060 4558 apparuisse
1099 4487 1394 4553 diceretur,
1437 4488 1534 4543 sed
1569 4489 1616 4544 si
1642 4489 1766 4559 ipsi,
1808 4506 1968 4561 quam

387 4575 753 4645 prmdiximus,
769 4577 960 4630 visioni
980 4592 1138 4632 arcus
1160 4575 1511 4642 intendimus,
1528 4579 1799 4647 quomodo
1814 4596 1973 4636 arcus

388 4663 657 4732 significat
703 4664 975 4733 spiritum,
1027 4666 1289 4721 videmus.
1340 4666 1396 4720 ln
1421 4681 1551 4721 areu
1586 4667 1806 4738 quippe,
1832 4669 1974 4725 sicut

388 4749 646 4821 praefatus
673 4767 816 4817 sum,
848 4769 983 4823 aqua
1013 4764 1067 4809 et
1098 4756 1235 4825 ignis
1261 4765 1504 4826 apparet,
1533 4766 1585 4811 et
1614 4768 1734 4828 post
1762 4759 1969 4815 media-

393 4839 528 4892 toris
553 4839 841 4894 adventum
870 4856 934 4896 eo
974 4844 1146 4899 virtus
1184 4847 1359 4900 sancti
1386 4846 1621 4917 Spiritus
1650 4849 1701 4902 in
1735 4850 1969 4906 humano

389 4944 585 5000 genere
621 4929 835 4997 claruit,
883 4948 990 5003 quo
1018 4935 1218 4991 electos
1250 4936 1344 4991 Dei
1365 4945 1419 4992 et
1443 4953 1583 5007 aqua
1633 4940 1973 5010 baptismatis

388 5022 521 5076 lavit
559 5031 615 5076 ct
658 5022 798 5092 ignis
847 5025 1014 5079 divini
1050 5028 1252 5082 amoris
1293 5028 1556 5086 incendit.
1608 5029 1774 5097 Quasi
1822 5031 1969 5087 enim

388 5113 628 5168 admixto
655 5113 834 5168 colore
862 5130 1015 5183 aqua:
1045 5116 1204 5170 simul
1231 5126 1285 5171 et
1320 5119 1459 5189 ignis
1484 5121 1701 5190 quidam
1732 5136 1891 5177 arcus
1912 5123 1964 5177 in

388 5206 531 5260 nube
565 5207 633 5262 ad
662 5209 1096 5277 propitiationem
1138 5211 1374 5278 ponitur,
1409 5227 1531 5267 cum
1563 5212 1771 5270 Veritas
1792 5215 1960 5271 dicit:

393 5318 412 5348 ι
443 5298 555 5354 Nisi
579 5300 702 5370 quis
729 5309 947 5354 renatus
974 5299 1139 5354 fuerit
1160 5316 1226 5355 ex
1253 5317 1393 5371 aqua
1422 5312 1477 5358 et
1507 5304 1711 5375 Spiritu
1752 5318 1960 5371 sancto,

389 5406 493 5444 non
544 5400 720 5461 potest
772 5393 956 5447 videre
1001 5407 1220 5465 regnum
1248 5394 1343 5449 Dei
1390 5395 1593 5468 (Joan.
1625 5399 1738 5470 ιιι).
1780 5420 1798 5453 ι
1862 5401 1963 5468 Qui

391 5492 549 5535 arcus
590 5481 643 5535 in
691 5483 832 5537 nube
856 5490 940 5536 est
970 5482 1025 5536 in
1049 5482 1138 5537 die
1166 5482 1359 5552 pluvire
1384 5501 1398 5548 ;
1427 5488 1551 5555 quia
1606 5488 1658 5541 in
1686 5490 1964 5545 Dominica

393 5568 764 5627 incarnatione
791 5583 845 5626 et
892 5573 943 5626 in
986 5570 1245 5627 effusione
1292 5576 1689 5644 prmdicationis
1733 5581 1971 5635 ostendi-

397 5666 499 5722 tur,
556 5673 613 5716 ut
639 5664 705 5717 ad
734 5665 944 5719 veniam
991 5665 1153 5720 corda
1200 5666 1532 5721 credentium
1579 5668 1804 5725 Domino
1848 5688 1972 5742 par-

2087 3210 2201 3276 riac,
2228 3211 2386 3265 etille
2409 3211 2632 3280 gloriam
2648 3213 2843 3268 vidisse
2866 3215 3222 3270 describitur?
3245 3215 3351 3271 Sed
3369 3233 3493 3271 eum
3504 3216 3661 3273 Joan-

2085 3315 2182 3356 nes
2205 3302 2530 3373 evangelista
2559 3305 2709 3374 prius
2755 3306 3015 3361 miracula
3050 3307 3427 3378 Redemptoris
3488 3311 3656 3365 nostri

2084 3396 2342 3458 narravit,
2390 3406 2554 3465 atque
2583 3397 2955 3454 infidelitatem
2979 3401 3319 3470 postmodum
3350 3402 3654 3457 Judazorum

2084 3485 2339 3547 subdidit,
2371 3486 2510 3541 hanc
2539 3485 2782 3556 ejusdem
2802 3488 3181 3559 Redemptoris
3212 3492 3378 3545 nostri
3408 3491 3652 3563 gloriam,

2081 3586 2203 3640 qua:
2233 3573 2285 3626 in
2325 3575 2524 3629 mundo
2568 3579 2835 3645 apparuit,
2862 3578 3054 3633 Isaiam
3099 3580 3299 3635 vidisse
3328 3581 3653 3636 manifestat.

2081 3662 2253 3718 Omne
2294 3663 2437 3716 enim
2474 3666 2616 3734 quod
2648 3666 2702 3718 in
2735 3676 2881 3721 terra
2925 3668 3119 3722 mirum
3165 3669 3424 3724 divinitus
3460 3671 3649 3741 agitur,

2080 3751 2248 3822 gloria
2275 3753 2657 3821 omnipotentis
2685 3755 2777 3809 Dei
2803 3764 2906 3820 est,
2922 3763 2977 3810 et
3001 3755 3117 3824 ejus
3136 3758 3304 3826 gloria
3337 3759 3389 3811 in
3406 3760 3650 3812 omnibus

2082 3840 2238 3896 factis
2259 3843 2491 3896 videtur.
2513 3844 2680 3899 Isaias
2702 3860 2830 3914 ergo
2854 3844 2970 3914 ejus
2997 3845 3220 3917 gloriam
3248 3849 3300 3901 in
3326 3857 3470 3901 terra
3500 3848 3646 3901 vidit:

2079 3932 2323 3985 Ezechiel
2360 3947 2486 3986 vero
2513 3930 2628 3999 ejus
2664 3934 2890 4004 gloriam
2920 3935 2973 3989 in
2995 3936 3133 3991 coelo
3173 3938 3318 3991 sicut
3346 3948 3431 3992 est
3474 3938 3648 3993 videre

2080 4037 2187 4076 non
2236 4022 2428 4091 potuit.
2486 4022 2620 4089 Quia
2642 4025 2800 4080 aliter
2847 4036 2931 4081 est
2965 4028 3192 4097 gloriam
3241 4029 3358 4097 ejus
3390 4031 3444 4084 in
3493 4031 3645 4084 rebus

2076 4110 2234 4166 factis
2265 4120 2426 4181 atque
2450 4114 2607 4169 aliter
2660 4116 2713 4169 in
2765 4118 3056 4187 semetipso
3102 4120 3304 4175 videre.
3357 4120 3483 4177 llaec
3524 4136 3643 4191 ergo

2076 4201 2195 4272 ejus
2241 4201 2432 4272 gloria,
2482 4218 2602 4272 qua:
2652 4205 2705 4259 in
2761 4208 2921 4262 rebus
2967 4217 3073 4277 est,
3098 4209 3266 4264 videri
3319 4220 3515 4279 potest.
3560 4211 3643 4264 llla

2074 4310 2221 4357 vero,
2252 4312 2373 4365 qua:
2406 4297 2458 4349 in
2489 4297 2603 4366 ipso
2630 4309 2735 4361 est,
2769 4300 2937 4354 videri
2962 4301 3121 4355 modo
3151 4302 3250 4356 nisi
3280 4317 3378 4372 per
3403 4303 3642 4357 similitu-

2077 4387 2254 4441 dinem
2281 4404 2384 4441 non
2420 4390 2731 4457 potesttsed
2753 4391 2797 4444 si
2825 4392 3068 4447 eamdem
3099 4394 3503 4449 similitudinem
3534 4395 3639 4465 glo-

2079 4478 2171 4532 rise
2202 4478 2284 4532 vel
2311 4479 2616 4535 sublevatus
2641 4481 2900 4552 propheta
2925 4493 3145 4553 portare
3189 4488 3446 4556 potuerit,
3489 4502 3640 4558 agno-

2079 4582 2319 4621 scamns.

2794 4661 2931 4717 PUT
2967 4661 3031 4717 ll.

2794 4661 2835 4715 P
2967 4661 2990 4716 ι
3016 4702 3031 4717 .

2075 4747 2306 4803 Mittitur
2328 4751 2579 4819 prouheta
2602 4752 2671 4806 ad
2702 4660 3049 4807 22:03:“;
3069 4771 3320 4825 popinam
3349 4757 3414 4809 ab
3461 4756 3640 4811 errori-

2739 4841 2834 4897 bus
2856 4844 2988 4899 suis.

2151 4969 2171 5002 ι
2196 4950 2265 5006 Ει
2280 4951 2388 5007 vidi
2404 4960 2458 5007 et
2473 4952 2639 5008 cecidi
2670 4952 2724 5007 in
2749 4953 2942 5010 faciem
2964 4972 3161 5012 meam.
3185 4978 3204 5009 ι
3234 4955 3504 5029 (Ηίενοη.)
3535 4957 3642 5013 Νοιι

2071 5051 2155 5097 est
2175 5043 2348 5098 elatus
2372 5045 2639 5100 visionum
2665 5046 3052 5115 magnitudine,
3078 5049 3170 5103 sed
3190 5049 3520 5104 conscientia
3538 5049 3661 5112 fra-_

2068 5134 2293 5203 gilitatis
2334 5137 2583 5191 humana:
2625 5139 2854 5207 procidit
2895 5140 2949 5193 in
2990 5139 3182 5194 faciem
3210 5155 3385 5194 suam.
3418 5139 3567 5195 Unde
3594 5147 3646 5193 et

2069 5225 2265 5282 Paulus
2310 5229 2581 5297 apostolus
2619 5239 2737 5298 post
2776 5231 3148 5286 ascensionem
3188 5232 3309 5286 cmli
3336 5242 3393 5286 et
3414 5231 3643 5303 paradisi

2071 5325 2126 5371 et
2172 5319 2498 5374 auditionem
2546 5321 2832 5375 verborum
2883 5321 3261 5387 ineffabilium,
3322 5324 3505 5379 datum
3547 5321 3643 5377 sibi

2072 5407 2201 5462 dicit
2230 5409 2477 5479 angelum
2510 5408 2741 5474 Satanae,
2790 5411 2878 5480 qui
2906 5428 2964 5466 se
2992 5412 3353 5483 colapbizarct
3381 5429 3447 5469 ne
3479 5412 3644 5468 cxtol-

2073 5496 2276 5551 lcretur
2310 5497 2365 5567 (Ι
2395 5495 2520 5552 Cor.
2568 5497 2699 5570 xu);
2742 5508 2797 5554 et
2831 5500 3106 5554 Abraham
3152 5502 3346 5555 cecidit
3376 5502 3429 5555 in
3460 5501 3643 5556 faciem

2074 5595 2355 5656 postquam
2410 5589 2615 5643 audivit
2670 5605 2951 5645 sermones
3002 5592 3115 5645 Dei.
3156 5592 3221 5645 Et
3263 5600 3465 5653 tamen.
3526 5589 3642 5659 quia

2077 5692 2181 5731 non
2240 5688 2480 5748 peccato,
2528 5679 2621 5733 sed
2667 5679 2970 5735 humilitate
3005 5693 3302 5751 corruerat,
3350 5699 3377 5735 a
3428 5683 3641 5736 Domino
