3950 6184
316 244 417 301 549

1225 242 1575 299 COMMENT.
1618 245 1681 299 ΙΝ
1722 244 2177 301 EZECIIIELEM.
2217 276 2286 286 —
2324 246 2451 301 LIB.
2489 246 2573 303 lII.

3461 251 3566 308 550

315 356 645 419 sublevatur,
683 362 737 409 et
763 355 921 409 verba
959 354 1076 424 ejus
1104 356 1291 410 audire
1311 356 1546 425 jubetur.
1601 356 1886 411 Sciendum
1921 363 1961 418 Λ
1992 373 2155 426 opera
2185 359 2370 411 conari
2422 360 2636 428 quidem
2693 374 2995 429 possumus,
3048 358 3143 414 sed
3190 358 3306 413 lucc
3345 359 3567 430 implere

316 462 527 516 quoque
553 445 695 514 quod
718 444 861 497 aliud
885 443 1033 497 sit‘in
1062 442 1255 499 faciem
1276 445 1651 510 cadere,aliud
1678 454 1889 499 retror-
1970 464 2094 502 -non
2125 464 2430 517 possumus,
2479 452 2523 505 si
2552 452 2664 520 ipse
2714 468 2818 505 non
2851 450 3085 518 adjuvat,
3136 450 3226 520 qui
3250 449 3423 518 jubet.
3477 451 3569 506 Sic

315 556 454 594 sum.
516 537 790 607 Abraham
848 546 1134 606 postquam
1203 538 1411 593 audivit
1475 539 1541 592 de
1606 539 1886 593 nativitate

316 629 462 681 Isaac
487 668 504 691 ,
557 627 754 681 cecidit
795 626 847 681 in
894 626 1087 681 faciem
1128 635 1183 682 et
1204 627 1322 682 risit
1348 626 1502 699 (Gen.
1541 645 1605 682 xv
1627 639 1672 682 et
1697 630 1882 700 xviii).

316 719 429 772 Ileli
453 718 762 788 autem,qui
792 727 1129 788 peccaverat,
1146 731 1444 775 retrorsum
1471 722 1664 776 cecidit
1688 722 1736 794 (Ι
1759 721 1884 793 Reg.

318 812 375 878 ιι)
404 826 420 872 ;
475 817 532 862 et
555 809 622 860 de
654 809 767 861 Dan
802 810 852 889 in
883 807 1078 864 Genesi
1106 811 1366 879 scriptum
1398 820 1517 866 est:
1557 833 1575 864 ι
1609 812 1727 867 Fiat
1778 814 1887 868 Dan

1989 537 2187 593 Paulus
2226 554 2347 593 cum
2393 541 2681 611 discipulos
2721 543 3055 605 admoneret,
3095 542 3323 595 dicens:
3375 560 3393 591 ι
3433 541 3565 595 Cum

1991 638 2135 683 metu
2212 639 2266 684 et
2346 639 2579 685 tremore
2648 645 2880 687 vestram
2972 631 3195 686 salutem
3270 631 3570 701 Operamini

1991 717 2223 790 (Philip.
2251 737 2287 775 ιι
2317 720 2361 792 ),
2413 742 2431 773 ι
2461 722 2604 776 illico
2635 724 2757 791 quis
2783 724 2835 777 in
2862 723 2941 778 eis
2970 724 3084 777 lucc
3117 724 3228 792 ipsa
3260 723 3400 777 bona
3449 737 3581 792 ope-

1992 818 2203 863 raretur
2254 812 2512 881 adjuuxit,
2564 813 2787 867 dicens:
2855 831 2874 863 ι
2925 814 3066 868 Deus
3108 822 3189 868 est
3233 815 3418 876 enim,
3476 813 3568 882 qui

314 900 537 953 coluber
571 900 623 952 in
652 899 863 963 semita,
910 899 1165 953 mordens
1200 900 1435 969 plantam
1463 903 1608 971 equi,
1648 912 1701 958 et
1738 905 1893 958 cadet
1988 909 2244 968 operatur
2293 901 2345 953 in
2399 902 2558 956 vobis
2609 912 2665 956 ct
2711 903 2845 957 velle
2871 912 2925 958 et
2972 904 3231 973 perlicere
3284 919 3383 973 pro
3428 903 3568 958 bona

315 1005 479 1058 eques
532 998 850 1054 retrorsum,
897 990 1125 1045 salutem
1170 1000 1488 1060 exspectans
1532 993 1647 1047 Dei.
1682 1012 1700 1044 ι
1737 993 1888 1065 (Cen.

317 1080 489 1150 XLIX).
522 1080 657 1147 Quia
696 1081 839 1134 enim
870 1080 937 1134 ad
980 1095 1219 1135 morsum
1256 1081 1462 1137 colubri
1508 1084 1777 1138 ceciderat
1826 1101 1891 1137 ex

315 1187 475 1238 equo,
516 1178 795 1238 propterea
827 1169 1123 1224 Salvatoris
1150 1180 1427 1241 exspectat
1463 1172 1772 1227 adventum.
1830 1175 1894 1228 Et

319 1260 368 1312 iu
411 1259 698 1329 Evangelio
726 1260 1017 1313 secundum
1070 1257 1354 1325 Joannem,
1400 1260 1490 1329 qui
1528 1262 1595 1315 ad
1649 1277 1895 1332 compre-

317 1350 661 1404 hendendum
712 1358 975 1404 venerant
1002 1350 1312 1417 Dominum,
1363 1361 1649 1422 postquam
1678 1354 1767 1409 ille
1807 1371 1892 1409 re-

315 1440 570 1509 spondit:
612 1459 630 1490 ι
665 1440 777 1510 Ego
816 1442 1299 1510 sum,icecideruut
1369 1450 1665 1497 retrorsum
1690 1446 1741 1497 in
1791 1452 1899 1500 ter-

319 1547 436 1585 ram
468 1530 652 1603 (Joan.
686 1532 838 1601 mu)
866 1548 880 1594 ;
912 1548 1219 1587 sermonem
1250 1532 1392 1601 ejus,
1420 1534 1510 1603 qui
1550 1533 1716 1605 Moysi
1749 1536 1899 1590 dixe-

315 1630 424 1685 rat,
462 1640 481 1671 ι
513 1618 679 1684 Vade,
709 1620 798 1674 die
842 1620 964 1674 liliis
1004 1620 1210 1676 Israel:
1242 1622 1343 1688 Qui
1381 1631 1484 1683 est,
1512 1623 1660 1677 misit
1706 1638 1792 1678 me
1833 1626 1899 1677 ad

1998 989 2266 1044 voluntate
2289 989 2501 1061 (1ὁὶά.).
2536 1011 2554 1044 ι
2591 992 2729 1046 llinc
2754 1003 2839 1047 est
2858 994 2999 1062 quod
3028 994 3144 1063 ipsa
3170 995 3381 1050 Veritas
3405 996 3568 1050 disci-

1994 1077 2131 1145 pulis
2160 1078 2326 1132 dicit:
2381 1099 2399 1131 ι
2432 1080 2560 1135 Sine
2609 1096 2695 1135 me
2720 1081 2855 1135 nihil
2901 1084 3128 1151 potestis
3176 1083 3353 1138 facere
3377 1082 3560 1155 (Joan.

1993 1173 2104 1237 xv).
2146 1188 2164 1219 ι
2201 1166 2305 1222 Sed
2331 1169 2384 1222 in
2418 1170 2502 1224 bis
2544 1172 2991 1226 considerandum
3033 1180 3138 1236 est,
3189 1173 3315 1242 quia
3336 1173 3382 1227 si
3426 1172 3567 1226 bona

1994 1253 2177 1312 ucstra
2208 1261 2287 1314 sic
2327 1262 2710 1331 omnipotentis
2740 1263 2833 1317 Dei
2868 1263 3006 1317 dona
3028 1271 3172 1326 sunt,
3202 1271 3259 1316 ut
3292 1264 3345 1317 in
3374 1264 3454 1317 eis
3479 1263 3577 1317 ali-

1995 1349 2124 1417 quid
2147 1359 2389 1404 nostrum
2414 1365 2523 1404 non
2543 1351 2637 1415 sit,
2665 1366 2763 1405 cur
2780 1366 2879 1406 nos
2901 1351 3054 1421 quasi
3075 1366 3173 1421 pro
3195 1352 3400 1406 meritis
3419 1362 3579 1406 teter-

1997 1460 2120 1499 nam
2156 1443 2563 1498 retributionem
2598 1442 2933 1511 quatrimus?
2967 1440 3025 1496 Si
3059 1450 3235 1495 autem
3274 1443 3347 1496 ita
3388 1451 3574 1496 nostra

1999 1543 2145 1600 sunt,
2187 1544 2245 1588 ut
2271 1535 2408 1588 dona
2434 1533 2528 1587 Dei
2559 1533 2942 1602 omnipotentis
2972 1547 3080 1588 non
3109 1532 3253 1597 sint;
3286 1547 3383 1586 cur
3409 1546 3475 1586 ex
3498 1532 3577 1584 eis

1999 1627 2353 1697 omnipotenti
2419 1625 2530 1681 Deo
2581 1625 2786 1694 gratias
2835 1624 3087 1695 agimus?
3140 1622 3246 1678 Sed
3298 1623 3574 1678 sciendum

315 1728 412 1767 vos
441 1711 638 1783 (Exod.
664 1711 769 1780 ιιι),
801 1730 819 1761 ι
843 1712 1063 1766 minime
1088 1711 1671 1777 snstinetites.iEtvidi,
1698 1714 1894 1783 inquit,
1928 1721 1971 1780 Β
1998 1725 2122 1780 est,
2178 1715 2305 1785 quia
2364 1713 2505 1767 mala
2558 1715 2930 1767 tantummodo
2972 1721 3157 1767 nostra
3201 1721 3365 1777 sunt,
3430 1712 3571 1767 bona

312 1812 367 1856 et
405 1802 575 1857 cecidi
603 1802 658 1857 in
694 1800 887 1856 faciem
937 1816 1134 1856 meam.
1173 1822 1193 1855 ι
1229 1800 1434 1875 (Grcg.)
1484 1802 1625 1870 Quid
1674 1819 1803 1858 vero
1829 1804 1897 1858 de

314 1894 418 1948 hoc
449 1893 566 1947 viro
594 1891 767 1956 ﬁeret,
820 1892 864 1946 si
890 1892 961 1945 ita
993 1901 1051 1946 ut
1074 1901 1179 1957 est,
1233 1891 1348 1961 ejus
1389 1892 1615 1964 gloriam
1651 1894 1892 1961 vidisset,

311 1983 406 2052 qui
437 1981 845 2036 similitudinem
883 1980 1073 2051 gloriae
1104 1980 1247 2036 illius
1270 1982 1479 2047 videns,
1535 1980 1760 2037 sull'erre
1789 1998 1896 2036 non

313 2071 501 2125 valens
524 2069 762 2125 cecidit?
800 2071 914 2137 Qua
955 2070 1010 2123 in
1036 2084 1096 2125 re
1124 2085 1247 2125 cum
1277 2086 1472 2143 magno
1503 2087 1735 2127 maerore
1766 2087 1891 2141 pgn-

311 2175 438 2215 sare
486 2168 544 2215 et
590 2160 938 2216 considerare
1007 2175 1131 2215 cum
1196 2160 1450 2229 lacrymis
1500 2162 1786 2226 debemus,
1841 2164 1895 2217 in

312 2262 575 2323 quautam
613 2253 888 2309 miseriam
928 2261 981 2308 et
1028 2252 1395 2308 inﬁrmitatem
1444 2254 1756 2319 cecidimus,
1805 2256 1897 2325 qui

312 2356 369 2401 et
429 2347 608 2415 ipsum
655 2345 854 2401 bonum
908 2343 1053 2400 ferre
1098 2360 1206 2401 non
1252 2360 1567 2416 possumus,
1632 2347 1701 2401 ad
1753 2349 1897 2416 quod

313 2435 609 2491 videndum
639 2435 805 2490 creati
830 2450 1036 2491 sumus.
1068 2436 1162 2490 Est
1194 2445 1371 2491 tamen
1396 2446 1451 2491 et
1488 2436 1631 2491 aliud
1658 2438 1802 2506 quod
1831 2438 1898 2492 de

311 2528 595 2597 propheta:
620 2524 766 2580 facto
793 2526 1199 2582 consideremus
1230 2528 1282 2581 in
1313 2527 1487 2581 nobis.
1512 2526 1724 2582 Domini
1747 2527 1899 2581 simi-

314 2619 603 2673 litudinem
629 2617 829 2688 gloria),
877 2619 1002 2688 quia
1031 2634 1130 2674 nos
1159 2635 1255 2690 per
1299 2620 1551 2690 spiritum
1602 2620 1897 2690 prophetia:

316 2710 506 2764 videre
531 2724 638 2763 non
675 2724 978 2779 possumus,
1030 2710 1171 2764 hanc
1194 2710 1408 2764 assidue
1436 2723 1784 2779 cognoscere,
1844 2718 1899 2763 et

314 2800 546 2856 sollicite
589 2799 940 2869 contemplari
971 2800 1026 2853 in
1053 2814 1209 2854 sacro
1237 2799 1473 2870 eloquio,
1501 2800 1555 2854 in
1586 2799 1899 2864 caelestibus

314 2891 559 2953 monitis,
586 2890 641 2944 in
672 2889 953 2960 praeceptis
975 2890 1308 2959 spiritalibus
1336 2889 1611 2945 debemus.
1645 2888 1747 2957 Qui
1772 2906 1896 2945 eum

315 2981 523 3051 aliquid
571 2981 636 3035 de
682 2980 792 3035 Deo
844 2980 1245 3048 conspicimus,
1302 2980 1358 3034 in
1401 2979 1594 3037 faciem
1652 2988 1894 3035 nostram

1998 1813 2177 1858 autem
2208 1811 2388 1856 nostra
2417 1801 2803 1872 omnipotentis
2840 1798 2940 1855 Dei
2981 1809 3105 1857 sunt
3133 1811 3189 1855 et
3231 1811 3438 1865 nostra,
3481 1801 3574 1868 qui

1997 1895 2110 1965 ipse
2156 1894 2443 1962 aspirando
2504 1909 2602 1947 nos
2656 1892 2947 1962 praevenit,
3001 1900 3061 1946 ut
3122 1891 3389 1954 velimus,
3444 1890 3570 1958 quia

1995 1984 2296 2055 adjuvando
2355 1983 2702 2051 subsequitur
2760 1998 2830 2038 ne
2892 1983 3126 2037 inaniter
3164 1981 3433 2046 velimus,
3479 1981 3575 2036 sed

1996 2075 2264 2145 possimus
2299 2073 2522 2144 implere
2567 2088 2687 2142 quae
2726 2072 3014 2128 volumus:
3045 2072 3406 2141 praeveniente
3443 2086 3572 2143 ergo

1996 2166 2168 2236 gratia
2188 2173 2242 2219 et
2258 2164 2396 2218 bona
2420 2163 2692 2219 voluntate
2712 2165 3093 2233 subsequente,
3117 2165 3219 2218 hoc
3234 2164 3376 2233 quod
3398 2163 3569 2216 omni-

1996 2258 2229 2327 potentis
2244 2256 2337 2311 Dei
2353 2256 2549 2310 donum
2563 2264 2664 2317 est,
2684 2254 2742 2308 lit
2754 2257 3002 2309 meritum
3019 2263 3283 2309 nostrum.
3301 2252 3571 2326 (Ηίενοιι.)

2003 2361 2022 2394 ι
2063 2343 2132 2398 Ει
2160 2343 2296 2398 dixit
2325 2344 2393 2397 ad
2419 2357 2526 2407 me,
2584 2341 2780 2410 inquit,
2825 2341 2925 2396 Fili
2966 2342 3218 2407 hominis,
3277 2350 3359 2396 sta
3408 2356 3570 2409 super

1996 2433 2161 2503 pedes
2208 2439 2347 2495 tuos,
2396 2439 2451 2487 et
2477 2431 2670 2501 loquar
2694 2431 2811 2485 tibi.
2843 2450 2861 2482 ι
2893 2431 3007 2485 ,Ιιιει
3021 2447 3108 2495 ns,
3134 2445 3439 2485 sermonem
3479 2429 3574 2483 Dei

1997 2524 2185 2578 audire
2225 2538 2331 2577 non
2356 2529 2585 2591 poterat.
2619 2519 2725 2576 Sed
2753 2521 2899 2576 audit
2924 2536 3043 2575 cum
3075 2520 3276 2591 Moyse,
3308 2539 3326 2571 ι
3360 2528 3414 2573 ιιι
3441 2533 3572 2573 vero

1998 2614 2086 2669 hic
2106 2621 2190 2669 sta
2220 2627 2453 2668 mecum.
2486 2631 2505 2665 ι
2537 2614 2688 2681 Quod
2712 2622 2770 2668 et
2791 2611 2974 2666 Daniel
3009 2610 3271 2667 accidisse
3295 2610 3397 2665 sibi
3419 2624 3573 2663 com-

1996 2710 2279 2759 memorat.
2306 2702 2510 2776 (Greg.)
2539 2703 2815 2759 Notandus
2845 2711 2927 2759 est
2956 2702 3110 2757 nobis
3136 2702 3269 2756 ordo
3292 2700 3575 2755 locutionis

2001 2806 2053 2853 et
2083 2796 2284 2867 operis.
2315 2796 2451 2863 Quia
2474 2796 2622 2865 prius
2644 2794 2937 2851 similitudo
2970 2794 3153 2864 gloriae
3179 2793 3389 2847 Domini
3420 2806 3584 2861 appa-

2000 2897 2085 2944 ret
2147 2896 2208 2944 ut
2258 2888 2493 2959 dejiciat,
2538 2890 2877 2958 postmodum
2930 2886 3223 2956 alloquitur
3270 2895 3329 2939 ut
3378 2885 3573 2950 elevet,

1999 2982 2195 3038 deinde
2234 2980 2722 3052 superabundantis
2764 2981 2953 3051 gratia:
2996 2980 3247 3050 spiritum
3306 2979 3468 3032 mittit
3520 2987 3579 3032 ut

314 3075 599 3137 cadimus,
658 3074 786 3142 quia
829 3087 896 3127 ex
948 3072 1105 3127 malis
1151 3072 1522 3127 erubescimus
1547 3110 1562 3136 ,
1624 3087 1744 3142 quae
1795 3087 1895 3127 nos
1922 3071 1966 3131 C
2000 3073 2164 3138 levet,
2190 3087 2254 3128 ac
2281 3086 2445 3142 super
2478 3072 2643 3140 pedes
2668 3079 2889 3125 statuat.
2919 3069 3033 3124 Nisi
3074 3072 3218 3124 enim
3265 3070 3466 3139 aliquiJ
3505 3072 3571 3123 de

315 3165 666 3218 meminimus
697 3172 1054 3233 perpetrasse.
1090 3163 1165 3217 Ibi
1191 3163 1336 3217 enim
1381 3162 1528 3218 cadit
1567 3162 1753 3228 homo,
1803 3162 1895 3217 ubi

314 3254 686 3309 confunditur.
717 3253 865 3309 Unde
889 3263 947 3308 et
978 3252 1175 3308 Paulus
1199 3254 1352 3323 quasi
1380 3253 1699 3322 quibusdam
1719 3251 1899 3321 jacen-

317 3346 464 3399 tibus
539 3344 795 3399 dicebat:
869 3362 888 3394 ι
933 3343 1104 3411 Quem
1156 3358 1286 3414 ergo
1342 3342 1578 3399 fructum
1633 3344 1898 3399 habuistis

314 3447 449 3492 tunc
473 3438 525 3490 iu
554 3437 678 3502 illis,
710 3438 764 3491 in
788 3438 983 3506 quibus
1005 3452 1147 3492 nunc
1170 3436 1525 3491 erubescitis?
1547 3434 1724 3507 (Rom.
1749 3437 1849 3507 vi.)
1872 3455 1891 3488 ι

314 3531 612 3600 Postquam
679 3531 936 3600 prepbeta
981 3529 1388 3584 similitudinem
1454 3528 1636 3600 gloria:
1687 3528 1894 3583 Domini

314 3620 714 3690 contemplatus
747 3620 798 3674 iu
825 3618 1018 3675 faciem
1052 3634 1206 3674 suam
1235 3618 1452 3683 cecidit,
1504 3619 1746 3690 adjungit
1778 3636 1792 3672 :

397 3730 416 3761 ι
449 3711 518 3764 Ει
543 3710 721 3764 audivi
743 3725 930 3765 vocem
958 3708 1250 3787 loquentis,
1301 3718 1354 3762 et
1384 3708 1522 3762 dixit
1543 3707 1609 3760 ad
1642 3722 1748 3772 me,
1796 3706 1896 3761 Fili

325 3817 342 3848 ι
382 3799 641 3864 hominis,
671 3807 757 3853 sta
791 3814 951 3868 super
970 3800 1134 3869 pedes
1167 3807 1308 3863 tuos,
1339 3806 1395 3851 et
1417 3798 1610 3869 loquar
1641 3804 1838 3852 tecum.
1874 3815 1893 3848 ι

320 3893 426 3948 Ubi
452 3892 631 3947 adhuc
650 3891 935 3947 subditur:
984 3911 1003 3944 ι
1043 3892 1109 3946 Ει
1134 3893 1408 3963 ingressus
1432 3900 1514 3946 est
1540 3891 1595 3944 in
1626 3905 1715 3945 me
1741 3890 1901 3961 spiri-

324 4001 343 4031 ι
385 3990 493 4045 tus,
530 3989 808 4051 postquam
830 3981 1038 4037 locutus
1058 3992 1143 4037 est
1165 3982 1315 4047 mibi,
1347 3989 1403 4036 et
1425 3981 1613 4035 statuit
1634 3995 1720 4035 me
1740 3994 1901 4050 super

326 4087 346 4119 ι
388 4071 554 4138 pedes
586 4086 753 4134 meos,
787 4080 925 4126 etc.»
946 4072 1084 4127 Ecce
1113 4072 1292 4125 divina
1315 4087 1416 4126 vox
1438 4070 1639 4139 jacenti
1671 4072 1901 4141 prophe-

322 4171 397 4213 ta:
431 4160 594 4230 jussit
638 4170 697 4215 ut
730 4171 1053 4232 resurgeret.
1098 4162 1203 4216 Sed
1246 4175 1468 4231 surgere
1514 4162 1736 4216 omnino
1793 4176 1901 4215 non

322 4248 637 4317 potuisset,
699 4250 802 4304 nisi
844 4251 899 4305 in
954 4252 1098 4305 hunc
1143 4252 1487 4319 omnipotens
1534 4252 1627 4306 Dei
1681 4252 1903 4320 spiritus

323 4340 608 4394 intrasset.
638 4340 772 4407 Quia
797 4341 863 4396 ex'
891 4343 1274 4412 omnipotentis
1300 4344 1395 4399 Dei
1420 4345 1616 4415 gratia,
1662 4344 1729 4399 ad
1760 4346 1902 4401 bona

1998 3163 2303 3219 aeternitate
2336 3163 2391 3216 in
2434 3170 2612 3217 mente
2635 3160 2958 3225 videremus,
2991 3176 3263 3231 nunquam
3296 3161 3347 3215 in
3382 3161 3570 3215 faciem

1997 3262 2238 3308 nostram
2296 3253 2605 3323 pmuitcndo
2649 3252 2980 3316 caderemus,
3033 3254 3127 3311 sed
3165 3251 3278 3321 jam
3335 3252 3581 3320 jacentes

1996 3359 2100 3399 vox
2169 3343 2382 3397 Domini
2435 3342 2784 3409 consolatur,
2832 3351 2892 3396 ut
2936 3345 2990 3397 in
3034 3358 3199 3413 opere
3253 3358 3571 3413 surgamus,

1998 3436 2141 3504 quod
2173 3443 2350 3489 tamen
2387 3434 2565 3489 facere
2603 3450 2703 3489 nos
2747 3445 2932 3489 nostra
2986 3434 3180 3488 virtute
3226 3450 3333 3488 non
3380 3448 3573 3503 possu-

2001 3543 2138 3581 mus.
2184 3526 2360 3596 lpsius
2402 3541 2533 3596 ergo
2581 3541 2682 3580 nos
2725 3525 2949 3595 spiritus
2987 3524 3176 3594 implet
3219 3533 3273 3577 et
3316 3523 3480 3587 levat,
3522 3531 3579 3577 et

1964 3634 2161 3688 super
2188 3617 2353 3688 pedes
2395 3628 2610 3671 nostros
2655 3616 2863 3679 statuit,
2912 3615 3085 3684 utqui
3114 3614 3268 3684 proni
3300 3614 3353 3667 in
3404 3614 3580 3683 pomi-

2000 3709 2166 3762 tcntia
2222 3723 2322 3777 pro
2382 3706 2540 3776 culpa
2596 3707 2883 3776 jacuimus,
2954 3706 3085 3760 recti
3134 3704 3473 3774 postmodum
3525 3704 3579 3758 in

1999 3799 2140 3853 bono
2171 3811 2337 3865 opere
2363 3804 2585 3850 stemus.
2639 3796 2786 3849 (inde
2810 3804 2865 3849 et
2893 3795 3134 3865 sequitur
3170 3812 3184 3849 :
3221 3812 3240 3846 ‹
3280 3794 3348 3848 Ει
3373 3794 3585 3864 ingres-

2000 3905 2094 3946 sus
2140 3902 2223 3944 est
2267 3889 2319 3942 iu
2357 3903 2462 3954 me,
2519 3887 2715 3956 inquit,
2770 3887 2991 3958 spiritus
3039 3894 3324 3958 postquam
3372 3885 3583 3941 locutos

2000 3992 2085 4036 est
2153 3981 2387 4049 mihi,et
2436 3979 2623 4033 statuit
2667 3992 2752 4032 me
2800 3992 2963 4047 super
3001 3977 3167 4047 pedes
3212 3991 3383 4031 meos.
3419 3995 3438 4028 ι
3473 3974 3580 4030 Sed

2001 4072 2088 4129 his
2111 4073 2183 4127 ita
2222 4073 2276 4126 in
2322 4072 2575 4141 praesenti
2622 4072 2761 4125 libro
2803 4070 3082 4140 expositis,
3131 4079 3415 4139 postquam
3457 4083 3583 4137 pro-

2003 4167 2163 4235 pheta
2197 4164 2264 4217 ad
2292 4163 2589 4234 jussionem
2622 4162 2833 4216 Domini
2860 4169 3073 4216 erectus
3132 4161 3302 4224 stetit,
3353 4159 3483 4228 quid
3531 4159 3580 4212 ei

2003 4272 2107 4311 vox
2129 4256 2308 4311 divina
2343 4254 2557 4324 jubet-ct
2586 4255 2639 4308 in
2687 4253 2961 4324 sequentis
2994 4252 3113 4305 libri
3156 4249 3379 4304 exordio
3403 4249 3586 4303 consi-

2007 4346 2303 4402 derandum
2331 4354 2436 4400 est.

2114 4503 3579 4533 *Μ

1538 4663 1830 4742 LIBER
1906 4665 2383 4743 TERTIUS.

768 4881 1113 4949 SEQUITUR
1147 4883 1373 4941 CAPUT
1410 4885 1473 4940 II.

403 4988 422 5020 ι
466 4968 534 5022 Ει
561 4970 741 5024 audivi
775 4987 961 5027 vocem
992 4973 1294 5042 loquentem
1324 4976 1399 5035 ad
1424 4991 1531 5042 me,
1558 4985 1613 5031 et
1637 4977 1905 5034 dicentem

330 5076 350 5108 ι
394 5060 525 5112 mihi
556 5077 569 5112 :
599 5058 701 5113 Fili
730 5061 981 5126 hominis,
1013 5064 1220 5118 mittam
1255 5080 1353 5136 ego
1383 5074 1436 5119 te
1456 5068 1522 5121 ad
1560 5066 1696 5122 filios
1720 5068 1902 5135 Israel,

331 5166 350 5197 ι
392 5149 460 5204 ad
495 5159 685 5219 gentes
718 5152 1088 5219 apostatrices,
1130 5170 1251 5223 quae
1278 5165 1619 5211 recesserunt
1656 5173 1687 5211 a
1726 5175 1832 5223 me,
1883 5179 1901 5210 ι

324 5248 437 5294 etc.
468 5237 672 5313 (Grcg.)
700 5241 790 5298 Sic
829 5245 1087 5314 propheta
1112 5246 1366 5300 describit
1404 5262 1523 5311 sua,
1554 5257 1615 5302 ut
1642 5250 1910 5319 significet

1935 4892 1985 4952 D
2014 4899 2112 4955 tes,
2141 4890 2242 4944 alia
2271 4905 2391 4960 quae
2420 4897 2623 4945 stantes
2658 4887 2843 4942 audire
2871 4886 3179 4942 debeamus.
3204 4884 3407 4944 lucenti
3439 4889 3582 4944 enim

2013 4982 2209 5036 dicitur
2247 4987 2616 5050 utresnrgat.
2666 4978 2841 5033 Stanti
2880 4979 3022 5034 enim
3068 4979 3375 5048 prmcipitur
3416 4988 3473 5033 ut
3516 4980 3583 5034 ad

2014 5058 2444 5139 prtudicationem
2466 5066 2729 5136 proﬁcisci
2755 5066 3163 5121 debeat.Adhuc
3182 5068 3323 5120 enim
3350 5068 3502 5120 nobis
3528 5067 3583 5121 in

2014 5145 2343 5213 inﬁrmitatis
2364 5157 2677 5213 confusione
2695 5156 3001 5226 iacentibus
3028 5157 3257 5228 prmbcri
3298 5172 3400 5210 non
3424 5154 3582 5210 debet

2012 5249 2303 5304 auctoritas
2323 5249 2735 5319 praedicationis,
2763 5249 2857 5304 sed
2892 5265 3013 5304 cum
3030 5249 3140 5318 jam
3172 5249 3223 5303 in
3255 5249 3395 5302 bono
3420 5261 3584 5317 opere

325 5330 686 5385 nostra.Nam
704 5334 832 5402 quid
852 5336 1111 5403 est,quod
1129 5334 1574 5403 jacentidicitur:
1598 5358 1615 5389 ι
1639 5337 1731 5393 Sta
1747 5355 1911 5409 super
2011 5339 2305 5409 surgimus,
2338 5355 2460 5395 cum
2494 5340 2625 5395 recti
2650 5338 2761 5407 jam
2797 5350 2943 5395 stare
2979 5340 3322 5410 ceperimus,
3358 5337 3580 5408 dignum

324 5419 494 5487 pedes
532 5428 651 5476 tuos
690 5432 747 5478 et
782 5424 970 5494 loquar
1000 5426 1213 5479 tecum?
1245 5446 1263 5477 ι
1292 5428 1390 5494 Qui
1424 5430 1567 5483 enim
1601 5430 1802 5498 jacenti
1832 5432 1910 5486 lo—

324 5512 635 5579 quebatur,
666 5529 763 5569 cur
806 5532 910 5570 non
941 5532 1000 5572 se
1035 5517 1135 5571 nisi
1166 5520 1328 5572 stanti
1362 5520 1627 5589 promittit
1655 5537 1776 5576 esse
1826 5523 1907 5577 lo-

325 5608 621 5655 cuturum?
658 5604 760 5659 Sed
802 5607 1079 5660 sciendum
1117 5606 1240 5674 quia
1274 5606 1376 5660 alia
1402 5618 1547 5674 sunt,
1577 5624 1696 5678 qua:
1718 5609 1905 5677 jacen-

2007 5439 2111 5494 est,
2139 5438 2201 5484 ut
2225 5430 2291 5483 ad
2318 5430 2604 5485 lucrandos
2630 5430 2765 5486 alios
2792 5432 2845 5485 in
2868 5430 3299 5500 praedicationem
3331 5426 3467 5481 mitti
3491 5427 3582 5482 de—

2009 5520 2247 5575 beamus.
2287 5519 2450 5576 Stans
2487 5536 2617 5591 ergo
2660 5521 2936 5591 propheta,
2976 5520 3237 5574 visionem
3284 5516 3577 5587 spiritalem

2011 5611 2163 5676 vidit,
2194 5620 2246 5665 cl
2275 5612 2492 5681 cecidit,
2530 5614 2729 5669 cadens
2767 5627 2893 5667 vero
2921 5610 3033 5681 jam
3062 5609 3368 5666 monitionis
3392 5609 3576 5678 verba,
