3950 6184
391 325 491 382 581
1040 321 1102 375 Β.
1145 318 1395 374 RABANI
1433 315 1651 372 MAURI
1690 312 2011 370 ARCHIEP.
2052 308 2359 368 MOGUNT.
2402 305 2687 364 OPERUM
2729 305 2909 360 PARS
2948 305 3010 360 ll.
3549 305 3658 360 552

397 432 634 504 suscepit
660 442 720 487 ut
760 439 1023 503 surgeret.
1055 430 1290 500 Surgens
1318 436 1495 482 autem
1524 434 1850 498 praereptum
1879 440 1975 479 au-
2000 426 2049 485 Α
2077 424 2156 476 dit
2194 432 2437 493 apostata
2484 429 2589 486 est,
2625 422 2698 476 ita
2749 420 2839 489 qui
2881 420 2948 473 ad
2990 432 3303 489 perversum
3345 433 3483 489 opus
3512 420 3657 488 quod

398 523 554 589 divit,
596 532 657 578 ut
698 524 1032 593 prtedicaret.
1070 520 1224 583 Nam,
1265 520 1355 588 qui
1398 519 1573 572 adhuc
1607 532 1673 572 ex
1715 516 1979 585 superbia:
2081 514 2394 568 deseruerat
2424 512 2583 576 redit,
2615 512 2683 567 ab
2711 511 3081 579 omnipotente
3114 507 3223 563 Deo
3262 516 3509 579 apostata
3540 510 3661 564 abs-

401 617 605 671 vertice
639 622 864 679 stamus,
896 628 1019 668 cum
1055 612 1166 681 jam
1203 613 1269 666 de
1296 610 1615 666 aeternitatis
1654 610 1847 665 timore
1882 607 1980 662 ali-

401 706 529 775 quid
573 705 775 760 sentire
824 701 1168 772 cmperimus,
1207 702 1426 772 dignum
1478 709 1562 755 est
1593 708 1652 754 ut
1696 699 1763 753 ad
1800 697 1977 768 paeni-

403 795 623 850 tentiam
680 792 955 847 cadamus.
1011 790 1080 845 Et
1130 807 1253 846 cum
1309 791 1677 845 inﬁrmitatem
1736 797 1977 843 nostram

403 883 672 939 subtiliter
724 889 1144 952 cognoscentes,
1202 881 1479 935 humiliter
1530 878 1831 947 jacuimus,
1884 892 1980 946 per

400 975 565 1029 divini
596 975 743 1030 verbi
766 973 1187 1028 consolationem
1208 986 1449 1042 surgere,
1474 972 1542 1025 ad
1568 970 1791 1024 fortiora
1815 983 1978 1038 opera

394 1065 667 1136 juhemur.
696 1065 765 1119 Et
804 1079 925 1119 cum
944 1062 1059 1131 jam
1082 1063 1142 1134 in
1167 1062 1431 1118 honorum
1460 1075 1681 1131 operum
1710 1060 1980 1114 soliditate

400 1153 758 1224 persistimus,
780 1165 1002 1207 necesse
1029 1159 1129 1214 est,
1173 1158 1228 1204 et
1253 1149 1391 1204 unde
1417 1146 1777 1215 nosmetipsos
1799 1158 1981 1199 corre-

399 1244 601 1309 ximus,
633 1242 756 1297 inde
770 1243 881 1311 jam
902 1240 1255 1310 praedicantes
1275 1246 1329 1293 et
1344 1238 1480 1292 alios
1495 1236 1751 1291 levemus.
1770 1234 1980 1288 iacenti

397 1348 528 1404 ergo
550 1349 658 1388 non
680 1332 1006 1403 prtecipitur,
1032 1337 1093 1386 ut
1116 1330 1184 1385 ad
1211 1328 1650 1400 praedicationem
1674 1335 1884 1398 pergat,
1910 1340 1979 1380 ne

399 1425 650 1480 inﬁrmus
683 1424 910 1493 quisque
952 1424 1055 1478 hoc
1083 1422 1228 1492 quod
1270 1421 1438 1477 verbo
1469 1419 1737 1475 aediﬁcare
1772 1425 1978 1487 potest,

398 1530 564 1585 opere
598 1516 862 1570 destruat.
896 1513 1050 1569 Unde
1092 1520 1239 1568 recte
1265 1526 1481 1582 quoque
1510 1526 1609 1581 per
1637 1510 1979 1566 Psalmistam

401 1607 632 1661 dicitur:
667 1624 686 1657 ι
709 1604 907 1660 Eduxit
927 1619 1014 1658 me
1034 1604 1101 1659 de
1125 1604 1242 1659 lacu
1265 1603 1499 1657 miseria:
1523 1610 1580 1656 et
1592 1601 1660 1656 de
1678 1601 1791 1655 luto
1811 1599 1977 1655 faecis.

402 1698 467 1752 Et
494 1697 685 1753 statuit
704 1706 867 1767 supra
886 1705 1093 1766 petram
1116 1697 1280 1766 pedes
1305 1712 1456 1752 meos
1475 1705 1529 1750 et
1549 1696 1746 1751 direxit
1762 1709 1981 1766 gressus

2079 618 2185 673 que
2214 604 2488 658 dubietate
2524 601 2630 656 ulla
2662 602 2983 672 deputatur,
3012 600 3227 655 etiamsi
3256 600 3416 655 ﬁdem
3474 609 3662 655 tenere

2077 695 2343 749 videatur.
2390 694 2565 749 Unum
2595 693 2740 748 enim
2769 693 2887 747 sine
2912 692 3084 748 altero
3120 693 3378 762 prodesse
3408 692 3543 748 nihil
3560 709 3661 748 va-

2079 784 2170 849 let,
2199 785 2323 854 quia
2347 799 2446 839 nec
2475 783 2609 838 ﬁdes
2637 784 2754 838 sine
2773 783 3051 854 cperibus,
3085 798 3185 839 nec
3202 798 3368 853 opera
3399 783 3663 851 adjuvant

2079 875 2198 929 sine
2240 874 2363 939 ﬁde,
2416 875 2519 929 nisi
2548 874 2779 935 fortasse
2816 889 2916 944 pro
2962 874 3069 928 ﬁde
3116 874 3461 943 percipienda
3502 875 3657 929 ﬁant.

2080 962 2233 1018 Sicut
2259 962 2542 1018 Cornelius
2567 972 2693 1019 ante
2724 978 2824 1035 pro
2850 963 3008 1019 bonis
3047 965 3300 1034 operibus
3334 965 3534 1019 meruit
3563 980 3663 1019 au-

2079 1054 2216 1120 diri,
2254 1070 2418 1125 quam
2459 1054 2633 1109 ﬁdelis
2672 1055 2947 1111 existeret.
2994 1055 3109 1123 Qua
3148 1070 3213 1111 ex
3264 1071 3324 1111 re
3360 1057 3658 1127 colligitur,

2078 1145 2206 1214 quia
2232 1144 2372 1199 bona
2398 1159 2562 1215 opera
2587 1160 2687 1214 pro
2724 1144 2829 1201 ﬁde
2855 1147 3200 1216 percipienda
3231 1147 3482 1212 faciebat,
3529 1163 3658 1203 nam

2081 1234 2169 1289 cui
2210 1234 2278 1288 ab
2314 1234 2503 1305 angelo
2545 1235 2782 1290 dicitur:
2815 1252 2835 1286 ‹
2866 1234 3154 1291 Orationes
3187 1245 3293 1292 tuae
3335 1247 3391 1291 et
3425 1236 3657 1291 eleemo-

2080 1341 2228 1397 synte
2250 1333 2352 1380 tute
2376 1326 2735 1381 ascenderunt
2755 1326 2809 1381 in
2833 1328 3146 1383 memoriam
3170 1329 3224 1383 in
3249 1338 3540 1397 conspectu
3561 1327 3659 1384 Dei

2082 1416 2221 1486 (Act.
2251 1415 2332 1480 ι),
2362 1435 2382 1469 ι
2411 1424 2467 1470 et
2497 1432 2619 1471 mox
2642 1432 2741 1488 pro
2764 1417 2954 1473 eadem
2985 1408 3303 1473 ascensione
3343 1417 3661 1489 przecipitur

2081 1515 2139 1560 ut
2176 1507 2244 1561 ad
2273 1505 2551 1561 Simonem
2587 1506 2786 1573 mittat,
2811 1508 2903 1577 qui
2929 1508 2980 1563 ei
2999 1507 3223 1563 veniens
3247 1509 3542 1578 praedicare
3563 1508 3658 1563 de-

2081 1597 2253 1663 beret,
2279 1605 2493 1652 constat
2539 1598 2665 1667 quia
2699 1598 2801 1653 hoc
2818 1600 2975 1669 petiit
3001 1600 3143 1655 unde
3167 1599 3361 1655 meruit
3383 1600 3653 1655 exaudiri.

2158 1706 2176 1739 t
2210 1689 2278 1742 Et
2317 1687 2411 1742 ﬁlii
2439 1688 2572 1742 dura
2616 1688 2754 1745 facie
2780 1698 2837 1744 et
2872 1689 3185 1745 indomabili
3214 1690 3378 1745 corde
3420 1699 3548 1745 sunt
3582 1690 3656 1744 ad

398 1803 566 1842 meos,
593 1787 818 1843 Immisit
840 1789 894 1842 in
915 1804 978 1845 οε
996 1803 1174 1868 ηιςυηι
1193 1791 1461 1844 οαηιίουηι
1487 1803 1702 1851 novum,
1720 1788 1978 1858 hymnum
2007 1796 2053 1854 Β
2087 1795 2107 1831 t
2133 1793 2269 1848 quos
2291 1794 2389 1850 ego
2411 1779 2566 1833 mitto
2585 1787 2656 1845 te,
2682 1798 2700 1831 ι
2720 1788 2825 1834 etc.
2843 1777 3116 1851 (Hierom)
3135 1778 3312 1834 Hocin
3330 1778 3654 1849 Septuagin-

396 1875 511 1931 Deo
538 1886 737 1932 nostro.
753 1896 771 1928 ι
791 1878 945 1933 Prius
962 1879 1107 1933 enim
1133 1879 1201 1934 de
1226 1879 1339 1933 luto
1364 1880 1644 1950 pravitatis
1666 1877 1969 1942 deducitur,

398 1974 459 2021 ut
506 1981 605 2035 per
644 1965 761 2034 ejus
808 1968 965 2022 ﬁdem
1013 1968 1067 2022 in
1108 1976 1260 2038 petra
1295 1969 1460 2039 pedes
1498 1969 1815 2024 solidentur.
1865 1968 1973 2023 Sed

398 2057 525 2127 quia
572 2065 776 2113 rectam
823 2057 983 2113 ﬁdem
1026 2068 1175 2114 recta
1215 2061 1375 2115 debet
1422 2061 1677 2131 subsequi
1706 2061 1968 2131 operatio,

398 2159 617 2214 gressus
643 2146 760 2216 ejus
789 2147 978 2201 directi
1015 2155 1162 2212 sunt,
1196 2156 1249 2201 ut
1283 2158 1401 2218 post
1433 2150 1782 2205 directionem
1818 2166 1973 2222 gres-

398 2250 579 2302 suum,
607 2236 659 2291 id
686 2244 802 2302 est,
834 2246 957 2307 post
982 2238 1365 2308 perfectionem
1403 2240 1526 2295 boni
1563 2243 1743 2311 operis
1781 2242 1833 2296 in
1876 2258 1973 2299 ore

398 2323 669 2393 acciperet
710 2325 874 2380 etiam
901 2341 1094 2381 novum
1135 2328 1402 2381 canticum
1435 2330 1849 2397 praedicationis.
1881 2330 1974 2388 Sic

396 2413 594 2469 Paulus
641 2415 765 2470 dum
791 2417 1054 2485 superbus
1076 2416 1393 2472 Damascum
1427 2429 1695 2490 pergeret,
1746 2421 1974 2477 Redem-

396 2505 566 2575 ptoris
590 2519 720 2561 voce
737 2514 1038 2574 prostratus
1058 2506 1252 2577 jacuit,
1278 2517 1331 2563 et
1355 2510 1447 2578 qui
1476 2511 1796 2579 pradicator
1822 2511 1968 2566 futu-

396 2610 493 2650 rus
518 2603 661 2660 erat,
707 2610 813 2650 non
844 2604 1022 2650 tamen
1057 2612 1182 2651 mox
1211 2606 1268 2651 ut
1294 2600 1611 2668 pnedicaret
1641 2602 1783 2671 quod
1826 2603 1972 2658 vide-

396 2692 484 2739 rat
505 2684 730 2752 audivit,
759 2686 853 2741 sed
877 2686 925 2741 ei
952 2684 1153 2755 jacenti
1180 2687 1414 2742 dicitur:
1444 2708 1461 2740 ι
1496 2687 1780 2760 Ingredere
1810 2691 1864 2745 in
1894 2692 1972 2746 ci-

395 2776 637 2839 vitatem,
680 2785 737 2831 et
782 2776 995 2831 dicetur
1047 2778 1141 2832 tibi
1209 2779 1339 2848 quid
1392 2787 1445 2835 te
1497 2789 1745 2851 oporteat
1792 2780 1971 2837 facere

398 2867 534 2937 (Act.
574 2881 625 2919 ix
650 2870 691 2935 ).
731 2886 750 2918 ι
786 2865 982 2922 iacens
1019 2882 1149 2938 ergo
1187 2868 1288 2923 hoc
1323 2868 1497 2923 solum
1547 2871 1735 2925 audire
1775 2872 1969 2940 potuit,

399 2967 460 3012 ut
491 2973 718 3029 surgens
760 2958 995 3014 disceret
1044 2960 1173 3030 quid
1221 2960 1453 3016 audiret.
1506 2960 1745 3033 Surgens
1791 2971 1969 3017 autem

402 3048 504 3104 hoc
533 3048 742 3114 didicit,
766 3056 824 3102 ut
845 3062 965 3118 quae
991 3058 1313 3119 cognoverat
1336 3051 1671 3121 praedicaret.
1698 3049 1969 3123 (llieron.)

2081 1880 2133 1925 ta
2166 1885 2272 1925 non
2309 1870 2558 1936 habetur;
2603 1885 2918 1942 magnaeque
2962 1871 3262 1927 clementia:
3284 1880 3368 1924 est
3405 1870 3475 1925 ad
3517 1870 3657 1924 tales

2078 1958 2247 2013 Deum
2262 1959 2499 2025 mittere,
2518 1975 2617 2015 nec
2633 1958 2923 2029 desperare
2941 1975 3129 2014 eorum
3143 1959 3395 2025 salutem,
3416 1969 3470 2013 et
3486 1960 3657 2014 conﬁ-

2077 2049 2272 2104 tientia:
2304 2049 2634 2120 prophetalis
2663 2051 2804 2120 quod
2830 2050 2897 2105 ad
2927 2051 3061 2106 tales
3088 2051 3166 2105 ire
3199 2066 3416 2122 quoque
3443 2068 3550 2106 non
3588 2052 3658 2105 ti-

2078 2146 2245 2192 meat.
2285 2136 2596 2191 lndomabili
2640 2144 2818 2191 autem
2863 2138 3024 2191 corde
3059 2146 3115 2191 et
3153 2138 3289 2193 dura
3325 2138 3464 2193 facie
3496 2136 3656 2206 juxta

2078 2226 2206 2283 illud
2233 2227 2493 2283 debemus
2507 2228 2751 2298 accipere
2770 2229 2913 2299 quod
2938 2229 3209 2298 peceatori
3231 2228 3433 2283 dicitur
3450 2247 3493 2283 ε(
3520 2228 3658 2283 Ner-

2078 2334 2176 2372 vus
2196 2316 2404 2373 ferreus
2429 2318 2627 2373 collum
2653 2326 2822 2384 tuum,
2847 2327 2904 2374 et
2929 2318 3079 2375 frons
3103 2328 3192 2374 tua
3220 2334 3423 2375 aenea.»
3457 2320 3557 2385 Qui
3598 2321 3653 2374 in

2076 2412 2426 2483 sequentibus
2477 2420 2774 2483 arguuntur
2809 2412 2989 2469 cordis
3037 2412 3232 2484 lapidei
3260 2453 3275 2479 ,
3321 2413 3465 2483 quod
3516 2413 3656 2469 Dens

2076 2503 2384 2559 evulsurum
2413 2517 2533 2559 esse
2571 2520 2629 2559 se
2656 2504 2822 2571 dicit,
2856 2512 2913 2560 et
2938 2520 3037 2575 pro
3065 2504 3153 2560 ille
3187 2520 3439 2559 carneum
3473 2505 3655 2559 reddi-

2078 2603 2276 2662 turum,
2305 2605 2366 2650 ut
2386 2596 2608 2650 mollitie
2636 2612 2732 2651 sua
2756 2597 2849 2652 Dei
2874 2605 3141 2668 praecepta
3164 2598 3452 2667 suscipiat.

2152 2705 2171 2739 ‹
2207 2687 2275 2741 Et
2312 2688 2457 2742 dices
2500 2689 2569 2742 ad
2610 2704 2705 2744 eos
2732 2706 2745 2741 :
2775 2688 2902 2744 [hec
2946 2688 3072 2744 dicit
3114 2688 3373 2744 Dominus
3410 2688 3571 2753 Deus,
3605 2687 3651 2741 si

2082 2797 2101 2829 ς
2136 2778 2273 2833 forte
2300 2778 2384 2831 vel
2428 2779 2528 2848 ipsi
2556 2780 2806 2844 audiant,
2844 2787 2900 2833 et
2933 2780 2976 2833 si
3027 2777 3165 2835 forte
3194 2779 3495 2848 quiescant,
3517 2794 3654 2848 quo-

2082 2888 2100 2919 ι
2134 2869 2277 2923 uiam
2311 2870 2502 2924 domus
2525 2884 2851 2939 exasperans
2876 2878 2979 2936 est,
3024 2877 3079 2924 et
3117 2869 3311 2934 scient,
3367 2870 3495 2941 quia
3527 2884 3650 2939 pro.

2082 2973 2102 3007 ς
2131 2956 2291 3026 pheta
2320 2955 2482 3011 fuerit
2503 2957 2556 3011 in
2585 2957 2762 3013 medio
2788 2972 2997 3022 eorum,
3028 2976 3046 3010 ι
3090 2969 3195 3013 etc.
3227 2957 3417 3014 Simile
3440 2961 3570 3029 quid
3599 2969 3655 3014 et

2077 3048 2130 3101 in
2157 3045 2388 3101 Jeremia
2411 3047 2670 3116 scriptum
2704 3056 2787 3102 est
2811 3065 2825 3101 :
2858 3068 2877 3100 ι
2898 3048 2955 3103 Si
3001 3047 3139 3103 forte
3163 3050 3384 3104 audiant
3407 3061 3463 3104 et
3491 3058 3656 3121 agant

399 3139 600 3196 Crebro
615 3140 682 3194 ad
696 3138 944 3195 Ezechiel
965 3140 1177 3205 dicitur,
1202 3159 1220 3192 ι
1249 3142 1350 3197 Fili
1367 3144 1617 3209 hominis,
1649 3162 1668 3195 ›
1695 3150 1750 3197 et
1776 3145 1844 3199 ad
1869 3144 1978 3199 Da-
2006 3144 2049 3205 C
2080 3137 2452 3208 paenitentiam
2483 3153 2497 3203 ;
2534 3157 2554 3190 ι
2583 3146 2639 3193 et
2666 3138 2721 3192 in
2764 3138 3052 3207 Evangelio
3085 3157 3098 3193 :
3134 3158 3153 3192 ε
3184 3139 3433 3194 Forsitan
3483 3141 3653 3195 ﬁlium

400 3230 504 3284 niel
538 3244 678 3285 raro.
717 3228 954 3296 Quorum
979 3240 1203 3302 uterque
1235 3233 1286 3286 in
1311 3247 1541 3303 persona
1568 3234 1685 3305 ejus
1709 3236 1798 3303 qui
1823 3234 1969 3290 dixe-

401 3327 502 3380 rat,
537 3337 554 3369 t
574 3317 744 3373 Filius
768 3319 1000 3373 hominis
1024 3334 1129 3374 non
1158 3321 1311 3375 habet
1343 3322 1434 3377 ubi
1455 3332 1617 3393 caput
1638 3339 1792 3378 suum
1815 3325 1974 3381 recli-

398 3416 513 3473 net,
548 3426 566 3459 ι
601 3409 870 3479 captivum
900 3409 1152 3479 populum
1192 3411 1515 3475 consolatur,
1558 3421 1613 3466 et
1639 3413 1863 3467 retrahit
1902 3416 1971 3469 ad

400 3501 788 3568 paenitentiam.
813 3518 832 3551 t
860 3500 1009 3556 Mitto
1028 3517 1129 3572 ego
1152 3511 1221 3568 te,
1241 3503 1434 3571 inquit,
1457 3505 1524 3558 ad
1546 3504 1686 3560 ﬁlios
1700 3506 1884 3570 Israel,
1902 3508 1969 3561 ad

398 3600 581 3661 gentes
619 3592 991 3662 apostatrices,
1018 3608 1139 3662 quae
1166 3604 1507 3649 recesserunt
1551 3610 1583 3649 a
1618 3610 1726 3659 me,
1768 3597 1868 3665 ipsi
1916 3606 1971 3651 et

398 3689 580 3750 patres
605 3696 793 3736 eorum
821 3682 1157 3751 praevaricati
1187 3690 1314 3736 sunt
1336 3693 1550 3753 pactum
1580 3699 1758 3739 meum
1802 3701 1972 3755 usque

397 3772 465 3826 ad
490 3773 630 3827 diem
654 3773 845 3837 hanc,»
873 3781 976 3827 etc.
1002 3771 1349 3844 Nequaquam
1379 3774 1631 3845 populum
1663 3775 1756 3830 Dei
1788 3775 1968 3839 Israel,

397 3862 491 3916 sed
516 3872 704 3932 gentes
747 3861 1102 3930 apostatrices
1129 3873 1289 3917 vocat
1319 3878 1414 3918 eos
1438 3864 1528 3933 qui
1559 3879 1589 3917 a
1620 3864 1848 3919 Domino
1886 3880 1971 3919 rc-

399 3959 695 4007 cesserunt.
741 3950 858 4005 Non
887 3950 1059 4005 solum
1093 3961 1296 4020 patres,
1324 3954 1418 4008 sed
1445 3964 1502 4010 et
1530 3954 1624 4009 ﬁlii
1649 3969 1717 4010 ne
1743 3968 1971 4024 peccato

396 4050 611 4110 patrum
653 4038 751 4093 ﬁlii
799 4036 1113 4093 viderentur
1148 4041 1385 4107 obnoxii,
1431 4042 1528 4098 sed
1551 4051 1609 4097 ut
1651 4059 1750 4115 par
1787 4054 1844 4099 et
1880 4061 1974 4115 pa-

400 4139 542 4183 trum
590 4139 644 4185 et
676 4128 905 4184 ﬁliorum
945 4137 1088 4185 esset
1139 4130 1406 4200 impietas.
1458 4133 1625 4189 Porro
1674 4135 1816 4204 quod
1870 4136 1970 4192 Se-

396 4220 671 4290 ptuaginta
694 4221 1104 4286 transtulerunt,
1121 4240 1142 4276 c
1154 4221 1343 4277 irritan
1351 4230 1430 4277 tes
1445 4238 1549 4288 me,
1566 4238 1586 4273 ι
1601 4226 1731 4287 sive,
1747 4246 1765 4279 σ
1780 4226 1832 4279 iu
1848 4240 1988 4280 ama.

398 4311 690 4368 ritudinem
712 4310 1547 4383 convertentesnilludsigniﬁcat
1576 4316 1717 4384 quod
1754 4315 1894 4372 Deus
1915 4327 1973 4371 et

397 4403 659 4475 benignus
684 4411 742 4459 et
765 4403 937 4460 dulcis
958 4411 1171 4469 natura,
1224 4404 1427 4460 nostris
1464 4404 1612 4460 vitiis
1647 4415 1884 4461 mutetur
1915 4409 1966 4463 in

2074 3241 2253 3282 meum
2270 3227 2650 3283 verebuntur.»
2666 3228 2931 3298 Loquitur
2953 3240 3131 3285 autem
3161 3230 3275 3286 haec
3299 3230 3444 3285 Deus
3472 3232 3652 3287 ambi-

2071 3319 2249 3388 gentis
2290 3315 2509 3384 aﬁectu,
2557 3329 2619 3372 ut
2643 3317 2872 3373 liberum
2916 3320 3151 3376 hominis
3195 3310 3461 3375 monstret
3506 3321 3656 3376 arbi-

2076 3409 2256 3474 trium,
2290 3423 2358 3463 ne
2394 3408 2734 3478 prazscientia
2774 3407 3078 3466 futurorum
3107 3410 3232 3464 mali
3269 3410 3350 3464 vel
3381 3410 3506 3465 bimi
3552 3412 3654 3465 im-

2073 3500 2331 3556 mutabile
2374 3499 2539 3555 faciat
2582 3500 2726 3570 quod
2777 3500 2919 3556 Deus
2962 3501 3201 3556 futurum
3250 3502 3477 3555 noverit.
3529 3500 3648 3555 Non

2070 3591 2237 3653 enim,
2270 3589 2394 3658 quia
2432 3589 2523 3645 ille
2552 3600 2776 3644 ventura
2820 3592 3117 3661 cognoscit,
3161 3605 3382 3646 necesse
3428 3600 3513 3646 est
3549 3608 3650 3648 nos

2075 3678 2253 3733 facere
2282 3679 2422 3748 quod
2450 3677 2538 3732 ille
2557 3680 2847 3749 pnescivit.
2878 3681 2985 3734 Sed
3014 3682 3157 3749 quod
3184 3697 3281 3735 nos
3307 3682 3523 3749 propria
3558 3697 3652 3732 vo-

2072 3767 2278 3822 luntate
2330 3782 2517 3821 sumus
2559 3767 2777 3833 facturi,
2828 3769 2915 3824 ille
2966 3771 3115 3823 n0vit
3166 3771 3444 3834 futurum,
3490 3771 3647 3839 quasi

2076 3860 2233 3914 Deus.
2252 3857 2318 3931 (ϐ
2326 3860 2456 3931 reg.)
2482 3858 2620 3915 Ecce
2641 3869 2724 3916 est
2743 3877 2851 3915 una
2873 3862 3029 3930 culpa
3055 3862 3338 3932 superbize,
3362 3864 3489 3932 quia
3510 3879 3647 3933 pm:-

2074 3951 2297 4005 varicati
2330 3958 2455 4006 sunt
2473 3958 2711 4022 pactum.
2742 3952 2879 4007 Ecce
2899 3953 3066 4007 altera
3089 3953 3488 4018 obstinationis,
3517 3955 3644 4023 quia

2070 4054 2244 4111 usque
2281 4040 2351 4095 ad
2389 4040 2529 4096 diem
2562 4042 2719 4097 hanc.
2760 4042 2919 4107 Ecce,
2964 4044 3016 4097 in
3057 4042 3341 4111 iniquitate
3386 4042 3640 4107 ﬁliorum,

2071 4131 2227 4201 culpa
2254 4132 2436 4203 gravis
2464 4132 2838 4201 impudentiae,
2870 4134 2997 4202 quia
3021 4134 3150 4187 dura
3187 4133 3344 4198 facie,
3386 4135 3640 4203 quoniam

2072 4224 2211 4278 mala
2259 4238 2379 4293 quae
2410 4222 2614 4277 faciunt
2632 4221 2744 4291 jam
2777 4240 2876 4279 nec
2904 4226 3247 4287 erubescunt,
3276 4235 3332 4279 et
3368 4240 3640 4294 nunquam

2069 4315 2154 4369 vel
2183 4324 2303 4385 post
2324 4315 2510 4386 culpas
2549 4317 2617 4370 ad
2649 4318 3020 4386 paenitentiam
3050 4317 3291 4380 redeunt,
3337 4317 3463 4386 quia
3492 4316 3641 4371 indo—

2071 4407 2254 4462 tnabili
2297 4411 2461 4462 corde
2489 4417 2632 4462 sunt.
2664 4409 2798 4462 Cum
2830 4424 2958 4465 vero
2998 4417 3160 4463 tanta:
3201 4409 3481 4478 pravitatis
3516 4418 3636 4463 tan-

394 4496 827 4563 amaritudinem,
852 4498 991 4552 sicut
1021 4500 1165 4552 enim
1201 4496 1406 4551 sanctis
1426 4497 1624 4552 dicitur
1648 4512 1663 4551 :
1693 4516 1712 4549 ι
1746 4497 1968 4555 Gustate
1994 4483 2045 4542 D
2073 4507 2244 4568 taeque
2269 4499 2650 4554 obstinationis
2687 4500 2797 4553 sint
2826 4501 2879 4555 hi
2912 4502 2979 4555 ad
3019 4516 3155 4570 quos
3184 4503 3446 4572 propheta
3475 4484 3636 4558 mitti-

395 4594 451 4640 et
470 4586 666 4651 videte,
679 4587 933 4656 quoniam
948 4587 1125 4642 suavis
1142 4595 1225 4641 est
1246 4585 1505 4642 Dominus
1520 4585 1690 4659 (Psal.
1714 4588 1930 4660 xxxiii);
1944 4610 1962 4642 ι

396 4676 476 4729 sic
499 4684 814 4745 peccatores
829 4688 955 4728 eum
994 4690 1237 4731 amarum
1282 4676 1554 4743 sentiunt;
1585 4679 1728 4734 unde
1747 4689 1801 4733 et
1826 4680 1968 4751 Apo-

395 4765 567 4821 stolus
591 4765 886 4821 bonitatem
910 4774 967 4821 et
990 4769 1335 4823 severitatem
1361 4768 1452 4823 Dei
1491 4783 1654 4839 super
1673 4781 1889 4827 sanctos
1913 4782 1967 4827 et

395 4864 705 4925 peccatores
751 4854 945 4920 refert;
982 4865 1039 4911 et
1064 4858 1130 4913 de
1172 4861 1549 4929 peccatoribus
1586 4862 1678 4932 qui
1710 4860 1966 4931 jacebant

395 4947 652 5017 scriptum
679 4954 800 5001 est:
828 4965 846 4997 ‹
876 4946 1134 5005 Dominus
1173 4951 1335 5021 erigit
1372 4951 1553 5017 elisos,
1586 4953 1844 5010 Dominus
1883 4958 1963 5010 di-

398 5035 513 5106 ligit
563 5035 774 5104 justos,
834 5034 1093 5092 Dominus
1160 5039 1320 5093 solvit
1376 5042 1709 5110 compeditos
1759 5042 1958 5112 (Psal.

395 5122 624 5194 cnv).i
669 5123 885 5178 Sanctis
921 5139 1050 5179 vero
1090 5128 1357 5185 stantibus
1396 5131 1614 5199 praemia
1659 5132 1958 5200 pollicetur.

395 5210 619 5284 (Greg.)
665 5210 970 5268 Notandum
1009 5215 1150 5281 quod
1194 5215 1389 5271 dicitur
1434 5237 1446 5273 :
1494 5238 1511 5270 ι
1565 5220 1716 5276 Mitto
1761 5236 1860 5292 ego
1911 5234 1965 5279 te

394 5304 462 5357 ad
522 5303 661 5361 ﬁlios
714 5301 877 5357 lsrael
905 5342 920 5367 ,
985 5303 1054 5357 ad
1120 5314 1308 5373 gentes
1374 5311 1768 5377 apostatrices,
1843 5328 1965 5380 quze

396 5401 737 5447 recesserunt
772 5407 803 5447 a
849 5406 953 5446 me.
1008 5412 1027 5445 ι
1088 5391 1239 5447 Sicut
1281 5395 1426 5449 enim
1465 5397 1673 5454 duobus
1719 5402 1892 5458 modis
1930 5418 1961 5457 a

391 5479 501 5536 Deo
544 5481 835 5548 receditur,
877 5482 952 5537 ita
990 5482 1200 5538 duobus
1246 5485 1418 5539 modis
1461 5501 1491 5539 a
1534 5487 1643 5541 Deo
1703 5499 1962 5558 apostatze

398 5569 643 5627 homines
683 5571 840 5637 ﬁunt,
892 5587 1018 5627 nam
1057 5575 1426 5643 unusquisque
1467 5590 1499 5629 a
1549 5579 1829 5634 conditore
1864 5596 1963 5635 suo

392 5668 485 5713 aut
515 5660 620 5716 ﬁde
648 5664 959 5717 receditaut
980 5678 1160 5735 opere.
1197 5663 1349 5719 Sicut
1379 5680 1524 5735 ergo,
1558 5667 1648 5735 qui
1681 5668 1782 5721 ﬁde
1816 5684 1964 5724 rece-

2072 4596 2177 4653 tur,
2222 4589 2344 4658 quis
2364 4587 2476 4656 jam
2529 4605 2636 4643 non
2680 4590 2879 4655 videat,
2926 4591 3051 4660 quia
3091 4607 3318 4661 persona
3367 4594 3635 4663 prepliette

2068 4680 2231 4736 etiam
2261 4682 2529 4750 perversis
2570 4682 2876 4737 hominibus
2898 4684 3101 4753 despici
3133 4684 3338 4739 valeat?
3378 4686 3482 4741 Sed
3510 4701 3635 4741 ecce

2068 4771 2364 4824 auctoritas
2377 4784 2623 4839 personae
2640 4771 2895 4826 tribuitur
2912 4788 3033 4828 cum
3058 4775 3342 4830 subditur:
3364 4795 3382 4826 ι
3406 4776 3470 4831 Et
3495 4778 3636 4832 dices

2066 4860 2132 4914 ad
2149 4872 2243 4915 eos
2266 4877 2277 4911 :
2304 4859 2428 4914 Haec
2448 4860 2581 4915 dicit
2601 4860 2860 4918 Dominus
2880 4863 3040 4920 Deus.
3076 4885 3094 4918 ι
3119 4865 3197 4920 Ac
3218 4868 3261 4921 si
3284 4876 3470 4936 aperte
3487 4868 3630 4923 dice-

2071 4959 2221 5003 retur
2243 4949 2406 5017 :Quia
2421 4966 2487 5005 ex
2504 4962 2556 5006 te
2578 4954 2908 5022 despicieris,
2931 4972 2992 5011 ex
3014 4971 3131 5012 mea
3147 4972 3278 5013 voce
3307 4972 3529 5014 necesse
3554 4970 3635 5014 est

2068 5051 2128 5096 ut
2148 5041 2403 5111 loquaris,
2421 5048 2902 5102 neccontemuaris
2926 5048 3039 5117 ipse
3074 5050 3164 5119 qui
3199 5050 3452 5115 mitteris,
3478 5051 3635 5107 verba

2071 5148 2189 5186 mea
2218 5133 2529 5201 proferens,
2560 5138 2783 5191 ostende
2827 5154 2947 5193 cum
2999 5140 3090 5207 qui
3130 5141 3295 5194 misit.
3328 5140 3585 5210 Sequitur
3618 5160 3631 5194 :

2075 5242 2092 5270 ι
2119 5222 2177 5277 Si
2202 5222 2342 5277 forte
2367 5224 2607 5288 audiant,
2637 5235 2692 5279 et
2714 5226 2759 5280 si
2790 5225 2928 5281 forte
2957 5229 3259 5297 quiescant,
3301 5230 3428 5300 quia
3450 5230 3635 5284 domus

2069 5328 2398 5382 exasperans
2441 5322 2544 5367 est.
2576 5333 2595 5365 ι
2657 5314 2790 5368 Dum
2834 5326 3045 5371 constet
3091 5317 3232 5386 quod
3298 5320 3634 5389 omnipotens

2067 5405 2209 5458 Deus
2232 5405 2413 5459 omnia
2439 5406 2595 5469 sciat,
2629 5406 2933 5460 mirandum
2972 5406 3127 5462 valde
3166 5416 3249 5462 cst
3287 5424 3386 5463 cur
3420 5410 3630 5471 dicitur,

2071 5512 2089 5544 ι
2118 5493 2164 5547 si
2189 5491 2327 5547 forte
2361 5494 2601 5557 audiant,
2622 5502 2679 5548 et
2713 5496 2757 5548 si
2784 5494 2923 5549 forte
2942 5497 3273 5564 quiescant»
3304 5498 3633 5567 Quapropter

2066 5583 2341 5637 sciendum
2377 5591 2460 5637 est
2503 5585 2678 5648 nobis,
2731 5586 2855 5653 quia
2902 5586 3005 5639 ista
3053 5586 3316 5641 dubitatio
3354 5586 3631 5642 locutionis

2069 5671 2183 5736 Dei,
2217 5688 2321 5727 non
2351 5688 2415 5726 ex
2447 5674 2745 5743 ignorantia
2771 5713 2785 5739 ,
2828 5675 2920 5730 scd
2949 5691 3014 5730 ex
3045 5676 3218 5746 aliqua
3245 5675 3630 5748 signiﬁcatione
