3950 6184
393 297 501 353 553

1076 294 1138 351 Β.
1178 295 1427 351 RABANI
1469 295 1687 352 MAURI
1723 296 2038 353 ARCUIEP.
2081 296 2388 353 MOGUNT.
2416 295 2701 354 OPERUM
2738 297 2918 355 PARS
2955 298 3021 354 ll.

3560 304 3657 362 550

395 418 522 464 runt
544 409 884 474 etlatrones',
925 415 1115 462 etnon
1146 407 1434 463 audierunt
1476 423 1570 464 eos
1606 423 1735 463 oves
1759 410 1778 482 (
1805 409 1965 464 Joan.
1997 413 2046 471 Α
2073 410 2289 465 virtutis
2329 410 2666 477 invenerint,
2705 421 2765 465 ut
2794 412 2841 466 ei
2880 411 3033 481 loqui
3072 417 3350 468 contraria
3379 430 3489 471 non
3525 431 3661 487 pra:-

394 502 503 576 x).t
524 502 591 557 Et
610 502 877 571 quomodo
899 513 1026 554 oves
1042 500 1264 568 perditae
1285 500 1479 557 domus
1500 501 1662 555 Israel
1686 503 1971 556 audierunt

395 590 883 648 adversarios?Ex
925 604 1032 660 quo
1072 590 1397 655 ostenditur,
1433 606 1527 645 eos
1569 591 1664 661 qui
1703 592 1973 646 audierint

395 686 542 740 fures
575 692 631 737 et
671 682 909 735 latrones
953 680 1138 734 ovium
1183 680 1507 735 vocabulum
1557 682 1876 752 perdidisse,
1917 692 1969 737 et

392 774 498 829 alia
529 770 885 839 assumpsisse
913 770 1132 825 nomina
1151 811 1167 837 ,
1209 782 1271 825 ut
1316 786 1423 826 non
1451 773 1606 841 quasi
1627 786 1768 827 'oves
1795 773 1971 841 perie-

393 865 519 926 rint,
559 862 653 917 sed
673 861 831 932 quasi
856 860 1076 930 vipera),
1101 860 1287 930 vulpes
1313 871 1367 915 et
1404 862 1733 931 scorpiones.
1766 859 1968 934 (Creg.)

393 952 638 1007 Timendi
662 952 805 1006 enim
832 959 1015 1006 essent
1033 950 1087 1004 bi
1111 952 1304 1020 quibus
1325 950 1470 1020 loqui
1492 952 1819 1015 mittebatur,
1839 950 1884 1005 si
1914 951 1968 1005 in

390 1042 495 1098 tide
527 1050 585 1098 et
623 1041 677 1095 in
720 1056 884 1111 opere
929 1041 1039 1096 Deo
1063 1040 1416 1109 omnipotenti
1443 1040 1790 1109 placuissent.
1833 1039 1968 1106 Quia

390 1142 574 1191 autem
609 1132 871 1189 increduli
897 1139 954 1187 et
983 1133 1335 1188 subversores
1367 1142 1511 1196 sunt,
1544 1133 1596 1186 in
1632 1131 1968 1187 sermonibus

390 1228 733 1298 derogantes,
780 1224 1005 1279 timendi
1051 1239 1157 1279 non
1190 1232 1337 1289 sunt,
1385 1224 1512 1294 quia
1549 1224 1772 1279 stultum
1817 1224 1969 1278 valde

389 1326 491 1381 est,
516 1317 560 1371 si
592 1315 697 1369 illis
719 1314 934 1384 placere
963 1314 1278 1383 quaerimus,
1310 1329 1445 1383 quos
1475 1329 1578 1369 non
1618 1314 1832 1385 placere
1858 1314 1967 1369 Deo

390 1417 608 1471 scimus.
660 1415 866 1472 Debent
900 1414 1044 1469 enim
1088 1414 1276 1470 haberi
1303 1415 1358 1469 in
1395 1423 1544 1470 metu
1584 1423 1640 1468 et
1667 1413 1966 1468 reverentia

384 1510 586 1579 judicia
615 1509 909 1578 justorum,
974 1508 1100 1577 quia
1146 1508 1389 1563 membra
1439 1506 1824 1577 omnipotentis
1874 1504 1968 1560 Dei

390 1611 535 1655 sunt.
579 1599 647 1655 Et
680 1602 785 1657 hoc
818 1600 922 1679 ipsi
948 1600 1002 1653 in
1033 1609 1179 1655 terra
1220 1600 1641 1671 reprehendunt,
1689 1598 1833 1669 quod
1865 1598 1969 1652 Do-

390 1696 570 1751 minus
606 1695 892 1765 redarguet
917 1709 948 1749 e
969 1694 1127 1749 etelo.
1168 1693 1300 1749 Nam
1331 1709 1705 1764 perversorum
1744 1694 1968 1764 deroga-

389 1787 465 1842 tio
494 1786 617 1841 vitae
646 1792 845 1841 nostra:
868 1785 1185 1859 approbatio
1214 1793 1321 1850 est,
1364 1785 1489 1855 quia
1512 1784 1626 1853 jam
1661 1772 1966 1840 ostendi/tur

389 1894 489 1935 nos
511 1877 715 1947 aliquid
734 1877 958 1948 iustitiae
980 1877 1179 1931 habere
1200 1918 1215 1941 ,
1247 1877 1295 1931 si
1320 1876 1423 1931 illis
1449 1876 1737 1947 displicere
1776 1877 1968 1945 incipi—

391 1986 510 2024 mus
532 2010 545 2036 ,
582 1970 674 2040 qui
703 1985 807 2024 non
836 1968 1050 2039 placent
1091 1967 1220 2022 Deo.
1260 1966 1431 2022 Nemo
1464 1968 1666 2022 etenim
1703 1976 1879 2037 potest
1909 1968 1964 2021 in

391 2074 495 2112 una
541 2058 840 2126 eademque
886 2072 943 2110 re
990 2056 1345 2125 omnipotenti
1389 2055 1615 2110 Domino
1654 2065 1811 2125 atque
1849 2056 1968 2125 ejus

395 2146 640 2201 hostibus
666 2153 852 2216 gratus
878 2144 1131 2210 existere,
1167 2158 1291 2198 nam
1315 2144 1427 2199 Deo
1453 2158 1512 2200 se
1537 2144 1771 2200 amicum
1804 2144 1967 2199 dene-

390 2243 500 2306 gat,
530 2235 620 2304 qui
648 2234 767 2305 ejus
787 2233 963 2305 placet
988 2234 1204 2290 inimico
1221 2274 1237 2299 ,
1266 2243 1322 2290 et
1346 2234 1581 2289 inimicis
1604 2235 1846 2290 veritatis
1872 2235 1965 2289 ad-

370 2326 711 2390 ‘versabitur,
751 2327 844 2394 qui
873 2325 1048 2381 eidem
1096 2326 1309 2380 veritati
1330 2326 1384 2379 in
1416 2334 1598 2381 mente
1626 2325 1961 2397 subiugatur.

391 2419 541 2477 Unde
587 2420 760 2476 sancti
795 2420 896 2475 viri
945 2422 997 2475 in
1026 2421 1178 2476 vocis
1212 2421 1392 2476 liberae
1433 2420 1799 2490 increpatione
1842 2435 1965 2476 suc-

390 2512 559 2577 censi,
596 2527 694 2568 eos
737 2512 807 2568 ad
846 2527 943 2568 sua
977 2513 1100 2567 odia
1129 2512 1369 2568 excitare
1418 2527 1525 2567 non
1552 2521 1796 2566 metuunt
1829 2504 1965 2582 quos

388 2601 555 2656 Deum
586 2618 693 2658 non
728 2602 951 2672 diligere
976 2610 1326 2674 cognoscunt.
1377 2602 1529 2669 Quod
1574 2603 1834 2673 propheta
1870 2618 1961 2656 ar-

388 2693 578 2748 denter
604 2695 887 2759 exhibens,
925 2695 1155 2751 creatori
1199 2694 1437 2749 omnium
1479 2695 1633 2763 quasi
1658 2696 1712 2748 in
1742 2708 1964 2748 munere

385 2783 579 2838 obtulit
624 2784 849 2839 dicens:
895 2804 914 2836 ι
958 2784 1145 2839 Nonne
1195 2785 1287 2855 qui
1327 2780 1559 2840 oderunt
1598 2794 1669 2849 te,
1713 2785 1959 2852 Domine,

383 2871 604 2927 oderam
655 2872 789 2928 illos‘
825 2882 879 2927 et
920 2889 1082 2943 super
1111 2873 1369 2928 inimicos
1418 2883 1537 2928 tuos
1587 2873 1964 2930 tabescebam?

387 2962 636 3020 Perfecto
667 2963 791 3019 odio
818 2966 1038 3019 oderam
1088 2964 1207 3018 illos
1226 3004 1241 3028 ,
1286 2964 1489 3019 inimici
1515 2963 1642 3019 facti
1675 2974 1799 3021 sunt
1830 2967 1962 3021 mihi

388 3075 404 3125 κ
443 3053 591 3110 Ρωι.
649 3071 891 3111 cxxxvut
925 3054 965 3127 ).
1000 3075 1020 3108 ι
1072 3055 1150 3110 Ac
1203 3056 1255 3111 si-
1296 3062 1483 3126 aperte
1529 3055 1673 3112 dicat
1725 3076 1738 3110 :
1790 3056 1962 3113 Pensa

385 3155 647 3216 quantum
697 3155 750 3202 te
802 3146 985 3216 diligo,
1043 3148 1133 3218 qui
1180 3154 1393 3203 tuorum
1440 3147 1675 3204 hostium
1727 3150 1963 3206 excitare

385 3248 576 3295 contra
624 3230 711 3294 me
743 3238 1058 3294 inimicitias
1084 3255 1191 3293 non
1220 3240 1563 3308 pertimesco.
1613 3238 1751 3295 Justi
1782 3240 1963 3311 itaque

386 3331 527 3386 sicut
598 3330 717 3385 sine
787 3330 1096 3401 arrogantia
1149 3329 1443 3400 loquuntur
1492 3330 1777 3400 aliquando
1823 3330 1962 3387 bona

380 3434 505 3490 qua:
529 3426 716 3490 agunt,
748 3417 824 3474 ita
848 3419 967 3474 sine
988 3419 1103 3474 zelo
1118 3419 1343 3489 privata:
1370 3419 1963 3490 glorimdetrahentium

385 3507 487 3562 sibi
521 3507 733 3579 linguas
758 3508 1107 3579 redarguunt,
1133 3509 1262 3578 quia
1291 3511 1450 3564 noxia
1478 3509 1791 3580 loquuntur.
1825 3511 1960 3566 Cum

385 3612 515 3651 vero
569 3596 762 3668 lingua:
813 3596 1189 3667 derogantium
1223 3597 1420 3667 corrigi
1453 3606 1748 3667 nequeunt,
1777 3614 1960 3668 aequa-

387 3685 608 3740 nimiter
659 3694 786 3741 sunt
835 3702 933 3756 per
981 3686 1160 3742 omnia
1215 3685 1527 3752 tolerandae,
1561 3701 1662 3742 nec
1693 3688 1962 3741 obtrectao

326 3762 333 3771 ’
387 3777 551 3832 tionis
576 3792 763 3833 sermo
786 3776 1057 3834 timendus
1080 3785 1185 3844 est,
1215 3792 1304 3844 ne,
1330 3777 1458 3832 dum
1485 3776 1808 3848 vituperatio
1833 3793 1959 3847 per—

384 3882 667 3923 versorum
730 3866 1024 3930 metuitur,
1072 3866 1207 3923 recti
1269 3867 1453 3937 operis
1506 3867 1591 3922 via
1657 3866 1956 3922 deseratur.

389 3957 544 4014 Unde
586 3971 733 4011 nunc
766 3955 1035 4011 Ezechieli
1077 3956 1352 4026 prophetae
1390 3958 1588 4014 dicitur
1628 3976 1644 4014 :
1689 3977 1708 4009 ι
1739 3957 1958 4014 Sermo-

388 4063 486 4103 nes
509 4062 695 4102 eorum
721 4062 790 4101 ne
831 4053 1061 4111 metuas,
1084 4046 1211 4117 quia
1255 4047 1513 4104 increduli
1537 4058 1594 4103 et
1614 4049 1961 4107 subversures

387 4146 518 4192 sunt
577 4147 775 4192 tecum.
819 4155 838 4189 ι
890 4134 1065 4190 Minus
1116 4146 1293 4190 autem
1355 4138 1483 4192 mali
1546 4149 1760 4206 essent,
1804 4140 1852 4195 si
1903 4141 1959 4195 bi

391 4227 485 4297 qui
524 4236 644 4283 sun'
704 4225 968 4281 increduli
1009 4240 1358 4295 perversores
1404 4227 1625 4284 minime
1675 4227 1905 4286 fuissent
1941 4246 1955 4284 :

384 4318 513 4389 quia
543 4317 684 4372 enim
723 4317 820 4387 ipsi
849 4314 933 4369 vel
952 4315 1187 4371 curiestis
1205 4316 1355 4388 regni
1378 4317 1621 4385 prmia,
1646 4317 1728 4371 vel
1760 4319 1960 4389 gehen—

386 4422 473 4463 na:
497 4421 617 4464 esse
647 4406 908 4478 supplicia
936 4420 1043 4461 non
1069 4406 1299 4463 credunt
1318 4447 1333 4472 ,
1374 4407 1428 4460 in
1465 4407 1578 4462 suis
1600 4408 1961 4478 pravitatibus

389 4498 620 4563 dimissi,
644 4513 674 4551 a
702 4472 809 4552 fide
835 4506 891 4552 et
904 4512 1068 4567 opere
1093 4497 1256 4553 etiam
1280 4498 1416 4554 alios
1441 4472 1761 4555 subvertant
1787 4509 1845 4554 ut
1870 4517 1956 4555 re-
1983 4472 2036 4531 D

388 4606 549 4660 gnum
586 4591 727 4660 quod
757 4592 857 4660 ipsi
907 4600 1161 4661 appetere
1188 4607 1295 4647 non
1320 4591 1526 4658 volunt,
1562 4606 1661 4648 nec
1697 4592 1833 4646 alter
1873 4608 1961 4647 as-

389 4687 667 4749 sequatur.
693 4679 757 4734 lli
786 4695 1017 4750 namque
1043 4698 1169 4736 cum
1193 4682 1491 4737 teneriores
1526 4682 1787 4751 quosdam
1818 4684 1958 4738 bona

391 4769 648 4838 incipere,
675 4768 812 4823 mala
835 4769 947 4837 jam
976 4770 1213 4825 devitarc
1249 4773 1614 4841 cognoverint,
1649 4772 1808 4826 modo
1837 4772 1961 4826 irri-

393 4858 566 4914 dendo
596 4859 739 4927 qnod
764 4859 818 4914 in
848 4861 1003 4916 caelis
1042 4861 1394 4931 promittitur,
1435 4863 1593 4917 modo
1616 4862 1959 4933 despiciendo

394 4948 534 5016 quod
566 4948 708 5004 Deus
727 4949 1065 5020 omnipotens
1095 4950 1161 5005 de
1186 4950 1378 5007 inferni
1399 4951 1673 5023 suppliciis
1696 4953 1955 5021 minatur,

394 5038 549 5093 modo
591 5038 855 5094 laudando
903 5040 1040 5095 bona
1082 5042 1425 5109 temporalia,
1474 5050 1528 5098 et
1577 5042 1957 5099 delectationes

384 5131 671 5198 .praasentis
716 5130 894 5185 saeculi
952 5130 1141 5187 callida
1206 5134 1553 5203 persuasione
1618 5136 1914 5203 pollicendo
1939 5176 1953 5201 ,

390 5220 678 5278 deflectunt
735 5230 942 5280 mentes
994 5222 1360 5279 innocentium
1412 5238 1707 5294 eorumque
1761 5224 1957 5281 itinera

392 5322 703 5384 pervertunt
758 5314 1067 5386 :gaudent,
1120 5315 1165 5369 si
1220 5331 1354 5384 quos
1416 5317 1690 5385 potuerint
1754 5331 1786 5371 a
1848 5318 1959 5371 vita

393 5416 644 5461 revocare
668 5445 683 5471 ,
728 5400 799 5460 ad
851 5415 1079 5460 mortem
1139 5406 1386 5481 trahere;
1438 5407 1688 5462 laetantur
1741 5409 1793 5462 in
1835 5424 1961 5480 pra-

392 5495 646 5550 vitatibus
696 5495 830 5562 suis,
883 5495 1157 5552 exsultant
1202 5504 1258 5550 et
1297 5497 1351 5550 in
1394 5497 1602 5557 alienis.
1652 5496 1748 5554 llis
1795 5499 1960 5553 nimi-

392 5596 513 5637 rum
557 5598 720 5655 poma
775 5599 873 5641 sua
923 5602 1030 5642 non
1083 5585 1317 5652 sufﬁcit,
1371 5589 1461 5655 qui
1517 5598 1683 5657 agunt
1737 5604 1803 5644 ne
1860 5589 1960 5646 soli

398 5672 709 5726 moriantur.
750 5673 821 5731 At
868 5675 913 5731 si
948 5678 1179 5733 fortasse
1204 5676 1410 5746 justum
1455 5680 1760 5747 quempiam
1795 5690 1957 5735 tanta:

2073 509 2308 565 sumant,
2357 502 2482 572 quia
2528 504 2880 560 subversores
2929 520 3051 560 esse
3094 520 3201 560 non
3248 518 3498 576 possunt,
3549 520 3657 565 sta-

2072 592 2168 645 tim
2200 593 2514 661 scorpiones
2543 593 2694 647 fiunt.
2736 594 2961 664 Scorpio
3009 604 3189 650 autem
3220 597 3491 667 palpando
3519 601 3660 656 ince-

2071 679 2167 745 dit,
2200 683 2292 736 seJ
2324 682 2495 736 cauda
2537 681 2682 749 ferit,
2713 699 2813 738 nec
2852 685 3065 738 mordet
3106 700 3138 739 a
3166 684 3325 752 facie,
3356 689 3451 743 sed
3510 706 3539 743 a
3569 707 3659 760 po-

2070 769 2389 826 sterioribus
2444 780 2603 825 nocet
2652 789 2664 824 :
2716 775 3030 841 scorpiones
3089 789 3219 845 ergo
3290 786 3419 831 sunt
3473 794 3658 833 omnes

2068 858 2248 914 blandi
2279 869 2336 914 et
2368 861 2657 927 malitiosi,
2686 864 2779 931 qui
2802 864 2955 920 bonis
2980 866 3198 935 quidem
3242 868 3296 921 in
3331 869 3522 923 faciem
3555 886 3657 925 non

2070 951 2362 1018 resistunt,
2414 953 2508 1006 sed
2556 968 2679 1007 mox
2725 963 2783 1007 ut
2830 957 3156 1011 recesserint
3200 958 3483 1029 derogant,
3530 961 3658 1015 alios

2070 1054 2206 1107 quos
2236 1041 2501 1107 valuerint
2550 1043 2905 1111 inﬂammant,
2955 1063 3183 1117 quaeque
3230 1062 3453 1118 possunt
3502 1056 3655 1107 noxia

2070 1130 2381 1197 immitunt,
2420 1133 2695 1188 mortifera
2740 1133 2943 1190 inferre
2983 1137 3196 1192 occulte
3238 1155 3341 1193 non
3383 1142 3651 1196 desinunt.
3728 1182 3733 1185 ι

2071 1217 2395 1291 Scorpiones
2434 1236 2563 1293 ergo
2600 1232 2748 1291 sunt,
2780 1226 2871 1296 qui
2909 1226 3093 1282 blandi
3139 1237 3193 1282 ct
3224 1230 3431 1285 innoxii
3484 1234 3537 1286 in
3578 1233 3653 1287 [ει-

2070 1309 2206 1362 ciem
2242 1310 2507 1379 videntur,
2537 1313 2629 1369 sed
2657 1324 2782 1384 post
2808 1317 3027 1373 dorsum
3061 1328 3281 1388 portant
3319 1322 3463 1376 unde
3493 1338 3653 1378 vene-

2070 1413 2200 1453 num
2237 1399 2496 1469 fundant;
2530 1403 2621 1473 qui
2651 1404 2703 1458 in
2743 1405 2954 1460 occulto
2988 1405 3211 1471 feriunt,
3244 1410 3396 1478 quasi
3428 1421 3652 1466 mortem

2068 1488 2300 1545 latenter
2337 1492 2575 1547 trahunt.
2618 1491 2770 1549 Unde
2813 1494 2979 1549 etiam
3021 1510 3119 1565 per
3146 1495 3487 1552 Psalmistam
3522 1499 3650 1554 dici-

2072 1588 2158 1635 tur
2185 1599 2198 1635 :
2229 1600 2248 1632 ι
2281 1580 2767 1640 Circumdederunt
2805 1600 2893 1640 me
2921 1585 3063 1640 sicut
3089 1601 3220 1656 apes
3247 1595 3303 1641 et
3329 1599 3649 1644 exarserunt

2069 1673 2208 1727 sicut
2257 1673 2397 1744 ignis
2448 1673 2502 1728 in
2552 1676 2722 1745 spinis
2767 1675 2941 1749 (Psal.
2971 1677 3162 1749 cxvii).
3205 1698 3225 1731 ι
3279 1680 3422 1749 Apes
3475 1681 3530 1735 in
3558 1696 3648 1737 ore

1992 1768 2041 1827 B
2071 1762 2174 1817 mel
2201 1763 2423 1830 habent,
2454 1766 2507 1819 in
2535 1766 2722 1821 aculeo
2751 1768 2935 1824 caudae
2963 1768 3194 1838 vulnus;
3241 1780 3296 1826 et
3330 1786 3521 1827 omnes
3560 1775 3647 1843 qui

2065 1852 2244 1924 lingua
2278 1854 2652 1922 blandiuntur,
2687 1857 2781 1912 sed
2822 1858 3056 1913 latenter
3082 1874 3151 1914 ex
3175 1862 3383 1917 malitia
3427 1862 3650 1929 feriunt,

2064 1956 2191 2012 apes
2221 1952 2366 2009 sunt,
2394 1945 2521 2014 quia
2561 1945 2830 2016 loquendo
2869 1948 3207 2006 dulcedinem
3249 1953 3427 2007 mellis
3451 1969 3643 2024 propo-

2064 2041 2219 2097 nunt,
2268 2034 2360 2089 sed
2413 2035 2621 2091 occulte
2671 2035 2916 2094 feriendo
2955 2039 3149 2095 vulnus
3196 2039 3455 2096 inferunt.
3496 2061 3514 2094 ι
3546 2042 3647 2100 Lo-

2064 2126 2247 2195 queris
2269 2125 2432 2181 verba
2462 2144 2579 2183 mea
2600 2128 2670 2183 ad
2693 2144 2810 2196 eos,
2836 2130 2884 2186 si
2910 2130 3300 2191 forteaudiant
3323 2143 3379 2187 et
3404 2134 3646 2200 timeant,

2066 2215 2148 2270 vel
2179 2214 2479 2285 quiescant,
2503 2219 2758 2286 quoniam
2784 2219 3087 2277 irritatores
3113 2230 3259 2288 sunt,
3281 2231 3389 2279 etc.
3412 2243 3430 2275 ι
3450 2223 3645 2297 (Ilion)

2063 2303 2178 2360 Non
2205 2315 2286 2360 est
2313 2321 2441 2379 ergo
2456 2311 2797 2376 cessandum,
2823 2308 3089 2366 licetmali
3110 2312 3240 2375 sint,
3257 2314 3454 2383 quibus
3477 2314 3644 2385 loqui—

2063 2410 2206 2461 mur,
2229 2397 2383 2465 quin,
2410 2398 2701 2453 secundum
2727 2398 3041 2470 Apostolum
3064 2400 3150 2472 (Il
3176 2401 3308 2456 Tim.
3335 2403 3434 2475 tv),
3455 2418 3640 2475 Oppor-

2064 2493 2214 2552 tune,
2232 2485 2560 2557 importune,
2586 2490 2809 2544 verbum
2827 2490 2918 2546 Dei
2934 2492 3302 2560 praedicemus,
3330 2496 3456 2563 quia
3470 2504 3641 2563 potest

2063 2573 2179 2630 fieri
2210 2583 2269 2628 ut
2293 2584 2349 2629 et
2381 2576 2550 2632 durus
2570 2578 2872 2650 corrigatur
2900 2581 2968 2635 ad
2992 2580 3301 2648 mollitiem,
3326 2592 3380 2637 et
3406 2586 3497 2653 qui
3522 2585 3645 2639 obe-

2062 2667 2215 2722 diens
2229 2677 2313 2722 est
2333 2676 2538 2724 mutata
2565 2669 2836 2726 voluntate
2855 2687 2962 2728 non
2989 2673 3188 2727 audiat.
3210 2672 3411 2747 (Greg.)
3430 2674 3643 2730 Dicatur

2063 2772 2219 2829 ergo,
2254 2779 2272 2810 (
2306 2758 2569 2815 increduli
2598 2769 2653 2816 et
2679 2762 3029 2818 subversores
3055 2773 3181 2818 sunt
3208 2773 3407 2829 tecum,
3435 2774 3491 2819 et
3521 2781 3646 2819 eum

2063 2849 2441 2921 scorpionibus
2481 2852 2716 2921 habitas,
2750 2872 2771 2906 ι
2815 2854 3076 2909 increduli
3110 2855 3317 2912 scilicet
3345 2856 3479 2923 Deo,
3518 2861 3645 2914 sub-

2063 2955 2313 2998 versores
2361 2958 2490 2999 vero
2540 2945 2942 3003 infirmantibus
2990 2948 3275 3018 proximis,
3327 2952 3649 3020 scorpiones

2063 3041 2246 3088 autem
2295 3035 2461 3090 etiam
2512 3035 2743 3092 fortibus
2786 3053 2851 3093 ac
2885 3039 3139 3107 robustis,
3195 3042 3392 3111 quibus
3437 3045 3539 3098 etsi
3589 3045 3645 3098 in

1990 3126 2034 3190 C
2067 3121 2259 3178 faciem
2304 3127 2681 3183 contradicere
2710 3143 2817 3183 non
2860 3141 3213 3199 praesumunt,
3246 3142 3426 3188 tamen
3456 3149 3524 3188 ex
3554 3151 3649 3190 oc-

2065 3212 2208 3267 culto
2232 3213 2424 3269 vulnus
2452 3210 2818 3287 derogationis
2845 3219 3103 3274 inferunt.
3149 3221 3416 3277 lncreduli
3447 3224 3647 3295 quippe

2063 3305 2224 3359 simul
2257 3315 2313 3360 et
2336 3306 2684 3363 subversores
2718 3318 2772 3364 et
2807 3311 3118 3381 scorpiones
3146 3322 3291 3379 sunt,
3321 3315 3447 3383 quia
3473 3323 3528 3369 et
3548 3331 3650 3370 au-

2064 3395 2174 3451 dita
2217 3411 2303 3463 ea,
2350 3414 2473 3468 qua:
2503 3398 2599 3455 Dei
2634 3410 2779 3468 sunt,
2830 3417 2939 3456 non
2988 3404 3239 3471 credunt,
3268 3415 3324 3460 et
3372 3421 3465 3461 eos
3508 3423 3646 3476 quos

2064 3492 2377 3560 przevalent,
2400 3510 2429 3547 a
2451 3494 2608 3549 bonis
2629 3494 2870 3549 moribus
2891 3497 3230 3560 subvertunt,
3253 3505 3308 3551 et
3329 3512 3466 3567 quos
3486 3498 3645 3554 inﬂe-

2063 3592 2213 3637 ctere
2251 3599 2359 3639 non
2408 3584 2607 3651 valent,
2654 3585 2881 3641 occultis
2914 3587 3402 3644 machinationibus
3423 3589 3645 3646 feriunt.

2062 3677 2177 3745 Qua
2214 3679 2268 3735 in
2297 3694 2356 3734 re
2382 3680 2484 3736 hoc
2513 3694 2727 3750 quoque
2754 3681 3049 3737 notandum
3071 3691 3174 3750 est,
3206 3685 3330 3753 quia
3359 3700 3486 3739 cum
3519 3700 3646 3755 pro-

2060 3770 2237 3839 pheta:
2250 3769 2467 3835 dicitur,
2486 3788 2504 3822 ‹
2523 3768 2787 3826 lncreduli
2803 3780 2857 3825 et
2870 3772 3356 3829 subversoressunt
3375 3784 3570 3841 tecum,
3589 3787 3645 3831 et

2062 3872 2183 3912 cum
2209 3858 2587 3929 scorpionibus
2606 3860 2835 3925 habitas,
2865 3880 2885 3912 ι
2901 3862 3056 3917 nobis
3070 3864 3458 3919 consolationis
3476 3867 3646 3921 medi-

2061 3955 2367 4002 camentum
2410 3948 2703 4019 profertur,
2745 3965 2879 4021 quos
2918 3967 3059 4022 saepe
3099 3954 3257 4008 taedet
3296 3955 3478 4010 vivere
3512 3957 3645 4011 dum

2060 4036 2311 4091 nolumus
2338 4052 2459 4092 cum
2489 4037 2644 4092 malis
2673 4040 2930 4095 habitare.
2982 4041 3268 4107 Querimur
3310 4045 3512 4099 etenim
3541 4060 3647 4100 cur

2060 4142 2167 4181 non
2200 4142 2387 4183 omnes
2409 4126 2537 4182 boni
2562 4136 2706 4194 sunt,
2739 4129 2830 4199 qui
2860 4131 3139 4186 nobiscum
3168 4132 3390 4199 vivunt;
3420 4135 3467 4190 si
3494 4136 3641 4191 mala

2058 4220 2432 4289 proximorum
2480 4218 2623 4275 ferre
2675 4220 2948 4289 nolumus,
3006 4238 3195 4278 omnes
3254 4236 3472 4279 sanctos
3521 4224 3643 4292 jam

2060 4311 2256 4367 debere
2273 4326 2393 4366 esse
2416 4311 2777 4380 decernimus,
2804 4315 2929 4369 dum
2958 4330 3080 4371 esse
3107 4316 3376 4382 nolumus,
3397 4318 3540 4386 quod
3571 4334 3644 4373 ex

2059 4404 2319 4472 proximis
2344 4412 2635 4473 portemus.
2671 4404 2778 4460 Sed
2810 4407 2911 4462 hac
2930 4408 2982 4461 in
3014 4424 3071 4463 re
3100 4408 3218 4463 luce
3243 4409 3443 4464 clarius
3470 4417 3643 4478 patet,

2062 4498 2186 4552 dum
2218 4497 2387 4553 malos
2421 4506 2639 4567 portare
2668 4501 2976 4566 renuimus,
3014 4516 3175 4571 quam
3205 4501 3436 4556 multum
3461 4501 3647 4557 adhuc

2061 4596 2117 4642 et
2158 4586 2260 4658 ipsi
2302 4588 2479 4642 minus
2514 4588 2581 4642 de
2616 4590 2760 4645 bono
2796 4591 3107 4646 habeamus.
3156 4590 3309 4662 Smpe
3347 4606 3477 4647 vero
3513 4607 3645 4647 cum

2062 4677 2129 4731 de
2156 4677 2262 4731 vita
2285 4676 2653 4747 proximorum
2691 4680 2988 4749 querimur,
3030 4688 3239 4733 mutare
3268 4679 3443 4735 locum
3473 4693 3647 4735 cena-

2061 4780 2204 4833 mur,
2238 4774 2504 4821 secretum
2556 4767 2678 4820 vitae
2729 4770 3034 4823 remotiorie‘
3085 4769 3316 4840 eligere,
3388 4769 3650 4826 videlicet

2060 4854 2392 4926 ignorantes,
2419 4857 2544 4925 quia
2571 4857 2615 4912 si
2643 4857 2781 4911 desit
2808 4858 3048 4928 spiritus,
3077 4874 3181 4912 non
3210 4858 3425 4928 adjuvat
3449 4859 3642 4917 locus:

2062 4945 2202 5000 idem
2228 4947 2371 5000 enim
2386 4946 2523 5001 Loth
2542 4948 2606 5001 de
2632 4963 2739 5016 quo
2766 4947 3034 5017 loquimur
3056 4949 3108 5002 in
3136 4948 3391 5006 Sodomis
3414 4960 3651 5009 sanctus

2060 5037 2289 5103 exstitit,
2304 5038 2355 5092 in
2374 5048 2553 5093 monte
2566 5040 2813 5107 peccavit
2827 5038 2981 5111 (Gen.
3011 5056 3141 5095 xvm
3158 5052 3207 5095 et
3235 5042 3372 5114 xix).
3389 5043 3524 5110 Quia
3536 5059 3648 5099 au-

2059 5135 2169 5180 tem
2201 5126 2318 5180 loca
2350 5136 2585 5183 mentem
2610 5144 2716 5183 non
2747 5132 3013 5195 muniunt,
3032 5132 3142 5201 ipse
3172 5132 3391 5186 humani
3420 5138 3649 5203 generis

2060 5223 2265 5293 primus
2287 5230 2513 5277 testatur
2525 5237 2743 5293 parens,
2757 5224 2848 5293 qui
2870 5234 2925 5279 et
2952 5227 3007 5278 in
3029 5226 3280 5295 paradiso
3296 5227 3510 5282 cecidit.
3527 5226 3651 5284 Sed

2063 5314 2240 5367 minus
2275 5323 2404 5367 sunt
2435 5314 2614 5368 omnia
2661 5322 2780 5383 qua:
2811 5315 3079 5384 loquimur
3109 5330 3175 5371 ex
3214 5324 3390 5382 terra,
3425 5332 3553 5369 nam
3600 5321 3648 5374 si

2062 5403 2211 5459 locus
2231 5405 2440 5458 salvare
2466 5404 2750 5474 potuisset,
2774 5403 2975 5459 Satana
3006 5406 3070 5462 de
3100 5406 3237 5461 caelo
3258 5421 3367 5460 non
3397 5408 3638 5465 caderet.

2062 5492 2215 5549 Unde
2234 5493 2517 5551 Psalmista
2563 5495 2761 5565 ubique
2820 5496 2873 5550 in
2911 5497 3014 5552 hoc
3064 5499 3265 5551 mundo
3314 5499 3653 5555 tentationes

2060 5603 2181 5644 esse
2225 5588 2586 5657 conspiciens,
2623 5582 2871 5657 quies'ivit
2912 5587 3083 5643 locum
3123 5605 3230 5656 quo
3272 5589 3506 5659 fugeret,
3548 5604 3657 5645 sco

2062 5679 2179 5733 sine
2211 5680 2318 5735 Deo
2348 5678 2587 5733 invenire
2618 5693 2727 5734 non
2753 5678 2926 5750 potuit
2948 5676 3658 5749 ηιυιιῐῑιιιιι(Ρε.εκιιεγιιι),
