3950 6184
371 347 468 406 55⁸1

1353 347 1700 405 (ΣΟΜΜΕΝΤ.
1741 348 1805 402 IN
1846 341 2298 403 EZECIIIELEM.
2340 376 2407 385 —
2438 344 2565 399 LIB.
2609 343 2693 399 III.

3507 346 3610 401 558

371 460 446 515 Ex
471 475 575 530 qua
605 475 664 514 re
696 465 752 514 et
788 460 959 530 ipsum
990 456 1093 513 sibi
1142 456 1317 512 locum
1368 456 1483 511 tieri
1530 435 1701 527 petiit,
1728 464 1944 525 propter
1971 462 2018 520 Α
2046 468 2167 508 cum
2188 466 2440 522 perversa
2471 467 2576 506 non
2608 452 2907 521 increpant,
2936 450 3017 506 eis
3044 465 3140 522 per
3165 466 3318 508 suum
3345 453 3614 510 silentium

369 564 527 619 quem
573 548 749 602 locum
779 548 1025 617 quaesivit
1052 547 1272 602 dicens:
1312 564 1331 596 ι
1370 547 1497 601 Esto
1526 546 1656 599 mihi
1685 547 1741 601 in
1774 545 1941 599 Deum
2044 541 2356 610 proﬁciendi
2394 539 2663 594 licentiam
2705 548 2983 609 prmstant.
3022 539 3313 609 Sequitur:

370 647 728 708 protectorem
775 647 829 693 ct
871 638 924 691 in
963 636 1139 692 locum
1168 636 1455 701 munitum,
1498 644 1556 695 ut
1595 634 1801 689 salvum
1857 647 1945 687 me

369 731 538 785 facias
565 728 850 802 (Psal.t.xx
892 730 932 800 ).
981 749 1000 780 ι
1059 726 1341 783 Tolerandi
1393 742 1524 797 ergo
1571 726 1767 795 ubique
1821 733 1947 779 sunt

369 818 623 889 proximi,
654 821 778 889 quia
808 818 938 873 Abel
983 817 1097 872 ﬁeri
1116 833 1221 871 non
1248 816 1410 882 valet,
1433 830 1593 886 quem
1628 814 1760 871 Cain
1791 814 1945 868 mali-

371 914 443 967 tia
495 928 603 968 non
650 922 882 968 exercet.
919 912 1094 968 Unum
1123 927 1250 965 vero
1280 921 1365 966 est
1401 925 1503 982 pro
1534 926 1642 981 quo
1670 910 1827 965 vitari
1857 911 1949 964 de-

369 1004 462 1057 bet
507 1002 741 1057 societas
785 1001 1081 1066 malorum,
1136 1016 1202 1055 ne
1240 1001 1285 1055 si
1325 999 1558 1056 fortasse
1604 999 1799 1070 corrigi
1839 1015 1945 1053 non

371 1091 605 1155 valeant,
636 1091 1082 1146 adimitationem
1128 1092 1366 1155 trahant,
1399 1096 1453 1144 et
1497 1103 1621 1144 cum
1646 1088 1751 1158 ipsi
1797 1104 1827 1143 a
1853 1104 1950 1143 sua

374 1181 580 1235 malitia
604 1196 707 1235 non
738 1190 1034 1244 mutantur,
1067 1195 1162 1236 eos
1186 1180 1280 1249 qui
1326 1179 1426 1234 sibi
1450 1177 1723 1248 conjuncti
1752 1178 1952 1232 fuerint

373 1279 721 1340 pervertant;
760 1270 903 1324 unde
937 1269 1136 1326 Paulus
1165 1271 1280 1324 ait:
1314 1286 1334 1320 ι
1364 1268 1731 1338 Corrumpunt
1773 1284 1952 1325 mores

376 1363 559 1416 honos‘
596 1361 857 1429 coloquia
902 1376 1066 1431 prava
1114 1360 1165 1432 (I
1193 1360 1315 1414 Cor.
1350 1361 1475 1430 xv);
1509 1380 1528 1411 ι
1573 1369 1629 1415 ει
1674 1361 1815 1416 sicut
1858 1376 1954 1431 per

377 1452 724 1506 Salomonem
754 1452 988 1506 dicitur:
1018 1471 1036 1503 ‹
1071 1451 1188 1506 Noli
1216 1467 1339 1508 esse
1364 1452 1573 1508 amicus
1608 1454 1810 1508 homini
1845 1455 1953 1509 ira-

377 1544 574 1605 cundo,
602 1558 700 1598 nec
725 1543 966 1622 ambules
988 1559 1109 1599 cum
1132 1545 1249 1598 viro
1274 1542 1496 1609 furioso,
1525 1559 1592 1599 ne
1615 1542 1752 1599 forte
1777 1544 1953 1600 discas

377 1635 600 1689 semitas
629 1632 764 1702 ejus,
793 1642 849 1689 et
874 1649 1057 1689 sumas
1107 1634 1330 1704 laqueos
1373 1634 1567 1690 anima:
1617 1642 1722 1689 tua:
1765 1631 1949 1706 (Prov.

379 1725 541 1797 xxii).
584 1724 735 1781 Sicut
782 1740 910 1797 ergo
953 1725 1176 1797 perfecti
1220 1726 1323 1780 viri
1362 1740 1645 1795 perversos
1679 1725 1950 1794 proximos

2121 652 2139 683 ι
2184 631 2346 700 Aperi
2373 646 2435 685 os
2464 639 2611 685 tuum
2638 638 2693 685 et
2720 632 2941 686 comede
2976 645 3308 700 quascunque
3337 630 3432 687 tibi
3465 631 3552 689 do.
3591 652 3610 684 ι

2047 722 2246 796 (Ηίεν.)
2263 722 2490 790 Dignum
2513 729 2584 785 te,
2603 721 2797 790 inquit,
2814 723 2991 791 praebe
3017 723 3355 778 sermonibus
3381 723 3537 789 meis,
3565 728 3629 776 et

2047 816 2223 870 cibum
2236 816 2449 884 suscipe
2463 812 2779 880 spiritalem,
2799 821 2858 866 ut
2876 813 3141 883 quomodo
3154 813 3207 866 iu
3230 813 3518 885 Evangelio
3535 815 3618 867 di-

2049 906 2191 959 citur
2219 921 2233 957 :
2262 921 2281 955 ‹
2305 902 2406 971 Qui
2427 903 2589 959 habet
2608 918 2767 958 aures
2780 904 3028 958 audiendi
3052 905 3251 969 audiat,
3265 923 3284 956 ι
3299 914 3355 959 et
3374 904 3464 959 hic
3475 905 3624 959 dica-

2055 1005 2140 1049 tur
2160 1012 2174 1047 :
2198 993 2299 1060 Qui
2326 993 2489 1048 habet
2517 1001 2761 1062 apertum
2777 1007 2838 1048 os
2850 994 2916 1047 ad
2932 993 3338 1058 comedendum,
3356 994 3618 1049 comedat.

2058 1085 2210 1141 Unde
2244 1093 2301 1139 et
2331 1082 2633 1138 Psalmistze
2672 1082 2930 1137 Dominus
2967 1081 3243 1151 loquitur:
3295 1101 3315 1134 ι
3346 1083 3509 1152 Aperi
3562 1100 3623 1136 os

2052 1188 2223 1243 tuum,
2245 1186 2300 1233 et
2325 1176 2554 1247 implebo
2579 1175 2703 1230 illud
2729 1174 2900 1247 (Psal.
2929 1174 3115 1245 Lxxx).
3150 1195 3170 1228 ι
3198 1176 3263 1228 Ει
3289 1174 3377 1230 ille
3402 1189 3621 1245 respouo

2051 1268 2162 1321 dit:
2199 1285 2219 1318 ι
2255 1265 2329 1323 Os
2362 1281 2538 1320 meum
2564 1265 2744 1336 aperui
2773 1303 2789 1329 ,
2834 1274 2888 1319 et
2927 1265 3125 1319 attraxi
3154 1266 3398 1335 spiritum
3448 1264 3619 1336 (Paul.

2052 1356 2265 1427 cxvm).
2301 1374 2321 1408 ι
2369 1355 2433 1408 Ει
2474 1355 2752 1424 apostolus
2777 1353 3012 1411 Paulus:
3042 1373 3060 1405 ‹
3098 1353 3198 1422 Qui
3222 1355 3453 1411 habebat
3481 1357 3535 1417 in
3566 1374 3624 1412 se

2054 1448 2339 1501 thesauros
2375 1444 2651 1514 sapientia:
2684 1452 2741 1499 et
2777 1444 3018 1499 scientiae
3046 1441 3266 1516 (Colon.
3296 1443 3378 1518 ιι),
3415 1464 3434 1497 ι
3479 1455 3534 1501 ει
3570 1448 3623 1501 in

2053 1549 2160 1604 quo
2195 1533 2443 1588 Christus
2493 1532 2752 1587 Dominus
2800 1532 3140 1603 loquebatur,
3201 1534 3391 1589 scribit
3434 1533 3624 1591 Corin-

2053 1623 2184 1677 thiis
2216 1639 2229 1674 :
2267 1640 2286 1673 ι
2317 1620 2391 1677 Os
2428 1635 2606 1676 meum
2635 1632 2879 1692 apertum
2923 1629 3007 1676 est
3048 1625 3115 1678 ad
3160 1638 3274 1688 vos,
3303 1639 3337 1679 ο
3361 1623 3625 1681 Corinthii

2055 1713 2141 1787 (ΙΙ
2167 1712 2289 1769 Cor.
2315 1710 2413 1786 vr).
2452 1731 2472 1764 ι
2534 1712 2604 1767 Ει
2649 1713 2717 1766 de
2764 1712 3042 1768 Salvatore
3086 1712 3370 1770 Matthzeus
3426 1714 3621 1771 refert:

380 1793 719 1869 nondebent
745 1793 1088 1885 fugere,quia
1123 1823 1178 1870 et
1196 1829 1291 1869 eos
1314 1793 1456 1884 saepe
1484 1813 1550 1868 ad
1579 1793 1951 1871 rectitudinem

2067 1822 2081 1857 I
2115 1804 2376 1874 Aperiens
2405 1816 2466 1857 os
2492 1817 2647 1857 suum
2676 1802 2903 1857 docebat
2926 1801 3218 1872 discipulos
3245 1802 3457 1874 (Matth.
3490 1803 3562 1877 ν).
3601 1826 3619 1857 ι

383 1905 626 1968 trahunt,
659 1911 714 1958 et
743 1904 846 1974 ipsi
878 1905 946 1959 ad
972 1903 1383 1973 perversitatem
1429 1917 1702 1973 nunquam
1735 1905 1957 1958 trahun-

344 2045 348 2048 ι
383 2000 489 2053 tur,
524 1993 596 2046 ita
633 1991 831 2047 inﬁrmi
861 1994 1061 2063 quique
1104 1993 1416 2048 societatem
1458 1993 1656 2049 debent
1689 1993 1959 2049 declinare

384 2097 700 2153 pravorum,
739 2097 805 2138 ne
842 2082 1012 2147 mala,
1055 2096 1175 2152 quae
1217 2082 1527 2151 frequenter
1572 2082 1874 2152 aspiciunt,
1906 2090 1961 2137 et

386 2172 661 2243 corrigere
692 2187 797 2226 non
843 2173 1042 2236 valent,
1076 2171 1412 2228 delectentur
1436 2173 1658 2227 imitari.
1692 2171 1784 2228 Sic
1813 2171 1958 2229 enim

387 2262 563 2331 verba_
599 2262 965 2330 proximorum
1029 2262 1295 2320 audiendo
1320 2263 1561 2333 quotidie
1604 2264 1868 2319 sumimus
1904 2263 1961 2318 in

386 2363 593 2417 mente,
624 2354 763 2407 sicut
790 2351 968 2409 ﬂando
990 2362 1151 2423 atque
1180 2354 1492 2425 respirando
1505 2369 1686 2411 aerem
1699 2354 1962 2410 trahimus

389 2458 632 2512 corpore,
665 2450 720 2496 et
749 2442 890 2498 sicut
916 2443 1088 2498 malus
1124 2459 1219 2499 aer
1251 2444 1467 2500 assiduo
1490 2444 1621 2501 ﬂatu
1652 2451 1857 2499 tractus
1882 2446 1961 2498 in-

388 2531 503 2587 ﬁcit
527 2548 744 2602 corpus,
793 2533 862 2587 ita
894 2548 1144 2603 perversa
1179 2533 1381 2588 locutio
1407 2534 1621 2588 assidue
1647 2534 1828 2588 audita
1881 2533 1959 2586 in-

389 2621 720 2678 ﬁrmantium
760 2622 930 2678 inlicit
968 2624 1228 2688 animum,
1254 2630 1314 2677 ut
1345 2625 1584 2678 tabescat
1609 2622 1962 2679 delectatione

389 2713 541 2781 pravi
576 2712 755 2783 operis
768 2721 824 2767 et
850 2713 1052 2767 assidui
1069 2712 1350 2783 iniquitate
1371 2712 1657 2767 sermonis.
1674 2710 1958 2782 Sequitur:

394 2825 412 2853 ι
453 2804 634 2859 Verba
670 2818 854 2858 eorum
889 2819 955 2859 ne
986 2804 1202 2867 timeas,
1238 2812 1290 2859 et
1315 2803 1496 2857 vultus
1523 2817 1711 2858 eorum
1757 2815 1825 2856 ne
1852 2801 1959 2855 for-

390 2893 586 2956 mides,
617 2893 741 2961 quia
776 2892 971 2972 domus
1001 2907 1330 2964 exasperans
1371 2899 1474 2948 est.
1511 2910 1531 2943 ι
1582 2891 1661 2947 Ac
1699 2892 1744 2947 si
1778 2900 1963 2960 aperte

389 2988 667 3040 diceretur
696 2999 711 3038 :
740 2985 989 3060 Timendi
1013 2994 1194 3041 essent
1238 2984 1345 3040 nisi
1392 2999 1478 3039 me
1518 2984 1572 3040 in
1615 2984 1728 3040 suis
1753 2983 1963 3039 actibus

390 3085 812 3146 exasperarent;
840 3077 906 3132 de
932 3077 1126 3146 quibus
1138 3077 1314 3133 adhuc
1337 3077 1617 3133 subditur:
1651 3094 1670 3128 ι
1702 3075 1963 3146 Loqueris

390 3181 522 3235 ergo
570 3166 734 3221 verba
782 3181 901 3221 mea
952 3166 1019 3220 ad
1068 3181 1182 3232 eos,
1213 3167 1260 3221 si
1292 3165 1431 3222 forte
1459 3166 1681 3221 audiant
1721 3173 1778 3221 et
1814 3165 1966 3236 quie-

392 3264 569 3322 scant,
617 3257 744 3325 quia
799 3256 1104 3311 irritatores
1131 3265 1274 3312 sunt.
1306 3276 1328 3310 ι
1380 3249 1569 3313 Oinnis
1615 3257 1707 3327 qui
1751 3265 1960 3327 peccat,

390 3346 519 3415 quid
544 3346 689 3401 aliud
718 3362 877 3416 quam
906 3346 1205 3402 conditoris
1231 3347 1316 3402 sui
1355 3346 1412 3402 in
1443 3362 1502 3402 se
1532 3348 1864 3402 iracundiam
1892 3347 1966 3401 ir-

391 3435 558 3488 ritat?
597 3434 664 3489 Et
696 3436 914 3502 scimus,
941 3424 1068 3506 quia
1095 3436 1309 3507 quoties
1353 3446 1500 3503 actu,
1533 3437 1718 3502 verbo,
1749 3438 1965 3507 quoties

391 3523 722 3594 cogitatione
776 3525 1166 3597 delinquimus,
1201 3524 1368 3581 Deum
1416 3535 1604 3582 contra
1656 3540 1756 3582 nos
1805 3528 1964 3583 toties

393 3611 709 3680 irruamus;
733 3614 825 3668 sed
848 3623 1024 3670 tamen
1050 3615 1351 3671 sustinetet
1376 3613 1669 3670 clementer
1689 3624 1965 3687 exspectat

393 3716 496 3774 per
527 3716 680 3775 suam
726 3703 1062 3772 patientiam,
1089 3717 1187 3776 per
1212 3703 1593 3788 prmdicatorgs
1622 3714 1803 3761 autem
1838 3722 1965 3763 suos

393 3791 619 3847 verbum
650 3793 803 3847 nobis
828 3794 1218 3849 exhortationis
1243 3803 1516 3865 prorogat.
1547 3793 1733 3850 Omnis
1784 3806 1962 3852 autem

394 3881 486 3949 qui
523 3886 668 3934 recta
699 3880 980 3950 przedicat,
1019 3883 1063 3936 si
1091 3881 1326 3948 auditur,
1359 3882 1495 3936 iram
1530 3882 1726 3938 irritati
1757 3893 1967 3939 creato.

397 3971 474 4024 ris
510 3985 677 4040 super
719 3970 1191 4040 praevaricatorem
1234 3973 1414 4043 placat
1461 3973 1735 4044 populum.
1817 3975 1966 4030 Unde

397 4076 617 4118 necesse
658 4066 742 4116 est
771 4070 829 4117 ut
857 4063 970 4132 ipse
997 4078 1103 4118 non
1143 4063 1335 4119 debeat
1380 4080 1540 4136 agere
1582 4064 1782 4121 malum
1823 4067 1965 4137 quod

398 4152 535 4206 solet
575 4155 626 4205 in
664 4152 859 4223 populo
887 4152 1125 4209 furorem
1154 4154 1448 4209 conditoris
1486 4154 1720 4221 irritare,
1748 4163 1968 4226 propter

397 4241 539 4312 quod
562 4242 727 4295 etiam
750 4241 995 4296 subditur
1025 4260 1039 4296 :
1068 4260 1086 4294 ‹
1122 4240 1203 4297 Tu
1222 4252 1424 4309 autem,
1449 4243 1525 4298 ﬁli
1565 4244 1818 4311 hominis,
1843 4245 1968 4300 audi

398 4347 730 4402 quaecunque
767 4330 959 4402 loquor
982 4333 1050 4388 ad
1099 4340 1187 4400 te,
1224 4341 1280 4390 et
1316 4333 1422 4389 noli
1458 4349 1579 4390 esse
1618 4350 1966 4406 exasperans,

396 4422 536 4477 sicut
585 4424 776 4478 domus
820 4424 1185 4495 exasperatrix
1214 4433 1318 4491 est,
1355 4444 1376 4477 ι
1409 4435 1516 4482 etc.
1569 4426 1625 4481 Id
1662 4435 1765 4493 est,
1805 4427 1965 4491 maia,

400 4529 521 4583 qua:
560 4510 675 4567 fieri
704 4513 1003 4585 conspicis,
1038 4514 1153 4584 ipse
1195 4530 1300 4570 non
1343 4513 1532 4583 facias,
1559 4530 1628 4571 ne
1661 4517 1784 4583 hoc,
1821 4516 1965 4586 quod

376 4596 687 4674 prohibere
736 4603 988 4671 mitteris,
1036 4604 1149 4675 ipse
1190 4606 1516 4661 committas.
1548 4605 1735 4662 Omnis
1766 4606 1965 4661 etenim

398 4692 720 4764 praedicator
766 4692 968 4747 intenta
1017 4690 1173 4747 debet
1223 4700 1404 4747 mente
1457 4707 1706 4762 pensare,
1764 4706 1830 4746 ne
1873 4692 1965 4762 qui

400 4786 598 4840 missus
634 4794 717 4839 est
763 4784 942 4854 lapsos
988 4784 1215 4852 erigere,
1249 4783 1362 4853 ipse
1406 4783 1459 4837 in
1496 4784 1763 4852 pravitate
1789 4782 1967 4852 operis

397 4891 523 4932 cum
551 4874 716 4946 lapsis
755 4868 931 4928 cadat.
962 4872 1070 4929 Cur
1098 4873 1289 4929 beatus
1322 4873 1588 4939 Ezechiel,
1618 4875 1707 4946 qui
1738 4875 1805 4928 ad
1832 4891 1966 4944 prac-

399 4964 721 5020 dieationem
777 4963 1025 5025 mittitur,
1079 4977 1200 5017 esse
1248 4977 1575 5032 exasperatis
1621 4964 1966 5032 prohibetur;

400 5058 500 5113 nisi
528 5056 692 5118 enim,
721 5055 787 5109 ad
815 5055 1077 5123 loquenda
1100 5055 1258 5109 verba
1274 5070 1394 5108 cum
1420 5054 1750 5116 mittebatur,
1779 5055 1964 5109 obedi-

401 5155 504 5210 ret,
542 5145 964 5214 omnipotentem
994 5144 1296 5208 Dominum,
1326 5143 1463 5198 sicut
1497 5142 1724 5214 pepulus
1752 5145 1817 5197 de
1847 5158 1968 5212 per-

398 5252 556 5291 verso
588 5246 772 5304 opere,
822 5236 901 5288 sic
937 5235 1194 5304 propheta
1244 5234 1310 5289 de
1354 5249 1453 5289 suo
1492 5232 1703 5287 silentio
1743 5246 1968 5300 exaspe-

401 5335 592 5382 rasset.
636 5325 775 5380 Nam
804 5326 942 5380 sicut
968 5326 1092 5378 mali
1121 5324 1241 5381 ideo
1268 5324 1435 5380 Deum
1471 5333 1811 5396 exasperant,
1840 5325 1965 5394 quia

401 5417 690 5487 loquuntur
733 5416 815 5471 vel
853 5412 1055 5471 faciunt
1096 5417 1257 5481 mala,
1303 5418 1374 5472 ita
1416 5428 1800 5488 nonnunquam
1840 5415 1965 5470 boni

400 5512 741 5572 eanperant,
779 5505 903 5574 quia
956 5505 1182 5560 reticent
1234 5505 1392 5560 bona.
1439 5504 1549 5561 Illis
1593 5509 1775 5576 itaque
1812 5503 1966 5573 culpa

401 5604 483 5648 Cal
512 5609 762 5664 perversa
792 5609 973 5665 agere,
1006 5595 1125 5650 istis
1162 5603 1309 5651 recta
1341 5596 1586 5651 reticere.
1621 5595 1677 5651 In
1707 5599 1807 5651 hoc
1836 5608 1969 5663 ergo

402 5695 525 5737 cum
557 5683 709 5737 malis
738 5683 900 5738 etiam
927 5683 1052 5738 boni
1084 5684 1243 5739 simul
1276 5685 1441 5740 Deum
1463 5696 1807 5755 exasperant,
1839 5688 1966 5757 quia

2059 1889 2262 1966 (Greg.)
2284 1892 2571 1963 Aperimus
2590 1906 2651 1946 os
2674 1902 2915 1946 nostrum
2943 1906 3064 1946 cum
3088 1902 3234 1947 recta
3262 1892 3547 1962 loquimur,
3575 1907 3630 1950 ct

2057 1983 2389 2040 comedimus
2416 1997 2537 2052 quae
2557 1996 2587 2034 a
2618 1982 2729 2036 Deo
2751 1981 3066 2050 accipimus,
3099 1981 3226 2050 quia
3262 1990 3318 2036 et
3353 1983 3625 2047 tribuitur,

2058 2081 2115 2127 et
2146 2079 2372 2142 augetur
2406 2071 2459 2124 in
2503 2070 2704 2124 nostris
2747 2069 2992 2124 sensibus
3021 2069 3173 2124 cibus
3194 2068 3319 2125 vita:
3345 2085 3467 2126 cum
3493 2086 3629 2141 prac-

2059 2162 2238 2218 dicare
2265 2160 2608 2231 cmperimus.
2647 2157 2800 2214 Unde
2833 2158 3095 2228 propheta
3132 2157 3270 2212 alius
3307 2158 3474 2214 dicit:
3508 2177 3526 2211 ι
3558 2158 3631 2215 Os

2060 2268 2239 2309 meum
2268 2251 2484 2323 aperui,
2516 2258 2571 2305 et
2607 2248 2805 2304 attraxi
2843 2248 3112 2318 spiritum.
3152 2267 3172 2301 ι
3226 2248 3345 2305 Νοη
3381 2250 3523 2304 enim
3551 2259 3631 2303 at-

2060 2345 2298 2400 traheret
2321 2342 2426 2397 nisi
2467 2356 2529 2396 os
2567 2339 2823 2411 aperiret,
2853 2338 2981 2409 quia
3011 2338 3114 2393 nisi
3140 2338 3206 2393 ad
3234 2338 3629 2409 prmdicanduin

2060 2432 2319 2505 proximis
2373 2445 2433 2486 se
2474 2428 2843 2500 impenderet,
2879 2426 3139 2497 spiritalis
3182 2427 3437 2482 doctrina:
3480 2428 3537 2482 in
3567 2446 3631 2483 eo

2060 2523 2232 2594 gratia
2260 2536 2367 2576 non
2393 2520 2674 2577 crevisset.
2706 2517 3002 2590 Sequitur:

2133 2629 2158 2667 ι
2185 2612 2254 2668 Et
2276 2612 2407 2678 vidi,
2437 2618 2495 2666 et
2534 2623 2661 2666 ecce
2684 2623 2880 2664 manus
2913 2604 3079 2664 missa
3120 2606 3190 2663 ad
3234 2621 3339 2663 me.
3377 2627 3397 2662 ι
3432 2607 3629 2680 (Ηίεν.)

2061 2702 2168 2756 Pro
2191 2715 2352 2755 manu
2374 2700 2536 2755 missa
2558 2706 2818 2753 extentam
2840 2692 3192 2767 Septuaginta
3220 2684 3630 2763 transtulerunt,

2063 2805 2181 2860 quas
2205 2790 2435 2844 mittitur
2462 2798 2516 2843 et
2541 2786 2849 2843 extenditur
2876 2786 2943 2841 ad
2973 2799 3068 2842 eos
3098 2785 3191 2855 qui
3237 2786 3449 2841 Domini
3473 2787 3634 2843 bene-

2065 2882 2188 2937 iicia
2219 2888 2642 2948 consequuntur.
2674 2877 3027 2933 Contrahitur
3069 2885 3249 2931 autem
3278 2876 3347 2930 ab
3388 2877 3472 2931 bis
3509 2878 3630 2948 qui-

2064 2971 2166 3026 bus
2188 2968 2425 3038 loquitur
2450 2980 2547 3036 pcr
2573 2966 2930 3037 prophetam:
2984 2983 3005 3017 c
3046 2965 3295 3036 Nunquid
3323 2965 3632 3021 abbreviata

2067 3069 2121 3116 et
2158 3065 2433 3114 contracta
2483 3066 2567 3112 est
2614 3071 2807 3112 manus
2855 3056 3066 3112 Domini
3105 3054 3240 3129 (Isa.
3292 3054 3383 3129 1.)?
3428 3075 3447 3109 ι
3482 3057 3548 3111 Ει
3580 3058 3635 3112 in

2067 3149 2312 3221 psalmo:
2354 3166 2374 3199 ι
2412 3147 2482 3204 ιιι
2510 3146 2639 3216 quid
2667 3147 2868 3202 avertis
2908 3161 3128 3201 manum
3168 3156 3334 3216 tuam,
3364 3156 3421 3204 et
3447 3149 3636 3205 dexte-

2066 3256 2181 3295 ram
2232 3248 2398 3305 tuam,
2450 3240 2516 3294 de
2565 3239 2742 3293 medio
2789 3239 2907 3293 sinu
2954 3248 3046 3294 tuo
3094 3239 3149 3294 in
3176 3240 3372 3295 ﬁnem?
3407 3260 3427 3295 ι
3462 3239 3634 3314 (Psal.

2066 3327 2283 3400 Lxxm.)
2316 3329 2556 3397 Denique
2584 3327 2824 3383 extendit
2866 3329 2920 3381 in
2940 3329 3192 3398 passione
3234 3345 3441 3401 pennas
3487 3347 3635 3398 suas,

2067 3420 2412 3491 suscepitque
2435 3419 2747 3488 discipulos,
2781 3428 2835 3474 et
2860 3420 3097 3488 portavit
3148 3421 3268 3477 illos
3313 3422 3368 3476 iu
3400 3424 3641 3481 humeris

2066 3509 2196 3563 suis.
2218 3508 2285 3562 Et
2305 3507 2514 3563 locutus
2544 3516 2663 3562 est:
2691 3524 2709 3557 ι
2749 3505 2883 3561 Tota
2906 3506 2991 3562 die
3016 3509 3247 3578 expandi
3279 3524 3469 3564 manus
3492 3525 3639 3568 meas

2065 3598 2131 3653 ad
2160 3597 2413 3669 p0pulum
2438 3611 2545 3652 non
2573 3596 2880 3650 credentem
2910 3614 2931 3647 ι
2965 3595 3100 3667 (Isa.
3132 3599 3279 3668 va),
3322 3606 3380 3651 ut
3408 3613 3638 3670 congre-

2065 3698 2217 3759 garet
2253 3687 2390 3741 tilios
2418 3685 2606 3752 Israel,
2637 3686 2778 3741 sicut
2798 3685 2992 3756 gallina
3019 3696 3306 3759 congregat
3337 3687 3510 3759 pullos
3540 3692 3640 3745 sub

2067 3779 2179 3834 alas
2215 3793 2359 3834 suas.
2391 3779 2460 3832 Et
2500 3777 2818 3833 extensione
2854 3792 3115 3833 manuum
3154 3766 3321 3852 Moysi
3349 3780 3514 3838 Israel
3549 3797 3640 3837 su-

2065 3878 2218 3940 perat
2240 3868 2476 3924 Amalec.

2143 3987 2162 4019 ι
2198 3968 2254 4022 In
2291 3984 2396 4039 qua
2439 3976 2559 4024 erat
2605 3968 2878 4025 involutus
2911 3970 3070 4037 liber,
3115 3983 3170 4027 et
3203 3975 3458 4045 expandit
3493 3975 3641 4032 illum
3742 3972 3745 3973 ⁷

2072 4078 2090 4111 ι
2136 4073 2321 4115 coram
2350 4074 2458 4115 me.
2510 4059 2579 4116 Et
2610 4068 2732 4116 erat
2781 4062 3017 4131 scriptus
3053 4063 3199 4120 intus
3227 4073 3282 4120 et
3326 4064 3478 4132 foris,
3510 4069 3640 4123 scri-

2075 4167 2092 4201 ι
2138 4158 2352 4221 litaeque
2400 4159 2559 4206 erant
2613 4151 2669 4205 in
2714 4167 2780 4208 eo
2832 4152 3263 4221 lamentationes,
3320 4171 3541 4214 carmen
3589 4168 3643 4215 et

2073 4258 2092 4320 ᾳ
2139 4257 2237 4308 vae,
2262 4261 2280 4295 ι
2305 4249 2411 4298 ειε.
2436 4242 2542 4299 Pro
2564 4243 2803 4298 involuto
2825 4244 2987 4311 libro,
3012 4243 3361 4318 Septuaginta
3392 4266 3412 4300 ι
3435 4251 3644 4320 capitu-

2069 4331 2178 4386 lum
2208 4333 2331 4387 lihri
2364 4354 2384 4387 ι
2411 4335 2820 4391 transtulerunt.
2845 4354 2863 4386 ι
2886 4335 2945 4389 ιιι
2971 4350 3133 4389 manu
3160 4335 3372 4392 Domini
3401 4341 3643 4397 sedentis

2070 4437 2230 4495 super
2261 4423 2534 4489 thronum,
2564 4439 2682 4494 qure
2708 4424 2872 4479 missa
2901 4432 2983 4478 est
3023 4430 3079 4477 et
3104 4432 3341 4479 extenta.
3378 4443 3397 4477 ι
3429 4427 3507 4482 De
3532 4443 3640 4499 quo

2073 4525 2129 4570 et
2173 4514 2227 4568 in
2255 4514 2476 4583 psalmis
2516 4513 2751 4568 dicitur:
2798 4530 2817 4564 ι
2859 4512 2914 4567 In
2955 4511 3188 4583 capitulo
3228 4513 3351 4569 libri
3375 4517 3641 4588 scriptum

2072 4605 2249 4660 estde
2274 4618 2362 4660 me
2407 4601 2579 4674 (Paul.
2616 4601 2822 4675 χχιιι).
2864 4622 2883 4655 ι
2935 4602 3238 4673 Capitulum
3280 4604 3643 4680 intelligamus

2071 4697 2377 4753 exordium.
2424 4695 2531 4750 Iste
2556 4695 2692 4750 liber
2723 4694 2990 4752 involutus
3025 4706 3186 4768 atque
3229 4699 3472 4771 signatus
3509 4705 3642 4759 scri-

2070 4796 2301 4858 ptusque
2332 4788 2474 4841 intus
2499 4794 2554 4840 et
2585 4785 2735 4851 foris,
2776 4785 2860 4842 vel
2888 4795 3016 4842 ante
3050 4795 3106 4842 et
3130 4799 3277 4859 post,
3319 4800 3482 4848 tanta:
3508 4794 3644 4850 difﬁ-

2071 4877 2286 4931 cultatis
2317 4875 2440 4944 fuit,
2472 4887 2532 4930 ut
2559 4876 2735 4930 nullus
2764 4877 3000 4947 potuerit
3046 4892 3222 4949 neque
3267 4882 3321 4935 in
3352 4883 3512 4950 creto,
3547 4898 3640 4939 nc-

2070 4983 2174 5037 que
2210 4968 2460 5031 interra,
2489 4981 2661 5036 neque
2685 4981 2845 5037 super
2884 4976 3080 5023 terram
3125 4970 3336 5039 aperire
3386 4956 3533 5028 illum
3588 4984 3644 5028 ct

2070 5058 2267 5126 legere,
2290 5056 2393 5111 nisi
2411 5056 2558 5110 solus
2578 5056 2660 5110 leo
2681 5057 2746 5112 de
2765 5057 2904 5110 tribu
2919 5057 3241 5125 Juda,raJix
3269 5061 3437 5117 David
3457 5072 3512 5117 et
3526 5063 3642 5117 Jes—

2068 5165 2162 5214 sae,
2193 5165 2351 5220 quem
2376 5148 2612 5205 Joannes
2649 5150 2702 5204 in
2733 5151 3052 5223 Apocalypsi
3084 5155 3370 5213 devorasse
3394 5171 3454 5215 se
3480 5156 3639 5223 dixit,

2070 5253 2175 5292 non
2209 5247 2399 5303 totum,
2426 5239 2523 5293 sed
2552 5238 2606 5292 in
2635 5241 2892 5308 capitulo,
2920 5242 2971 5296 id
3007 5251 3109 5309 est,
3139 5245 3190 5299 in
3219 5244 3501 5316 principio.
3537 5244 3639 5301 Ne-

2069 5343 2175 5396 que
2219 5328 2364 5383 cnim
2393 5327 2511 5384 ﬁeri
2538 5337 2715 5400 potest
2766 5338 2824 5384 ut
2853 5330 3082 5386 humana
3113 5341 3304 5387 natura
3340 5341 3481 5387 totos
3515 5330 3639 5388 libri

2070 5422 2227 5492 hujus
2266 5424 2548 5478 thesauros
2572 5423 2826 5491 devoret.
2869 5424 2935 5479 Et
2964 5425 3219 5495 expandit
3254 5424 3401 5479 illum
3453 5438 3638 5481 coram

2070 5510 2352 5580 pr0phcta,
2387 5518 2442 5565 et
2476 5510 2759 5580 legendum
2805 5512 3337 5582 cognoscendumque
3389 5513 3638 5583 prmbuit,

2068 5597 2161 5666 qui
2196 5598 2251 5653 in
2290 5597 2426 5652 Isaia
2451 5598 2646 5667 populo
2675 5613 2779 5651 non
2808 5598 3048 5652 credenti
3075 5598 3274 5652 dicitur
3303 5612 3422 5653 esse
3459 5600 3641 5666 signa-

2069 5696 2175 5742 tus.
2205 5685 2383 5755 Usque
2403 5685 2560 5741 hodie
2575 5688 2718 5741 enim
2743 5680 2980 5742 velamen
3002 5685 3199 5741 Iudaeis
3219 5688 3274 5740 in
3296 5690 3464 5746 veteri
3492 5689 3637 5760 posi-
