3950 6184
1011 273 1070 332 Β.
1110 275 1362 332 ΒΑΒᾹΝ]
1400 270 1618 328 MAUIU
1653 269 1957 325 ARCHIEP.

2063 269 2314 326 OGUNT.
2354 265 2635 324 OPERUM
2670 262 2849 319 PARS
2886 261 2950 317 II.

3527 261 3626 316 5in

385 369 494 448 tum
531 401 612 448 est
642 398 985 448 testamento.
1017 387 1369 456 Scriptusque
1395 392 1511 438 erat
1543 392 1666 437 ante
1704 392 1760 436 et
1785 389 1946 435 retro.
1978 386 2024 444 Α
2056 380 2260 453 (Greg.)
2291 381 2516 437 Carmen
2568 377 2858 448 aliquando
2909 377 2962 429 in
3006 376 3171 441 Leno,
3223 374 3517 444 aliquando
3578 379 3630 430 in

386 486 459 539 De
490 483 684 538 futuris
713 491 767 538 et
804 481 870 535 de
899 477 1204 550 praeteritis,
1238 476 1321 531 vel
1350 483 1499 530 certe
1533 474 1663 528 foris
1703 475 1752 527 in
1785 473 1950 526 histo-

388 576 480 627 ria:
501 573 701 638 littera,
728 571 892 633 intus,
924 567 1273 637 intelligentia
1296 565 1543 636 spiritali.
1563 563 1765 636 (Ct-eg.)
1793 561 1955 616 Liber

390 672 564 716 autem
611 660 878 714 involutus
905 665 989 711 est
1015 655 1306 725 Scriptum:
1349 671 1516 710 sacra:
1557 654 1827 723 eloquium
1857 653 1956 706 ob—

389 767 626 809 scurum.
653 751 794 806 quod
820 747 1186 818 profunditate
1224 746 1613 800 sententiarum
1643 743 1953 808 involvitur,

389 852 448 896 ut
482 857 604 894 non.
633 845 787 892 '...cde
835 851 1027 891 sensus
1073 844 1406 906 penetretur.
1457 834 1561 889 Sed
1616 849 1798 888 coram
1833 847 1958 903 pro-

385 935 546 1004 pheta
595 930 732 984 liber
767 927 1106 997 expanditur,
1149 927 1273 994 quia
1310 941 1490 980 coram
1515 923 1960 994 prmdieatoribus

391 1018 530 1075 sacri
559 1016 758 1086 eloquii
793 1015 1096 1070 obscuritas
1128 1013 1384 1081 aperitur.
1418 1011 1718 1066 lnvolutum
1762 1012 1956 1066 librum

389 1121 580 1161 manus
623 1104 834 1159 Domini
867 1109 1204 1172 porrexerat,
1257 1114 1378 1152 cum
1423 1099 1679 1167 apostolis
1712 1099 1954 1152 dicebat:

394 1218 413 1248 ‹
454 1197 640 1252 Simile
674 1196 871 1250 factum
902 1202 984 1248 est
1039 1205 1262 1259 regnum
1305 1189 1564 1244 calorum
1625 1188 1823 1242 homini
1865 1188 1956 1256 qui

389 1289 676 1345 seminavit
717 1288 913 1341 bonum
946 1296 1128 1339 semen
1164 1281 1215 1334 in
1262 1295 1392 1351 agro
1429 1294 1545 1333 suo.
1602 1278 1732 1333 Cum
1779 1287 1956 1332 autem

389 1379 691 1435 dormirent
737 1375 1005 1438 homines,
1037 1373 1182 1427 venit
1229 1371 1480 1425 inimicus
1524 1361 1662 1440 eius,
1697 1378 1751 1422 et
1781 1384 1960 1438 super-

394 1469 678 1524 seminavit
724 1466 928 1521 zizania
975 1465 1026 1518 in
1077 1463 1256 1517 medio
1307 1461 1492 1525 tritici,
1543 1470 1597 1515 et
1626 1461 1775 1514 abiit.
1825 1459 1956 1513 Cum

391 1569 572 1615 autem
610 1559 866 1614 crevisset
890 1556 1082 1619 herba,
1105 1563 1158 1610 et
1184 1553 1413 1607 fructum
1447 1552 1682 1617 fecisset,
1709 1563 1834 1607 tunc
1865 1569 1960 1621 ap-

389 1657 686 1719 paruerunt
714 1656 768 1701 et
797 1646 1035 1711 zizania;
1065 1653 1117 1698 et
1141 1653 1336 1701 cretera
1373 1641 1586 1715 (Matth.
1619 1643 1764 1715 xm).
1802 1663 1819 1695 ι
1853 1643 1960 1698 Sed

2055 473 2194 527 malo
2221 475 2323 528 dict
2349 489 2450 527 non
2475 472 2693 525 dubium
2722 480 2824 525 est.
2845 469 2980 537 Quia
3011 479 3065 522 et
3093 469 3272 523 lzetum
3304 483 3549 534 carmen,
3580 477 3634 524 et

2052 561 2277 634 lugubre
2299 580 2517 618 carmen
2544 563 2723 616 dicere
2752 576 3053 630 possumus.
3082 559 3188 615 Sed
3214 575 3312 616 nos
3337 559 3634 630 Scriptura:

2054 667 2226 708 saera:
2242 669 2395 708 usum
2419 661 2726 723 sequentes,
2744 668 2862 721 qua:
2892 667 3029 722 pene
3057 667 3272 723 semper
3290 667 3513 706 carmen
3540 668 3634 722 po-

2060 742 2256 796 nereia
2283 742 2557 811 prosperis
2577 741 2733 796 solet.
2758 741 2872 796 Hoc
2907 741 2958 794 in
2988 740 3124 805 loco,
3154 755 3252 811 pro
3279 741 3421 795 bono
3448 741 3639 811 praedi-

2053 839 2202 885 ctum
2224 845 2443 885 carmen
2466 831 2792 900 accipimus:
2826 846 2950 886 nam
2981 845 3104 885 cum
3134 832 3476 902 omnipotens
3496 832 3638 887 Deus

2055 918 2309 987 populum
2324 932 2478 972 suum
2493 919 2558 972 dc
2575 919 2709 972 mari
2726 918 2908 972 Rubro
2921 917 3222 983 liberasset,
3241 921 3501 988 scriptum
3525 927 3635 974 est:

2062 1025 2081 1058 ι
2122 1007 2494 1078 Tunchloyses
2523 1016 2577 1062 et
2606 1009 2698 1061 filii
2736 1007 2901 1062 Israel
2943 1007 3254 1062 cecinerunt
3287 1023 3512 1062 carmen
3547 1007 3642 1062 Do-

2058 1097 2204 1152 mino
2219 1097 2416 1168 (Exod.
2435 1096 2543 1166 xv).
2567 1117 2586 1150 ι
2607 1097 2804 1151 Etcum
2823 1096 2989 1150 David
3007 1097 3290 1150 victoriam
3313 1097 3379 1150 dc
3395 1097 3640 1151 hostibus

2058 1185 2297 1250 fecisset,
2341 1187 2600 1255 scriptum
2626 1194 2746 1240 est:
2781 1205 2798 1236 ι
2829 1185 3064 1240 Locutus
3089 1194 3173 1240 est
3210 1185 3377 1239 David
3411 1185 3640 1239 Domino

2060 1279 2220 1331 verba
2248 1277 2504 1330 carminis
2527 1277 2684 1347 hujus
2713 1275 2796 1346 (II
2814 1276 2940 1346 Reg.
2973 1275 3131 1347 χιιι).
3170 1295 3184 1328 ι
3223 1276 3478 1331 Salomon
3510 1291 3642 1344 quo-

2061 1382 2164 1435 que
2193 1367 2304 1419 ait:
2341 1384 2359 1416 ι
2395 1366 2618 1420 Acetum
2675 1366 2728 1419 in
2756 1367 2920 1429 nitro,
2975 1374 3028 1420 et
3054 1366 3144 1434 qui
3191 1375 3373 1419 cantat
3398 1369 3640 1419 carmina

2062 1455 2225 1509 corde
2254 1455 2486 1524 pessimo
2513 1451 2694 1524 (Prov.
2727 1455 2875 1525 xxv).
2908 1473 2928 1506 ι
2960 1454 3187 1509 Acetum
3221 1456 3418 1524 quippe
3445 1455 3488 1508 si
3519 1455 3642 1508 mit-

2064 1555 2209 1600 tatur
2240 1547 2292 1600 in
2328 1547 2552 1611 nitrum,
2579 1545 2830 1601 fervescit
2854 1546 3053 1601 nitrum
3083 1548 3328 1617 protinus
3354 1557 3408 1602 et
3432 1546 3641 1602 ebullit.

2066 1635 2132 1689 Et
2155 1651 2409 1706 perversa
2440 1651 2593 1691 mens
2619 1639 2836 1706 quando
2871 1652 2970 1707 per
3009 1637 3434 1707 increpationem
3473 1637 3642 1692 corri-

390 1739 585 1794 librum
615 1753 772 1810 quem
813 1737 1107 1792 involutum
1143 1736 1474 1799 ostenderat,
1506 1736 1777 1805 expandit,
1841 1751 1960 1788 cum
1993 1725 2038 1784 Β
2068 1729 2229 1797 pitur.
2247 1742 2343 1796 per
2365 1728 2763 1798 pmdicalionis
2787 1727 3123 1782 dulcedinem
3153 1727 3292 1780 bona
3324 1727 3640 1790 Slladeﬂfur.

391 1831 493 1885 hoc
517 1829 657 1899 quod
681 1843 776 1898 per
803 1827 1086 1899 (enigmata
1109 1825 1442 1896 loquebatur,
1459 1825 1724 1894 exposuit,
1743 1824 1955 1879 dicens:

398 1939 416 1972 ι
443 1920 545 1987 Qui
571 1920 799 1974 seminat
826 1918 1022 1971 bonum
1047 1924 1350 1982 semen,est
1379 1915 1520 1970 filius
1549 1915 1802 1970 hominis.
1820 1914 1962 1983 Ager

395 2019 574 2065 autem
619 2017 703 2062 est
750 2007 996 2061 mundus.
1045 2006 1252 2061 Bonum
1291 2015 1472 2060 autem
1518 2020 1723 2070 semen,
1754 2005 1807 2058 hi
1837 2013 1962 2058 sunt

397 2099 492 2152 filii
530 2097 703 2166 regni,
745 2096 950 2150 zizania
981 2104 1158 2150 autem
1193 2095 1288 2148 filii
1338 2103 1464 2149 sunt
1497 2109 1746 2163 nequam.
1783 2093 1962 2146 Inimi-

394 2205 489 2243 cus
532 2199 730 2252 autem,
773 2188 862 2257 qui
906 2187 1192 2241 seminavit
1239 2202 1303 2240 ea
1347 2195 1431 2242 est
1475 2187 1737 2242 diabolus.
1776 2185 1963 2240 Messis

395 2293 523 2333 vero
552 2277 942 2331 consummatio
969 2275 1145 2330 saeculi
1174 2285 1272 2330 est.
1291 2275 1554 2330 Messores
1579 2284 1757 2330 autem
1788 2275 1961 2346 angeli

392 2381 536 2426 sunt.
569 2372 722 2425 Sicut
745 2384 872 2440 ergo
897 2368 1220 2439 colliguntur
1265 2369 1470 2424 zizania
1525 2377 1578 2424 et
1607 2369 1714 2440 igni
1743 2370 1963 2422 combu-

391 2471 606 2526 runtur,
635 2460 712 2516 sic
739 2461 841 2514 erit
871 2460 925 2512 in
951 2459 1418 2514 consummatione
1461 2457 1660 2514 saeculi.
1699 2475 1719 2508 ι
1753 2456 1963 2511 ιηνοιιι-

393 2561 480 2606 tus
527 2550 710 2620 itaque
757 2549 895 2604 liber
939 2548 1280 2617 expanditur,
1322 2549 1536 2618 quando
1564 2547 1666 2602 hoc
1693 2547 1833 2617 quod
1867 2547 1964 2601 ob-

391 2656 550 2696 scure
593 2639 860 2711 prolatum
908 2638 1106 2703 fuerat,
1137 2654 1232 2708 per
1273 2639 1609 2694 latitudinem
1658 2639 1962 2694 intellectus

393 2731 650 2799 aperitur.
695 2727 847 2783 Hunc
889 2728 1187 2783 involutum
1231 2728 1426 2782 librum
1453 2728 1665 2784 Veritas
1709 2729 1965 2798 expandit

387 2820 606 2890 quando
631 2819 684 2872 in
711 2817 984 2887 discipulis
1011 2819 1118 2888 egit
1144 2818 1286 2888 quod
1325 2819 1582 2887 scriptum
1609 2828 1690 2872 est
1718 2836 1730 2871 :
1763 2837 1781 2868 ι
1813 2819 1962 2874 Tunc

393 2911 604 2980 aperuit
647 2909 752 2963 illis
799 2924 1019 2964 sensum
1064 2920 1123 2962 ut
1169 2907 1532 2977 intelligerent
1570 2909 1897 2978 Scripturas.
1935 2929 1954 2961 ι

395 3003 468 3056 De
506 3015 612 3068 quo
655 2999 829 3053 adhuc
876 2998 1015 3052 libro
1058 2998 1338 3052 subditur:
1381 3015 1398 3048 ι
1437 2998 1538 3065 Qui
1580 3008 1698 3052 erat
1728 3000 1959 3069 scriptus

2065 1818 2129 1870 de
2158 1817 2496 1887 correptione
2523 1817 2580 1871 fit
2604 1818 2857 1884 deterior,
2885 1827 2940 1874 et
2969 1819 3091 1874 inde
3117 1819 3171 1872 in
3198 1819 3644 1874 murmurationis

2064 1907 2348 1978 iniquitate
2398 1909 2768 1976 succenditur,
2815 1910 2958 1964 unde
3006 1904 3192 1966 deb'uit
3239 1910 3308 1964 ab
3359 1910 3644 1980 iniquitate

2064 1997 2354 2065 compesci.
2397 1995 2486 2051 γω
2515 2006 2692 2052 autem
2735 1999 2786 2052 in
2817 1999 3096 2068 Scriptura
3129 2008 3319 2054 sancta
3349 2000 3546 2069 sapius
3579 2001 3644 2054 de

2063 2094 2266 2139 :eterno
2319 2085 2465 2141 luctu
2495 2103 2657 2156 quam
2695 2089 2945 2156 praesenti
3002 2088 3138 2142 solet
3196 2088 3438 2158 intelligi.
3493 2089 3646 2144 Unde

2064 2177 2320 2247 scriptum
2353 2188 2436 2233 est
2469 2197 2482 2233 :
2520 2197 2538 2229 ι
2574 2178 2664 2234 Vae
2697 2181 2859 2249 impio
2891 2181 2940 2234 in
2971 2181 3193 2245 malum,
3223 2181 3504 2236 retributio
3533 2199 3646 2235 ma.

2067 2284 2229 2322 nuum
2260 2270 2376 2340 ejus
2406 2270 2497 2325 fiet
2533 2273 2581 2326 ei
2610 2271 2742 2340 (13a.
2778 2272 2881 2344 ιιι).
2916 2292 2932 2324 ι
2972 2273 3034 2326 Et
3062 2272 3258 2327 beatus
3277 2273 3378 2329 Joh
3407 2273 3646 2344 loquitur

2065 2359 2250 2414 dicens
2285 2376 2299 2414 :
2339 2381 2356 2414 ι
2397 2361 2452 2417 Si
2486 2362 2682 2432 impius
2740 2363 2910 2428 fuero,
2943 2379 3020 2417 vze
3049 2364 3179 2417 mihi
3211 2374 3326 2429 est;
3365 2365 3408 2418 si
3461 2375 3644 2418 autem

2059 2457 2260 2527 justus,
2309 2469 2416 2510 non
2469 2454 2658 2508 levabo
2690 2463 2872 2524 caput,
2918 2464 3193 2508 saturatos
3246 2453 3536 2508 afflictione
3592 2461 3646 2507 et

2065 2547 2283 2602 miseria
2316 2543 2457 2616 (Job.
2509 2543 2585 2612 x).
2637 2563 2655 2596 ›
2711 2541 2986 2597 Justorum
3034 2543 3177 2596 enim
3240 2541 3458 2597 afflictio
3505 2551 3644 2596 tem-

2065 2637 2285 2708 poralis.
2341 2635 2430 2689 γω
2485 2649 2612 2704 ergo
2673 2635 2816 2704 quod
2883 2634 3018 2688 dixit
3082 2649 3112 2687 a
3176 2635 3455 2703 temporali
3517 2633 3648 2687 allii-

2066 2731 2243 2785 ctione
2292 2727 2561 2791 distinxit,
2593 2728 2682 2796 qui
2715 2737 2771 2782 et
2803 2727 3008 2798 justum
3057 2725 3422 2792 afﬂictionem,
3453 2736 3507 2781 et
3540 2727 3645 2780 im-

2067 2819 2211 2888 pium
2240 2834 2317 2872 vae
2348 2816 2544 2872 habere
2589 2818 2885 2886 perhibuit,
2917 2832 3014 2887 per
3052 2818 3397 2885 scmetipsam
3428 2831 3644 2886 quoque

2067 2909 2280 2964 Veritas
2334 2907 2464 2961 dicit
2496 2923 2511 2962 :
2542 2925 2560 2958 ‹
2597 2905 2688 2960 Va:
2729 2910 2927 2963 mundo
2977 2910 3043 2960 ab
3097 2907 3367 2962 scandalis
3422 2906 3639 2977 (Matth.

2067 2998 2242 3070 xvm).
2280 3017 2299 3052 ι
2333 2998 2398 3053 Et
2426 3016 2439 3052 :
2470 3015 2489 3049 ι
2519 2995 2611 3053 Vae
2639 2998 2789 3052 vobis
2811 3000 2900 3067 qui
2930 2999 3138 3064 ridetis,
3171 3000 3420 3067 quoniam
3449 2998 3644 3053 flebitis

390 3093 537 3145 intus
566 3099 620 3144 et
644 3088 793 3143 foris.
831 3107 849 3141 ι
882 3085 1041 3142 Liber
1067 3087 1210 3143 enim
1240 3087 1380 3142 sacri
1409 3088 1606 3157 eloquii
1658 3088 1802 3143 intus
1827 3089 1960 3143 scri-
1987 3069 2032 3132 C
2067 3069 2218 3159 (Luc.
2239 3087 2336 3160 vr).
2369 3107 2388 3141 ι
2421 3088 2516 3143 Et:
2539 3107 2557 3140 ι
2581 3088 2671 3143 Vm
2699 3090 3099 3159 praegnantibus
3126 3099 3180 3143 et
3209 3089 3571 3144 nutrientibus
3589 3089 3643 3143 in

389 3189 515 3250 plus
551 3189 637 3234 est
673 3194 770 3249 per
809 3177 1311 3250 allegoriam,foris,
1344 3193 1440 3250 per
1467 3180 1766 3234 historiam.
1811 3180 1960 3236 Intus

391 3285 489 3342 per
517 3269 815 3340 spiritalem
851 3269 1199 3335 intellectum,
1239 3269 1368 3324 foris
1399 3277 1579 3324 autem
1615 3285 1712 3342 per
1741 3287 1957 3326 sensum

391 3359 584 3414 litterae
647 3359 970 3430 simplicem,
1010 3359 1182 3413 adhuc
1231 3359 1627 3416 infirmantibus
1661 3376 1960 3434 congruen-

393 3462 519 3504 tem.
552 3448 700 3504 lntus
731 3451 854 3519 quia
888 3449 1173 3504 invisibilia
1201 3451 1489 3519 promittit,
1517 3449 1648 3506 foris
1676 3453 1802 3522 quia
1835 3453 1960 3507 visi-

395 3540 519 3594 bilia
550 3548 939 3610 praeceptorum
974 3555 1191 3594 suorum
1245 3541 1564 3596 rectitudine
1593 3542 1846 3614 disponit.
1882 3543 1960 3597 ln-

391 3642 479 3685 tus
511 3632 634 3700 quia
673 3631 910 3686 ctelestia
951 3631 1250 3701 pollicetur,
1291 3631 1420 3687 foris
1451 3641 1654 3698 autem,
1685 3635 1808 3702 quia
1852 3643 1960 3689 ter-

392 3739 524 3780 rena
575 3724 1021 3794 contemptibilia,
1078 3725 1310 3794 qualiter
1358 3726 1484 3792 sint,
1530 3725 1610 3779 vel
1662 3726 1713 3780 in
1744 3742 1841 3781 usu
1871 3728 1960 3782 ha-

392 3813 585 3879 benda,
609 3814 691 3870 vel
715 3829 780 3869 ex
803 3815 1069 3870 desiderio
1093 3814 1362 3886 fugienda,
1383 3816 1642 3886 praecipit.
1671 3815 1954 3886 Sequitur:

466 3925 484 3957 ‹
519 3905 586 3958 Et
618 3905 833 3974 scriptae
865 3914 1020 3958 crant
1061 3905 1113 3958 in
1145 3921 1212 3960 eo
1259 3905 1691 3972 lamentationes,
1738 3923 1958 3963 carmen

397 4015 414 4046 ι
454 4005 510 4050 et
536 4010 634 4048 vae.
669 4014 688 4046 υ
721 3993 902 4066 (llam)
933 3993 1228 4062 Scriptura:
1257 4011 1470 4065 quoque
1501 4012 1668 4050 sacrm
1699 3997 1961 4054 lamenta-

391 4087 586 4151 tiones,
622 4100 841 4140 carmen
886 4095 940 4138 ct
984 4099 1063 4137 vte
1115 4085 1409 4139 continent.
1459 4086 1593 4152 Quia
1640 4088 1717 4142 sic
1759 4088 1826 4143 de
1866 4105 1960 4159 spe

389 4178 643 4250 gaudium
670 4177 987 4248 praedicant,
1020 4185 1080 4228 ut
1110 4175 1161 4230 in
1191 4177 1443 4244 prmsenti
1472 4185 1649 4232 tamen
1678 4193 1959 4247 pressurus

388 4279 550 4342 atque
579 4269 853 4340 angustias
903 4268 1158 4322 indicent.
1189 4267 1322 4334 Quia
1354 4268 1399 4322 si
1437 4276 1491 4322 et
1526 4268 1633 4324 illic
1659 4271 1834 4324 dulcia
1871 4287 1962 4340 ap-

386 4362 638 4432 petimus,
688 4359 836 4430 prius
888 4372 1109 4413 necesse
1169 4365 1252 4411 est
1301 4369 1358 4412 ut
1408 4373 1591 4412 amara
1646 4358 1953 4414 toleremus.

385 4454 614 4509 Carmen
641 4459 696 4505 et
718 4466 795 4504 va:
822 4449 1094 4519 discipulis
1120 4448 1446 4519 praedicabat
1465 4440 1723 4504 Dominus
1744 4450 1956 4518 quando

385 4542 640 4598 dicebat:
679 4559 697 4591 ι
737 4540 862 4596 Haec
891 4539 1101 4595 locutus
1135 4555 1254 4594 sum
1284 4540 1436 4596 vobis
1469 4548 1529 4593 ut
1567 4539 1620 4594 in
1656 4554 1742 4593 me
1769 4556 1955 4610 pacem

386 4639 650 4700 habeatis,
673 4636 724 4688 in
749 4635 944 4689 mundo
965 4649 1268 4704 prcssuram
1293 4634 1557 4688 habebitis
1580 4632 1758 4704 (Joan.
1779 4636 1905 4703 xvi).
1932 4653 1950 4684 ι

384 4726 463 4782 Ac
519 4726 562 4781 si
616 4732 801 4795 aperte
851 4725 1054 4779 diceret
1092 4742 1104 4776 :
1151 4724 1234 4779 Sit
1271 4725 1426 4780 vobis
1464 4723 1533 4779 de
1571 4739 1659 4779 me
1705 4724 1952 4788 interius,

385 4819 528 4887 quod
565 4815 893 4872 consulando
922 4815 1150 4878 reficiat,
1177 4816 1303 4885 quia
1329 4816 1435 4871 erit
1468 4817 1533 4871 de
1573 4817 1772 4872 mundo
1806 4825 1955 4872 exte-

387 4911 523 4974 rlus,
551 4909 694 4980 quod
732 4908 1000 4964 saaviendo
1025 4908 1262 4976 graviter
1298 4915 1527 4976 premat.
1556 4905 1728 4960 Aliter
1753 4906 1958 4960 lamen-

387 5005 617 5058 tationes
665 5002 730 5057 de
776 4999 860 5053 bis
921 4997 1012 5066 qui
1071 4996 1136 5050 ad
1181 4997 1548 5065 penitentiam
1598 5005 1961 5066 provocantur

387 5093 663 5148 continent
737 5089 876 5144 u'icut
905 5085 1120 5140 Samuel
1173 5094 1227 5139 ct
1271 5087 1545 5155 apostolus
1574 5085 1773 5140 Paulus
1811 5086 1958 5156 plan-

385 5182 588 5254 gebant
614 5186 774 5247 atque
803 5175 1056 5245 lugebant
1087 5173 1212 5228 Saul
1247 5186 1302 5229 et
1321 5173 1653 5238 Corinthios,
1688 5191 1822 5243 quos
1850 5175 1956 5228 sal-

385 5289 512 5329 vare
557 5269 863 5339 cupiebant.
907 5267 1140 5322 Carmen
1187 5281 1350 5336 super
1393 5267 1499 5332 his,
1534 5267 1625 5336 qui
1671 5267 1764 5320 Dei
1811 5267 1953 5334 digni

385 5369 511 5419 sunt
569 5357 913 5421 testimonio,
967 5363 1023 5411 et
1079 5356 1273 5424 quibus
1325 5355 1608 5411 Psalmista
1663 5357 1953 5428 praecepit:

392 5473 410 5504 ι
445 5452 675 5508 Cantale
701 5449 929 5506 Domino
979 5447 1248 5502 canticum
1301 5462 1495 5501 novum
1548 5445 1718 5518 (Psal.
1753 5448 1893 5518 xcv).
1933 5468 1950 5495 ι

389 5544 552 5601 Porro
597 5559 677 5598 va:
736 5555 898 5613 super
947 5541 1052 5595 illis
1090 5540 1178 5609 qui
1231 5539 1447 5610 penitus
1496 5539 1872 5608 desperamur,
1905 5550 1958 5595 et

382 5645 506 5688 eum
525 5633 768 5688 venerint
788 5633 844 5689 in
872 5629 1193 5701 profundum
1218 5638 1561 5700 peccatorum
1579 5637 1948 5684 contemnunt.

1987 4410 2034 4468 D

2062 3181 2168 3235 illis
2197 3181 2386 3235 diebus
2413 3180 2564 3252 (Luc.
2599 3181 2733 3247 xm).
2773 3201 2792 3234 ι
2836 3181 3174 3236 Pensandum
3197 3199 3326 3254 ergo
3357 3185 3510 3238 nobis
3537 3192 3640 3246 est,

2059 3270 2326 3340 quomodo
2349 3271 2463 3326 lucc
2485 3271 2585 3324 tria
2642 3271 2692 3324 in
2743 3287 2899 3326 sacro
2934 3272 3203 3327 volumine
3249 3275 3450 3343 scripta
3499 3276 3640 3328 sint:

2064 3382 2081 3414 ι
2118 3363 2575 3427 Lamentationes,
2607 3378 2845 3429 carmen,
2864 3376 2918 3418 et
2944 3380 3040 3420 vte.
3067 3385 3083 3415 ι
3105 3365 3538 3420 Lamentationes
3568 3367 3641 3420 vi-

2058 3454 2412 3523 delicet,quia
2434 3453 2486 3508 in
2515 3469 2578 3508 eo
2601 3455 2798 3524 scripta
2822 3463 2905 3510 est
2929 3455 3242 3526 poenitentia
3266 3468 3638 3527 peccatorum;

2059 3561 2278 3600 carmen
2298 3561 2448 3610 vero,
2463 3546 2586 3615 quia
2612 3546 2680 3600 ibi
2704 3549 3117 3616 pronuntiantur
3134 3550 3321 3620 gaudia
3336 3547 3634 3617 justorum;

2060 3649 2138 3689 va:
2159 3643 2358 3698 autem,
2388 3635 2510 3704 quia
2539 3634 2645 3689 illic
2695 3651 2946 3705 expressa
2983 3647 3065 3692 est
3091 3640 3362 3693 damnatio
3388 3641 3640 3708 reprobo-

2059 3742 2198 3781 rum.
2218 3727 2669 3798 Utergoqieceata
2683 3731 2892 3798 punias,
2906 3729 3021 3801 lege
3047 3746 3166 3800 quae
3188 3731 3238 3784 in
3259 3732 3358 3786 hoc
3375 3732 3640 3786 volumine

2060 3818 2259 3887 scripta
2291 3827 2416 3872 sunt
2467 3818 2720 3882 lamenta,
2762 3838 2779 3870 ‹
2810 3819 3050 3874 Scindite
3070 3821 3231 3874 corda
3253 3831 3430 3886 vestra
3457 3829 3511 3873 et
3535 3837 3638 3873 non

2059 3908 2380 3964 vestimenta
2396 3917 2572 3962 vestra
2589 3907 2748 3979 (Joel.
2767 3911 2848 3978 ιι).
2874 3928 2890 3961 ι
2914 3910 2978 3963 Et
3000 3926 3244 3966 rursuszc
3268 3910 3444 3964 Miseri
3471 3919 3638 3965 estote

2061 3998 2326 4069 etlugete.
2341 3996 2502 4052 Risus
2527 4008 2708 4052 vester
2729 3999 2782 4052 in
2812 3999 3011 4054 luctum
3037 4009 3368 4065 vertatur,et
3389 4001 3635 4070 gaudium

2063 4089 2117 4142 in
2143 4101 2430 4142 mmrorem
2464 4086 2672 4159 (Iacob.
2699 4088 2792 4160 Iv).
2825 4108 2842 4142 ι
2882 4088 2953 4144 Ut
2982 4100 3160 4142 autem
3192 4090 3257 4144 de
3287 4090 3637 4158 promissione

2063 4179 2244 4249 gaudii
2291 4180 2570 4248 sequentis
2598 4179 2915 4242 hilarescas,
2941 4195 3162 4234 causam
3201 4196 3488 4250 cognosce,
3517 4181 3636 4250 quia

2064 4273 2116 4325 in
2145 4271 2246 4325 hoc
2265 4269 2538 4324 volumine
2567 4270 2766 4338 scripta
2791 4277 2915 4323 sunt
2942 4270 3182 4324 carmina
3208 4270 3380 4324 laudis
3405 4280 3634 4324 aeternae.

2071 4383 2088 4413 ι
2125 4362 2277 4416 Beati
2298 4362 2389 4431 qui
2419 4361 2661 4415 habitant
2694 4361 2746 4414 in
2773 4361 2935 4416 domo
2959 4371 3068 4425 tua,
3090 4363 3335 4426 Domine,
3367 4363 3419 4414 in
3446 4361 3634 4415 saecula

2063 4450 2384 4505 saaculorum
2431 4449 2723 4504 laudabunt
2755 4459 2804 4505 te
2837 4451 3009 4523 (Psal.
3047 4451 3296 4520 Lxmu).
3334 4471 3352 4504 ι
3393 4451 3456 4505 Et
3505 4452 3637 4505 sicut

2065 4557 2160 4612 per
2199 4541 2484 4613 quemdam
2531 4541 2828 4611 sapientem
2856 4545 2922 4596 de
2947 4541 3152 4596 caelesti
3182 4541 3482 4596 Jerusalem
3511 4543 3638 4596 dici-

2071 4654 2088 4682 ι
2121 4642 2206 4687 tur
2229 4650 2241 4686 :
2263 4632 2330 4687 Et
2352 4632 2525 4702 lapide
2548 4633 2783 4701 pretioso
2803 4642 2857 4687 et
2880 4633 3078 4688 mundo
3099 4649 3287 4688 omnes
3311 4633 3500 4702 platea:
3527 4633 3636 4702 ejus

2065 4732 2396 4787 sternentur,
2423 4732 2479 4777 et
2503 4737 2598 4792 per
2641 4737 2831 4777 omnes
2880 4724 3027 4778 vicos
3074 4723 3289 4778 alleluia
3333 4725 3637 4778 cantabitur

2064 4813 2217 4884 (Tob.
2255 4813 2398 4883 xm).
2445 4831 2465 4864 ι
2534 4812 2646 4867 Hoc
2695 4813 2850 4868 nobis
2898 4829 3117 4868 carmen
3169 4814 3408 4869 ecelestis
3453 4814 3634 4884 patria:

2063 4904 2310 4958 nuntiare
2337 4903 2482 4956 cives
2507 4901 2624 4969 ejus
2649 4911 2928 4967 venerant,
2957 4904 3046 4972 qui
3071 4905 3416 4958 concorditer
3441 4905 3637 4958 clama-

2065 4997 2192 5048 bant
2219 5011 2232 5048 :
2264 5012 2282 5044 ι
2314 4993 2494 5047 Gloria
2527 4994 2580 5047 in
2611 4993 2839 5048 excelsis
2869 4996 3000 5058 Deo,
3028 5005 3084 5049 et
3127 4996 3179 5049 in
3214 5005 3357 5049 terra
3406 5011 3509 5065 pax
3541 4997 3634 5050 ho-

2065 5087 2298 5139 minibus
2326 5083 2477 5139 bona:
2508 5083 2800 5138 voluntatis
2832 5085 2982 5156 (an.
3018 5085 3100 5155 ιι).
3142 5104 3160 5136 ι
3219 5083 3328 5140 Sed
3378 5087 3422 5140 si
3468 5085 3633 5140 adhuc

2065 5178 2313 5247 przesenti
2365 5179 2562 5233 sareulo
2592 5189 2771 5234 mente
2820 5181 3073 5245 inhaeres,
3115 5181 3156 5235 si
3205 5181 3384 5235 adhuc
3415 5181 3634 5235 terrenis

2064 5267 2430 5322 voluntatibus
2478 5269 2784 5332 delectaris,
2843 5284 3026 5323 amare
3086 5285 3188 5324 non
3248 5280 3400 5338 potes
3449 5269 3631 5341 gaudia

2063 5368 2284 5421 teterna,
2318 5374 2437 5429 quae
2466 5360 2637 5415 audis.
2691 5360 2965 5430 Cognosce
2994 5375 3122 5429 ergo
3152 5361 3204 5416 in
3237 5363 3338 5415 hoc
3370 5361 3632 5415 volumine

2064 5468 2137 5505 m-
2166 5451 2308 5521 quod
2340 5453 2392 5506 in
2421 5467 2486 5506 eo
2517 5454 2775 5522 scriptum
2805 5461 2906 5514 est,
2935 5464 3094 5524 atque
3134 5454 3202 5507 ab
3233 5455 3414 5508 animo
3443 5468 3537 5524 per
3566 5457 3628 5504 ti-

2063 5559 2266 5597 morem
2315 5543 2522 5612 expelle
2573 5543 2714 5611 quod
2770 5542 2970 5611 diligis,
3019 5553 3075 5596 ut
3120 5543 3294 5614 possis
3339 5558 3404 5596 ex
3437 5539 3630 5611 judicio

2064 5650 2278 5687 carmen
2309 5649 2490 5686 amare
2518 5634 2657 5701 quod
2695 5633 2840 5700 legis.
