3950 6184
326 332 421 390 εει

326 531 552 588 Cibatur
571 533 1130 604 prophelq‘eolumine,
1153 533 1380 604 mittitur
1401 532 1471 586 ad
1491 532 1626 601 ﬁlios
1651 532 1900 584 transmi-

482 601 761 674 grationis.
806 601 945 657 Vidit
967 604 1186 674 gloriam
1210 602 1304 656 Dei
1334 603 1387 655 in
1409 617 1613 669 campo,
1637 608 1745 656 etc.

404 734 425 766 σ
452 713 523 770 Et
546 714 686 771 dixit
722 715 791 770 ad
820 714 1054 769 mezFili
1085 714 1338 775 hominis,
1370 714 1726 784 quodcunque
1756 714 1907 766 inve-

330 822 350 854 c
388 802 538 858 neris
571 803 816 859 comede.
855 823 876 857 ι
916 800 1118 876 (Grcg.)
1153 802 1423 872 Quidquid
1472 802 1618 856 enim
1653 801 1706 855 in
1746 816 1904 856 sacra

326 891 611 962 Scriptum
645 894 921 948 invenitur
946 894 1210 950 edendum
1239 900 1342 954 est,
1370 892 1496 961 quia
1520 900 1576 946 et
1599 889 1715 959 ejus
1738 906 1905 961 parva

324 980 625 1051 simplicem
649 991 979 1052 componunt
1008 982 1191 1048 vitam,
1216 989 1272 1036 et
1290 979 1406 1049 ejus
1437 994 1628 1051 magna
1652 980 1902 1034 subtilem

326 1070 603 1126 aediﬁcant
637 1072 1070 1141 intelligentiam.

405 1180 424 1212 ι
477 1161 714 1217 Cutuede
756 1161 1001 1217 volumen
1054 1162 1197 1217 istud
1239 1170 1293 1217 et
1320 1161 1473 1224 vade,
1527 1160 1745 1229 loquere
1781 1158 1906 1214 [illis

330 1272 350 1304 ε
385 1251 571 1307 Israel.
603 1271 621 1304 ι
644 1251 868 1322 (Hieron
894 1250 912 1323 )
943 1249 1054 1305 Nisi
1086 1261 1210 1305 ante
1240 1248 1636 1305 comederimus
1659 1257 1904 1319 apertum

325 1342 603 1408 volumen,
635 1343 831 1397 docere
865 1357 971 1397 non
1008 1355 1293 1411 possumus
1336 1338 1476 1394 ﬁlios
1517 1337 1699 1392 lsrael.
1749 1337 1906 1391 Deni-

325 1449 436 1505 que
481 1442 538 1488 et
564 1432 732 1488 David
774 1441 1057 1503 postquam
1110 1430 1223 1503 ipse
1263 1428 1685 1485 misericordiam
1717 1443 1909 1483 conse-

324 1534 489 1579 cutus
512 1531 596 1578 est
622 1540 636 1577 :
667 1541 686 1574 ι
716 1522 952 1587 Docebo,
989 1521 1182 1592 inquit,
1235 1520 1448 1591 iniquos
1499 1520 1613 1574 vias
1667 1528 1806 1582 tuas,
1852 1527 1908 1573 ct

324 1614 482 1684 impii
516 1612 581 1668 ad
614 1621 666 1668 te
694 1619 1076 1667 convertentur
1104 1608 1277 1684 (Psal.
1310 1613 1384 1681 ι.).
1421 1630 1440 1663 ι

404 1725 423 1757 ι
476 1704 544 1758 Et
584 1703 770 1774 aperui
817 1718 879 1758 os
926 1718 1126 1767 meum,
1174 1709 1229 1757 et
1271 1700 1470 1755 cihavit
1507 1715 1593 1755 me
1635 1700 1905 1756 volumine

1234 331 1583 390 COMMENT.
1620 331 1689 386 1N
1728 328 2187 385 EZECIHELEM.
2214 357 2294 395 ,--
2331 329 2456 383 Lm.
2497 328 2580 387 Ill.

1886 478 1889 487 ι
1933 441 1981 500 Α
2008 435 2413 509 intelligentiam
2441 438 2582 494 sacri
2615 438 2760 493 verbi
2785 451 3171 510 praeparamus.
3220 437 3409 506 itaque
3437 446 3495 491 ut
3520 443 3585 492 ad

3480 326 3626 383 5C3.

2006 544 2194 585 vocem
2244 530 2457 584 Domini
2502 530 2762 601 propheta
2799 545 2861 585 os
2898 530 3155 601 aperuit,
3196 528 3268 584 ita
3313 527 3381 582 ad
3418 528 3585 598 spira—

2011 634 2131 673 men
2164 618 2425 675 Douiinici
2451 623 2705 691 praecepti
2742 622 2920 677 cordis
2967 622 3136 676 nostri
3194 620 3464 677 desideria
3509 620 3587 674 in-

2007 710 2161 765 biant
2186 719 2244 765 ut
2264 711 2329 765 de
2360 712 2480 766 cibo
2502 712 2626 767 vitae
2649 712 2847 782 aliquid
2872 719 3106 768 sumant.
3150 709 3253 766 Sed
3281 722 3456 771 tamen
3487 712 3589 765 hoc

2006 796 2183 868 ipsum
2207 814 2422 853 sumere
2449 810 2755 854 nostrarum
2784 801 2976 855 virium
3025 816 3130 855 non
3171 809 3273 864 est,
3323 800 3427 855 nisi
3477 800 3593 868 ipse

2005 887 2289 955 cibaverit,
2316 888 2409 959 qui
2439 896 2498 943 ut
2523 892 2839 945 comedatur
2858 890 3040 961 jussit.
3089 890 3179 944 llle
3208 891 3408 945 etenim
3436 891 3587 944 ciba-

2005 986 2115 1043 tur,
2146 979 2239 1050 qui
2265 995 2364 1050 per
2389 995 2447 1035 se
2469 980 2631 1035 edere
2653 995 2759 1035 non
2785 989 2983 1050 potest.
3011 982 3077 1035 Et
3095 983 3218 1052 quia
3242 981 3308 1036 ad
3330 981 3589 1049 capienz’a

2014 1070 2172 1124 verba
2202 1068 2442 1126 coelestia
2469 1052 2873 1125 idoncaTtostra
2902 1070 3188 1127 inﬁrmitas
3216 1087 3319 1126 non
3346 1080 3449 1136 est,
3479 1071 3591 1141 ipsi:

2004 1176 2105 1216 nos
2118 1161 2282 1227 cibat,
2306 1162 2396 1232 qui
2420 1161 2574 1217 nobis
2601 1162 2655 1216 in
2680 1171 2917 1232 tempore
2936 1178 3240 1218 mensuram
3264 1162 3426 1218 tritici
3458 1170 3590 1217 tem-

2003 1260 2183 1322 perat,
2216 1261 2481 1322 quatenus
2511 1252 2562 1306 in
2599 1268 2756 1306 sacro
2786 1251 2952 1307 verbo
2985 1252 3110 1307 dum
3146 1252 3305 1307 hodie
3332 1252 3589 1323 intelligi-

2004 1355 2145 1402 mus,
2190 1341 2331 1411 quod
2361 1342 2616 1396 hesterno
2661 1343 2746 1397 die
2787 1342 3179 1409 nesciebamus,
3221 1358 3343 1421 cras
3377 1359 3591 1414 quoque

2005 1431 2542 1499 comprehendamus.
2555 1433 2696 1502 quod
2712 1433 2867 1487 holie
2881 1434 3165 1497 nescimus,
3182 1450 3278 1504 per
3288 1435 3479 1489 divinae
3492 1434 3592 1489 dis-

2003 1520 2333 1587 pensationis
2362 1523 2589 1589 gratiam
2628 1521 2938 1590 qnotidiano
2979 1522 3234 1578 alimento
3267 1523 3588 1578 nutriaumr.

2006 1607 2358 1677 Omnipotens
2408 1610 2551 1663 enim
2606 1609 2768 1674 Deus,
2807 1612 2960 1681 quasi
3003 1612 3163 1668 toties
3202 1612 3271 1668 ad
3307 1627 3369 1668 os
3415 1615 3594 1669 cordis
3668 1612 3673 1617 ’

2007 1698 2179 1753 nostri
2236 1714 2453 1752 manum
2504 1700 2764 1769 porrigit,
2814 1701 3021 1770 quoties
3067 1703 3223 1757 nobis
3261 1702 3591 1758 intellectum

327 1813 347 1845 ι
395 1792 508 1848 illo.
540 1809 561 1844 ι
592 1792 727 1863 Ego,
759 1791 950 1861 inquit,
982 1791 1166 1860 aperui
1191 1805 1252 1845 os
1280 1804 1478 1853 meum,
1510 1789 1633 1858 quia
1662 1790 1791 1843 mihi
1824 1791 1907 1844 di-
1941 1791 1986 1849 Β
2013 1790 2209 1859 aperit,
2254 1800 2309 1844 et
2355 1792 2533 1845 cibum
2580 1792 2720 1846 sacri
2761 1790 2958 1861 eloquii
3002 1792 3056 1846 in
3094 1793 3296 1849 nostris
3346 1795 3593 1849 sensibus

323 1894 475 1939 ctum
505 1892 627 1940 est:
660 1902 679 1935 ι
712 1884 868 1955 Aperi
895 1898 956 1937 os
993 1890 1160 1944 tuum,
1199 1889 1253 1937 et
1287 1881 1526 1936 comede.
1568 1899 1587 1933 ι
1627 1880 1695 1934 Et
1721 1890 1908 1951 aperto

322 1993 446 2039 ore,
471 1975 732 2031 Dominus
761 1974 988 2045 largitus
1014 1982 1100 2028 est
1126 1972 1298 2028 cibos.
1336 1971 1407 2029 Ut
1437 1972 1587 2025 initia
1616 1971 1909 2026 voluntatis

325 2068 383 2122 in
405 2066 562 2121 nobis
583 2065 711 2128 sint,
748 2072 803 2119 et
832 2064 1216 2135 perfectionem
1240 2062 1590 2117 beatitudinis
1622 2078 1651 2116 a
1683 2063 1908 2117 Domino

324 2173 751 2229 consequamur,
777 2157 871 2211 sed
900 2156 1131 2211 volentis
1163 2168 1338 2224 neque
1367 2154 1658 2218 currentis,
1687 2154 1779 2207 sed
1811 2154 1911 2207 mi-

326 2248 565 2305 sereutis
589 2248 705 2303 Dei.
733 2247 985 2301 Attamen
1017 2253 1072 2300 et
1098 2244 1234 2300 velle
1269 2252 1321 2299 et
1349 2259 1589 2306 currere,
1621 2244 1788 2298 nostri
1824 2260 1911 2297 ar-

324 2342 480 2398 bitrii
514 2349 618 2396 est.
652 2339 757 2394 Pro
790 2358 809 2391 ι
843 2338 1030 2407 aperui
1080 2356 1099 2390 ι
1133 2335 1485 2406 Septuaginta
1518 2334 1910 2390 transtulerunt

328 2451 350 2484 ι
386 2431 617 2503 aperuit,
653 2448 671 2481 ι
720 2437 779 2483 ιιι
807 2427 1162 2483 subaudiatur
1188 2426 1353 2490 Deus,
1385 2425 1512 2494 quia
1546 2424 1660 2494 ipse
1695 2430 1751 2477 et
1779 2438 1908 2493 ape-

324 2524 440 2577 ruit
474 2538 535 2577 os
564 2520 855 2592 prophetze,
891 2525 945 2574 et
976 2517 1176 2573 cibavit
1203 2531 1346 2573 eum.
1390 2512 1592 2588 (Greg.)
1631 2513 1907 2583 Scriptura

325 2628 486 2668 sacra
533 2612 689 2668 cibus
731 2618 917 2665 noster
961 2616 1017 2663 et
1063 2615 1222 2679 potus
1269 2614 1372 2661 est.
1426 2604 1580 2660 Unde
1624 2604 1785 2659 etiam
1813 2619 1911 2674 per

324 2704 646 2777 prophetam
694 2702 855 2758 alium
891 2700 1147 2756 Dominus
1195 2700 1451 2763 minatur,
1479 2696 1705 2753 dicens:
1737 2716 1756 2749 ‹
1789 2697 1910 2752 Mit-

327 2806 440 2851 tam
492 2794 689 2850 l‘amem
723 2793 776 2848 in
806 2802 1026 2857 terram,
1054 2806 1161 2847 non
1199 2789 1393 2844 famem
1424 2790 1601 2861 panis,
1638 2803 1813 2859 neque
1838 2789 1911 2845 si-

325 2890 425 2944 tim
458 2902 634 2958 aqnae,
664 2884 758 2940 sed
789 2884 1037 2940 audiendi
1082 2884 1305 2939 verbum
1334 2880 1426 2936 Dei
1474 2880 1673 2953 (Amos.
1707 2879 1846 2953 vm).
1885 2900 1903 2932 ι

322 2982 427 3050 Qui
455 2996 604 3052 ergo,
637 2980 915 3035 subtracto
942 2993 1041 3033 suo
1068 2976 1298 3046 eloquio,
1328 2974 1471 3030 fame
1496 2989 1559 3029 ac
1588 2974 1677 3028 siti
1709 2989 1807 3028 nos
1835 2972 1911 3027 di-

322 3073 400 3127 cit
426 3071 610 3135 atteri,
658 3070 787 3138 quia
819 3066 936 3137 ejus
976 3065 1139 3122 verba
1167 3074 1223 3121 et
1248 3067 1401 3121 cibus
1450 3073 1635 3119 noster
1662 3072 1715 3119 et
1750 3072 1909 3135 potus

322 3163 438 3219 sint
463 3162 821 3216 demonstrat.
874 3157 982 3214 Sed
1010 3156 1303 3211 notandum
1342 3153 1483 3224 quod
1517 3153 1806 3223 aliquando
1835 3152 1911 3206 ci-
1938 3138 1982 3199 C

320 3248 448 3319 bnis,
481 3251 772 3323 aliquando
796 3256 955 3321 potus
989 3256 1133 3304 sunt.
1183 3247 1239 3301 ln
1268 3247 1432 3301 rebus
1457 3244 1600 3300 enim
1629 3244 1911 3300 obscurio—

323 3346 495 3408 ribus,
525 3357 646 3414 qua:
680 3340 907 3410 intelligi
935 3345 1209 3409 nequeunt
1224 3336 1338 3413 ειίεί
1367 3341 1723 3405 exponantur,
1751 3348 1909 3388 sacra

323 3433 611 3502 Scriptura
642 3431 795 3486 cibus
822 3436 929 3495 est,
962 3428 1104 3499 quia
1136 3425 1397 3497 quidquid
1426 3425 1714 3495 exponitur
1743 3431 1802 3478 ut
1827 3423 1911 3477 in-

324 3522 624 3593 telligatur,
649 3519 803 3590 quasi
830 3518 1102 3589 manditur
1125 3525 1183 3571 ut
1204 3514 1483 3586 glutiatur.
1513 3513 1570 3567 In
1597 3515 1760 3569 rebus
1782 3527 1910 3567 vero

322 3611 687 3684 apertioribus
710 3619 869 3680 potus
892 3624 908 3665 :
934 3616 1120 3679 potum
1156 3606 1302 3660 enim
1332 3620 1439 3659 non
1467 3604 1772 3659 mandendo
1800 3602 1911 3675 glu-

326 3705 514 3760 timus.
545 3701 832 3774 Apertiora
869 3715 997 3771 ergo
1025 3699 1276 3755 mandata
1303 3697 1562 3763 bibimus,
1592 3696 1718 3767 quia
1746 3698 1911 3752 etiam

325 3811 436 3851 non
494 3794 741 3866 exposita
790 3791 1091 3860 intelligere
1133 3791 1395 3845 valemus.
1465 3788 1574 3845 Pro
1623 3805 1689 3845 eo
1729 3797 1911 3855 autem

324 3887 471 3958 quod
494 3885 662 3942 multa
676 3884 924 3940 Ezechiel
949 3883 1208 3955 propheta
1229 3882 1458 3937 obscura
1486 3888 1645 3950 atque
1660 3879 1912 3950 perplexa

324 3975 617 4031 auditurus
662 3982 821 4041 erat,
870 3987 1210 4043 nequaquam
1256 3971 1307 4027 ei
1345 3972 1411 4026 de
1447 3984 1605 4026 sacro
1640 3969 1913 4025 volumine

325 4067 530 4122 dicitur
554 4066 701 4131 bibe,
723 4064 814 4121 sed
834 4084 853 4116 ε
874 4064 1115 4121 comede.
1139 4082 1158 4115 ι
1186 4062 1265 4118 Ac
1294 4062 1339 4117 si
1367 4062 1639 4117 diceretur
1665 4060 1913 4115 :Pertra-

324 4166 440 4225 cta,
480 4155 737 4225 intellige,
771 4155 826 4211 id
851 4162 954 4219 est,
984 4154 1134 4224 prius
1172 4152 1366 4208 mande
1412 4159 1467 4207 et
1507 4158 1634 4206 tunc
1677 4149 1910 4222 degluti;

323 4249 425 4304 sed
451 4248 505 4302 in
532 4246 714 4301 verbis
740 4245 815 4300 ita
844 4246 985 4301 sacri
1014 4243 1211 4313 eloquii
1243 4244 1343 4298 iste
1364 4244 1520 4298 debet
1551 4242 1710 4298 studii
1742 4242 1913 4298 nostri

322 4336 463 4392 ordo
494 4335 722 4401 servari,
750 4345 809 4390 ut
829 4334 945 4390 hazc
966 4333 1088 4389 ideo
1114 4347 1523 4403 cognoscamus,
1551 4341 1817 4403 quatenus
1846 4332 1913 4386 de

323 4428 615 4499 iniquitate
642 4436 827 4482 nostra
850 4426 1177 4496 compuncti,
1210 4433 1599 4496 cognoscentes
1628 4424 1769 4478 mala
1792 4437 1913 4494 qua:

319 4494 583 4583 fecimus,
614 4518 863 4583 vitemus,
891 4494 1089 4573 nealia
1115 4494 1394 4578 faciamus,
1420 4524 1481 4570 ut
1522 4531 1644 4571 cum
1680 4515 1793 4586 jam
1839 4530 1906 4569 ex
1934 4494 1985 4553 Π

320 4621 526 4679 magno
559 4620 659 4662 usu
691 4604 1055 4677 lacrymarum
1096 4606 1163 4661 de
1202 4612 1550 4676 peccatorum
1590 4605 1910 4660 remissione

316 4696 557 4769 ceperit
580 4711 700 4752 esse
724 4695 937 4758 llducia,
957 4710 1056 4765 per
1074 4694 1234 4750 verba
1255 4694 1372 4759 Dei,
1399 4709 1520 4765 quae
1539 4694 1909 4766 intelligimus,

319 4787 393 4841 ad
416 4786 586 4840 vitam
614 4773 827 4855 quoque
858 4785 992 4840 alios
1029 4786 1327 4839 trabamus.
1372 4784 1455 4839 Ad
1492 4784 1596 4840 hoc
1642 4785 1789 4840 enim
1828 4786 1911 4840 in-

320 4874 618 4943 telligenda
642 4883 770 4930 sunt
798 4883 857 4928 ut
884 4874 1041 4929 nobis
1079 4875 1306 4943 prosint,
1335 4882 1391 4929 et
1418 4875 1714 4929 intentione
1751 4875 1912 4945 spiri-

320 4968 421 5022 tali
482 4965 604 5020 aliis
659 4963 1026 5021 conferantur.
1086 4964 1239 5022 Unde
1295 4965 1432 5020 bene
1478 4979 1621 5019 nunc
1664 4965 1904 5021 dicitur:

326 5076 350 5109 ι
380 5054 623 5113 Comede
660 5054 908 5111 volumen
932 5054 1097 5121 istud,
1128 5062 1184 5111 et
1206 5055 1409 5111 vadens
1432 5054 1653 5125 loquere
1676 5056 1743 5111 ad
1771 5056 1910 5111 ﬁlios

316 5146 515 5204 Israel.
547 5165 569 5199 ι
621 5144 700 5200 Ac
729 5145 773 5199 si
811 5145 862 5200 ei
902 5146 968 5200 de
1004 5159 1161 5201 sacro
1198 5144 1320 5201 cibo
1353 5144 1643 5211 diceretur,
1678 5144 1911 5202 Comede

317 5246 382 5295 et
406 5252 592 5310 pasce,
620 5246 866 5293 saturare
889 5245 942 5290 et
965 5244 1172 5301 eructa,
1214 5235 1399 5306 accipe
1436 5244 1493 5291 et
1523 5250 1736 5306 sparge,
1775 5252 1907 5291 con-

318 5327 537 5383 fortare
563 5334 618 5380 et
640 5325 846 5380 labora.
885 5323 1188 5379 Notandum
1224 5326 1367 5394 quod
1402 5324 1663 5395 propheta
1689 5325 1912 5396 subjun-

318 5418 408 5490 git
434 5417 623 5472 dicens
649 5434 663 5470 :
702 5434 720 5467 ι
749 5416 816 5470 Et
843 5416 1030 5486 aperui
1055 5431 1117 5471 os
1147 5429 1360 5482 meum,
1393 5422 1449 5471 et
1471 5416 1669 5471 cibavit
1696 5431 1784 5471 me
1815 5432 1911 5472 vo—

316 5507 534 5564 lumine
554 5506 663 5562 illo.
691 5528 711 5560 »
755 5506 828 5563 Os
855 5509 909 5562 in
937 5508 1099 5563 corde
1127 5522 1246 5562 esse
1269 5508 1409 5561 alius
1445 5507 1704 5578 propheta
1746 5515 1911 5562 testa—

318 5609 440 5662 tur,
472 5597 659 5653 dicens
686 5615 700 5651 :
737 5616 756 5647 σ
778 5597 944 5653 Labia
969 5598 1150 5654 dolosa
1180 5598 1233 5652 in
1258 5598 1441 5661 corde,
1476 5608 1533 5650 et
1559 5596 1721 5651 corde
1746 5596 1910 5653 locuti

319 5696 460 5745 euut
485 5687 647 5745 mala.
680 5707 699 5735 ι
751 5687 824 5744 Os
861 5702 992 5758 ergo
1028 5689 1299 5760 aperimus
1334 5688 1550 5758 quando
1589 5702 1804 5743 sensum
1841 5689 1908 5744 ad

2009 1880 2194 1934 mittit.
2237 1880 2392 1936 Cibat
2427 1897 2556 1952 ergo
2597 1898 2696 1936 nos
2736 1882 3004 1938 volumine
3032 1898 3154 1938 cum
3189 1898 3406 1938 sensum
3439 1887 3593 1942 nolis

2008 1974 2291 2043 scripturae
2319 1989 2430 2027 suae
2462 1973 2821 2043 dispensanda
2847 1974 3042 2042 aperit,
3075 1984 3131 2028 et
3158 1972 3274 2042 ejus
3313 1974 3594 2032 dulcedine

2009 2071 2230 2118 nostras
2264 2062 2618 2134 cogitationes
2662 2062 2851 2131 replet.
2894 2061 3047 2117 Unde
3075 2072 3130 2117 et
3167 2063 3450 2121 subditur:

2085 2171 2103 2204 ι
2133 2153 2199 2207 Et
2247 2152 2383 2207 dixit
2423 2152 2490 2207 ad
2529 2167 2650 2207 me:
2678 2152 2776 2206 Fili
2818 2152 3082 2218 hominis,
3120 2162 3311 2209 venter
3346 2164 3470 2209 tuus
3503 2170 3596 2208 ('0-

2014 2264 2032 2295 ‹
2062 2244 2267 2309 medet,
2301 2252 2357 2298 ct
2390 2243 2596 2298 viscera
2635 2252 2724 2297 tua
2768 2243 3120 2313 replebnntur
3167 2244 3439 2300 volumine
3491 2245 3594 2298 isto

2015 2353 2033 2388 α
2061 2336 2203 2406 quod
2242 2351 2339 2406 ego
2373 2336 2442 2391 do
2482 2335 2595 2401 tibi,
2630 2357 2653 2387 ι
2693 2345 2797 2390 etc.
2828 2333 3030 2408 (Hier.)
3053 2335 3321 2406 Principia
3345 2335 3596 2390 lectionis

2008 2435 2061 2482 et
2087 2425 2347 2495 simplicis
2360 2425 2600 2482 historia:
2614 2442 2739 2481 esus
2764 2425 3054 2481 voluminis
3089 2434 3192 2481 est.
3211 2426 3435 2494 Quando
3465 2443 3598 2481 vero

2008 2518 2224 2573 assidua
2273 2518 2623 2574 meditatione
2671 2519 2725 2573 in
2766 2518 3041 2573 memoriae
3093 2517 3353 2574 thesauro
3394 2519 3594 2573 librum

2008 2609 2221 2664 Domini
2263 2608 2699 2673 condiderimus,
2748 2607 3004 2678 impletur
3049 2608 3365 2679 spiritaliter
3406 2620 3596 2664 venter

2008 2706 2209 2760 noster,
2240 2706 2291 2752 et
2322 2706 2634 2753 saturantur
2656 2698 2886 2761 viscera,
2908 2706 2969 2753 ut
2992 2699 3287 2755 habeamus
3314 2716 3435 2756 cum
3466 2717 3593 2770 apo—

2008 2788 2146 2844 stolo
2189 2787 2357 2843 Paulo
2397 2789 2605 2844 viscera
2646 2789 3052 2856 misericordiae,
3101 2801 3154 2845 et
3197 2790 3483 2862 impleatur
3506 2794 3596 2847 illo

2007 2887 2197 2935 venter
2222 2878 2288 2933 de
2322 2893 2430 2948 quo
2451 2862 2716 2935 Jcreniias
2751 2878 3024 2950 loquitur:
3056 2899 3073 2933 ι
3109 2878 3365 2936 Ventrem
3391 2897 3590 2944 meum.

2007 2982 2253 3030 ventrem
2283 2988 2461 3029 meum
2484 2988 2585 3044 ego
2617 2972 2794 3040 doleo,
2824 2981 2880 3029 et
2909 2988 3101 3031 sensus
3122 2976 3301 3032 cordis
3329 2976 3431 3032 mei
3460 2991 3592 3033 eon-

2008 3065 2229 3121 turbant
2255 3081 2360 3121 me.
2396 3083 2415 3117 ›
2456 3061 2659 3137 (Greg.)
2686 3065 2742 3119 ln
2777 3080 2932 3121 sacro
2966 3065 3180 3137 eloquio
3208 3083 3591 3137 nonnunquam

2012 3163 2201 3211 venter
2220 3170 2321 3224 pro
2342 3162 2524 3210 mente
2559 3156 2683 3224 poni
2714 3154 3008 3210 consuevit.
3047 3154 3201 3213 Unde
3232 3164 3289 3213 et
3322 3172 3418 3228 per
3442 3157 3595 3214 Jere-

2011 3246 2175 3301 miam
2203 3245 2399 3300 dicitur
2425 3260 2440 3299 :
2475 3263 2493 3296 ι
2523 3244 2778 3300 Ventrem
2807 3261 2984 3299 meum
3010 3245 3164 3301 doleo
3190 3245 3401 3318 (Jerem.
3442 3246 3533 3319 IV),
3570 3269 3586 3301 ι

2010 3336 2152 3407 quod
2182 3336 2310 3406 quia
2333 3336 2400 3389 de
2426 3334 2652 3405 spiritali
2680 3343 2736 3389 et
2768 3351 2873 3389 non
2914 3350 3174 3406 corporeo
3215 3346 3400 3393 ventre
3445 3340 3596 3395 dixe-

2012 3433 2117 3489 rat,
2147 3424 2431 3493 adjnnxit:
2462 3441 2479 3475 ι
2512 3422 2714 3479 Sensus
2734 3424 2914 3479 cordis
2939 3424 3042 3479 mei
3066 3427 3368 3481 conturbati
3393 3437 3535 3482 sunt.
3570 3449 3587 3475 ι

2011 3516 2196 3587 Neque
2231 3517 2376 3572 enim
2412 3518 2478 3572 ad
2513 3516 2740 3572 salutem
2785 3518 2963 3588 populi
2994 3519 3318 3588 pertinebat,
3370 3520 3414 3574 si
3462 3536 3589 3590 pro-

2009 3610 2174 3679 pheta
2201 3616 2445 3664 ventrcm
2467 3622 2785 3678 corporeum
2824 3623 2883 3663 se
2921 3607 3100 3663 dolere
3132 3609 3469 3677 praedicaret,
3500 3612 3593 3665 sed

2010 3710 2254 3757 ventrem
2280 3699 2470 3765 doluit,
2510 3699 2603 3769 qui
2640 3699 2838 3755 mentis
2877 3697 3220 3754 amictionem
3256 3700 3444 3755 sensit.
3487 3702 3596 3757 Sel

2009 3805 2113 3846 cur
2147 3789 2450 3860 exemplum
2489 3789 2764 3860 prepbetae
2810 3788 3134 3859 proferimus
3183 3804 3306 3846 cum
3350 3791 3594 3845 testimo-

2010 3882 2157 3936 nium
2186 3881 2398 3936 Domini
2428 3880 2668 3951 apertius
2704 3880 3035 3936 habeamus?
3059 3880 3126 3936 Et
3148 3896 3368 3938 necesse
3393 3890 3478 3938 est
3511 3896 3597 3947 ui,

2011 3986 2133 4027 cum
2155 3986 2253 4042 per
2284 3973 2629 4042 semetipsam
2662 3971 2879 4028 Veritas
2916 3971 3176 4042 loquitur,
3218 3974 3477 4043 propheta
3516 3983 3595 4028 ta-

2010 4068 2169 4128 ceat,
2218 4060 2346 4132 quia
2393 4061 2616 4118 lucerna
2658 4060 2959 4117 claritatem
3006 4077 3112 4117 non
3152 4062 3317 4118 habet
3363 4063 3415 4117 in
3456 4063 3592 4120 sole.

2010 4152 2102 4207 Ait
2124 4153 2310 4208 enim‘:
2338 4170 2358 4205 ι
2387 4151 2489 4220 Qui
2518 4153 2688 4209 credit
2723 4153 2775 4208 in
2806 4169 2913 4219 me,
2949 4155 3090 4209 sicut
3120 4154 3255 4210 dixit
3289 4154 3590 4226 Scriptura.

2011 4242 2231 4298 ﬂumina
2250 4242 2319 4297 de
2339 4251 2529 4299 ventre
2553 4245 2670 4316 ejus
2690 4243 2858 4300 liuent
2886 4260 3038 4314 aqua:
3058 4245 3194 4299 viva:
3213 4242 3391 4317 (Joau.
3423 4246 3539 4315 vn).
3571 4268 3586 4297 ι

2012 4335 2148 4403 Quia
2186 4336 2332 4390 enim
2367 4336 2433 4392 de
2469 4345 2653 4393 mente
2692 4336 2927 4392 fidelium
2953 4346 3153 4391 sanctae
3182 4336 3591 4406 praedicationes

2011 4427 2274 4495 deﬂuunt,
2304 4429 2457 4498 quasi
2485 4429 2552 4484 de
2571 4437 2758 4482 ventre
2794 4427 3125 4483 credentium
3166 4442 3319 4496 aquze
3338 4429 3473 4485 viva:
3501 4431 3599 4485 de.

2010 4528 2235 4576 currunt
2276 4518 2513 4575 ﬂumina.
2564 4517 2780 4573 Ventris
2815 4524 2993 4571 autem
3030 4517 3259 4584 viscera,
3303 4518 3432 4589 quid
3468 4531 3605 4583 sunt:

2011 4610 2176 4676 aliud,
2204 4610 2307 4665 nisi
2345 4608 2541 4664 mentis
2565 4607 2797 4671 interna,
2823 4608 2873 4661 id
2900 4615 3000 4672 est,
3025 4617 3168 4663 recta
3192 4608 3440 4673 intentio.
3468 4628 3594 4667 sau-
3694 4662 3699 4669 .

2011 4707 2158 4754 ctum
2200 4697 2547 4763 desiderium,
2591 4694 2811 4751 humilis
2854 4695 2923 4750 ad
2966 4695 3159 4760 Deum,
3198 4697 3283 4769 pia
3313 4700 3380 4754 ad
3407 4704 3590 4771 prosi-

2012 4804 2160 4844 mum
2185 4787 2467 4843 voluntas?
2514 4785 2666 4842 Unde
2706 4795 2854 4841 recte
2888 4802 3031 4841 nunc
3061 4787 3259 4846 dicitur
3342 4807 3363 4841 ι
3390 4789 3605 4851 Ventri:

2013 4887 2138 4933 tuus
2180 4876 2426 4934 comedet
2468 4884 2525 4933 et
2572 4876 2784 4931 viscera
2833 4884 2925 4930 tua
2979 4875 3347 4947 replebantur.
3378 4898 3398 4933 ι
3452 4880 3589 4949 Quia

2013 4983 2135 5022 cum
2178 4981 2331 5023 mens
2368 4977 2552 5023 nostra
2599 4964 2854 5037 pabulum
2888 4967 3135 5021 veritatis
3172 4971 3481 5039 acceperit,»
3507 4973 3615 5026 in-.

2014 5067 2165 5112 terna
2194 5066 2377 5112 nostra
2404 5057 2520 5128 jam
2553 5072 2660 5113 non
2686 5072 2853 5112 vacua
2884 5067 3188 5125 remanent,
3216 5061 3310 5118 sed
3336 5061 3597 5118 alimento

2014 5145 2140 5200 vita:
2168 5146 2450 5201 satiantur.
2496 5145 2579 5202 Ad
2615 5155 2854 5201 veterem
2886 5148 3080 5218 quippe
3115 5149 3385 5204 hominem
3427 5155 3595 5221 parti-

2014 5242 2109 5289 net
2128 5245 2447 5305 praesentem
2467 5235 2724 5292 mundum
2749 5251 3012 5308 quaerere,
3040 5238 3346 5295 transitoria
3375 5240 3442 5294 de
3463 5257 3593 5296 eon-

2014 5326 2359 5395 cupiscentiis
2396 5342 2600 5393 amare,
2634 5335 2869 5382 mentem
2905 5327 2959 5381 in
3010 5328 3318 5398 superbiam
3360 5330 3605 5401 erigereL

2010 5417 2329 5488 patientiam
2363 5433 2470 5474 non
2509 5418 2731 5483 habere,
2773 5433 2841 5474 ex
2875 5417 3061 5474 dolore
3101 5420 3320 5477 malitia:
3361 5421 3429 5475 de
3466 5437 3593 5491 pro-

2013 5508 2143 5562 ximi
2180 5507 2392 5563 hesione
2432 5509 2692 5578 cogitare,
2732 5525 2828 5565 sua
2874 5510 3237 5582 indigentibus
3284 5527 3391 5568 non
3436 5514 3588 5579 date,

2008 5609 2172 5668 atque
2194 5598 2257 5652 ad
2281 5598 2734 5669 multiplicandum
2757 5600 2930 5659 aliena
2946 5614 3207 5670 quaerere,
3226 5600 3430 5659 nullum
3458 5617 3592 5673 pure

2009 5700 2230 5760 propter
2241 5688 2407 5745 Deum
2422 5689 2986 5763 diligere.inimicitias
3000 5689 3230 5748 inimicis
3254 5692 3500 5763 reddere,
3523 5696 3591 5751 de
