3950 6184
385 276 489 338 563

1029 281 1088 336 Β.
1130 280 1382 337 MBAN!
1420 280 1637 336 MAURI
1676 281 1971 336 ARCIIIEP

2087 281 2340 339 occur.
2380 243 2668 338 eranum
2705 283 2884 339 rans
2918 283 2980 338 ιι.

3536 285 3636 343 ιιῡι

385 397 670 473 alllietloue
693 397 924 467 proximi
952 394 1220 466 gaudere:
1254 400 1447 449 cuncta
1471 393 1587 448 haec
1614 392 1809 446 vetusti
1842 397 1969 445 sunt
1994 391 2042 452 Λ
2072 390 2177 444 vita
2223 390 2448 461 reprobo
2506 392 2645 445 intra
2695 392 3080 466 conscientiam
3137 374 3427 449 remordet.
3492 394 3642 451 Unde

386 490 644 557 hominis,
681 504 802 561 quae
841 488 1090 542 videlicet
1132 488 1196 541 de
1240 487 1421 541 radice
1464 485 1731 539 trahimus
1774 499 1962 538 eorru-

388 581 605 653 ptionis.
660 579 766 636 Sed
789 580 877 649 qui
895 578 1006 646 jam
1038 578 1136 631 ista
1165 584 1475 647 exsuperat,
1509 583 1565 630 et
1602 576 1669 630 ad
1698 581 1973 643 praecepta

332 702 335 705 -
389 671 668 727 Dominica
721 677 953 722 mentem
1004 667 1055 721 in
1104 666 1496 735 benignitatem
1542 671 1860 729 commutat,
1902 664 1967 717 de

389 763 493 816 lzoe
515 769 663 815 recte
681 759 913 812 dicitur:
943 776 960 808 ι
983 756 1117 824 Quia
1141 768 1324 812 vetera
1358 758 1708 819 transierunt,
1733 769 1859 810 ecce
1885 754 1966 808 fa-

389 860 475 907 cta
500 859 622 925 sunt
647 849 824 903 omnia
851 864 1006 903 nova.
1034 867 1052 898 ›
1071 848 1222 902 Tunc
1242 863 1368 902 vero
1395 848 1447 903 in
1468 848 1667 901 nostris
1698 847 1968 901 mentibus

389 957 526 997 nova
586 941 751 1003 ﬁunt,
815 957 937 995 cum
998 957 1026 995 a
1085 943 1240 996 nobis
1297 941 1496 996 vetusti
1553 939 1788 997 hominis
1839 938 1968 992 vitia

392 1043 706 1093 transeunt,
762 1032 976 1099 quando
1024 1032 1163 1086 sacri
1212 1032 1360 1087 verbi
1410 1040 1735 1102 praeceptum
1784 1038 1972 1084 venter

390 1124 655 1188 comedet,
684 1133 737 1177 et
765 1125 969 1177 viscera
993 1125 1299 1179 medullitus
1327 1124 1617 1193 replentur.
1654 1122 1807 1192 Saepe
1826 1121 1970 1175 enim

391 1214 648 1283 quosdam
682 1214 935 1280 vidimus,
968 1224 1078 1269 tota
1109 1230 1167 1269 se
1195 1223 1373 1269 mente
1401 1214 1469 1268 ad
1498 1221 1697 1269 saneta:
1726 1212 1971 1267 lectionis

394 1306 627 1361 studium
661 1306 967 1369 contulisse,
1012 1316 1173 1375 atque
1214 1306 1355 1362 inter
1395 1306 1559 1361 verba
1588 1304 1865 1359 Dominica
1889 1316 1973 1357 re—

394 1402 777 1464 cognoscentes
814 1395 866 1448 in
911 1396 1125 1463 quantis
1171 1394 1530 1464 deliquerunt,
1564 1391 1882 1461 semetipsos
1917 1391 1973 1444 iu

395 1487 646 1558 lacrymis
668 1493 924 1550 mactare,
965 1501 1197 1541 moerere
1227 1486 1483 1541 continuo
1522 1482 1684 1551 allici,
1722 1483 1779 1538 in
1814 1481 1974 1537 nullis

399 1577 557 1647 hujus
585 1578 767 1633 mundi
795 1578 1243 1649 prosperitatibus
1273 1577 1548 1642 delectari,
1573 1576 1647 1631 ita
1676 1582 1737 1631 ut
1759 1574 1839 1631 eis
1862 1574 1974 1629 vita

398 1683 634 1739 praesens
676 1670 848 1734 oneri,
894 1678 950 1723 et
995 1667 1084 1721 lux
1137 1667 1249 1738 ipsa
1296 1666 1509 1723 fastidio
1547 1664 1717 1729 ﬁeret,
1763 1665 1851 1719 vix
1908 1664 1975 1719 ad

400 1759 809 1830 colloquendum
858 1759 1093 1830 linguam
1134 1759 1421 1813 admittere
1448 1799 1461 1822 ,
1514 1767 1675 1829 atque
1721 1772 1753 1812 a
1800 1759 1976 1827 rigore

400 1850 691 1921 disciplinae
708 1850 943 1903 animum
967 1847 1176 1903 difﬁcile
1201 1849 1446 1904 relaxare
1463 1864 1560 1918 pro
1579 1864 1762 1904 amore
1785 1848 1976 1903 condi-

400 1941 551 2004 toris,
590 1940 734 1995 luctu
771 1939 1103 1994 solummodo
1140 1946 1194 1993 et
1227 1939 1440 1994 silentio
1473 1940 1725 2010 gaudere.
1775 1938 1975 1993 [lorum

403 2038 589 2085 venter
614 2043 829 2083 sacrum
856 2027 1106 2082 volumen
1137 2028 1390 2093 comedit,
1432 2036 1488 2082 et
1522 2029 1728 2083 viscera
1775 2028 1976 2098 repleta

401 2127 545 2183 sunt,
579 2118 703 2188 quia
726 2124 993 2185 praecepta
1016 2117 1159 2181 vitae,
1190 2131 1310 2186 quae
1340 2131 1531 2172 sensus
1564 2132 1758 2187 capere
1780 2118 1976 2186 potuit,

402 2208 657 2262 memoria
687 2222 792 2262 non
825 2207 1035 2269 amisit,
1068 2206 1159 2262 sed
1192 2207 1307 2263 haec
1344 2206 1603 2263 collectus
1632 2207 1685 2262 in
1714 2208 1825 2263 Deo
1864 2210 1980 2262 aui-

402 2312 519 2351 mus
561 2296 790 2367 lugendo
841 2311 1054 2365 semper
1103 2307 1158 2351 et
1202 2296 1487 2353 recolendo
1526 2300 1779 2352 servavit.
1817 2299 1883 2353 Et
1922 2299 1983 2355 ﬁt

400 2388 711 2462 plerumque
738 2395 798 2443 ut
827 2386 961 2443 tales
999 2386 1197 2457 quique
1237 2403 1303 2442 ex
1337 2388 1478 2443 dono
1523 2388 1758 2444 caelestis
1797 2389 1983 2461 gratia:

401 2478 562 2532 etiam
597 2478 820 2532 verbum
856 2477 1115 2532 doctrinae
1153 2478 1476 2549 percipiant,
1514 2488 1675 2548 atque
1698 2479 1763 2533 dc
1786 2479 1985 2533 verita-

402 2568 472 2623 tis
504 2567 720 2636 pabulo,
762 2568 902 2637 quod
937 2567 1038 2639 ipsi
1068 2568 1396 2625 intrinsecus
1427 2568 1657 2624 dulciter
1687 2569 1977 2637 ruminant,

399 2669 455 2714 et
474 2662 749 2731 proximos
769 2661 1007 2716 suaviter
1019 2669 1260 2730 pascant.
1278 2660 1352 2716 De
1375 2676 1601 2732 quorum
1624 2660 1864 2733 profecto
1888 2677 1983 2717 ore

400 2754 741 2827 prtedieatio,
775 2761 924 2807 tanto
960 2754 1299 2809 audientibus
1329 2753 1501 2809 dulcis
1520 2763 1623 2823 est,
1652 2762 1854 2824 quanto
1888 2768 1982 2807 eo-

402 2859 522 2902 rum
546 2842 684 2897 actio
702 2842 969 2898 contraria
993 2844 1104 2897 suis
1119 2844 1587 2913 przedicatiouibus
1611 2852 1832 2910 nonest,
1858 2844 1983 2912 quia

403 2935 469 2989 de
491 2932 709 3007 propria
735 2931 845 2986 vita
875 2942 1123 2997 sumunt,
1164 2933 1306 3001 quod
1339 2947 1433 3001 per
1457 2933 1693 3003 linguam
1724 2933 1984 3002 proximis

403 3021 705 3078 conferunt.
721 3019 874 3077 Unde
894 3029 1041 3075 recte
1061 3034 1274 3090 quoque
1299 3020 1387 3077 bic
1409 3022 1669 3092 propheta
1687 3020 1977 3092 subjungit.

479 3129 500 3164 α
526 3110 812 3167 Etcomedi
827 3109 980 3177 illud,
1003 3118 1058 3165 ct
1071 3110 1273 3166 factum
1290 3119 1373 3166 est
1396 3113 1449 3166 in
1475 3128 1569 3166 ore
1584 3127 1703 3167 meo
1720 3113 1857 3168 sicut
1877 3107 1983 3167 mel

410 3224 431 3257 ι
459 3204 614 3260 dulce
641 3244 656 3269 ,
686 3223 703 3256 ι
740 3212 847 3258 etc.
891 3200 1088 3275 (Hier.)
1123 3202 1385 3273 Loquitur
1433 3212 1487 3257 et
1518 3203 1685 3261 David
1714 3222 1726 3258 :
1765 3222 1784 3255 ‹
1813 3202 1985 3270 Quam

407 3295 581 3351 dulcia
612 3293 816 3365 gutturi
846 3308 966 3349 meo
982 3293 1195 3362 eloquia
1241 3302 1347 3358 tua,
1395 3309 1555 3366 super
1596 3294 1701 3349 mel
1741 3295 1823 3349 ori
1864 3309 1986 3348 meo

407 3383 576 3456 (Psal.
603 3384 811 3455 cxvui).
840 3403 859 3437 ι
893 3382 961 3439 Ει.
998 3384 1123 3440 alibi
1150 3402 1164 3439 :
1195 3402 1213 3435 ι
1235 3383 1442 3440 Iudicia
1477 3384 1688 3448 Domini
1719 3399 1864 3449 vera,
1894 3383 1985 3439 de-

404 3476 712 3531 siderabilia
758 3490 918 3545 super
955 3490 1144 3541 aurum
1173 3482 1224 3529 et
1262 3474 1492 3546 lapidem
1522 3475 1817 3545 pretiosum
1849 3474 1983 3529 mul-

407 3575 519 3623 tum
542 3564 713 3640 (Psal.
733 3564 942 3639 XVIII).)
964 3566 1052 3630 Et,
1073 3585 1092 3617 ι
1111 3566 1349 3621 dulciora
1364 3582 1527 3637 super
1547 3565 1650 3620 mel
1670 3575 1725 3621 et
1744 3564 1978 3633 favumq

324 3713 335 3716 ,
409 3656 473 3719 Et
498 3655 725 3711 Samson
751 3655 929 3710 favum
959 3655 1131 3711 mellis
1163 3655 1216 3710 in
1252 3668 1346 3711 ore
1380 3654 1552 3710 leonis
1589 3654 1792 3721 invenit
1831 3654 1978 3725 (Jud.

409 3749 545 3821 xlv).
598 3748 665 3804 Et
707 3747 967 3804 Dominus
996 3756 1118 3819 post
1151 3749 1598 3804 resurrectionem
1631 3755 1838 3818 partem
1875 3746 1981 3802 assi

406 3830 570 3915 piscis
607 3839 840 3894 comedit
865 3847 920 3894 et
944 3836 1123 3893 favum
1154 3837 1303 3909 (Luc.
1373 3837 1542 3909 xxiv).
1672 3838 1726 3891 in
1752 3835 1984 3892 Prover-

408 3931 511 3985 biis
554 3929 620 3984 de
660 3942 757 3997 ape
796 3928 1008 3993 dicitur,
1039 3944 1347 3999 quanquam
1371 3930 1474 3983 hoc
1500 3928 1723 3984 Hebraea
1748 3944 1854 3983 non
1883 3930 1980 3983 lia-

408 4022 570 4081 beant
613 4017 979 4086 exemplaria:
1014 4035 1033 4069 ‹
1066 4018 1211 4073 Vade
1252 4020 1318 4073 ad
1358 4035 1530 4087 apem,
1575 4028 1628 4085 et
1664 4020 1809 4075 disce
1850 4033 1983 4089 quo-

412 4113 570 4173 modo
596 4111 867 4181 operatrix
890 4110 978 4176 sit,
1002 4120 1056 4165 et
1081 4125 1215 4180 opus
1235 4127 1389 4165 suum
1418 4121 1623 4166 castum
1652 4110 1831 4167 faciat.
1878 4111 1983 4166 Cu-

405 4203 495 4279 jus
522 4203 796 4258 laboribus
842 4216 996 4272 reges
1019 4211 1074 4258 et
1100 4202 1334 4279 imperiti
1370 4218 1469 4271 pro
1506 4202 1866 4273 sanguinitate
1890 4202 1984 4257 ab—

410 4301 652 4358 utuntur,
685 4312 703 4345 »
739 4293 878 4363 quod
915 4293 1122 4364 operati
1148 4301 1272 4359 sunt
1303 4292 1509 4365 Moyses
1535 4303 1588 4349 et
1612 4280 1905 4363 prophetae,
1928 4302 1984 4349 et

410 4383 769 4455 evangelista,
797 4390 851 4437 et
872 4381 1119 4453 apostoli,
1144 4391 1203 4437 ut
1229 4382 1532 4452 quicunque
1554 4398 1647 4438 rex
1671 4382 1853 4450 fuerit,
1889 4398 1984 4439 cn-

406 4474 493 4547 j_us
536 4490 630 4530 cor
674 4475 728 4529 in
774 4490 935 4529 manu
983 4474 1079 4529 Dei
1123 4486 1236 4540 est,
1282 4458 1523 4530 dulcibus
1575 4473 1783 4529 fruatur
1825 4474 1980 4531 cibis.

410 4564 511 4633 Qui
538 4580 669 4620 vero
694 4565 918 4635 simplex
959 4575 1011 4620 et
1051 4565 1252 4637 absque
1290 4566 1553 4636 serpentis
1591 4565 1784 4631 astutia
1821 4566 1985 4637 habet

410 4655 769 4717 innocentiam
805 4655 1189 4720 columbarum,
1227 4657 1455 4727 simplici
1485 4656 1588 4714 ﬁde
1612 4658 1795 4712 credat
1825 4666 1985 4730 atque

410 4745 666 4811 salvetur,
704 4746 830 4816 quia
867 4747 1062 4818 ubique
1089 4748 1297 4804 insidiae
1325 4759 1471 4815 sunt,
1497 4757 1551 4805 et
1571 4765 1712 4822 saepe
1741 4752 1984 4819 diabolus

411 4833 752 4905 transﬁgurat
779 4850 838 4890 se
864 4837 919 4890 in
954 4837 1197 4907 angelum
1225 4838 1387 4903 lucis,
1422 4840 1634 4921 meique
1666 4840 1888 4899 distillat
1918 4841 1983 4897 de

411 4930 567 4995 labiis
608 4929 849 4984 mulieris
900 4932 1218 4997 meretricis,
1265 4932 1438 4989 dulcia
1480 4935 1880 5004 repromittens,
1925 4942 1987 4989 ut

410 5035 615 5084 venena
644 5020 951 5074 interserat.
992 5020 1191 5092 (ῇνερ.)
1233 5021 1392 5077 Liber
1425 5024 1517 5094 qui
1562 5025 1768 5079 viscera
1808 5023 1982 5101 reple-

412 5114 508 5177 vit,
536 5110 706 5173 dulcis
727 5111 779 5164 in
821 5124 933 5173 ore,
967 5111 1103 5163 sicut
1128 5111 1235 5165 mel
1260 5111 1435 5168 factus
1471 5122 1573 5172 est.
1638 5110 1775 5182 Quia
1798 5112 1897 5184 ipsi
1919 5112 1985 5168 de

410 5203 762 5272 omnipotenti
795 5200 1020 5256 Domino
1054 5202 1229 5257 sciunt
1259 5206 1495 5260 suaviter
1516 5204 1681 5281 loqui,
1716 5205 1807 5277 qui
1840 5205 1985 5267 hunc

411 5295 713 5350 didicerunt
757 5295 809 5348 in
843 5294 1021 5348 cordis
1050 5294 1132 5353 sui
1165 5295 1461 5352 visceribus
1490 5301 1755 5353 veraciter
1777 5312 1979 5352 amare.

411 5387 470 5447 In
502 5388 619 5459 ejus
643 5388 839 5458 quippe
871 5402 964 5442 ore
1002 5385 1282 5458 Scriptura
1318 5404 1471 5447 saera
1504 5390 1672 5447 dulcis
1699 5397 1804 5453 est,
1832 5389 1985 5462 cujus

411 5477 535 5533 vitae
560 5478 771 5533 viscera
808 5476 1073 5545 mandatis
1112 5477 1253 5539 illius
1282 5478 1575 5547 replentur,
1605 5480 1729 5550 quia
1755 5480 1834 5533 eis
1864 5494 1987 5534 sua-

415 5568 495 5623 vis
524 5575 602 5622 cst
628 5567 691 5622 ad
717 5567 1037 5638 loquendum
1070 5566 1155 5622 cui
1182 5567 1407 5625 interius
1426 5567 1684 5639 impressa
1710 5565 1777 5620 ad
1803 5566 1985 5621 viven-
2009 5554 2015 5561 ’

418 5658 537 5719 dum
566 5656 738 5718 fuerit.
797 5657 928 5712 Nam
959 5672 1134 5714 sermo
1158 5656 1490 5717 dulcedinem
1515 5672 1619 5711 non
1643 5658 1801 5711 habet.
1828 5672 1986 5726 quem

2070 496 2289 534 necesse
2325 489 2430 544 est,
2461 488 2518 534 ut
2552 480 2641 548 qui
2674 480 2905 535 Verbum
2943 480 3037 534 Dei
3064 480 3317 550 loquitur,
3353 482 3504 551 prius
3531 494 3635 539 stu-

2068 570 2193 624 deat
2217 569 2446 639 qualiter
2464 571 2630 634 vivat,
2662 577 2719 623 ut
2746 577 2867 641 post
2910 584 2975 624 ex
3022 573 3135 624 vita
3163 570 3401 643 colligat,
3438 587 3557 641 quae
3593 585 3643 629 et

2068 659 2301 727 qualiter
2322 659 2483 713 dicat.

2146 766 2163 796 ι
2194 747 2259 800 Et
2291 747 2427 800 dixit
2458 746 2532 802 ad.
2552 761 2638 800 me
2664 764 2677 799 :
2702 745 2801 800 Fili
2828 746 3085 810 lionﬁnis,
3120 749 3255 803 vade
3288 758 3342 802 et
3373 750 3646 820 ingredere

2075 858 2093 888 ι
2122 837 2199 908 [in
2235 837 2396 905 Vulg.
2434 852 2541 891 non
2577 844 2663 891 est
2708 836 2999 908 ingredere]
3027 838 3095 891 ad
3123 838 3337 893 domum
3366 839 3556 903 Israel,
3595 851 3649 895 et

2077 947 2095 978 ι
2127 927 2361 997 loqueris
2387 926 2549 981 verba
2582 941 2698 980 mea
2729 927 2796 980 ad
2824 941 2937 989 eos,
2968 946 2986 977 ι
3017 935 3121 982 etc.
3167 926 3363 999 (Iliam)
3389 927 3488 983 Cui
3515 930 3645 984 diei-

2072 1028 2180 1083 tur,
2214 1038 2231 1070 c
2262 1017 2408 1072 Vade
2451 1027 2507 1072 et
2534 1017 2814 1087 ingredere
2844 1018 2908 1071 ad
2953 1018 3168 1073 domum
3201 1018 3388 1083 Israel,
3416 1039 3434 1074 ι
3466 1032 3644 1074 osten-

2071 1109 2218 1163 ditur
2241 1123 2344 1163 non
2370 1108 2535 1163 fuisse
2550 1123 2671 1162 cum
2700 1108 2895 1177 popqu
2916 1117 3216 1178 peccatore,
3235 1109 3358 1166 licet
3376 1112 3428 1166 in
3461 1112 3644 1167 iisdem

2076 1199 2348 1253 videretur
2375 1213 2539 1268 super
2585 1196 2782 1251 ﬁumen
2820 1197 3032 1252 Cbobar
3074 1197 3271 1254 ﬁnibus
3308 1201 3642 1254 commorari.

2075 1285 2346 1357 Scriptum
2376 1294 2461 1341 est
2486 1286 2628 1340 enim
2660 1304 2671 1338 :
2712 1296 2743 1336 c'
2760 1285 2827 1339 Et
2866 1301 2965 1355 ego
3003 1301 3149 1341 eram
3181 1287 3232 1340 in
3267 1288 3439 1342 medio
3476 1298 3647 1341 trans-

2074 1375 2409 1446 migrationis
2448 1373 2601 1443 juxta
2644 1373 2841 1430 ﬁumen
2880 1373 3111 1429 Cbobar.
3150 1396 3168 1428 ι
3223 1374 3480 1445 Separata
3509 1378 3645 1430 enim

2074 1474 2191 1520 erat
2224 1466 2496 1537 propheta:
2537 1465 2894 1528 conversatio,
2928 1474 2982 1520 et
3015 1465 3316 1535 iniquorum
3344 1466 3649 1531 οπσςιιιιρὲλτι-

2077 1563 2164 1609 tur
2188 1564 2431 1626 aspectu.
2479 1555 2594 1610 Hoc
2632 1556 2773 1609 idem
2812 1554 3041 1610 faciebat
3075 1564 3130 1610 et
3167 1556 3376 1629 Moyses
3403 1559 3588 1627 procul
3619 1576 3649 1613 a

2077 1646 2271 1701 castris
2300 1645 2655 1700 multitudinis
2694 1645 2863 1716 ﬁgens
2896 1646 3299 1703 tabernaculum
3324 1664 3336 1702 :
3366 1650 3506 1718 quod
3528 1664 3649 1703 cum
3705 1666 3713 1675 ο

2004 1727 2050 1786 Β
2079 1736 2268 1791 fuisset
2290 1737 2583 1805 ingressus,
2613 1736 2973 1790 descendebat
2998 1735 3244 1791 columna
3265 1737 3438 1803 nubis,
3468 1748 3523 1792 et
3540 1749 3651 1792 sta-

2079 1827 2172 1881 bat
2209 1834 2335 1881 ante
2373 1825 2567 1880 ostium
2609 1823 2961 1879 tabernaculi.

2155 1956 2173 1990 ι
2205 1937 2320 1992 Non
2335 1937 2480 1993 enim
2508 1937 2575 1991 ad
2598 1936 2847 2006 populqu
2864 1936 3109 2009 profundi
3125 1936 3391 1992 sermonis
3406 1935 3654 1991 etdiﬁici—

2084 2049 2101 2081 ι
2132 2030 2198 2085 lis
2226 2028 2412 2102 [ναις.
2442 2027 2658 2100 ignotas]
2685 2028 2877 2099 linguae
2904 2038 2959 2082 tu
2984 2029 3230 2095 mitteris,
3254 2030 3320 2084 ad
3344 2027 3560 2083 domum
3582 2029 3653 2083 Is-

2087 2140 2104 2172 ι
2134 2119 2265 2184 rael,
2296 2134 2468 2190 neque
2492 2117 2557 2172 ad
2590 2117 2816 2188 populos
2832 2118 3056 2183 multos,
3089 2128 3147 2173 et
3166 2118 3329 2189 ignoti
3369 2119 3652 2180 sermonis,

2087 2228 2104 2260 ι
2134 2224 2362 2278 quorum
2385 2224 2491 2263 non
2514 2208 2689 2277 possis
2718 2208 2906 2263 audire
2942 2224 3264 2263 sermonem.
3295 2208 3360 2262 Et
3381 2208 3425 2262 si
3453 2209 3518 2262 ad
3540 2209 3655 2262 illos

2089 2316 2107 2348 ι
2137 2298 2406 2353 mitterem
2436 2306 2508 2362 te,
2533 2296 2635 2367 ipsi
2661 2295 2911 2355 audirent
2938 2303 3010 2350 te.
3061 2296 3260 2351 Domus
3287 2304 3467 2351 autem
3496 2294 3655 2350 Israel

2089 2406 2106 2438 ι
2136 2386 2324 2442 nolunt
2338 2385 2524 2441 audire
2538 2394 2610 2453 te,
2626 2386 2752 2455 quia
2768 2386 2955 2441 nolunt
2975 2385 3160 2441 audire
3172 2401 3277 2441 me.
3301 2385 3487 2442 Omnis
3502 2386 3655 2455 quip-

2090 2497 2108 2530 ‹
2137 2494 2204 2550 pe
2218 2479 2405 2534 domus
2418 2476 2581 2532 Israel
2594 2477 2779 2531 attrita
2797 2476 2970 2533 fronte
2988 2484 3090 2542 est,
3107 2486 3162 2532 et
3174 2477 3305 2532 duro
3320 2478 3503 2541 corde,
3514 2495 3531 2527 ι
3551 2483 3652 2530 etc.

2084 2570 2347 2638 Quoniam
2387 2570 2463 2624 illi
2508 2569 2575 2624 ad
2616 2577 2669 2624 te
2713 2569 2901 2625 nolunt
2935 2570 3137 2635 venire,
3170 2577 3226 2623 tu
3254 2583 3417 2643 perge
3445 2568 3512 2622 ad
3544 2582 3653 2623 eos.

2090 2680 2108 2712 ε
2128 2661 2243 2716 Non
2265 2660 2409 2715 enim
2435 2661 2633 2719 habent
2650 2659 2763 2714 sani
2782 2674 2916 2730 opus
2938 2658 3163 2724 medico,
3185 2660 3277 2712 sed
3302 2657 3439 2712 male
3452 2656 3655 2711 baben-

2085 2763 2186 2811 tes.
2217 2773 2236 2806 ι
2275 2752 2460 2823 Neque
2488 2762 2641 2823 potes
2667 2752 2864 2816 dicere,
2893 2766 2997 2805 non
3032 2766 3247 2823 possum
3276 2749 3420 2819 loqui
3451 2749 3517 2804 ad
3542 2764 3655 2812 eos,

2085 2847 2208 2917 quia
2247 2845 2440 2917 linguz'e
2481 2845 2703 2900 alterius
2744 2853 2888 2911 sunt,
2926 2854 2977 2900 et
3015 2843 3243 2900 invicem
3265 2844 3419 2899 nobis
3448 2842 3657 2898 barbari

2086 2953 2289 2993 sumus.
2338 2936 2447 2993 Nec
2495 2944 2738 2991 mutuum
2776 2951 3062 3007 possumus
3104 2936 3290 2989 audire
3333 2949 3655 3002 sermonem,

2087 3028 2213 3098 quid
2234 3027 2425 3097 loquar
2454 3029 2520 3083 de
2550 3042 2655 3082 uno
2683 3027 2920 3099 populo?
2959 3026 3015 3082 Si
3044 3027 3108 3081 ad
3136 3026 3376 3081 diversas
3407 3035 3458 3081 te
3486 3026 3659 3082 mitte-

2085 3134 2200 3173 rem
2225 3119 2488 3182 nationes,
2519 3126 2698 3172 tamen
2730 3118 3023 3175 auctoritas
3050 3124 3104 3172 et
3132 3116 3369 3187 potentia
3404 3132 3519 3170 mea
3541 3131 3656 3170 om-

2082 3225 2207 3265 nem
2258 3208 2623 3265 diﬂicultatem
2667 3208 2923 3265 vinceret.
2987 3208 3159 3279 Atque
3200 3208 3404 3263 utinam
3453 3215 3660 3276 tempus

2084 3302 2332 3369 instaret,
2361 3316 2467 3372 quo
2503 3301 2571 3355 ad
2606 3316 2794 3357 omnes
2833 3300 3093 3355 missurus
3118 3315 3236 3354 sum
3259 3299 3522 3363 nationes,
3551 3314 3660 3368 quo

2082 3401 2137 3449 et
2160 3393 2461 3466 linguarum
2492 3393 2716 3448 daturus
2737 3407 2857 3448 sum
2879 3393 3082 3462 gratias
3117 3398 3176 3449 ut
3203 3391 3493 3462 praedicent
3511 3389 3653 3461 Apo-

2083 3483 2203 3551 stoli
2231 3483 2356 3547 mei,
2390 3491 2445 3537 et
2477 3491 2645 3545 totum
2669 3482 2925 3537 mundum
2956 3498 2986 3537 a
3014 3483 3325 3539 diversitate
3352 3482 3653 3552 Iinguarmn

2083 3591 2187 3641 una
2216 3574 2320 3631 ﬁde
2361 3589 2481 3629 meo
2501 3574 2731 3637 subdant
2755 3571 2902 3645 jugo,
2936 3571 3145 3631 facilius
3168 3572 3244 3629 illi
3273 3571 3537 3633 audirent,
3569 3571 3664 3639 qui

2081 3665 2328 3738 profundi
2359 3674 2505 3730 sunt,
2530 3663 2727 3734 altique
2750 3663 3016 3719 sermonis
3041 3704 3056 3729 ,
3090 3670 3144 3717 et
3180 3662 3313 3727 nihil
3355 3661 3555 3716 habent
3597 3660 3664 3714 dc

2082 3756 2297 3827 levitate
2338 3754 2590 3821 Judaiea,
2637 3753 2730 3810 sed
2772 3754 2922 3829 gravi
2966 3762 3021 3819 et
3071 3752 3243 3811 solido
3290 3751 3663 3823 ingrediuntur

2082 3846 2237 3917 pede,
2274 3855 2328 3901 et
2359 3862 2480 3911 cum
2521 3838 2712 3916 ignotae
2753 3845 2862 3900 sint
2908 3844 3124 3917 lingure,
3173 3852 3312 3907 notae
3350 3841 3472 3896 ﬁdei
3508 3850 3658 3895 sunt.

2086 3940 2236 3996 Unde
2263 3940 2507 4010 sequitur
2534 3957 2546 3993 :
2582 3958 2600 3989 ι
2636 3939 2700 3995 Et
2723 3939 2767 3993 si
2795 3938 2863 3993 ad
2886 3937 3004 3993 illos
3028 3939 3293 3992 mitterem
3321 3943 3396 4000 te,
3426 3934 3523 4004 ipsi
3557 3950 3656 4003 an.

2081 4034 2257 4089 dirent
2281 4041 2349 4089 te.
2380 4053 2396 4084 ι
2420 4033 2657 4101 Denique
2673 4040 2854 4103 postea
2870 4030 3034 4096 misit,
3057 4040 3109 4085 et
3123 4044 3310 4084 omnes
3330 4029 3531 4098 pariter
3545 4044 3665 4084 cre-

2082 4124 2347 4187 diderunt.
2368 4122 2519 4178 Unde
2544 4122 2742 4177 Paulus
2762 4130 2817 4176 et
2837 4120 3107 4183 Barnabas
3132 4119 3501 4197 loquunturad
3517 4133 3615 4173 eos
3647 4138 3661 4172 :

2089 4233 2108 4266 ι
2143 4214 2304 4277 Vobis
2342 4214 2557 4284 quidem
2597 4220 2906 4284 Oportuerat
2943 4211 3221 4287 praedicari
3270 4212 3493 4273 verbum
3523 4210 3661 4275 Dei,

2081 4305 2176 4373 sed
2196 4306 2319 4376 quia
2354 4305 2600 4361 noluistis
2627 4303 2897 4373 suscipere
2927 4316 3251 4367 sermonem,
3284 4316 3410 4356 ecce
3431 4316 3661 4357 convcr-

2009 4431 2061 4493 D
2096 4396 2262 4457 timur
2289 4393 2357 4451 ad
2380 4401 2565 4466 gentes
2593 4394 2727 4464 (Act.
2758 4391 2897 4462 χιιι).
2928 4411 2948 4444 ι
2990 4392 3057 4447 Et
3090 4392 3155 4447 de
3179 4391 3494 4449 centurione
3522 4390 3659 4445 diei-

2090 4490 2195 4550 tur,
2246 4484 2471 4555 «Neque
2514 4484 2566 4543 in
2616 4481 2778 4537 Israel
2824 4489 3029 4539 tantam
3077 4481 3236 4541 ﬁdem
3278 4479 3455 4543 inveni
3505 4477 3662 4551 (Luc.

2092 4587 2162 4639 vn
2187 4571 2222 4646 ).
2261 4591 2278 4625 ι
2335 4571 2537 4645 [Creg.]
2573 4573 2629 4628 In
2670 4573 2786 4642 ipso
2812 4571 3073 4644 jussionis
3108 4571 3330 4628 exordio
3377 4586 3483 4641 quo
3528 4585 3659 4641 pro-

2084 4663 2247 4736 pheta
2290 4666 2358 4721 ad
2402 4666 2793 4736 praedicandum
2825 4665 3073 4728 mittitur,
3122 4672 3305 4733 aperte
3346 4672 3402 4717 et
3450 4663 3665 4719 vacatio

2086 4759 2344 4829 gentium,
2382 4766 2438 4812 et
2476 4756 2839 4821 Israelitarum
2882 4757 3113 4827 repulsio
3157 4756 3486 4827 designatur.
3525 4753 3663 4821 Nam

2090 4861 2212 4901 eum
2251 4846 2481 4909 dicitur:
2512 4864 2531 4898 ι
2555 4845 2669 4901 Νοιι
2697 4848 2760 4904 ad
2788 4847 3013 4918 populos
3046 4846 3242 4905 multos
3270 4844 3518 4917 profundi
3542 4859 3662 4899 ser-

2084 4939 2261 5004 monis
2283 4945 2337 4992 et
2364 4937 2559 5008 ignota:
2592 4935 2785 5011 linguae
2811 4937 3061 5002 mitteris,
3088 4951 3317 5006 quorum
3345 4951 3455 4990 non
3486 4935 3666 5006 possis

2083 5028 2270 5084 audire
2292 5042 2593 5093 sermones,
2626 5046 2646 5081 ι
2677 5037 2838 5098 atque
2862 5029 3045 5089 statim
3075 5027 3356 5084 subditur:
3385 5045 3405 5078 ι
3424 5025 3490 5081 Ει
3517 5026 3560 5080 si
3595 5025 3662 5079 ad

2084 5118 2203 5175 illos
2240 5118 2554 5184 mittereris,
2576 5116 2652 5177 illi
2694 5116 2944 5173 audirent
2981 5124 3095 5181 te,»
3123 5123 3311 5185 aperte
3354 5114 3671 5173 declaratur

2085 5207 2389 5269 obedientia
2406 5204 2664 5278 gentium,
2682 5221 2801 5275 qua:
2814 5205 3135 5275 quandoque
3150 5202 3559 5273 praedicatorum
3574 5214 3667 5257 vo-

2085 5312 2177 5354 ces
2197 5303 2381 5353 essent
2407 5295 2524 5350 sine
2550 5296 2801 5350 tarditate
2828 5303 3124 5361 secuturae;
3150 5302 3204 5348 et
3231 5309 3355 5349 eum
3380 5292 3660 5351 subditur:

2093 5406 2112 5439 ι
2142 5387 2341 5445 Domus
2376 5385 2540 5443 Israel
2576 5385 2765 5447 nolunt
2783 5384 2980 5441 audire
3007 5391 3080 5448 te,
3111 5383 3236 5454 quia
3267 5382 3455 5439 nolunt
3478 5380 3667 5436 audire

2089 5495 2196 5543 me,
2239 5497 2257 5531 ι
2297 5476 2495 5533 .Iudzeae
2535 5477 2732 5533 duritia
2762 5475 3095 5546 designatur,
3123 5489 3242 5544 quae
3277 5474 3442 5529 verba
3472 5470 3667 5543 praediq

2090 5568 2324 5627 cautium
2364 5575 2420 5621 et
2457 5567 2728 5637 cognovit,
2759 5574 2811 5619 et
2845 5563 2996 5634 sequi
3029 5562 3217 5618 noluit.
3254 5562 3443 5636 Ignota
3481 5568 3671 5616 autem

2091 5658 2267 5733 lingua
2294 5657 2528 5733 gentium
2558 5657 2623 5712 ad
2651 5656 3004 5713 obcdieuduin
3040 5669 3246 5713 moram
3288 5654 3440 5723 fecit,
3469 5664 3665 5731 quarm
