3950 6184
285 214 401 269 5ξὲ5
1268 207 1621 265 COMMENT.
1659 207 1731 262 lN
1771 205 2221 264 EZEClllELEM.
2262 240 2332 249 ——
2373 210 2497 265 LIB.
2540 211 2621 269 lll.
3460 213 3564 271 5‘36

286 334 377 386 vis
410 338 665 384 extranea
708 327 774 381 ab
804 325 1016 395 eloquio
1045 324 1180 395 legis
1217 322 1334 379 fuit.
1384 325 1527 381 Bene
1574 330 1751 378 autem
1801 324 1881 378 di-
1909 332 1950 385 Α
1985 324 2037 378 in
2069 324 2306 385 vulnere,
2337 340 2434 379 cur
2459 320 2746 380 erubescat
2768 326 3028 392 medicus,
3063 327 3153 396 qui
3180 340 3287 396 per
3324 330 3561 386 medica-

282 432 439 479 Cttur
472 441 486 476 :
523 440 543 473 ι
573 419 771 475 Nolunt
800 419 985 473 audire
1015 425 1089 480 te,
1118 416 1242 487 quia
1268 416 1455 471 nolunt
1488 416 1674 470 audire
1716 431 1824 479 me,
1854 436 1872 468 ι
1985 422 2163 467 menta
2210 414 2455 484 providet
2507 413 2755 469 salutem.
2806 413 2962 483 Stepe
3013 430 3143 471 vero
3197 417 3457 489 contingit
3504 431 3566 475 ιιι

288 515 591 572 secundum
628 514 731 567 hoc
760 511 900 580 quod
939 510 1198 579 scriptum
1237 517 1319 583 est
1351 526 1365 562 :
1402 527 1420 558 ι
1449 507 1551 575 Qui
1593 524 1688 562 vos
1731 523 1882 577 sper-
1981 503 2300 571 prmdicator
2334 512 2647 558 reverenter
2668 504 2938 570 audiatur,
2972 520 3505 575 nonuunquamvero
3534 526 3564 564 a

284 607 395 669 nit,
424 618 511 659 me
531 604 737 674 spernit
765 602 913 674 (Luc.
948 599 1024 673 χ).
1057 620 1076 653 ι
1101 600 1272 655 Causa
1299 614 1511 668 quoque
1533 613 1629 654 cur
1656 614 1759 653 non
1786 615 1881 652 au-
1980 597 2251 668 perversis
2278 597 2350 650 ita
2381 596 2688 665 despicitur,
2723 611 2784 650 ac
2825 597 2869 651 si
2907 598 2986 651 eis
3028 598 3161 652 nihil
3200 599 3448 655 utilitatis
3486 601 3563 654 lo-

286 697 445 769 diant
472 692 806 749 subinfertur
842 707 963 744 cum
1004 691 1249 748 dicitur:
1283 710 1302 741 ‹
1328 688 1515 743 Omnis
1550 688 1748 758 quippe
1788 690 1880 743 do-
1978 695 2195 755 quatur.
2247 684 2399 739 Unde
2438 694 2584 740 recte
2615 702 2755 740 nunc
2791 687 3027 741 dicitur:
3066 707 3085 738 ι
3112 689 3181 744 Ut
3222 690 3560 745 adamante“.

286 768 602 841 mus’lsrael
627 784 810 837 attrita
844 781 1019 835 fronte
1052 789 1155 847 est,
1188 787 1241 835 ct
1282 781 1419 835 duro
1456 780 1640 835 corde.
1674 799 1692 832 ι
1746 780 1877 834 Cum
1979 784 2034 830 et
2064 775 2266 829 silicem
2291 775 2409 828 dedi
2442 773 2628 829 faciem
2656 785 2819 830 tuam.
2853 797 2870 829 ι
2915 778 3148 833 Adamas
3177 788 3229 834 et
3254 780 3386 835 silex
3417 789 3564 835 utra-

287 879 487 933 domus
518 874 681 929 lsrael
712 873 894 927 attrita
924 871 1099 927 fronte
1127 880 1181 926 et
1210 871 1347 928 duro
1392 871 1557 926 corde
1599 887 1719 927 esse
1763 886 1880 939 per-

282 967 535 1028 hibetur,
568 964 695 1034 quid
723 963 866 1016 aliud
899 962 1262 1026 sentiendum,
1304 963 1502 1032 quidve
1532 962 1876 1032 cogitandum

283 1068 394 1121 est,
438 1058 543 1113 nisi
586 1058 730 1127 quod
773 1054 1000 1109 frontem
1031 1056 1213 1110 cordis
1256 1055 1310 1110 in
1337 1054 1666 1125 impudentia
1695 1054 1878 1108 atterit

281 1149 447 1220 culpa
487 1148 760 1217 frequens,
787 1156 847 1201 ut
886 1162 993 1216 quo
1036 1146 1280 1201 crebrius
1312 1146 1684 1209 connuittitur,
1723 1160 1787 1200 eo
1813 1146 1878 1199 dc

284 1239 379 1293 illa
419 1236 810 1294 committentis
846 1236 1059 1291 animus
1107 1236 1286 1291 minus
1316 1236 1744 1291 verecundetur?
1779 1234 1878 1289 At-

280 1345 395 1400 que
423 1329 548 1383 ideo
576 1327 643 1383 ad
673 1335 879 1381 tantam
916 1326 1096 1382 cordis
1125 1326 1378 1381 duritiam
1400 1326 1723 1395 quandoque
1751 1341 1876 1396 pec-

282 1430 443 1479 cator
462 1418 724 1490 pervenit,
755 1425 814 1472 ut
837 1418 1003 1471 etiam
1036 1417 1089 1471 in
1116 1417 1455 1486 correptione
1483 1416 1749 1471 sensibilis
1767 1432 1875 1471 non

1980 879 2086 933 que
2116 865 2271 930 dura,
2300 865 2391 919 sed
2426 857 2586 919 tinum
2616 867 2805 919 horum
2844 868 3139 937 pretiosum
3185 878 3285 931 est,
3330 869 3559 924 alterum

1979 956 2104 1021 vile,
2132 956 2367 1011 Adamas
2396 956 2459 1010 ad
2490 965 2864 1011 ornamentum
2900 959 3146 1023 sumitur,
3187 961 3319 1015 silex
3363 962 3431 1017 ab
3476 963 3565 1016 ili.-

1978 1049 2296 1104 nerantibus
2321 1048 2579 1104 calcatur.
2622 1049 2688 1102 Et
2721 1064 2861 1118 szepe
2895 1052 3156 1122 contingit
3192 1062 3251 1107 ut
3291 1054 3388 1109 hos
3426 1069 3561 1123 quos

1978 1132 2376 1213 correptionem
2426 1159 2578 1197 suam
2632 1145 2992 1214 conspicimus
3059 1147 3219 1201 nimis
3290 1149 3556 1203 humiliter

1979 1233 2193 1296 audire,
2233 1233 2659 1288 verccundemur
2712 1235 2791 1290 eis
2836 1235 3018 1305 aliqua
3058 1234 3256 1290 dicere.
3307 1235 3557 1293 Nonnun-

1978 1336 2139 1390 quam
2162 1336 2291 1377 vero
2324 1322 2499 1376 evenit
2537 1333 2596 1376 ut
2633 1337 2727 1378 eos
2770 1339 2906 1393 quos
2948 1323 3365 1393 increpationem
3407 1342 3559 1381 suam

1975 1412 2220 1466 videmus
2234 1422 2576 1482 postponere,
2605 1423 2658 1468 et
2683 1413 2961 1484 despectui
2986 1414 3206 1482 habere,
3231 1418 3559 1487 trepidcmus

281 1510 376 1575 sit,
431 1510 582 1580 quia,
622 1508 714 1579 qui
767 1523 868 1563 usu
902 1507 1163 1579 peccandi
1202 1506 1478 1574 induruit,
1533 1507 1679 1561 nullo
1715 1507 1875 1562 modo
1976 1501 2054 1557 eis
2086 1503 2308 1557 verbum
2338 1504 2737 1573 praedicationis
2766 1504 2986 1561 inferre.
3036 1503 3143 1561 Sed
3170 1507 3216 1561 si
3248 1516 3392 1563 recte
3417 1510 3559 1579 sapi-

278 1603 633 1673 corripientis
668 1602 912 1666 verbum,
940 1601 991 1656 id
1018 1609 1120 1665 est,
1150 1616 1366 1655 manum
1392 1599 1661 1671 palpantis
1688 1598 1871 1663 sentit,
1906 1672 1925 1673 ί
1975 1602 2166 1649 mnset
2182 1595 2249 1649 ad
2264 1610 2357 1650 eos
2378 1596 2620 1665 aquibus
2640 1612 2738 1651 nos
2754 1597 3004 1652 honorari
3020 1599 3469 1669 conspicimus,et
3491 1602 3557 1656 ad

279 1695 431 1750 sicut
474 1693 673 1748 Iudaee
716 1707 931 1763 quoque
972 1692 1217 1747 crebrius
1262 1692 1591 1761 delinquenti
1622 1691 1819 1745 dicitur
1850 1707 1865 1743 :
1899 1672 1943 1731 Β
1970 1700 2114 1741 eosa
2143 1686 2337 1756 quibus
2370 1686 2572 1755 despici
2595 1687 2858 1753 videmus,
2901 1691 3274 1745 auctoritatem
3307 1692 3560 1748 exhorta-

285 1804 305 1835 ι
325 1784 508 1841 Frons
526 1782 769 1839 mulieris
783 1783 1086 1838 meretricis
1106 1781 1249 1838 facta
1269 1791 1354 1837 est
1373 1782 1488 1847 tibi,
1515 1780 1730 1838 noluisti
1750 1796 1873 1835 eru-
1974 1776 2135 1831 tionis
2164 1776 2248 1832 vel
2281 1777 2665 1848 increpationis
2691 1779 2976 1846 sumimus,
3007 1788 3065 1836 ut
3098 1796 3197 1836 nec
3222 1781 3434 1837 illorum
3464 1784 3557 1839 hu—

281 1874 534 1929 bescere.
568 1891 589 1924 ι
614 1872 713 1930 Vel
738 1880 886 1927 certe
920 1872 1104 1926 attrita
1133 1869 1286 1927 frons
1309 1880 1395 1928 est
1419 1871 1471 1926 in
1500 1871 1660 1943 hujus
1688 1870 1873 1925 mundi

276 1964 499 2019 actibus
528 1971 763 2028 assueta,
801 1963 927 2032 quia
968 1962 1111 2015 sicut
1148 1969 1274 2017 sunt
1316 1961 1557 2016 nonnulli
1595 1962 1685 2031 qui
1726 1961 1873 2031 quie-

280 2065 389 2108 tem
427 2055 642 2109 cunctis
671 2054 851 2109 mundi
879 2055 1118 2124 pnemiis
1143 2062 1305 2123 atque
1341 2054 1635 2110 honoribus
1664 2069 1873 2124 praepo-

277 2153 442 2209 nunt,
494 2146 569 2200 ita
605 2143 946 2209 nonnulli,ut
978 2145 1032 2203 in
1064 2147 1166 2205 hoc
1195 2147 1393 2201 mundo
1418 2146 1618 2216 aliquid
1647 2162 1765 2202 esse
1793 2146 1872 2201 vi-

278 2237 540 2300 deantur,
573 2236 801 2291 terrenis
839 2236 1116 2295 laboribus
1153 2236 1426 2303 insudant,
1464 2238 1718 2293 insistunt
1742 2252 1871 2293 cau—

254 2329 375 2389 -sis,
406 2327 805 2397 permiscentur
824 2326 1037 2399 iurgiis,
1077 2336 1134 2384 et
1170 2329 1418 2401 quamvis
1441 2344 1500 2383 se
1527 2343 1752 2398 corpore
1776 2327 1871 2383 de-

276 2418 450 2483 ﬁcere
482 2417 626 2472 inter
660 2416 871 2471 labores
898 2417 1156 2482 sentiant,
1193 2432 1378 2473 amore
1416 2427 1596 2472 tamen
1633 2428 1870 2472 terrena-

280 2524 409 2562 rum
438 2521 618 2561 rerum
658 2507 874 2573 devicti,
916 2507 1309 2563 delectabiliter
1337 2506 1651 2580 fatigantur.

408 2598 553 2652 Ecce
585 2595 701 2651 dedi
725 2596 917 2651 faciem
953 2604 1099 2651 tuam
1130 2596 1481 2652 valentiorem
1508 2595 1749 2654 faciebas
1772 2612 1869 2653 eo-

285 2702 482 2751 rrtun,
535 2698 591 2742 et
634 2684 867 2741 frontem
911 2697 1058 2740 tuam
1090 2687 1363 2741 duriorem
1389 2685 1659 2742 frontibus
1678 2700 1870 2742 eorum

284 2795 305 2830 ι
330 2784 394 2833 ιιι
422 2778 768 2832 adamantem
801 2784 859 2831 et
887 2784 948 2831 ut
971 2776 1178 2831 silicem
1212 2775 1336 2831 dedi
1361 2773 1560 2831 faciem
1596 2786 1766 2841 tuam,
1800 2790 1871 2832 ne

282 2887 303 2919 ε
333 2868 536 2922 timeas
560 2881 653 2922 eos
683 2880 858 2937 neque
872 2874 1080 2923 metuas
1105 2883 1136 2921 a
1162 2866 1299 2922 facie
1314 2881 1522 2931 eorum,
1538 2866 1664 2937 quia
1678 2866 1872 2924 domus

284 2977 303 3008 ι
331 2972 666 3027 exasperatis
704 2965 808 3024 est,
837 2975 857 3009 ι
887 2964 997 3011 etc.
1026 2954 1230 3029 (Hien)
1251 2955 1453 3011 Domus
1479 2955 1643 3011 Israel
1669 2956 1869 3012 attrita:

276 3049 475 3104 frontis
502 3056 605 3111 est,
630 3057 687 3104 et
709 3047 958 3118 procacis
980 3047 1239 3114 audaciae,
1266 3054 1320 3103 et
1341 3047 1476 3103 duro
1496 3048 1576 3104 sic
1609 3048 1771 3107 corde
1808 3057 1868 3103 ut

277 3139 658 3210 scorpionibus
685 3146 1046 3208 comparetur.
1089 3137 1215 3194 Ideo
1241 3139 1363 3195 dedi
1403 3139 1497 3195 tibi
1529 3139 1734 3195 vultum
1764 3141 1866 3196 du-

276 3229 555 3296 rissimum
593 3236 649 3282 et
679 3226 948 3295 frontem,
987 3244 1106 3298 qua:
1139 3230 1285 3284 nullo
1320 3228 1525 3298 pudore
1562 3239 1863 3301 superetur.

276 3320 356 3373 Ex
383 3334 496 3389 quo
530 3319 788 3375 discimus
819 3319 1088 3375 interdum
1112 3320 1302 3391 gratia:
1326 3335 1446 3376 esse
1468 3320 1565 3375 Dei
1587 3319 1867 3391 impuden-

276 3411 365 3465 tize
394 3410 676 3476 resistere,
694 3418 884 3465 etcum
910 3410 1059 3467 locus
1082 3411 1409 3482 poposcerit,
1432 3410 1665 3467 frontem
1689 3409 1868 3468 fronte

274 3511 587 3556 conterere.
621 3500 733 3555 Hoc
759 3509 943 3555 autem
964 3502 1224 3556 tribuitur
1254 3517 1322 3557 ne
1342 3510 1529 3557 nostra
1543 3500 1868 3557 verecundia

277 3600 333 3644 et
372 3592 648 3646 humanus
682 3592 858 3660 pudor
891 3592 1239 3660 pertimescat
1268 3592 1493 3647 insidias
1525 3591 1863 3647 aemulorum.

272 3682 490 3755 (σι-ες.)
515 3683 667 3739 Sicut
705 3685 1027 3739 verecundia
1058 3684 1343 3741 laudabilis
1375 3693 1460 3740 est
1490 3686 1547 3739 in
1573 3685 1747 3752 malo,
1791 3685 1866 3741 ita

281 3775 726 3846 reprchensibilis
767 3784 851 3832 est
888 3792 941 3831 tu
980 3777 1141 3831 bono.
1190 3776 1524 3833 Erubescere
1568 3779 1713 3834 enim
1753 3794 1868 3833 ma-

281 3865 389 3920 lum
420 3867 699 3937 sapientia:
719 3877 817 3934 est,
842 3870 1040 3925 bonum
1067 3884 1197 3925 vero
1218 3869 1539 3925 erubescere
1565 3870 1864 3937 fatuitatis;

279 3958 422 4012 unde
456 3958 717 4029 scriptum
746 3967 830 4014 est
854 3975 871 4013 :
899 3978 917 4012 ι
946 3959 1202 4016 Confusio
1245 3968 1328 4017 est
1368 3961 1640 4016 adducens
1674 3975 1868 4032 pecca—

278 4059 415 4105 tum.
464 4051 532 4105 Et
555 4061 638 4106 est
658 4053 898 4109 confusio
917 4054 1191 4112 adducens
1219 4055 1445 4127 gloriam
1467 4053 1654 4126 (Eccli.
1715 4055 1810 4128 Iv).
1840 4076 1861 4108 ι

276 4141 381 4208 Qui
430 4144 575 4198 enim
621 4147 892 4200 e:ubescit
934 4146 1246 4216 paenitendo
1287 4146 1425 4201 mala
1460 4160 1580 4216 quae
1622 4146 1771 4212 fecit,
1800 4147 1867 4202 ad

278 4234 406 4286 vita:
448 4233 754 4289 libertatem
789 4236 1052 4305 pervenit.
1101 4235 1202 4303 Qui
1249 4250 1379 4290 vero
1408 4236 1687 4292 erubescit
1724 4235 1865 4290 bona

1972 1865 2253 1920 utilitatem
2280 1866 2572 1921 debeamus
2599 1867 2940 1935 erubescere,
2983 1884 3083 1924 nec
3133 1870 3327 1924 borum
3362 1885 3556 1941 super-

1970 1958 2116 2013 biam
2161 1957 2469 2013 formidare.
2511 1958 2730 2014 Dicatur
2763 1973 2892 2029 ergo
2923 1978 2937 2012 :
2973 1981 2992 2012 ι
3019 1959 3150 2014 Dedi
3185 1959 3380 2015 faciem
3412 1970 3554 2016 tuam

1972 2058 2031 2103 ut
2054 2048 2417 2111 adamantem,
2449 2068 2469 2100 ι
2502 2048 2554 2102 id
2579 2055 2679 2111 est,
2707 2048 2751 2102 si
2781 2050 2844 2102 ab
2874 2047 3209 2103 auditoribus
3236 2048 3551 2104 honoraris:

1971 2140 2059 2205 Et,
2089 2158 2107 2191 ι
2129 2140 2249 2195 dedi
2274 2137 2462 2194 faciem
2496 2148 2641 2194 tuam
2665 2131 2725 2194 ut
2745 2140 2969 2205 silicem,
2992 2160 3012 2193 ι
3049 2140 3092 2194 si
3124 2140 3192 2194 ab
3224 2141 3556 2196 auditoribus

1971 2227 2307 2283 conculcaris
2344 2236 2508 2298 atque
2548 2228 2861 2299 despiceris,
2888 2238 2947 2285 ut
2993 2245 3092 2284 nec
3134 2244 3232 2299 per
3270 2230 3436 2284 latum
3461 2232 3561 2286 ιιοη

1971 2331 2156 2373 norem
2174 2316 2476 2373 refrenetur
2501 2317 2756 2394 lingua‘ex
2789 2308 3131 2383 verecundia,
3149 2334 3249 2373 nec
3265 2335 3360 2389 per
3374 2321 3559 2389 despe-

1970 2419 2116 2464 ctum
2142 2417 2318 2465 taceat
2331 2425 2401 2464 ex
2425 2409 2758 2465 infirmitate.
2786 2408 3068 2480 Sequitur:
3093 2429 3111 2462 ι
3134 2410 3212 2465 Ne
3234 2413 3423 2466 timeas
3436 2426 3552 2478 eos,

1969 2513 2145 2570 neque
2172 2510 2380 2555 metuas
2403 2515 2433 2554 a
2464 2499 2601 2555 facie
2621 2514 2831 2566 eorum,
2863 2500 2987 2570 quia
3015 2502 3204 2558 domus
3229 2517 3553 2572 exasperans

1969 2600 2073 2647 est.
2097 2611 2118 2645 ι
2159 2582 2273 2647 Hoc
2302 2590 2415 2661 jam
2479 2592 2726 2662 superius
2752 2594 2951 2648 dictum
2986 2601 3087 2657 est,
3127 2594 3220 2648 sed
3259 2595 3554 2650 notandum

1969 2696 2133 2752 quam
2157 2698 2351 2753 aspera
2378 2684 2568 2738 domus
2602 2685 2887 2749 habeatur,
2926 2684 3081 2755 cujus
3127 2685 3390 2755 asperitas
3440 2694 3548 2740 tam

1970 2775 2166 2830 crebro
2191 2774 2500 2844 replicatur.
2560 2773 2923 2844 lncrepandus
2950 2775 3136 2846 itaque
3162 2782 3416 2846 peccator
3442 2784 3549 2840 est,

1967 2874 2026 2919 et
2060 2879 2334 2933 nunquam
2377 2864 2664 2930 timendus,
2700 2867 2826 2935 quia
2864 2866 3052 2921 domus
3087 2881 3417 2938 exasperans
3447 2876 3549 2923 est.

1971 2954 2174 3012 Timeri
2207 2956 2353 3012 enim
2395 2956 2557 3012 homo
2598 2957 2876 3024 debuerat,
2908 2956 2953 3013 si
2999 2959 3111 3029 ipse
3138 2967 3411 3015 auctorem
3439 2975 3552 3015 om-

1894 3022 1939 3085 (ἶ
1970 3046 2121 3101 nium
2147 3056 2205 3101 ut
2243 3047 2404 3102 homo
2445 3046 2729 3103 timuisset.
2775 3045 2910 3103 Nam
2947 3049 3040 3118 qui
3075 3050 3300 3105 rationis
3332 3065 3549 3105 sensum

1968 3136 2036 3191 ad
2065 3135 2312 3191 timorem
2341 3136 2437 3191 Dei
2466 3151 2571 3192 non
2601 3137 2807 3203 habuit,
2843 3146 2992 3194 tanto
3024 3138 3076 3193 in
3103 3139 3251 3194 nullo
3282 3140 3550 3195 timendus

1967 3235 2072 3294 est,
2094 3236 2297 3297 quanto
2316 3228 2420 3283 hoc
2438 3228 2581 3299 quod
2607 3242 2728 3283 esse
2752 3228 2955 3296 debuit,
2984 3246 3087 3284 non
3112 3238 3212 3286 est.
3251 3228 3547 3300 Sequitur:

2044 3357 2063 3391 ι
2092 3338 2160 3394 Et
2193 3339 2327 3394 dixit
2355 3339 2422 3393 ad
2446 3353 2531 3394 me
2563 3337 2702 3393 :Fili
2743 3339 2998 3405 hominis,
3045 3355 3234 3396 omnes
3270 3356 3550 3399 sermones

1973 3448 1992 3483 ι
2024 3445 2174 3486 meos
2194 3444 2331 3500 quos
2354 3430 2545 3500 loquor
2564 3431 2632 3485 ad
2660 3438 2734 3497 te,
2757 3445 2971 3486 assume
2994 3432 3049 3487 in
3070 3433 3233 3488 corde
3256 3440 3367 3499 tuo,
3381 3443 3436 3489 et
3452 3450 3550 3488 au-

1972 3540 1993 3574 r
2019 3522 2168 3577 ribus
2192 3521 2297 3575 tuis
2312 3520 2436 3575 audi
2453 3537 2468 3587 ;
2482 3527 2538 3575 et
2554 3520 2707 3587 vade,
2737 3521 3021 3593 ingredere
3034 3522 3102 3577 ad
3117 3523 3548 3592 transmigratio-

1972 3629 1992 3663 ι
2019 3626 2142 3666 nem
2169 3609 2398 3665 ﬁliorum
2419 3609 2600 3680 populi
2616 3594 2744 3675 mei,
2765 3628 2784 3661 ι
2801 3618 2906 3665 etc.
2933 3607 3132 3683 (Πίον.)
3160 3609 3269 3665 Iste
3290 3619 3373 3665 est
3395 3611 3549 3667 cibus

1964 3700 2273 3765 voluminis,
2302 3707 2359 3754 et
2388 3700 2503 3756 haec
2527 3708 2653 3755 sunt
2679 3694 2863 3765 verba,
2893 3699 3090 3769 quibus
3115 3712 3215 3769 pro
3236 3699 3547 3756 diversitate

1966 3792 2298 3847 audientium
2324 3790 2405 3844 vel
2434 3790 2689 3855 lamenta,
2713 3789 2798 3847 vel
2815 3805 3054 3856 carmen,
3083 3790 3167 3845 vel
3193 3805 3294 3857 vae,
3316 3791 3547 3846 homini-

1966 3881 2066 3936 bus
2105 3879 2405 3949 loquimur,
2445 3888 2500 3933 et
2542 3886 2721 3934 tamen
2762 3879 3053 3934 notandum
3090 3880 3235 3949 quod
3269 3889 3394 3933 ante
3432 3896 3547 3934 ser-

1967 3986 2154 4026 mones
2190 3969 2282 4023 Dei
2320 3969 2374 4023 in
2412 3977 2596 4024 nostro
2636 3968 2798 4024 corde
2837 3967 3100 4023 condendi
3139 3968 3287 4034 sint,
3325 3969 3547 4022 audien-

1965 4063 2133 4132 dique
2164 4069 2217 4115 et
2250 4061 2578 4131 intelligendi
2623 4060 2933 4130 diligentius
2969 4068 3024 4116 et
3070 4060 3149 4115 sic
3187 4061 3255 4117 ad
3292 4060 3543 4129 populum

1964 4151 2293 4224 proferendi.
2317 4170 2335 4203 ι
2365 4151 2531 4217 Vade,
2561 4151 2753 4221 inquit,
2782 4151 3060 4224 ingredere
3090 4152 3159 4206 ad
3198 4152 3547 4222 transmigrao

1965 4245 2166 4299 tionem
2204 4244 2316 4298 sive
2348 4244 2417 4297 ad
2452 4243 2834 4312 captivitatem,
2864 4244 2932 4298 ad
2965 4242 3104 4297 filios
3140 4241 3318 4312 populi
3358 4243 3485 4297 mei.
3518 4262 3536 4294 ι

278 4320 485 4389 facere,
513 4339 543 4377 a
573 4332 716 4379 statu
766 4325 1104 4380 rectitudinis
1147 4326 1292 4381 cadit
1333 4334 1494 4396 atque
1537 4327 1604 4391 ad
1643 4327 1866 4381 damna-
1897 4377 1942 4402 η
1967 4335 2031 4390 Ει
2077 4334 2336 4390 Dominus
2376 4343 2561 4389 noster
2604 4334 2751 4389 venit
2800 4333 2866 4387 ad
2917 4333 3169 4402 populum
3208 4330 3540 4398 Judteorum,

278 4414 489 4469 tionem
513 4416 710 4480 tendit,
743 4416 884 4471 sicut
904 4430 1000 4486 per
1020 4415 1431 4485 Redemptorem
1453 4417 1687 4472 dicitur:
1716 4436 1735 4469 ι
1759 4416 1864 4484 Qui

277 4521 367 4560 me
397 4505 676 4560 erubuerit
704 4513 759 4559 et
786 4522 936 4562 meos
960 4522 1258 4573 sermones,
1283 4509 1427 4562 hunc
1456 4507 1597 4563 filius
1631 4508 1867 4564 hominis

275 4594 566 4650 erubescet
593 4610 716 4650 cum
751 4597 955 4652 venerit
993 4598 1046 4651 in
1079 4596 1357 4666 majestate
1399 4613 1491 4653 sua
1532 4596 1681 4669 (Luc.
1712 4598 1811 4669 ix).
1842 4617 1861 4649 ι

277 4686 347 4740 Ει
373 4677 617 4757 ειιηῑ’(ιιιὶ
645 4687 783 4743 bona
800 4687 912 4755 jam
942 4690 992 4742 in
1026 4696 1203 4742 mente
1232 4688 1589 4757 conspiciunt,
1625 4689 1720 4743 sed
1745 4703 1868 4742 nec-

278 4779 409 4832 dum
437 4778 592 4833 malis
619 4786 803 4851 aperte
818 4778 1207 4834 contradicunt.
1228 4778 1718 4848 Hi_nimirum,quia
1742 4778 1867 4832 boni

278 4880 410 4924 sunt
434 4870 489 4924 in
517 4878 711 4933 mente,
738 4871 1111 4925 auctoritatem
1141 4887 1244 4925 non
1271 4870 1469 4925 habent
1495 4871 1549 4924 in
1570 4870 1858 4937 locutione,

279 4959 393 5027 apti
436 4959 506 5012 ad
545 4959 788 5014 veritatis
825 4958 1189 5016 defensionem
1233 4976 1338 5014 non
1378 4968 1523 5014 sunt.
1595 4960 1684 5016 Ille
1718 4963 1861 5016 enim

280 5068 405 5106 esse
442 5052 610 5106 debet
637 5052 882 5107 veritatis
918 5052 1185 5115 defensor,
1222 5053 1314 5123 qui
1350 5052 1489 5121 quod
1519 5058 1665 5106 recte
1697 5052 1863 5108 sentit

283 5142 432 5214 loqui
472 5157 571 5196 nec
615 5142 823 5208 metuit,
870 5158 1045 5212 neque
1091 5142 1378 5197 erubescit.
1429 5140 1579 5198 Unde
1625 5156 1768 5196 nunc
1806 5142 1861 5196 in

216 5296 223 5301 ο
285 5247 485 5303 magno
535 5248 758 5288 munere
800 5233 1073 5302 propheta:
1111 5234 1482 5302 promittitur:
1518 5251 1537 5283 ‹
1563 5234 1701 5291 Ecce
1741 5233 1862 5288 dedi

283 5323 483 5377 faciem
507 5330 650 5377 tuam
674 5322 1021 5378 valentiorem
1044 5322 1280 5378 faciebas
1300 5338 1508 5389 eorum,
1544 5331 1598 5379 et
1631 5322 1864 5380 frontem

283 5420 439 5469 tuam
478 5414 746 5470 duriorem
782 5412 1049 5469 frontibus
1088 5428 1293 5468 eorum.
1325 5433 1343 5466 ι
1386 5414 1516 5480 Quis
1561 5422 1645 5469 est
1685 5421 1864 5469 autem

285 5515 548 5577 peccator
587 5506 689 5561 nisi
727 5505 1057 5571 vulneratus,
1091 5505 1281 5574 etquis
1300 5512 1383 5558 est
1417 5503 1736 5573 praedicator
1761 5502 1865 5558 nisi

281 5598 579 5655 medi-cus?
611 5598 668 5654 Si
698 5591 841 5647 Enim
867 5613 967 5654 non
991 5596 1260 5652 erubescit
1292 5604 1562 5666 peccator,
1596 5597 1686 5667 qui
1720 5593 1868 5663 jacet

1893 4377 1943 4436 Ι)

1967 4426 2215 4481 mittente
2241 4425 2426 4489 Patre,
2468 4434 2526 4479 ut
2551 4426 2868 4494 prtedicaret
2890 4423 3117 4493 captivis
3146 4424 3538 4500 remissionem,

1968 4523 2022 4570 et
2043 4514 2420 4583 impiereturiu
2433 4527 2497 4567 eo
2509 4513 2650 4581 quod
2670 4512 2929 4581 scriptum
2949 4519 3031 4566 est
3061 4529 3075 4566 :
3108 4530 3128 4565 ι
3152 4513 3462 4569 Ascendens
3488 4514 3541 4568 in

1969 4607 2157 4673 altum,
2182 4606 2448 4674 captivam
2473 4605 2628 4659 duxit
2643 4605 3025 4675 captivitatem,
3043 4606 3189 4663 dedit
3203 4609 3342 4663 dona
3362 4609 3542 4665 homi—

1970 4696 2145 4751 nibus.
2180 4714 2198 4747 ι
2235 4692 2437 4767 (Greg.)
2463 4693 2759 4764 Vigilanter
2787 4693 3103 4751 intuendum
3128 4698 3374 4767 estquod
3410 4706 3542 4754 voc‘e

1970 4784 2180 4840 Domini
2204 4786 2270 4839 ad
2293 4784 2608 4853 prophetam
2630 4782 2848 4849 dicitur,
2875 4790 2934 4837 ut
2958 4785 3109 4853 prius
3129 4801 3406 4842 sermones
3423 4786 3541 4857 ejus

1965 4874 2144 4929 audiat
2161 4882 2216 4927 et
2237 4871 2571 4943 postmodum
2594 4871 2863 4943 loquatur.
2885 4872 3201 4930 Audivimus
3217 4876 3361 4931 enim
3377 4877 3540 4933 verba

1965 4965 2057 5020 Dei
2083 4964 2127 5018 si
2159 4962 2438 5027 faciamus,
2471 4970 2525 5017 et
2550 4970 2678 5017 tunc
2698 4977 2760 5017 ea
2788 4964 3048 5032 proximis
3071 4958 3218 5021 recte
3247 4965 3537 5032 loquimur,

1964 5068 2087 5107 cum
2114 5052 2266 5122 prius
2300 5050 2400 5120 ipsi
2440 5049 2750 5106 fecerimus.
2802 5050 2956 5127 Quod
2979 5051 3117 5109 bene
3143 5053 3353 5109 Marcus
3373 5067 3540 5109 evan-

1963 5143 2151 5215 gelista
2194 5141 2478 5197 confirmat
2501 5181 2517 5206 ,
2561 5155 2683 5196 cum
2728 5139 2930 5197 factum
2971 5142 3182 5198 Domini
3222 5140 3540 5197 miraculum

1969 5242 2174 5299 narrat,
2208 5234 2429 5288 dicens:
2460 5251 2478 5285 ι
2504 5232 2791 5289 Adducunt
2815 5234 2861 5288 ei
2892 5234 3113 5289 surdum
3151 5243 3202 5289 et
3230 5243 3456 5296 mutum,
3486 5242 3541 5288 et

1969 5322 2396 5393 deprecabantur
2430 5339 2555 5378 eum
2590 5333 2651 5378 ut
2685 5323 2926 5394 imponat
2952 5324 3026 5379 illi
3054 5340 3290 5378 manum.
3319 5343 3339 5376 ι
3378 5322 3542 5391 Cujus

1968 5414 2208 5468 ordinem
2245 5413 2540 5468 curationis
2580 5413 2843 5480 insinuat,
2882 5414 3116 5475 subdens
3147 5430 3159 5467 :
3193 5432 3212 5465 ι
3241 5413 3386 5469 Misit
3409 5414 3544 5484 digi-

1972 5513 2056 5560 tos
2092 5520 2219 5560 suos
2262 5505 2317 5559 in
2357 5504 2645 5572 auriculas,
2674 5520 3048 5575 exspuensque
3082 5506 3256 5575 tetigit
3303 5505 3540 5575 linguam

1971 5594 2104 5663 ejus.
2157 5594 2228 5649 Et
2251 5595 2550 5665 suspiciens
2575 5595 2629 5650 in
2658 5596 2877 5662 cadum,
2907 5595 3185 5666 ingemuit,
3219 5606 3274 5651 et
3303 5595 3377 5653 ait
3411 5594 3485 5653 illi
3516 5610 3534 5651 :
