3950 6184
413 272 513 326 Nil

1044 271 1104 325 Β.
1142 269 1393 326 MBAN!
1430 267 1648 324 MAURI
1686 267 2007 324 ARClilEP.
2041 267 2350 326 MOGUNT.
2387 269 2670 326 OPERUM
2703 270 2884 328 PARS
2919 272 2963 328 ll
2983 309 3001 328 .

3553 279 3657 329 €538

413 383 955 452 Ephpheta,quodest
969 379 1335 451 adaperire.Et
1348 379 1528 434 statim
1543 386 1745 449 aperta:
1757 387 1989 434 suntau—
2011 385 2063 441 Α
2087 386 2441 435 contemnens
2468 380 2677 451 rapitur
2702 397 2733 436 a
2761 381 2974 451 spiritu,
3003 391 3059 438 et
3083 383 3232 439 audit
3257 395 3376 452 post
3400 400 3460 440 se
3483 401 3662 442 vocem

414 491 525 540 res,
543 482 598 528 et
619 473 851 528 solutum
865 482 947 528 est
959 470 1230 526 vinculum
1244 470 1434 539 linguae
1449 468 1584 538 ejus,
1599 477 1654 522 et
1664 468 1984 536 loquebatur

415 573 580 621 recte.
604 585 622 617 ι
661 563 812 632 Quod
838 575 965 617 vero
988 561 1052 615 ad
1076 559 1599 626 transmigrationem
1613 559 1790 628 populi
1805 560 1988 615 admo-

414 657 640 711 uendam
654 655 910 724 propheta
929 651 1176 714 mittitur,
1191 665 1296 704 non
1311 649 1481 704 solum
1495 664 1558 703 ea
1579 649 1986 720 transmigratio

411 746 568 800 debet
599 742 841 811 intelligi,
881 756 999 809 qua)
1038 737 1154 806 ejus
1186 738 1364 809 populi
1393 748 1510 793 erat
1539 739 1592 792 in
1619 753 1865 807 corpore,
1890 738 1984 792 sed

410 833 594 895 etiam,
611 845 728 899 quae
741 829 880 884 facta
903 827 1078 882 fuerat
1096 827 1148 881 in
1164 835 1359 882 mente.
1381 827 1462 880 Ab
1477 825 1773 880 Jerusalem
1789 827 1985 896 quippe

414 921 480 974 ad
530 919 875 988 Babyloniam
934 925 1175 970 venerat.
1226 917 1294 971 Et
1337 915 1465 986 quid
1513 914 1832 981 Jerusalem,
1878 917 1981 970 nisi

417 1008 552 1062 visio
584 1007 768 1077 pacis?
795 1005 931 1070 Ouid
959 1003 1278 1075 Babylonia,
1305 1004 1408 1056 nisi
1441 1003 1684 1057 confusio
1717 1003 1983 1072 interpre-

413 1099 592 1150 tatur?
631 1095 884 1164 Quisquis
917 1109 1044 1148 vero
1073 1109 1102 1146 a
1131 1093 1293 1147 rectis
1320 1093 1573 1162 operibus
1617 1093 1669 1146 in
1715 1092 1984 1163 perversis

412 1186 620 1240 actibus
644 1186 809 1249 cadit,
833 1184 1046 1253 quando
1082 1199 1112 1236 a
1137 1183 1279 1237 bono
1308 1183 1485 1236 studio
1512 1181 1579 1236 ad
1609 1183 1737 1236 vitia
1766 1181 1981 1248 deﬂuit,

410 1275 565 1344 quasi
596 1276 664 1328 ab
692 1272 990 1328 Jerusalem
1033 1271 1100 1326 ad
1143 1271 1448 1342 Babylonia:
1493 1272 1766 1326 civitatem
1813 1273 1978 1327 venit.

407 1364 630 1417 Culmen
663 1364 806 1418 enim
848 1363 999 1415 bona:
1023 1360 1486 1430 contemplationis
1511 1362 1779 1426 deseruit,
1820 1372 1983 1432 atque

406 1451 461 1502 in
493 1447 964 1519 transmigratione
989 1446 1317 1502 confusionis
1354 1445 1502 1500 latet.
1529 1447 1679 1514 Quod
1713 1449 1818 1503 illis
1842 1463 1982 1517 saepe

410 1540 545 1593 solet
588 1540 824 1603 evenire,
867 1538 957 1606 qui
998 1553 1119 1591 cum
1159 1538 1298 1592 bona
1345 1545 1525 1608 agant,
1560 1538 1612 1592 in
1650 1539 1736 1595 his
1773 1539 1840 1594 de
1885 1556 1980 1594 sua

409 1630 606 1683 virtute
656 1627 970 1699 gloriantur.
1021 1626 1172 1682 Unde
1218 1625 1532 1689 Psalmista,
1585 1641 1652 1681 ne
1698 1643 1728 1681 a
1775 1629 1980 1683 visione

2083 468 2457 524 commotionis
2483 483 2708 540 magum,
2736 471 3134 540 praeteritorum
3151 472 3500 539 obliviscens,
3528 485 3576 528 et
3611 477 3659 530 iu

2083 555 2319 610 futurum
2353 572 2413 612 se
2456 559 2754 614 extendens
2774 599 2789 623 ,
2819 568 2877 613 ut
2907 560 3248 615 inimicorum
3280 562 3505 617 insidias
3545 576 3661 633 post

2083 654 2290 718 tergum
2336 648 2680 717 relinqueret.
2712 648 2838 702 Tale
2863 650 2992 720 quid
3017 660 3072 703 et
3105 651 3157 704 in
3207 651 3393 706 Exodo
3438 652 3662 723 legimus

2083 734 2281 805 (Exod.
2313 737 2446 807 xiv),
2476 737 2691 806 quando
2718 737 2926 793 Pharao
2951 747 3007 792 et
3034 741 3209 792 omnis
3237 743 3510 795 exercitus
3537 745 3654 812 ejus

2081 825 2508 894 persequebatur
2535 826 2720 890 lsracl,
2752 838 2806 880 et
2841 828 3064 898 angelus
3113 829 3164 882 in
3210 831 3461 884 columna
3506 833 3658 886 nubis

2081 916 2319 970 deseruit
2350 917 2528 986 priora
2557 925 2886 981 castrorum,
2916 920 3167 985 venitque
3199 930 3319 988 post
3347 929 3579 990 tergum,
3606 933 3658 976 et

2082 1015 2196 1062 tota
2225 1016 2384 1062 nocte
2414 1008 2562 1061 stetit
2609 1007 2749 1062 inter
2776 1007 2936 1062 Israel
2964 1016 3019 1063 et
3046 1009 3346 1080 Aigyplios,
3372 1020 3430 1064 ut
3457 1021 3657 1080 perter-

2083 1097 2202 1151 ritis
2245 1097 2588 1160 adversariis,
2624 1097 2834 1152 audiret
2874 1097 3057 1151 Israel.
3097 1117 3115 1149 ι
3158 1099 3444 1154 Benedicta
3493 1103 3655 1168 gloria

2081 1186 2293 1241 Domini
2315 1187 2380 1241 de
2403 1186 2521 1240 loco
2541 1202 2658 1240 suo.
2688 1206 2706 1238 ι
2733 1187 2910 1241 Locus
2930 1197 3110 1242 autem
3128 1189 3335 1243 Domini
3359 1203 3438 1245 est
3461 1194 3653 1256 cumis,

2080 1275 2135 1329 in
2185 1275 2381 1344 quibus
2427 1276 2718 1344 hospitium
2761 1276 2998 1340 invenit,
3049 1285 3142 1330 aut
3171 1287 3318 1332 certe
3349 1278 3658 1334 iiliuslocus

2080 1367 2272 1437 patris,
2309 1367 2449 1421 sicut
2475 1375 2530 1420 et
2555 1375 2710 1436 pater
2734 1365 2882 1420 locus
2921 1378 3006 1420 est
3034 1366 3152 1430 lilii,
3183 1368 3394 1423 dicente
3431 1369 3656 1427 Domino

2083 1455 2359 1511 Salvatore
2403 1473 2416 1508 :
2468 1475 2486 1507 ι
2523 1455 2634 1524 Ego
2680 1456 2733 1509 in
2763 1455 2939 1520 Patre,
2970 1465 3026 1510 et
3066 1456 3229 1511 Pater
3261 1459 3312 1512 in
3342 1474 3430 1513 me
3473 1459 3650 1530 (locu.

2082 1547 2195 1617 xiv)
2234 1565 2280 1600 ι.
2331 1544 2446 1600 lloc
2489 1546 2630 1600 idem
2682 1545 2949 1615 signiﬁcat
2995 1553 3050 1600 et
3079 1545 3330 1601 Michaeas
3387 1566 3399 1600 :
3457 1567 3474 1599 ε
3521 1549 3658 1603 Ecce

2085 1637 2340 1693 Dominus
2362 1637 2670 1708 egredietur
2696 1637 2764 1690 de
2789 1635 2910 1690 loco
2939 1651 3056 1700 suo,
3099 1645 3156 1691 et
3182 1636 3472 1692 descendet
3497 1653 3656 1707 super

407 1718 575 1788 pacis,
605 1719 657 1772 id
676 1726 779 1782 est,
807 1733 836 1770 a
863 1717 1017 1772 bonis
1042 1715 1251 1771 actibus
1275 1715 1518 1785 captivus
1539 1716 1607 1771 ad
1631 1717 1976 1788 Babyloniam
2007 1718 2052 1776 Β
2080 1726 2292 1782 excelsa
2341 1735 2519 1782 term.
2571 1726 2637 1780 Et
2698 1726 3179 1780 commovebuntur
3239 1735 3448 1782 montes
3497 1743 3655 1798 super

407 1809 714 1879 emigraret,
747 1809 970 1863 Domino
996 1807 1302 1878 supplicans
1327 1807 1458 1863 dicit
1484 1825 1496 1860 :
1529 1826 1547 1859 ι
1576 1806 1801 1876 Adjutor
1825 1822 1976 1863 meus

407 1916 510 1953 nou
536 1899 830 1969 emigrabo.
870 1919 891 1952 ι
925 1899 983 1953 Si
1007 1899 1150 1952 enim
1179 1899 1232 1952 in
1263 1914 1322 1954 se
1347 1899 1672 1964 conﬁderet,
1702 1899 1975 1970 ajustitize

407 1992 658 2062 operibus
689 1993 924 2048 cadendo
971 1993 1272 2063 migrasset.
1301 1991 1408 2047 Sed
1444 2007 1615 2061 neque
1654 1993 1741 2057 hi,
1785 1993 1876 2063 qui
1907 1993 1974 2047 ab

408 2092 553 2138 statu
573 2085 909 2140 rectitudinis
937 2084 990 2137 in
1018 2098 1181 2153 prava
1209 2083 1418 2139 actione
1437 2083 1766 2147 ceciderunt,
1783 2083 1972 2152 despe-

408 2176 560 2229 randi
585 2183 729 2242 sunt,
761 2175 886 2244 quia
917 2174 1335 2243 rectepropheta
1357 2173 1422 2228 ad
1447 2174 1972 2244 transmigrationem

407 2263 713 2333 Babylonia:
740 2263 991 2328 mittitur,
1012 2271 1064 2317 et
1085 2278 1181 2333 per
1198 2263 1515 2333 pr0phetam
1534 2261 1696 2315 alium
1719 2261 1974 2316 Dominus

408 2352 538 2405 dicit
567 2369 592 2432 οε
625 2349 693 2406 Et
721 2351 902 2406 venies
941 2365 1109 2420 usque
1153 2351 1219 2404 ad
1268 2349 1592 2421 Babylonem
1620 2390 1635 2417 ,
1672 2349 1744 2405 ibi
1779 2349 1975 2404 libera-

405 2440 570 2495 beris.
603 2439 755 2511 δεῖρε
778 2440 944 2507 enim,
973 2440 1062 2510 qui
1089 2448 1372 2510 postquam
1397 2439 1450 2493 in
1481 2438 1792 2494 confusione
1820 2439 1975 2493 vitio-

405 2545 525 2584 rum
555 2529 832 2595 ceciderit,
869 2531 1194 2610 egubeseens
1223 2529 1361 2582 mala
1387 2543 1506 2597 qum
1528 2529 1874 2598 perpetravit,
1905 2529 1974 2584 ad

404 2620 774 2690 pmnitentiam
826 2623 1008 2686 redit,
1061 2636 1227 2692 seque
1276 2636 1308 2674 a
1357 2621 1471 2676 suis
1536 2620 1774 2690 lapsibus
1838 2621 1974 2674 bene

341 2747 344 2752 -
406 2711 632 2767 vivendo
660 2713 836 2783 erigit.
873 2713 1012 2780 Quid
1043 2727 1172 2784 ergo
1201 2712 1331 2776 iste,
1365 2712 1470 2766 nisi
1499 2726 1670 2781 usque
1705 2711 1774 2766 ad
1801 2711 1974 2782 Baby-

405 2801 578 2857 lonem
607 2803 776 2868 venit,
797 2811 853 2857 et
878 2804 951 2858 ibi
973 2803 1265 2858 liberatus?
1291 2803 1390 2869 Qui
1411 2811 1691 2872 postquam
1719 2801 1974 2856 confusus

402 2899 579 2946 mente
623 2905 875 2962 perversa
915 2891 1279 2964 perpetravit,
1331 2891 1446 2945 hzcc
1492 2890 1604 2960 ipsa
1649 2891 1972 2945 erubescens

403 2980 564 3046 mala,
587 2996 706 3052 qua:
731 2979 880 3046 fecit,
910 2995 969 3037 se
989 2990 1174 3036 contra
1199 2995 1256 3035 se
1279 2981 1452 3050 erigit,
1469 2989 1524 3034 et
1537 2981 1675 3035 bene
1697 2979 1972 3050 operando

405 3075 472 3130 ad
501 3083 698 3131 statum
724 3074 1064 3132 rectitudinis
1094 3074 1252 3130 redit.
1286 3072 1577 3144 Sequitur:

481 3187 499 3220 ι
536 3169 604 3223 Et
644 3168 878 3237 loqueris
904 3177 962 3224 et
983 3167 1134 3224 dices
1157 3168 1222 3222 ad
1251 3181 1366 3222 eos.
1409 3167 1532 3222 llaec
1559 3167 1688 3222 dicit
1715 3167 1972 3222 Dominus

413 3278 430 3312 ι
451 3259 611 3325 Deus,
631 3259 674 3314 si
698 3257 836 3313 forte
857 3259 1073 3313 audiant
1092 3268 1146 3314 et
1167 3259 1466 3328 quiescant.
1493 3277 1510 3309 ι
1530 3257 1753 3325 Quoties
1778 3257 1972 3312 divinis

406 3351 629 3405 vocibus
649 3347 934 3405 dilllcultas
955 3349 1204 3404 audiendi
1234 3350 1512 3420 repetitur,
1537 3356 1595 3402 ut
1615 3349 1846 3412 dicatur,
1867 3366 1882 3397 ‹
1913 3347 1969 3401 Si

406 3443 543 3496 forte
567 3441 806 3506 audiant,
841 3460 860 3493 ι
895 3440 1021 3510 quid
1043 3439 1185 3495 aliud
1206 3455 1367 3510 quam
1395 3438 1756 3510 transmigrati
1789 3437 1972 3507 populi

405 3529 601 3585 duritia
621 3529 965 3598 designatur?
983 3527 1040 3584 In
1062 3530 1256 3599 quibus
1275 3529 1454 3584 verbis
1464 3519 1658 3599 inagna
1681 3536 1764 3582 est
1785 3537 1970 3580 nostra

406 3621 718 3689 consolatio,
749 3622 874 3692 quia
900 3621 946 3678 si
969 3621 1307 3692 omnipotens
1336 3620 1478 3676 Deus
1505 3619 1819 3690 prophetam
1848 3618 1975 3672 mit-

404 3724 522 3769 tens
564 3713 632 3770 ad
674 3727 985 3784 perversum
1015 3713 1267 3785 populum
1310 3713 1471 3767 verba
1519 3728 1616 3767 sua
1651 3711 1966 3775 denuntiat,

405 3801 617 3859 diilicile
671 3803 894 3868 audire,
935 3819 1034 3858 cur
1059 3817 1159 3858 nos
1194 3803 1376 3858 miseri
1421 3803 1828 3867 contristamur,
1874 3817 1972 3856 cur

404 3911 546 3966 saepe
587 3911 616 3949 a
652 3893 910 3950 fratribus
943 3895 996 3948 in
1036 3904 1220 3950 nostra
1263 3895 1623 3950 admonitione
1668 3894 1969 3950 contemni-

403 3985 559 4040 mur?
570 3983 704 4038 Nam
719 3985 912 4038 crebro
925 3984 1288 4054 delinquentes
1303 3984 1643 4054 alloquimur,
1661 3983 1972 4053 frequenter

403 4073 748 4143 increpamus
765 4111 781 4137 ,
807 4087 950 4142 stupe
976 4087 1097 4127 cum
1125 4073 1205 4128 eis
1229 4071 1438 4126 blandis
1478 4073 1814 4128 sermonibus
1854 4075 1970 4142 agi-

405 4178 546 4230 mus,
570 4172 626 4220 et
649 4171 828 4218 tamen
856 4162 902 4217 si
924 4162 1060 4218 alter
1087 4163 1256 4227 audit,
1277 4161 1414 4217 alter
1434 4163 1622 4217 audire
1651 4165 1966 4228 contemnit,

403 4254 540 4309 alter
565 4269 631 4310 ex
657 4261 810 4324 parte
835 4252 1055 4308 verbum
1081 4250 1471 4307 exhortationis
1513 4250 1770 4320 suscipit,
1802 4260 1856 4305 et
1903 4267 1970 4306 ex

401 4357 554 4417 parte
579 4345 820 4416 recipere
847 4355 1082 4408 recusat,
1101 4341 1172 4397 ita
1203 4351 1258 4396 ut
1281 4339 1518 4411 quotidie
1541 4339 1750 4410 impleri
1785 4340 1968 4395 videa-

401 4409 521 4490 mus
549 4435 651 4490 hoe
669 4409 810 4505 quod
845 4448 943 4505 per
971 4409 1481 4504 prephctamalium
1503 4409 1692 4485 narrat
1713 4431 1970 4487 Dominus
2001 4409 2046 4467 ί)

400 4540 520 4594 quae
541 4519 729 4580 fecerit
757 4524 949 4587 iratus,
979 4538 1100 4577 eum
1130 4521 1288 4578 dicit:
1324 4539 1343 4572 ι
1363 4517 1478 4574 Plui
1509 4533 1671 4590 super
1693 4519 1967 4581 civitatem

401 4629 584 4678 unam,
605 4622 662 4668 et
683 4628 844 4683 super
868 4613 1092 4668 alteram
1122 4612 1395 4667 civitatem
1415 4625 1522 4664 non
1551 4609 1680 4679 plui.
1711 4607 1843 4664 Pars
1863 4626 1969 4667 una

399 4705 667 4774 completa
692 4713 791 4768 cst,
827 4712 881 4758 et
905 4719 1029 4772 pars
1057 4719 1174 4773 quae
1199 4701 1468 4772 compluta
1491 4715 1598 4757 non
1624 4709 1728 4768 est,
1749 4701 1909 4756 aruit.
1943 4721 1961 4753 ι

399 4797 534 4850 Cum
579 4794 722 4849 enim
769 4803 965 4851 sanctm
1019 4794 1409 4852 exhortationis
1451 4792 1616 4850 verba
1659 4793 1767 4850 alia
1814 4809 1967 4848 nens

401 4884 644 4956 suscipit,
682 4883 784 4938 alia
815 4886 1090 4955 suscipere
1120 4893 1362 4954 recusat,
1401 4899 1567 4956 super
1589 4901 1750 4940 unam
1773 4885 1964 4942 civita-

401 4983 507 5028 tem
537 4974 791 5028 Dominus
814 4972 970 5042 pluit,
1000 4983 1055 5027 et
1083 4983 1236 5043 supet
1277 4975 1500 5030 alteram
1528 4989 1635 5030 non
1667 4973 1824 5043 pluit.

477 5082 496 5116 σ
533 5063 601 5118 Et
627 5064 914 5134 assumpsit
933 5079 1019 5118 me
1045 5064 1283 5131 spiritus.
1306 5064 1376 5118 Et
1395 5064 1570 5119 audivi
1611 5071 1734 5134 post
1760 5079 1844 5118 me
1870 5079 1966 5118 vo-

410 5173 427 5202 ι
465 5169 584 5210 cem
616 5154 990 5208 commotionis
1016 5167 1241 5221 magnae.
1263 5153 1546 5208 Benedicta
1563 5153 1729 5224 gloria
1755 5152 1965 5208 Domini

405 5265 424 5298 σ
462 5241 529 5300 ὶΙε
553 5243 674 5299 loco
683 5257 802 5298 suo.
814 5261 833 5296 ι
853 5250 958 5298 etc.
984 5239 1182 5311 (Ilion)
1199 5241 1356 5305 Deus,
1377 5239 1443 5294 de
1457 5257 1564 5312 quo
1578 5241 1836 5312 scriptum
1852 5251 1932 5296 est
1951 5260 1964 5296 z

406 5353 424 5386 σ
460 5333 754 5390 Assumens
778 5341 1088 5387 mansuetos
1115 5328 1390 5395 Dominus,
1411 5329 1554 5400 iipse
1582 5332 1874 5402 assumpsit
1913 5341 1968 5386 et

398 5424 742 5496 prophetam,
772 5421 863 5494 qui
893 5435 997 5475 non
1027 5427 1143 5476 erat
1172 5418 1225 5474 in
1243 5433 1425 5481 carne,
1455 5420 1550 5475 sed
1578 5421 1632 5474 in
1659 5421 1848 5490 spiritu
1871 5462 1884 5485 ,
1914 5431 1968 5476 et

401 5515 679 5576 ambulans
703 5514 754 5570 in
777 5513 990 5585 Spiritu,
1013 5511 1194 5566 carnis
1211 5525 1374 5582 Opera
1401 5525 1506 5566 uou
1549 5511 1827 5584 implebat,
1858 5513 1967 5582 spi-

402 5605 538 5662 titus
586 5603 728 5664 enim
759 5597 852 5658 Dei
904 5609 1021 5658 erat
1063 5599 1117 5656 in
1151 5613 1232 5654 eo.
1275 5597 1632 5664 Quamobrem
1664 5607 1718 5654 et
1748 5606 1963 5657 terrena

2083 1832 2230 1880 eum,
2267 1823 2324 1871 et
2347 1815 2512 1871 valles
2539 1815 2814 1870 tabescent
2843 1817 2983 1870 sicut
3018 1831 3141 1871 cera
3170 1833 3200 1871 a
3235 1817 3372 1874 facie
3396 1819 3568 1889 ignis,
3599 1829 3654 1876 et

2080 1911 2220 1965 sicut
2267 1925 2406 1978 aqua
2455 1924 2574 1978 qua:
2623 1907 2863 1964 defertur
2912 1911 2963 1964 in
3006 1926 3245 1982 prmceps
3290 1912 3477 1983 (Mich.
3524 1915 3584 1985 ι).
3628 1935 3648 1966 ι

2079 2000 2446 2056 Descendente
2469 1999 2611 2054 enim
2641 2000 2864 2057 Domino
2887 2001 3184 2069 Salvatore,
3206 2013 3258 2057 et
3285 2005 3657 2074 proliciscente

2079 2089 2146 2143 de
2166 2088 2348 2154 Patre,
2376 2088 2586 2144 excelsa
2611 2098 2786 2154 terra},
2818 2101 3134 2163 montesque
3156 2096 3408 2149 commoti
3433 2106 3578 2160 sunt,
3599 2108 3654 2151 et

2079 2176 2334 2233 inferiora
2361 2176 2576 2232 vallium
2609 2177 2915 2247 liquefacta.
2945 2179 3130 2236 Potest
3153 2183 3303 2238 locus
3328 2199 3450 2240 esse
3473 2187 3656 2257 gloria:

2079 2265 2329 2331 Domini,
2381 2273 2436 2319 et
2463 2265 2553 2320 lux
2584 2266 3003 2335 inaccessibilis,
3051 2270 3118 2324 de
3145 2285 3251 2339 qua
3281 2281 3335 2326 et
3365 2273 3659 2342 Apostolus

2079 2353 2338 2424 loquitur.
2370 2372 2389 2406 ι
2417 2353 2517 2420 Qui
2541 2354 2690 2410 solus
2707 2355 2868 2412 habet
2894 2357 3368 2426 immortalitatem,
3399 2371 3454 2416 et
3479 2363 3654 2419 lucem

2077 2443 2288 2499 habitat
2338 2443 2784 2500 inaccessibilem.
2821 2465 2841 2499 ι
2881 2446 3104 2514 Quando
3133 2451 3404 2519 praiterita
3447 2453 3653 2524 judicia

2078 2531 2289 2587 Domini
2335 2533 2516 2588 animo
2549 2532 2896 2600 revolvimus,
2945 2536 3246 2592 audivimus
3289 2553 3478 2593 vocem
3534 2551 3653 2611 post

2080 2630 2287 2690 tergum
2332 2622 2712 2678 commotionis
2737 2638 2974 2694 magnae;
3021 2625 3234 2694 quando
3264 2625 3443 2681 futura
3493 2631 3655 2684 corde

2079 2711 2424 2777 meditamur,
2452 2712 2668 2766 auditur
2691 2727 2794 2767 vox
2818 2713 2885 2768 de
2908 2714 3196 2783 prioribus,
3220 2723 3274 2769 et
3305 2731 3372 2770 ex
3422 2718 3508 2772 his
3536 2734 3658 2786 quae

2077 2810 2201 2857 ante
2227 2810 2372 2857 sunt.
2399 2800 2600 2874 (Greg.)
2623 2803 2760 2870 Quid
2787 2804 3014 2869 esthoc,
3038 2807 3179 2875 quod
3204 2809 3484 2876 propheta,
3513 2819 3656 2878 post~

2075 2906 2238 2962 quam
2274 2892 2343 2946 ad
2373 2893 2895 2962 transmigrationem
2926 2892 3155 2948 filiorum
3183 2895 3361 2965 populi
3394 2898 3650 2965 mittitur,

2075 2993 2260 3038 vocem
2301 2991 2424 3053 post
2467 2997 2526 3038 se
2568 2999 2774 3054 magnae
2799 2985 3174 3039 commotionis
3199 2985 3422 3051 audivit,
3474 2989 3656 3044 dicen-

1998 3057 2041 3118 C
2074 3081 2182 3128 tem
2212 3090 2226 3127 :
2259 3090 2278 3124 ς
2312 3071 2602 3129 Benedicta
2627 3073 2794 3144 gloria
2823 3074 3033 3130 Domini
3065 3075 3129 3130 de
3161 3075 3277 3130 loco
3303 3079 3434 3132 suo?
3469 3097 3489 3132 ι
3515 3079 3655 3134 Con-

2071 3177 2261 3218 versus
2297 3165 2494 3236 quippe
2537 3166 2605 3220 ad
2646 3173 2956 3233 peccatores
2997 3165 3302 3236 Babylonia:
3343 3165 3556 3232 fuerat,
3597 3178 3653 3224 et

2042 3268 2046 3271 '
2072 3267 2260 3308 vocem
2285 3252 2468 3324 gloria:
2492 3255 2702 3310 Domini
2726 3255 2794 3308 de
2819 3254 2937 3310 loco
2959 3269 3059 3309 suo
3083 3265 3205 3325 post
3232 3264 3440 3327 tergum
3470 3259 3657 3313 audie-

2073 3345 2185 3399 bat.
2238 3345 2412 3401 Locus
2464 3346 2609 3401 enim
2642 3345 2854 3401 Domini
2900 3345 3227 3410 Jerusalem,
3278 3347 3330 3403 id
3376 3359 3480 3414 est,
3513 3349 3656 3405 visio

2073 3437 2244 3505 pacis,
2275 3437 2400 3506 quia
2448 3437 2700 3491 nimirum
2731 3438 2894 3492 corda
2936 3437 3024 3492 illa
3071 3439 3254 3494 vident
3280 3454 3344 3493 ea
3392 3455 3512 3509 qua:
3556 3441 3652 3496 Dei

2072 3533 2219 3590 sunt,
2247 3541 2370 3594 quae
2389 3526 2454 3580 ad
2478 3527 3002 3593 transmigrationem
3028 3527 3354 3598 Babyloniae,
3378 3529 3428 3582 id
3452 3539 3558 3592 est,
3585 3534 3650 3583 ad

2072 3617 2406 3672 confusionis
2423 3617 2572 3684 vitia,
2594 3634 2700 3673 non
2729 3619 3080 3673 descendunt.
3110 3619 3184 3675 lbi
3213 3621 3354 3676 enim
3384 3622 3654 3677 inhabitat

2071 3705 2234 3771 Deus,
2271 3706 2362 3760 ubi
2390 3721 2516 3761 vera
2541 3723 2643 3778 pax
2674 3709 2952 3777 quaeritur,
2985 3709 3211 3764 interna:
3234 3712 3651 3780 contemplatio-

2073 3797 2158 3852 nis
2178 3797 2344 3868 gloria
2369 3811 2599 3852 amatur.
2617 3799 2753 3852 Nam
2767 3801 2856 3868 qui
2874 3799 2942 3854 ad
2956 3803 3365 3869 perversitatem
3387 3803 3651 3864 deﬂuunt.

2073 3886 2223 3942 locus
2244 3887 2337 3942 Dei
2365 3901 2484 3943 esse
2507 3897 2875 3943 contemnunt.
2916 3889 3090 3944 Locus
3117 3891 3298 3960 gloria:
3329 3891 3420 3946 Dei
3451 3902 3537 3946 est
3570 3895 3653 3949 vcl

2071 3989 2260 4034 sancta
2290 3995 2516 4049 qumque
2539 3980 2742 4044 anima,
2769 3981 2852 4036 vel
2875 3982 3241 4052 unusquisque
3265 3983 3316 4036 in
3339 3983 3654 4039 caelestibus

2071 4086 2396 4140 permanens
2431 4071 2703 4141 angelicus
2729 4072 2974 4142 spiritus,
3020 4080 3076 4128 et
3105 4073 3274 4144 gloria
3322 4074 3535 4128 Domini
3587 4076 3654 4130 de

2074 4162 2190 4217 loco
2216 4178 2313 4217 suo
2341 4161 2698 4226 benedicitur,
2731 4178 2852 4216 cum
2884 4162 2965 4217 vel
2995 4163 3064 4217 ab
3093 4163 3277 4217 electis
3307 4162 3652 4227 hominibus,

2072 4253 2218 4308 vela
2260 4255 2464 4309 sanctis
2515 4254 2720 4324 angelis
2760 4255 2980 4309 auctori.
2999 4255 3239 4310 omnium
3283 4255 3401 4308 laus
3447 4263 3652 4309 acterna

2071 4354 2339 4401 cantatur.
2385 4343 2442 4400 ιιι
2493 4361 2559 4400 eo
2584 4361 2750 4416 ergo,
2801 4346 2945 4416 quod
2981 4344 3115 4414 justi
3166 4346 3234 4401 de
3269 4348 3652 4403 convertendis

2073 4434 2450 4504 peccatoribus
2470 4433 2726 4504 cogitant,
2750 4434 2876 4502 quia
2887 4448 3076 4489 eorum
3100 4434 3227 4488 vitia
3251 4435 3652 4493 considerando

2075 4523 2141 4577 ad
2167 4521 2411 4578 carnales
2451 4529 2604 4576 actus
2647 4521 2861 4576 oculum
2886 4521 3117 4587 ducunt,
3145 4523 3298 4592 quasi
3322 4524 3389 4577 ad
3421 4521 3652 4595 Babylo-

2075 4609 2217 4664 niam
2244 4610 2539 4665 intendant.
2575 4609 2677 4677 Qui
2709 4619 2883 4664 tamen
2913 4625 3011 4680 pro
3047 4620 3185 4665 statu
3227 4627 3338 4665 sua:
3359 4612 3649 4667 rectitudi-

2073 4698 2180 4764 nis,
2208 4701 2333 4768 quia
2355 4699 2409 4754 in
2431 4698 2643 4755 laudem
2685 4699 2777 4753 Dei
2804 4701 2941 4754 bona
2968 4709 3277 4754 sanctorum
3301 4701 3653 4757 considerare

2074 4801 2347 4855 nunquam
2387 4785 2655 4849 desinunt,
2689 4775 2936 4856 quamvis
2979 4804 3079 4858 per
3121 4789 3499 4860 cogitationem
3544 4792 3651 4846 alio

2072 4874 2382 4938 intendant,
2434 4875 2588 4944 quasi
2637 4884 2756 4944 post
2786 4889 2844 4929 se
2891 4877 3074 4947 gloria:
3109 4877 3316 4932 Domini
3349 4892 3538 4932 vocem
3582 4879 3651 4933 ab

2073 4963 2434 5030 Hierusalem,
2466 4965 2516 5018 id
2560 4976 2662 5028 est,
2706 4965 2772 5020 de
2798 4965 2916 5020 loco
2951 4982 3050 5021 suo
3093 4966 3336 5021 audiunt.
3378 4967 3520 5034 Quid
3567 4977 3652 5023 est

2071 5069 2221 5126 ergo,
2249 5056 2390 5124 quod
2419 5063 2540 5124 post
2567 5070 2625 5110 se
2653 5055 2910 5125 propheta
2942 5071 3128 5112 vocem
3169 5058 3373 5130 audivit
3409 5073 3652 5112 commo-

2075 5146 2236 5201 tionis
2265 5162 2470 5217 magua:
2488 5188 2502 5211 ,
2531 5147 2633 5201 nisi
2663 5147 2803 5215 quod
2835 5155 2955 5216 post
2978 5162 3282 5203 sermonem
3313 5149 3654 5218 praedicatio-

2073 5236 2186 5301 nis,
2225 5238 2313 5305 qui
2344 5237 2404 5294 lit
2431 5239 2496 5292 ad
2539 5238 2698 5292 corda
2725 5238 3084 5307 peccantium,
3113 5237 3344 5294 lamenta
3381 5239 3647 5308 pmniteu-

2072 5329 2204 5384 tium
2235 5330 2567 5400 sequuntur?
2617 5329 2864 5384 Perversi
2890 5329 3033 5384 enim
3065 5331 3283 5401 quippe,
3313 5331 3439 5385 dum
3482 5346 3650 5406 prava

2071 5427 2255 5490 agunt,
2283 5429 2332 5475 et
2363 5435 2394 5474 a
2436 5419 2597 5489 justis
2624 5429 2771 5475 recta
2799 5435 2902 5474 non
2934 5421 3176 5486 audiunt,
3207 5423 3453 5476 nesciunt
3487 5435 3649 5492 quam

2070 5512 2179 5568 sint
2190 5513 2370 5582 gravia
2385 5527 2504 5584 qua:
2519 5513 2882 5578 committunt,
2900 5521 3062 5585 atque
3074 5529 3137 5568 ex
3156 5515 3266 5585 ipsa
3283 5531 3378 5568 sua
3394 5515 3648 5586 ignoran<

2069 5599 2143 5654 tia
2190 5601 2243 5657 in
2292 5617 2390 5674 suo
2419 5611 2636 5670 stupore
2663 5600 2838 5656 securi
2865 5601 3012 5667 s'unt,
3040 5611 3090 5655 et
3113 5601 3354 5670 iacentes
3387 5603 3440 5657 in
3473 5599 3648 5667 culpis
