3950 6184
289 257 395 315 Ξεὲ)
1270 257 1622 316 (ΞΟΜΜΕΝΤ.
1668 259 1732 314 IN
1769 259 1838 315 E7

1941 215 2334 314 ιιιειειιζ-
2368 261 2498 318 Lis.
2537 263 2626 320 in.
3463 273 3571 331 ιτα

285 371 445 444 quasi
485 371 722 429 molliter
749 372 1114 442 requiescunt,
1145 372 1284 428 sicut
1314 374 1380 428 de
1407 373 1638 443 quodam
1683 389 1878 442 pecca-
1907 373 1953 432 Α
1984 373 3142 452 rum,legitctrecognoscit,qniaintrorsus
3156 387 3388 453 rediens,
3408 390 3565 445 intel-

285 477 407 519 tore
433 472 485 520 et
517 480 712 520 securo
739 463 934 534 populo
959 463 1158 519 dicitur
1188 481 1201 517 :
1235 464 1520 533 chuievit
1567 467 1618 520 in
1664 465 1872 544 fecihus
1973 461 2090 534 ligit
2111 467 2253 535 quod
2278 466 2409 521 foris
2437 468 2604 523 audit.
2623 471 2783 525 Aliud
2803 489 3032 543 namque
3058 485 3140 531 est
3159 475 3558 548 eleemosynam

282 557 420 619 suis,
437 558 565 627 quia
588 573 812 612 securus
829 555 998 625 jacuit
1022 555 1074 610 in
1097 556 1353 625 peccatis.
1378 555 1510 610 Cum
1536 571 1663 609 vero
1684 557 1870 611 audire
1971 568 2038 627 ex
2061 565 2326 625 praecepto
2351 556 2549 622 facere,
2575 568 2738 630 atque
2761 560 2902 615 aliud
2933 578 2998 616 ex
3024 563 3307 620 charitate.
3329 566 3404 620 Ex
3423 583 3560 637 prac-

280 649 526 719 perversi
549 647 1185 717 verbumpraadieationis
1198 648 1870 716 cmperint,qn:esintsup-
1970 655 2126 714 cepto
2141 649 2282 702 enim
2309 648 2488 704 facere
2518 652 2715 704 bonum
2746 653 3113 710 inchoantium
3145 666 3248 722 est,
3275 674 3339 713 ex
3372 661 3556 715 chari-

278 739 440 808 plicia
477 747 676 792 aeterna
712 752 1075 808 cognoscere,
1118 736 1210 808 qui
1241 745 1417 792 terror
1438 738 1625 806 judicii
1651 778 1665 803 ,
1701 753 1864 806 quam

277 833 498 888 subtilis
525 831 856 885 examinatio
881 831 950 884 de
1000 829 1226 899 singulis
1259 831 1562 899 quibusque
1591 830 1862 899 peccatis,

277 923 422 977 illico
447 922 891 981 contremiscunt,
924 919 1218 990 implentur
1246 919 1537 991 gemitibus
1562 961 1576 982 ,
1600 929 1775 973 etnon
1803 933 1862 972 se

274 1012 617 1085 capientibus
644 1010 892 1080 suspiriis
916 1010 1230 1074 anxiantur,
1258 1021 1419 1078 atque
1442 1024 1637 1079 magno
1659 1025 1860 1077 pavore

273 1101 550 1166 concussi,
596 1102 648 1155 in
683 1101 827 1155 luctu
855 1109 910 1154 et
933 1098 1148 1154 ﬂetibus
1179 1108 1488 1168 erumpunt.
1533 1101 1857 1168 Prophetam

269 1208 404 1262 ergo
436 1207 540 1246 vox
581 1207 788 1259 magna:
818 1191 1196 1245 commotionis
1239 1191 1517 1258 sequitur,
1564 1191 1690 1259 quia
1737 1198 1862 1259 post

269 1284 499 1338 verbum
534 1282 953 1353 prmdicationis,
981 1295 1369 1336 conversorum
1401 1291 1563 1351 atque
1588 1282 1860 1351 pmniten-

269 1374 408 1427 tium
439 1371 616 1426 luctus
659 1370 970 1425 audiuntur.
1003 1369 1103 1436 Qui
1134 1370 1280 1425 enim
1326 1371 1474 1439 pains
1517 1370 1685 1439 quieti
1707 1369 1858 1435 jace-

265 1463 403 1517 hant
446 1463 502 1517 in
539 1460 782 1525 vulnere,
826 1461 959 1515 tacti
1000 1461 1339 1530 postmodum
1387 1476 1546 1514 manu
1578 1461 1856 1516 medicina:

265 1569 394 1609 cum
423 1551 609 1607 dolore
643 1552 868 1606 redeunt
913 1551 980 1605 ad
1010 1551 1256 1606 salutem.
1290 1549 1406 1616 Sed
1434 1551 1558 1621 quid
1587 1567 1687 1605 vox
1739 1553 1852 1621 ipsa

262 1645 414 1698 dicat
444 1643 746 1698 audiamus.
784 1662 802 1694 ι
839 1642 1129 1696 Benedicta
1159 1641 1327 1714 gloria
1373 1642 1586 1697 Domini
1630 1643 1697 1698 de
1734 1643 1852 1698 loco

1969 745 2079 792 tate
2105 746 2284 791 autem
2308 739 2504 793 bonum
2525 739 2701 794 facere
2722 744 3105 811 perfectorum,
3123 747 3212 814 qui
3245 764 3350 802 non
3379 750 3551 804 solum

1967 826 2093 893 quia
2111 823 2350 892 jubetur,
2373 827 2594 892 faciunt,
2613 832 2704 883 sed
2722 832 2884 885 etiam
2903 833 3130 903 diligunt
3147 835 3393 891 faciendo
3408 841 3552 908 quod

1957 913 2196 980 jnlietur.
2245 916 2382 970 Hinc
2428 926 2513 971 est
2540 919 2684 972 enim
2721 922 2862 988 quod
2908 923 2960 976 in
2991 939 3182 992 magna
3214 926 3412 981 virtute
3453 943 3553 997 per
3643 987 3646 996 ,

1963 1003 2305 1060 Psalmistam
2333 1007 2532 1062 dicitur
2558 1027 2570 1060 :
2608 1029 2625 1059 ‹
2659 1007 2792 1064 Vide
2817 1012 2940 1080 quia
2969 1015 3222 1068 mandata
3248 1024 3337 1070 tua
3363 1017 3546 1084 dilexi,

1963 1093 2228 1160 Domine,
2297 1096 2350 1148 in
2390 1107 2479 1150 tua
2529 1097 2902 1153 misericordia
2952 1101 3165 1156 viviﬁca
3217 1120 3301 1157 me
3360 1086 3542 1174 (Psal.

1961 1187 2169 1258 cxvm).
2229 1208 2246 1240 ι
2285 1188 2374 1244 Sic
2403 1189 2492 1258 qui
2538 1191 2808 1245 castitatis
2847 1192 3050 1247 bonum
3101 1196 3151 1248 in
3185 1212 3281 1249 suo
3321 1214 3545 1267 corpore

1959 1279 2225 1343 custodit,
2276 1289 2462 1334 contra
2493 1280 2829 1336 luxuriantes
2859 1283 2973 1336 zelo
3010 1287 3342 1349 accenditur,
3378 1297 3434 1340 ut
3476 1290 3544 1342 ab

1957 1369 2313 1424 immunditiae
2339 1371 2566 1426 maculis
2596 1372 2898 1442 expientur.
2946 1375 3012 1427 Et
3056 1391 3196 1444 smpe
3224 1377 3347 1430 dum
3379 1394 3541 1447 quos-

1957 1459 2083 1513 dam
2120 1460 2172 1514 in
2205 1460 2446 1531 lapsibus
2483 1463 2706 1528 invenit,
2748 1464 3001 1530 edomat,
3047 1464 3233 1536 aﬂligit
3273 1477 3434 1536 atque
3473 1468 3540 1523 ad

1955 1549 2231 1604 castitatis
2262 1552 2577 1606 munditiam
2611 1553 2910 1624 restringit.
2945 1553 3109 1622 Cujus
3139 1556 3182 1610 si
3221 1555 3359 1611 forte
3388 1573 3542 1612 mens

1955 1639 2022 1694 de
2064 1639 2404 1696 immunditia
2426 1643 2652 1698 luxnria:
2697 1646 2859 1699 fuerit
2883 1655 3117 1712 tentata,
3149 1665 3214 1702 ex
3248 1650 3362 1719 ipso
3386 1651 3541 1706 docet

260 1749 388 1788 suo.
439 1752 460 1786 ι
503 1733 681 1790 Locus
720 1734 863 1790 enim
911 1733 1128 1805 maligni
1173 1734 1398 1803 spiritus
1438 1733 1655 1789 fuerant
1688 1736 1851 1790 corda
1883 1716 1928 1775 Β
1958 1731 2076 1785 zelo
2100 1747 2208 1802 quo
2237 1732 2372 1788 alios
2399 1736 2655 1800 correxit,
2685 1739 3030 1808 semetipsam
3058 1716 3307 1795 convenit
3334 1754 3386 1796 et
3414 1758 3538 1798 ern-

260 1824 637 1896 peccantium,
666 1824 760 1880 sed
785 1839 907 1879 eum
938 1809 1288 1893 sibimetipsis
1312 1825 1434 1879 irati
1465 1840 1560 1895 per
1586 1826 1853 1895 poeniten-

261 1917 398 1974 tiam
448 1917 676 1972 redeunt
717 1917 786 1972 ad
807 1917 995 1980 vitam,
1036 1916 1222 1988 gloria:
1250 1917 1462 1972 Domini
1508 1919 1659 1975 locus
1696 1920 1845 1986 ﬁunt,

252 2008 372 2077 jam
403 2023 464 2063 se
491 2018 680 2063 contra
708 2023 768 2063 se
816 2008 1053 2078 erigunt,
1079 2005 1194 2075 jam
1220 2008 1553 2078 ptenitentiae
1593 2009 1850 2081 lacrymis

259 2102 626 2172 insequuntur
652 2099 811 2166 mala,
843 2114 964 2169 quae
988 2100 1396 2155 commiserunt.
1429 2100 1557 2156 lnde
1577 2117 1706 2172 ergo
1753 2117 1849 2156 au-

259 2190 412 2246 ditur
437 2190 742 2245 benedictio
767 2189 948 2258 gloriae
976 2189 1029 2243 in
1054 2188 1214 2244 laude
1244 2189 1371 2255 Dei,
1403 2192 1546 2246 unde
1570 2193 1721 2261 prius
1759 2208 1848 2248 so-

257 2283 430 2340 nabat
456 2280 730 2337 Creatoris
767 2279 965 2350 injuria
1007 2281 1074 2335 de
1117 2295 1300 2335 amore
1329 2283 1612 2350 prmsentis
1639 2283 1842 2350 smculi,

256 2381 313 2428 et
338 2373 508 2428 corda
540 2371 915 2443 pmnitentium
943 2371 1077 2427 ﬁunt
1096 2372 1210 2442 jam
1241 2373 1469 2427 Domino
1507 2372 1658 2428 locus
1685 2390 1843 2441 suus,

255 2479 381 2534 qua
405 2464 561 2534 prius
587 2463 641 2518 in
671 2463 910 2535 peccatis
937 2464 1132 2533 posita,
1171 2463 1391 2519 fuerunt
1418 2465 1569 2521 locus
1613 2465 1841 2521 alienus.

254 2554 334 2610 De
363 2554 564 2624 quibus
591 2554 767 2608 adhuc
794 2553 1041 2609 subditur
1066 2571 1078 2608 :

327 2727 348 2760 ι
370 2709 440 2764 Ει
451 2721 635 2764 vocem
649 2707 854 2764 alarum
869 2708 1176 2763 animalium
1189 2708 1604 2780 percutientium
1618 2708 1844 2764 alteram

256 2820 276 2853 ι
313 2799 384 2854 ad
407 2799 662 2864 alteram,
685 2807 792 2854 etc.
826 2819 846 2852 ι
879 2799 1099 2854 Audivit
1128 2808 1250 2870 post
1281 2815 1340 2855 se
1364 2801 1626 2870 propheta
1651 2816 1843 2856 vocem

251 2892 640 2949 commotiouis
666 2905 894 2964 magnae,
924 2891 1070 2964 quia,
1098 2892 1239 2946 sicut
1262 2891 1463 2946 dictum
1493 2902 1596 2957 est,
1618 2892 1844 2946 verbum

248 2984 664 3057 praedicantlum
695 2983 872 3038 luctus
911 2982 1288 3053 ptenitentium
1318 2983 1586 3052 sequitur.
1623 2982 1844 3038 Audivit

1952 1823 2125 1882 bescit
2170 1825 2446 1880 immunda
2503 1828 2773 1897 cogitare,
2827 1845 2944 1897 quae
2988 1845 3046 1884 se
3087 1832 3140 1884 in
3193 1832 3312 1886 aliis
3349 1834 3534 1888 recolit

1952 1915 2276 1970 correxisse.
2307 1915 2363 1969 ln
2387 1917 2488 1971 hoc
2509 1932 2637 1987 ergo
2663 1917 2746 1971 ala
2772 1918 2912 1972 alam
2941 1922 3191 1988 percutit,
3218 1923 3343 1975 dum
3367 1922 3537 1978 virtus

1949 2007 2204 2061 virtutem
2233 2007 2430 2077 pulsat,
2449 2017 2502 2063 et
2528 2009 2596 2063 ab
2617 2009 2954 2063 immunditia
2979 2011 3232 2064 custodit.
3261 2011 3356 2064 Sin
3384 2027 3533 2078 vero,

1949 2107 2008 2153 ut
2021 2097 2228 2168 prtefati
2248 2115 2452 2164 sumus,
2471 2099 2707 2154 vicissim
2725 2115 2784 2154 se
2797 2101 2894 2154 alis
2909 2101 3022 2154 suis
3039 2100 3290 2154 animalia
3311 2100 3531 2169 feriunt,

1949 2199 2004 2245 et
2034 2191 2116 2244 ala
2140 2191 2310 2246 altera
2342 2193 2408 2246 ad
2429 2191 2653 2246 alteram
2675 2193 2814 2246 alam
2840 2193 3140 2263 percutitur
3160 2192 3490 2262 singulorum
3515 2210 3530 2248 :

1948 2282 2108 2352 hujus
2137 2297 2350 2352 quoque
2379 2281 2758 2350 descriptionis
2790 2282 3051 2353 largiente
3084 2283 3311 2336 Domino
3339 2297 3530 2336 sensus

1946 2381 2114 2442 patet.
2144 2373 2283 2439 Quid
2312 2381 2548 2442 estergo
2569 2374 2710 2442 quod
2735 2373 2849 2426 haec
2873 2382 3100 2442 pennata
3131 2372 3382 2426 animalia
3417 2371 3528 2426 alas

1947 2452 2174 2529 alteram
2208 2464 2274 2518 ad
2318 2463 2543 2517 alteram
2574 2464 2807 2529 feriunt,
2835 2464 2936 2517 nisi
2969 2462 3110 2533 quod
3138 2479 3325 2518 omnes
3354 2464 3525 2518 sancti

1945 2570 2006 2609 se
2037 2555 2264 2609 invicem
2295 2555 2409 2608 suis
2431 2554 2721 2608 virtutibus
2770 2563 3027 2623 tangunt,
3061 2562 3115 2608 et
3145 2569 3264 2609 sese
3304 2554 3370 2607 ad
3402 2568 3526 2623 pro.

1946 2653 2162 2699 vectum
2187 2645 2514 2700 excitanth
2555 2644 2988 2700 consideratione
3031 2644 3250 2699 virtutis
3294 2643 3523 2699 alienae?

1943 2736 2062 2792 Non
2089 2737 2234 2791 enim
2261 2737 2352 2790 nni
2383 2737 2583 2792 dantur
2607 2736 2811 2801 omnia,
2841 2749 2907 2788 ne
2935 2735 2987 2788 in
3018 2735 3325 2804 superbiam
3353 2734 3524 2790 elatus

1944 2829 2122 2892 cadat,
2171 2826 2264 2881 sed
2316 2827 2442 2881 huic
2485 2827 2645 2880 datur
2671 2825 2814 2894 quod
2859 2824 2955 2879 tibi
2985 2839 3090 2878 non
3131 2825 3312 2888 datur,
3346 2833 3400 2878 et
3430 2826 3522 2881 tibi

1944 2917 2103 2972 datur
2143 2915 2285 2984 quod
2319 2914 2394 2968 illi
2443 2916 2764 2982 denegatur,
2808 2921 2866 2968 ut
2911 2914 3038 2967 dum
3087 2913 3188 2967 istc
3217 2914 3526 2969 considerat

1942 3007 2144 3061 bonum
2173 3005 2316 3075 quod
2365 3005 2572 3070 habes,
2622 3013 2677 3058 et
2708 3004 2821 3075 ipse
2864 3020 2968 3059 non
3015 3004 3197 3068 habet,
3234 3013 3284 3059 te
3325 3005 3424 3060 sibi
3471 3007 3521 3060 in

249 3085 377 3154 Post
401 3092 463 3132 se
485 3092 675 3168 Vocem
704 3074 909 3168 alarum
937 3073 1270 3168 ammalium'
1301 3073 1426 3144 quia
1448 3089 1514 3128 ex
1544 3074 1660 3144 ipso
1685 3073 1832 3128 lum“
1862 3073 1907 3136 (ἶ
1940 3073 2543 3168 eogilatioheprmferat.
2569 3095 2636 3149 Et
2658 3073 2891 3158 rursum,
2917 3096 3043 3149 dum
3067 3104 3122 3149 tu
3151 3095 3348 3151 habere
3373 3097 3521 3151 illum

246 3167 632 3241 pmnitentium
657 3166 906 3220 oriuntur
930 3165 1158 3220 virtutes
1186 3174 1496 3220 sanctorum
1523 3205 1540 3231 ,
1580 3173 1637 3219 ut
1685 3174 1833 3220 tanto

246 3259 427 3331 magis
456 3259 511 3313 in
562 3264 750 3313 sancta
793 3256 1008 3311 actione
1038 3254 1342 3324 proﬁciant,
1389 3265 1592 3325 quanto
1621 3271 1680 3310 se
1708 3263 1834 3310 ante

245 3350 619 3422 cognitionem
665 3348 788 3402 vitae
823 3346 1074 3417 nequiter
1097 3346 1273 3417 egisse
1311 3347 1694 3401 meminerunt.
1726 3346 1833 3400 Sed

246 3455 332 3501 est
360 3445 414 3498 in
442 3443 530 3498 his
555 3442 736 3498 verbis
776 3455 968 3512 magna
1011 3439 1306 3504 dubitatio,
1340 3439 1465 3510 quia
1511 3454 1616 3492 non
1648 3446 1834 3508 aperte

244 3552 347 3607 per
376 3537 694 3607 prophetam
719 3535 936 3600 dicitur,
968 3543 1150 3588 utrum
1180 3534 1600 3603 unumquodque
1629 3531 1828 3585 animal

245 3628 366 3683 alas
385 3642 514 3682 suas
538 3627 593 3680 in
619 3625 922 3695 semetipsis
942 3626 1229 3694 percutiat,
1250 3640 1320 3679 an
1341 3634 1490 3682 certe
1512 3627 1626 3681 haec
1642 3625 1830 3679 eadem

245 3727 438 3776 sancta
467 3717 722 3772 animalia
748 3717 849 3772 alis
873 3717 987 3772 suis
1012 3731 1070 3772 se
1096 3717 1331 3773 vicissim
1359 3716 1584 3781 feriant,
1612 3726 1672 3772 ut
1715 3717 1832 3772 alas

245 3814 414 3882 hujus
439 3812 695 3877 alterum,
711 3819 767 3866 et
787 3809 901 3864 alas
925 3809 1148 3864 alterius
1173 3810 1318 3864 istud
1345 3818 1548 3880 tangat.
1577 3809 1682 3865 Sed
1704 3810 1830 3880 quia

241 3906 570 3980 plerumque
613 3903 668 3958 in
709 3917 868 3958 sacro
904 3901 1118 3971 eloquio
1180 3901 1301 3956 ideo
1351 3900 1553 3972 aliquid
1601 3902 1830 3956 obscure

242 3998 468 4061 dicitur,
495 4005 552 4052 et
583 3996 930 4068 dispensante
960 3993 1282 4049 mirabiliter
1302 3993 1414 4048 Deo
1457 3993 1831 4062 multipliciter

240 4100 572 4161 exponatur,
616 4104 717 4145 nos
745 4096 976 4157 utraque
996 4100 1267 4157 exponere
1306 4085 1569 4155 largiente
1603 4085 1830 4140 Domino

243 4183 529 4237 debemus.
549 4180 702 4252 Saepe
718 4181 861 4235 enim
884 4180 999 4235 alas
1019 4178 1332 4234 animalium
1355 4179 1581 4232 virtutes
1595 4177 1830 4234 diximus

241 4288 374 4330 esse
409 4281 741 4340 sanctorum,
773 4273 1040 4341 quomodo
1065 4286 1194 4342 ergo
1236 4270 1658 4341 unumquodque
1707 4270 1828 4324 ani-

243 4364 358 4422 mal
386 4363 502 4419 alas
525 4379 650 4419 suas
670 4365 952 4419 excutiens
979 4362 1202 4417 alteram
1225 4363 1291 4417 ad
1319 4361 1542 4416 alteram
1570 4362 1823 4431 percutit,

1937 3188 2230 3258 conspicis,
2279 3186 2422 3255 quod
2447 3186 2561 3256 ipse
2589 3201 2694 3239 non
2722 3185 2906 3248 habes,
2938 3193 2990 3239 te
3015 3186 3088 3239 illi
3118 3188 3171 3239 in
3204 3195 3292 3240 tua
3320 3175 3523 3258 cogita—

1935 3281 2082 3334 tione
2110 3287 2423 3356 postponas,
2453 3285 2509 3331 et
2539 3276 2630 3331 ﬁat
2655 3277 2797 3346 quod
2844 3276 3102 3344 scriptum
3147 3284 3267 3330 est:
3303 3296 3320 3327 ι
3351 3277 3522 3347 Supe-

1936 3370 2108 3424 riores
2139 3368 2241 3422 sibi
2269 3367 2500 3421 invicem
2527 3366 2896 3430 arbitrantes;
2929 3383 2946 3415 ι
2972 3373 3034 3418 ιιι
3067 3365 3212 3419 enim
3249 3381 3417 3432 pauca
3451 3383 3515 3421 ex

1934 3459 2121 3513 multis
2153 3457 2362 3526 loquar,
2388 3456 2475 3510 isti
2506 3456 2656 3509 mira:
2679 3455 3019 3509 abstinentige
3043 3455 3214 3509 virtus
3238 3455 3514 3522 tribuitur,

1933 3559 1988 3604 et
2012 3557 2194 3604 tamen
2215 3548 2437 3603 verbum
2460 3546 2701 3602 scientiae
2724 3562 2828 3600 non
2848 3545 3028 3598 habet.
3053 3544 3131 3598 llli
3159 3549 3314 3599 datur
3339 3561 3518 3600 sermo

1933 3639 2191 3703 scientiae,
2220 3647 2277 3694 et
2302 3646 2478 3692 tamen
2506 3637 2760 3690 virtutem
2786 3633 3037 3705 perfecta:
3062 3634 3401 3688 abstinentia:
3425 3637 3518 3688 ad-

1932 3730 2266 3802 prehendere
2305 3737 2534 3784 conatur
2561 3735 2617 3782 et
2661 3741 2768 3780 non
2814 3725 2974 3778 valet.
3001 3723 3137 3778 Huic
3176 3723 3396 3778 libertas
3422 3726 3516 3780 tri-

1931 3820 2118 3875 buitur
2159 3817 2337 3882 vocis,
2388 3826 2448 3870 ut
2501 3815 2775 3886 oppressis
2821 3814 3123 3882 quibusque
3169 3815 3516 3884 protectionis

1931 3909 2182 3965 solatium
2205 3908 2548 3978 impendens,
2579 3905 2645 3959 ad
2673 3904 3041 3960 defensionem
3083 3902 3305 3974 justitia:
3349 3905 3515 3961 libere

1931 3996 2363 4068 loquatur;.sed
2415 4007 2596 4049 tamen
2647 3994 2822 4050 adhuc
2858 3994 3025 4047 multa
3066 3994 3119 4048 in
3161 3995 3265 4050 hoc
3314 3995 3515 4049 mundo

1929 4090 2232 4160 possidens,
2271 4086 2578 4157 relinquere
2607 4086 2788 4142 omnia
2825 4085 2938 4140 vult
2981 4093 3037 4140 et
3079 4100 3185 4140 non
3225 4085 3386 4140 valet.
3433 4085 3512 4141 Illi

1929 4179 2193 4249 verojam
2242 4181 2425 4235 datum
2473 4185 2557 4233 est
2601 4177 2784 4233 omnia
2811 4187 3026 4232 terrena
3072 4177 3408 4246 relinquere,
3455 4188 3514 4231 ut

1929 4271 2067 4326 nihil
2092 4271 2146 4326 in
2169 4271 2275 4326 hoc
2304 4271 2505 4324 mundo
2531 4270 2713 4339 cupiat
2744 4268 2962 4331 habere,
3007 4268 3099 4321 sed
3129 4277 3304 4321 tamen
3337 4269 3512 4322 adhuc

1931 4362 2310 4417 auctoritatem
2348 4361 2498 4416 vocis
2543 4368 2728 4414 contra
2782 4366 3067 4428 peccantes
3114 4371 3358 4426 quosque
3401 4374 3509 4413 non

240 4420 354 4514 nisi
384 4459 528 4527 quod
557 4465 740 4526 aperte
778 4456 939 4512 datur
966 4454 1190 4523 intelligi
1239 4455 1386 4524 quia,
1418 4453 1463 4509 si
1494 4420 1681 4510 sancta
1711 4420 1827 4508 ani;
1855 4420 1905 4479 Β
1933 4454 2214 4525 praesumit
2236 4467 2514 4516 exercere,
2541 4459 2596 4505 et
2623 4450 2714 4519 qui
2758 4420 2878 4502 idco
2898 4447 3017 4516 plus
3045 4420 3187 4515 loqui
3217 4420 3383 4501 libere
3417 4447 3509 4503 de-

241 4547 413 4603 malia
441 4545 723 4610 efﬁcimur,
746 4547 917 4600 virtus
934 4545 1187 4599 virtutem
1212 4543 1265 4598 in
1281 4545 1438 4598 nobis
1456 4544 1681 4607 excitat,
1699 4544 1826 4597 dum

239 4658 357 4697 una
382 4641 606 4696 alteram
636 4639 702 4693 ad
740 4637 1126 4708 perfectionem
1146 4636 1359 4707 pulsat?
1388 4635 1525 4691 Ecce
1558 4635 1702 4690 enim
1732 4635 1828 4689 ha-

239 4738 341 4792 bet
383 4735 506 4802 quis
552 4734 699 4786 verhi
744 4732 835 4786 Dei
877 4730 1194 4795 scientiam,
1242 4736 1404 4798 atque
1446 4743 1547 4797 per
1581 4727 1824 4781 eamdem

239 4824 531 4880 scientiam
559 4822 747 4882 discit,
779 4830 835 4873 ut
865 4821 1071 4874 viscera
1095 4819 1258 4874 etiam
1290 4817 1677 4872 misericordia:
1729 4817 1825 4872 lia-

237 4916 405 4976 beat,
425 4925 524 4980 per
550 4911 829 4965 scientiam
854 4911 1050 4978 quippe
1074 4908 1224 4964 verbi
1259 4907 1352 4962 Dei
1377 4908 1602 4963 didicit:
1637 4925 1656 4956 ι
1697 4907 1827 4962 Date

239 5006 669 5073 eleemosynam,
715 5019 843 5058 ecce
871 5002 1050 5056 omnia
1092 5001 1298 5076 munda
1319 5007 1448 5054 sunt
1493 5001 1644 5054 vobis
1674 4999 1823 5071 (Luc.

239 5096 351 5168 ιι).
387 5113 406 5148 ι
457 5093 589 5148 Cum
613 5093 724 5161 jam
755 5109 873 5149 esse
912 5091 1218 5146 misericors
1243 5091 1296 5144 in
1335 5090 1689 5160 eleemosynis
1713 5103 1828 5144 cce-

238 5184 414 5256 perit,
442 5185 604 5238 verba
633 5190 831 5237 sanetae
854 5179 1193 5234 auctoritatis
1222 5178 1369 5250 legit,
1399 5185 1454 5232 et
1480 5178 1737 5247 quidquid
1773 5179 1825 5234 in

238 5277 329 5334 eis
361 5275 428 5330 de
461 5271 832 5328 misericordia
866 5270 1083 5332 dicitur,
1111 5269 1332 5322 uberius
1364 5282 1460 5337 per
1483 5268 1828 5336 experimen-

240 5377 362 5424 tum
394 5364 664 5434 intelligit.
695 5361 769 5416 lhi
795 5362 938 5416 enim
962 5362 1222 5432 scriptum
1248 5369 1331 5415 est
1373 5378 1386 5414 :
1427 5379 1446 5411 ι
1487 5359 1649 5415 Pater
1677 5377 1826 5416 eram

237 5472 548 5531 pauperum
568 5453 708 5525 (Job.
733 5450 907 5523 xxix).
932 5471 950 5503 ι
975 5451 1126 5518 Quod
1150 5450 1378 5506 fortasse
1402 5459 1561 5504 antra
1593 5449 1824 5521 legebat,

239 5559 298 5604 et
327 5545 664 5618 pneteribat,
682 5544 775 5600 sed
787 5558 911 5599 cum
940 5543 991 5596 in
1019 5540 1135 5610 eius
1147 5540 1309 5598 corde
1321 5539 1435 5610 jam
1452 5541 1822 5598 misericordia

239 5639 693 5711 emperitmutare
707 5645 976 5698 naturam,
991 5633 1115 5704 quid
1145 5633 1209 5688 sit
1235 5642 1442 5705 patrem
1471 5648 1595 5689 esse
1616 5648 1818 5703 paupe-

1931 4543 2071 4608 buit,
2099 4542 2226 4613 quia
2249 4542 2362 4613 jam
2394 4556 2500 4594 non
2536 4540 2696 4593 habet
2723 4537 2864 4590 unde
2893 4536 2944 4589 in
2973 4537 3075 4590 hoc
3102 4538 3302 4591 mundo
3328 4544 3509 4593 tenea-

1933 4642 2039 4698 tur,
2069 4631 2216 4702 loqui
2240 4639 2430 4687 contra
2471 4629 2606 4684 alios
2635 4628 2800 4682 libere
2825 4634 3063 4691 recusat,
3097 4642 3164 4681 ne
3195 4627 3362 4698 ipsam
3386 4630 3510 4685 vita:

1929 4737 2040 4777 sua:
2065 4721 2301 4791 quietem
2325 4720 2533 4790 perdat.
2579 4717 2669 4772 Isti
2701 4717 2871 4771 virtus
2920 4719 3215 4786 prophetiae
3238 4719 3361 4774 data
3401 4731 3505 4785 est,

1929 4812 2100 4866 multa
2129 4811 2273 4881 jam,
2321 4825 2440 4879 qua:
2485 4817 2710 4862 ventura
2738 4815 2860 4861 sunt
2886 4806 3160 4877 praevidet,
3204 4810 3296 4864 sed
3325 4818 3506 4865 tamen

1929 4901 2212 4972 praesentis
2252 4898 2482 4970 proximi
2528 4897 2902 4968 aegritudinem
2960 4897 3298 4966 conspiciens
3344 4909 3506 4968 atque

1930 4992 2284 5062 compatiens,
2310 5005 2415 5045 non
2447 4988 2589 5043 valet
2611 5004 2822 5044 curare.
2847 4988 2923 5042 llli
2952 4988 3073 5042 data
3095 4998 3180 5042 est
3209 4992 3504 5046 curationis

1929 5084 2122 5154 gratia,
2153 5091 2317 5152 atque
2360 5095 2390 5134 a
2417 5095 2643 5148 corpore
2686 5078 2916 5148 proximi
2949 5078 3252 5134 molestiam
3282 5096 3400 5150 quae
3449 5081 3504 5134 in

1928 5173 2185 5245 praesenti
2225 5180 2307 5226 est
2347 5169 2685 5225 orationibus
2727 5168 2956 5239 repellit,
3007 5169 3099 5222 sed
3152 5178 3328 5224 tamen
3375 5171 3503 5239 quid
3601 5157 3608 5163 ’

1930 5265 2164 5336 seipsum
2208 5263 2366 5334 paulo
2405 5270 2527 5332 post.
2573 5271 2832 5330 sequatur
2858 5261 3088 5330 ignorat.
3139 5261 3270 5314 Mira
3323 5262 3504 5330 itaque

1929 5357 2326 5426 dispensatione
2349 5354 2691 5422 omnipotens
2715 5351 2854 5405 Deus
2880 5351 2960 5406 sic
2983 5351 3034 5404 in
3058 5352 3243 5406 electis
3271 5352 3382 5406 suis
3404 5367 3499 5406 sua

1928 5448 2066 5502 dona
2103 5447 2397 5516 dispensat,
2431 5452 2493 5498 ut
2515 5451 2569 5498 et
2598 5443 2685 5496 isti
2737 5442 2827 5496 det
2866 5441 3006 5510 quod
3047 5441 3120 5494 illi
3161 5442 3419 5512 denegat,
3448 5451 3501 5496 et

1928 5541 2083 5597 alteri
2120 5540 2292 5611 majus
2317 5539 2458 5610 quod
2485 5539 2640 5593 alteri
2658 5539 2834 5592 minus
2856 5536 3075 5600 tribuat,
3092 5544 3356 5607 quatenus
3375 5543 3501 5592 dum

1927 5633 2011 5690 vel
2041 5634 2054 5688 i
2090 5642 2139 5687 te
2164 5632 2363 5692 habere
2385 5630 2534 5685 illum
2564 5627 3008 5700 conspicit,quod
3034 5627 3152 5698 ipse
3176 5641 3284 5682 non
3313 5628 3502 5695 habet,
