3940 6180
420 284 517 344 571

1053 286 1113 341 Β.
1157 284 1409 339 RABANI
1443 281 1663 338 MAL‘Rl
1698 232 2018 336 AllblllEI’.
2060 279 2369 337 MOGU‘NT.
2412 278 2694 337 OPEl‘tUM
2735 280 2912 335 [ARS
2951 280 3014 335 ll.

3577 284 3685 345 579.
3781 263 3785 267 ’

417 406 505 462 vel
535 406 622 462 ille
658 405 805 462 hunc
833 396 1009 473 majus
1035 404 1307 473 accepisse
1332 402 1669 465 considerat,
1719 403 1863 472 quod
1892 402 1996 456 sibi
2027 406 2072 463 Α
2099 401 2404 472 plangimus
2436 402 2576 456 mala
2623 418 2745 471 qua:
2769 401 3015 457 fecimus.
3047 402 3175 457 Post
3203 418 3389 458 vocem
3417 418 3549 459 vero
3576 403 3682 460 ala-

418 497 601 553 minus
620 499 810 555 adesse
831 503 1042 566 pensat,
1071 495 1208 547 dona
1233 492 1324 547 Dei
1354 491 1490 545 alter
1517 492 1569 545 in
1593 492 1788 555 altero,
1816 491 1867 545 id
1890 499 1996 555 est,

418 592 656 645 vicissim
689 604 875 644 omnes
900 588 1257 647 admirentur,
1289 593 1449 653 atque
1466 598 1532 639 ex
1560 584 1799 653 hacgipsa
1827 583 2000 638 admi-

424 683 627 733 ratione
654 678 964 732 bumilietur
985 676 1121 729 alter
1149 675 1325 737 alteri,
1356 683 1407 726 et
1431 688 1592 743 quem
1618 674 1762 727 videt
1796 673 1997 733 habere

440 770 562 831 gztud
598 783 701 821 non
732 766 923 830 habet,
955 779 1080 819 eum
1124 765 1306 817 divino
1344 762 1543 830 iudicio
1584 763 1686 816 sibi
1716 761 1996 831 praelatum

422 867 584 928 μιαί.
616 856 730 910 Alis
768 870 898 926 ergo
931 855 1046 910 suis
1098 869 1155 908 se
1183 854 1422 907 vicissim
1467 852 1719 906 animalia
1762 852 1994 914 feriunt,

421 965 541 1000 cum
573 955 771 1000 sanctae
821 950 1030 999 mentes
1056 944 1282 998 alternis
1321 959 1380 997 se
1408 941 1699 996 virtutibus
1736 948 1993 1010 tangunt,

418 1048 471 1093 et
501 1036 766 1105 tangendo
811 1036 1072 1097 excitant,
1130 1042 1288 1101 atque
1322 1032 1558 1086 excitata
1588 1046 1616 1084 a
1642 1032 1652 1082 l
1684 1038 1996 1100 provectum

417 1127 615 1180 volant.
647 1125 751 1181 Sed
779 1127 917 1180 inter
944 1126 1059 1180 haec
1089 1125 1363 1179 sciendum
1388 1132 1473 1177 est
1498 1124 1645 1192 quia,
1671 1123 1810 1177 sicut
1839 1120 1996 1176 electi

422 1222 621 1290 quique
655 1222 756 1275 hoe
785 1235 1001 1290 semper
1031 1219 1084 1273 in
1132 1218 1252 1272 aliis
1280 1218 1590 1279 attendunt,
1629 1215 1772 1284 quod
1803 1229 1832 1268 a
1887 1214 1996 1269 Deo

416 1310 611 1364 melius
636 1317 962 1379 acceperunt
986 1323 1147 1379 quam
1174 1308 1296 1377 ipsi,
1322 1316 1486 1361 utens
1507 1306 1606 1362 sibi
1625 1306 1675 1359 in
1691 1306 1997 1376 cognitione

418 1400 708 1469 praeferant
749 1414 914 1468 seque
952 1399 1058 1453 illis
1087 1399 1139 1452 iu
1182 1397 1485 1452 humilitate
1524 1396 1894 1459 substernunt,
1918 1396 1995 1451 ita

417 1491 766 1561 reproborum
807 1500 1015 1545 mentes
1042 1504 1315 1559 nunquam
1348 1488 1690 1542 considerant
1710 1488 1837 1557 quid
1860 1486 1997 1542 alter

418 1581 541 1635 boui
563 1580 807 1649 amplius,
832 1594 992 1648 quam
1018 1578 1154 1648 ipse,
1182 1578 1273 1632 sed
1300 1575 1428 1646 quid
1450 1576 1574 1631 boni
1602 1577 1716 1647 ipse
1741 1575 1994 1645 amplius,

418 1687 574 1740 quam
599 1671 736 1726 alter
754 1672 968 1732 habeat,
992 1685 1164 1738 neque
1186 1678 1439 1739 pensant,
1463 1684 1584 1738 qua:
1604 1668 1744 1722 bona
1773 1666 1995 1737 spiritus

2099 508 2217 548 rum
2236 502 2293 548 et
2309 501 2585 567 rotarum,
2613 495 2847 551 secunda
2875 494 3169 550 commotio
3190 504 3292 561 est,
3312 496 3441 550 dum
3477 499 3684 568 magnis

2097 581 2311 638 ﬂetibus
2354 584 2648 652 quaerimus
2690 583 2933 639 coelestia
2973 586 3136 649 bona,
3184 600 3304 653 qua:
3357 586 3677 640 audivimus.

2098 671 2241 728 Ecce
2269 673 2436 733 enim,
2463 671 2589 741 quia
2619 673 2758 725 intra
2793 682 3032 728 sanctam
3061 674 3360 729 Ecclesiam
3405 676 3469 728 de
3500 677 3679 730 multis

2099 761 2343 833 patribus
2364 760 2620 815 virtutum
2647 761 2890 831 exempla
2919 765 3319 832 cognoscimus,
3350 765 3442 832 qui
3474 765 3675 819 alarum

2096 852 2331 907 sonitum
2382 850 2623 919 quotidie
2672 851 2940 915 audimus,
2979 853 3102 922 quia
3142 853 3344 923 ubique
3374 869 3530 909 sacra
3572 856 3679 910 elo-

2096 941 2220 1009 quia
2263 948 2575 1009 personant,
2607 938 2762 1008 quasi
2796 947 3034 994 rotarum
3077 941 3303 996 vo'cibus
3351 944 3673 998 excitamur.

2097 1028 2164 1082 Et
2188 1028 2314 1097 quia
2340 1042 2435 1099 per
2455 1030 2643 1083 eadrm
2672 1044 2828 1083 sacra
2855 1028 3069 1097 eloquia
3122 1031 3188 1084 ad
3214 1045 3461 1087 amorem
3507 1036 3675 1087 nostri

2097 1114 2391 1170 conditoris
2420 1116 2796 1180 accen;imur,
2850 1118 3031 1187 magni
3076 1116 3305 1177 fervoris
3355 1120 3568 1191 ignibus
3593 1138 3677 1176 ar-

2097 1206 2286 1262 dentes
2331 1223 2461 1263 esse
2493 1224 2592 1264 nos
2641 1206 2792 1280 lon’ge
2835 1211 3014 1266 adhuc
3056 1213 3124 1266 ab
3167 1213 3554 1283 omnipotentis
3586 1216 3675 1269 Dei

2097 1296 2236 1352 faeie
2279 1296 2607 1371 plangimus.
2651 1299 2783 1354 Post
2810 1300 3041 1369 primam
3070 1317 3199 1371 ergo
3228 1318 3414 1358 vocem
3443 1320 3677 1359 eorumno-

2099 1386 2260 1442 tionis
2299 1403 2507 1456 magna:
2557 1389 2821 1457 sequitur,
2872 1389 3002 1456 quia
3048 1390 3174 1447 dum
3221 1398 3542 1448 testamenta
3586 1394 3673 1449 Dei

2098 1472 2150 1527 iu
2175 1490 2303 1529 aure
2330 1476 2509 1530 cordis
2537 1492 2732 1533 sonare
2759 1478 3042 1546 cmperint,
3082 1479 3413 1537 audientium
3460 1483 3677 1551 spiritus

2096 1579 2163 1620 ex
2185 1580 2369 1623 amore
2391 1576 2751 1637 compunctus
2782 1571 2848 1625 ad
2870 1569 3110 1627 lamenta
3142 1583 3534 1630 commovetur.

2170 1694 2192 1727 r
2227 1675 2460 1746 Spiritus
2487 1694 2701 1749 quoque
2721 1678 2920 1734 levavit
2948 1696 3063 1747 me,
3098 1694 3151 1735 et
3170 1686 3463 1753 assumpsit
3494 1700 3595 1747 me,
3625 1695 3677 1739 et

416 1736 554 1815 alter
578 1760 865 1830 acceperit,
889 1768 946 1814 et
969 1736 1100 1827 ipsis
1123 1736 1320 1822 desint,
1350 1758 1444 1813 sed
1467 1736 1586 1828 qua:
1616 1756 1912 1843 bouaipsis
1940 1765 1997 1847 et
2025 1736 2071 1795 Β
2106 1783 2124 1816 ι
2159 1736 2519 1823 abii-amarus-
2532 1769 2586 1822 in
2614 1736 2990 1841 indignatione
3016 1736 3460 1841 spiritusmei.i
3483 1736 3675 1847 (Hierll

417 1868 537 1921 qum
559 1851 701 1906 mala
732 1850 912 1905 adsint
940 1849 1117 1904 alteri.
1143 1849 1351 1904 Etcum
1380 1832 1723 1918 omnipotens
1752 1846 1895 1902 Deus
1934 1845 2001 1901 ad

416 1943 520 1997 hoc
573 1941 797 2011 singulis
839 1940 1066 1994 virtutes
1109 1938 1346 2002 dividat,
1379 1947 1437 1993 ut
1465 1938 1698 1993 alterum
1740 1937 1898 1992 alteri
1945 1928 1999 1991 in

417 2030 745 2100 cogitatione
800 2029 1083 2092 bomiliet,
1136 2028 1205 2082 ad
1254 2028 1356 2083 hoc
1414 2027 1627 2097 reprobi
1680 2027 2003 2097 pertrahunt

415 2119 634 2183 bonum,
658 2120 801 2189 quod
829 2127 1169 2189 acceperunt,
1188 2125 1247 2174 ut
1269 2133 1335 2172 ex
1348 2132 1414 2174 eo
1452 2117 1506 2173 in
1524 2116 1756 2172 elatione
1771 2117 2002 2186 perdan—

417 2220 525 2274 tur,
560 2211 685 2267 dum
716 2224 929 2279 semper
958 2209 1305 2264 considerant
1328 2208 1467 2263 bona
1509 2222 1630 2277 quae
1651 2207 1751 2277 ipsi
1777 2206 1997 2270 habent,

415 2316 470 2361 et
510 2307 600 2361 alii
625 2322 733 2361 non
764 2307 980 2361 habent.
1004 2306 1072 2360 Et
1097 2320 1371 2375 nunquam
1406 2304 1738 2383 perpendere
1781 2303 2002 2356 student

415 2406 615 2467 quanta
640 2398 780 2454 bona
804 2397 892 2452 alii
924 2399 1186 2463 habeant,
1212 2408 1268 2452 et
1294 2398 1393 2469 ipsi
1425 2413 1534 2453 non
1558 2398 1811 2451 habeant.
1841 2396 1997 2463 Quod

416 2503 546 2560 ergo
574 2489 757 2543 divina
781 2489 1024 2558 pietasiu
1041 2497 1390 2560 augmentum
1406 2485 2000 2558 disponithumilitatis,

415 2580 517 2635 hoc
547 2588 752 2635 mentes
785 2580 1026 2649 reprobat
1072 2580 1126 2634 in
1171 2588 1521 2650 augmentum
1553 2586 1768 2634 vertunt
1809 2576 2001 2633 elatio-

417 2671 519 2734 nis,
542 2679 598 2725 et
619 2686 686 2725 ex
708 2671 1022 2726 diversitate
1046 2685 1329 2725 munerum
1352 2687 1382 2724 a
1404 2670 1547 2726 bono
1562 2668 1842 2732 deficiunt,
1859 2669 2002 2723 unde

417 2775 660 2814 crescere
703 2760 755 2812 in
802 2758 1125 2815 humilitatis
1151 2759 1294 2814 bono
1323 2758 1645 2813 debuerunt.
1692 2756 1952 2826 Sequitur
1981 2774 1994 2810 :

497 2868 516 2900 ι
551 2851 620 2903 Et
644 2865 830 2904 vocem
861 2859 1101 2904 rotarum
1132 2852 1472 2919 sequentium
1501 2849 1789 2916 animalia,
1818 2859 1874 2906 et
1900 2865 1998 2905 vo-

426 2959 443 2990 ι
479 2955 597 2995 cem
625 2940 1007 2995 commotionis
1043 2952 1268 3010 magnae.
1306 2960 1325 2992 ι
1366 2940 1423 2994 lu
1453 2941 1587 2995 rotis
1619 2941 1758 2996 sacri
1802 2941 2000 3011 eloquii

418 3030 763 3085 Testamenta
793 3029 995 3101 signari
1020 3030 1270 3100 superius
1294 3030 1548 3086 diximus.
1579 3030 1694 3086 Vox
1725 3030 1889 3102 igitur
1912 3047 2003 3089 ro-

418 3127 595 3174 tarum
624 3129 708 3175 est
737 3135 917 3176 sermo
936 3128 1406 3176 testamentorum.
1433 3120 1566 3176 Post
1584 3136 1772 3177 vocem
1820 3124 2003 3195 itaque

418 3214 626 3268 alarum
657 3212 971 3267 animalium
999 3212 1216 3267 auditur
1238 3213 1402 3267 etiam
1429 3228 1534 3268 vox
1563 3220 1804 3269 rotarum
1828 3256 1842 3277 ,
1875 3216 2003 3286 quia
2038 3254 2047 3261 .

418 3306 823 3377 praedicandum
874 3320 1125 3361 sermone
1152 3314 1406 3375 suscepto
1434 3307 1563 3361 dum
1605 3308 1834 3385 virtutes
1879 3324 2005 3366 sau-

422 3405 634 3453 ctorum
665 3396 732 3451 ad
761 3396 955 3450 altiora
986 3396 1195 3467 agenda
1225 3395 1644 3467 evolant,seque
1668 3398 1910 3454 vicissim
1934 3400 2001 3455 ad

417 3498 728 3560 provectum
753 3488 1013 3561 pulsant,'
1031 3498 1233 3544 sancta:
1253 3489 1509 3545 Ecclesiae
1547 3498 1720 3546 status
1754 3491 1999 3561 erigitur,

417 3591 478 3637 ut
506 3595 605 3653 per
647 3582 962 3637 universum
1013 3581 1275 3635 mundum
1315 3596 1594 3657 sacrorum
1652 3589 2003 3637 testamento—

421 3688 541 3727 rum
578 3672 785 3742 pagina!
813 3671 1081 3740 legantur.
1136 3670 1347 3740 Ubique
1387 3672 1587 3727 etenim
1611 3672 1724 3743 jam
1751 3681 2001 3729 sanctum

420 3763 765 3833 Evangelium
785 3804 801 3830 ,
832 3763 1029 3832 ubique
1054 3761 1437 3833 Apostolorum
1474 3762 1641 3829 dicta,
1680 3763 1880 3834 ubique
1915 3764 2001 3819 lex

410 3862 473 3907 et
502 3854 777 3923 prophetae
822 3862 1039 3907 sonant.
1087 3852 1217 3907 Post
1252 3852 1458 3908 alarum
1503 3869 1634 3924 ergo
1674 3869 1868 3909 sonum
1894 3870 2001 3910 vox

415 3953 664 3998 rotarum
718 3943 982 4012 sequitur,
1033 3943 1158 4011 quia
1204 3951 1328 4012 post
1376 3953 1691 3999 sanctorum
1740 3944 2000 4001 miracula

420 4035 583 4088 verba
605 4034 746 4088 sacri
773 4034 972 4101 eloquii
996 4033 1140 4086 intra
1163 4043 1406 4088 sanctam
1428 4035 1728 4090 Ecclesium
1757 4035 1927 4091 libero
1947 4046 2004 4093 et

421 4127 651 4181 libenter
694 4126 1025 4190 audiuntur;
1054 4139 1174 4193 quae
1207 4133 1338 4180 rota;
1376 4126 1633 4181 animalia
1678 4135 1999 4198 sequuntur,

420 4215 725 4286 quia,sicut
748 4214 997 4283 superius
1027 4213 1232 4268 dictum
1253 4222 1360 4278 est,
1394 4223 1680 4285 postquam
1710 4218 1765 4270 in
1797 4218 2003 4273 honore

421 4310 571 4364 venit
588 4308 696 4363 vita
711 4316 1042 4372 sanctorum,
1065 4308 1372 4363 veneranda
1396 4322 1611 4377 quoque
1632 4317 2002 4378 apparuerunt

420 4400 728 4455 nominibus
748 4399 957 4470 eloquia
977 4405 1445 4463 testamentorum,
1458 4398 1543 4451 vel
1562 4407 1710 4453 certe
1734 4408 1867 4454 rotae
1882 4400 2001 4453 aui-

418 4494 581 4549 tmalia
594 4502 912 4564 sequuntur,
925 4494 1048 4563 quia
1065 4492 1115 4547 in
1129 4501 1439 4548 sanctorum
1452 4492 1672 4548 Patrum
1686 4493 1796 4548 vita
1809 4508 2001 4563 cogno-

421 4585 622 4638 scimus
647 4584 775 4653 quid
806 4584 859 4636 in
888 4597 1057 4637 saera:
1080 4581 1376 4652 Scriptura:
1409 4581 1682 4638 volumine
1698 4583 1999 4655 intelligere

422 4674 733 4729 debeamus.
785 4673 1003 4729 Illorum
1052 4676 1249 4745 quippe
1293 4675 1451 4730 nobis
1494 4676 1638 4731 actio
1680 4676 1855 4747 aperit
1896 4678 2000 4732 hoc

423 4767 565 4835 quod
607 4767 659 4819 in
708 4766 819 4820 suis
868 4767 1340 4836 przedicationibus
1384 4768 1580 4839 pagina
1644 4776 1997 4824 testamento-

427 4871 544 4909 rum
571 4855 718 4909 dieit.
751 4852 856 4909 Sed
883 4856 1229 4923 quazrendum
1263 4856 1417 4911 nobis
1442 4865 1525 4911 est
1562 4846 1681 4924 cur,
1713 4867 1997 4928 postquam

427 4947 673 5015 superius
696 4945 899 5001 dictum
929 4954 1012 5001 est
1042 4965 1055 4999 ι
1093 4966 1111 4997 «
1144 4947 1337 5001 Audivi
1374 4956 1497 5017 post
1524 4963 1609 5003 me
1636 4964 1822 5004 vocem
1851 4965 2000 5006 eom-

428 5036 681 5091 motionis
702 5049 931 5105 magum,
961 5054 979 5086 ι
1008 5044 1129 5106 post
1148 5051 1334 5091 vocem
1359 5052 1571 5106 quoque
1601 5037 1810 5095 alarum
1836 5048 2002 5108 atque

429 5134 667 5180 rotarum
688 5125 956 5192 subditur,
984 5144 1002 5176 ι
1025 5133 1080 5180 et
1104 5141 1290 5181 vocem
1311 5129 1691 5184 eommotionis
1711 5145 1942 5201 magum.
1974 5151 1995 5185 ι

428 5218 579 5286 Quod
601 5218 647 5272 si
675 5216 963 5287 diligenter
983 5214 1261 5287 aspicitur,
1290 5217 1517 5274 inveniri
1542 5228 1720 5291 potest
1741 5221 1867 5290 quia
1893 5239 1998 5278 non

424 5311 599 5366 otiose
643 5309 953 5380 repetitur.‘
989 5307 1115 5363 Dum
1181 5306 1377 5378 quippe
1428 5320 1554 5364 sunt
1611 5312 2003 5368 commotiones

426 5401 627 5472 quibus
686 5399 854 5454 corda
908 5407 1093 5453 nostra
1144 5408 1571 5454 commoventur.
1636 5400 1754 5457 Una
1806 5402 2007 5473 quippe

426 5493 721 5549 commotio
747 5508 814 5548 ex
843 5493 1037 5547 timore
1056 5503 1163 5557 est,
1188 5491 1357 5547 altera
1378 5509 1443 5547 ex
1476 5494 1765 5550 charitate.
1803 5495 1919 5551 Una
1946 5496 2007 5551 fit

420 5598 496 5641 εχ
514 5583 663 5636 luctu
685 5581 1081 5653 pmnitentium,
1101 5581 1206 5635 alia
1228 5596 1293 5636 ex
1318 5579 1528 5638 fervore
1549 5583 1864 5638 amantium.
1881 5584 2011 5639 Post

423 5672 827 5745 pnedicationis
850 5686 979 5743 ergo
999 5673 1221 5729 verbum
1244 5672 1417 5744 prima
1445 5674 1732 5731 commotio
1753 5683 1855 5743 est,
1882 5690 2005 5732 cum

2098 1854 2393 1925 Postquam
2417 1857 2659 1914 elevatus
2684 1873 2714 1913 a
2734 1860 2925 1930 spiritu
2956 1871 3058 1927 est,
3094 1870 3148 1916 et
3171 1873 3482 1933 assumptus
3505 1864 3572 1917 ab
3592 1881 3671 1927 eo,

2102 1953 2230 1999 tune
2258 1946 2312 1999 in
2339 1946 2703 2017 indignatione
2728 1958 2786 2004 et
2810 1950 3173 2005 amaritudine
3194 1952 3419 2022 spiritus
3444 1955 3528 2008 sui
3551 1956 3676 2009 abiit

2099 2050 2207 2105 quo
2237 2034 2535 2102 ferebatur,
2559 2040 2867 2112 intelligens
2893 2043 3311 2113 indignationem
3340 2046 3460 2111 Dei,
3486 2048 3676 2116 etquid

2101 2125 2431 2196 significaret
2459 2128 2598 2184 visio
2626 2139 2811 2185 mente
2852 2142 3228 2200 pertractans,
3274 2136 3388 2190 sive
3442 2137 3678 2192 sublimis

2100 2217 2218 2287 ipso
2244 2219 2468 2288 spiritus
2491 2221 2572 2275 sui
2626 2222 2831 2292 impetu
2881 2222 3423 2296 ferebatur,cupicns
3468 2228 3546 2283 ire
3574 2245 3676 2299 quo

2100 2306 2358 2362 Dominus
2380 2307 2700 2377 imperabat,
2735 2312 2985 2380 spiritum
3011 2322 3190 2372 autem
3218 2315 3362 2384 ejus,
3380 2331 3485 2371 non
3513 2317 3680 2387 Spiri-

2101 2404 2214 2453 tum
2252 2406 2501 2453 sanctum
2524 2440 2539 2463 ,
2586 2400 2682 2454 sed
2708 2401 2959 2470 spiritum
2990 2404 3260 2470 hominis,
3304 2406 3675 2476 intelligamus,

2101 2486 2169 2542 de
2192 2502 2301 2556 quo
2350 2487 2404 2542 in
2441 2487 2626 2544 multis
2676 2490 2813 2546 locis
2840 2492 3038 2549 dicitur
3082 2494 3135 2548 in
3160 2495 3299 2550 lsaia
3347 2514 3360 2548 τ
3415 2496 3492 2550 De
3540 2508 3679 2553 nocte

2101 2578 2366 2647 consurgit
2388 2580 2603 2649 spiritus
2628 2596 2774 2635 meus
2798 2583 2867 2635 (rd
2888 2582 3115 2644 καὶαι
3132 2584 3267 2654 (Ian.
3287 2586 3457 2659 xxvi).
3485 2588 3680 2650 Trans.

2101 2665 2380 2737 ferturque
2425 2672 2718 2740 propheta,
2769 2689 2903 2741 non,
2951 2683 3008 2729 ut
3050 2677 3267 2746 quidam
3308 2680 3594 2741 mstimant,
3624 2682 3675 2735 iu

2100 2758 2313 2828 Spiritu,
2329 2760 2423 2815 sed
2444 2760 2497 2814 in
2521 2762 2636 2831 ipso
2657 2778 2905 2834 corpore,
2926 2767 3070 2836 quod
3093 2776 3146 2821 et
3172 2768 3238 2823 de
3262 2767 3673 2840 Habacuejuxla

2103 2849 2527 2907 Theodotionem
2543 2852 2770 2924 legimus
2791 2854 2954 2926 (Dan.
2990 2856 3120 2928 xiv).
3139 2856 3345 2930 (Greg.)
3370 2859 3479 2914 Cur
3507 2862 3596 2931 qui
3625 2877 3683 2916 se

2102 2951 2439 3011 assumptum
2454 2943 2564 3013 jam
2590 2960 2621 2998 a
2645 2946 2838 3015 spiritu
2856 2947 3089 3013 dixerat,
3122 2949 3321 3004 iterum
3345 2949 3610 3005 elevatum
3631 2961 3686 3007 et

2106 3040 2439 3103 assumptum
2457 3037 2673 3090 narrat?
2687 3035 2792 3091 Sed
2811 3038 2878 3092 ad
2899 3030 3092 3094 altiora
3107 3054 3258 3095 mens
3279 3042 3682 3111 praedicandum

2104 3121 2345 3191 proficit,
2371 3140 2493 3180 cum
2519 3141 2617 3196 per
2642 3140 2736 3181 eos
2757 3142 2948 3184 sensus
2978 3130 3308 3185 audientium
3346 3132 3413 3184 ad
3441 3134 3687 3203 omnipo-

2109 3214 2269 3269 tentis
2284 3214 2379 3269 Dei
2408 3216 2732 3272 desiderium
2771 3226 3158 3275 commovetur.
3205 3218 3312 3275 Sed
3340 3223 3688 3291 quaerendum

2102 3313 2185 3359 est
2200 3305 2375 3371 nobis,
2395 3321 2517 3361 cum
2540 3307 2761 3376 spiritus
2776 3317 3010 3364 mentem
3035 3326 3142 3365 non
3163 3311 3335 3367 elevet
3357 3312 3457 3366 nisi
3477 3328 3689 3369 assum-

2102 3393 2293 3462 pserit,
2308 3410 2407 3449 cur
2424 3397 2577 3465 prius
2596 3414 2615 3447 α
2635 3396 2867 3452 elevavit
2888 3418 2905 3448 ι
2922 3407 2973 3453 et
2989 3401 3329 3469 postmodum
3348 3401 3549 3456 dicitur
3570 3422 3587 3453 ι
3610 3418 3692 3457 εις·

2102 3485 2507 3553 ειιωρείιεηειι
2525 3486 2767 3543 bocloeo
2799 3507 2817 3538 ι
2838 3489 3165 3559 assumpsit:
3194 3490 3394 3545 dictum
3424 3500 3528 3555 est,
3562 3508 3688 3547 com

2102 3582 2310 3630 stanter
2327 3576 2515 3631 tenuit.
2541 3575 2678 3631 Nam
2702 3586 2829 3633 sunt
2845 3579 3083 3633 nonnulli
3098 3595 3235 3651 quos
3256 3581 3430 3636 elevat
3444 3583 3685 3653 spiritus,

2103 3664 2196 3718 sed
2231 3679 2337 3719 non
2366 3665 2622 3730 assumit,
2647 3680 2880 3735 quorum
2907 3675 2962 3721 et
2990 3667 3297 3724 intellectus
3326 3672 3393 3725 ad
3420 3671 3717 3740 spiritalia.

2101 3755 2317 3820 emicat,
2342 3756 2436 3811 sed
2454 3764 2634 3812 tamen
2653 3758 2762 3812 vita
2785 3758 2840 3812 in
2867 3747 3026 3813 factis
3053 3760 3359 3816 carnalibus
3377 3777 3684 3828 remanens,

2103 3863 2207 3902 non
2225 3848 2737 3905 eordatintellectui.
2752 3849 2970 3905 Balaam
2986 3851 3405 3924 quoque(Num.
3422 3855 3582 3924 mu)
3595 3870 3691 3925 per

2100 3938 2399 4009 prophetiae
2424 3939 2673 4009 spiritum
2706 3939 2948 3996 elevatus
2975 3949 3113 4007 erat,
3136 3945 3233 3999 sed
3261 3954 3571 4016 assumptus
3584 3962 3689 3999 non

2101 4032 2377 4102 erat,quia
2401 4041 2457 4087 et
2480 4034 2746 4089 veraciter
2764 4034 2938 4103 potuit
2958 4034 3116 4106 longe
3138 4046 3257 4104 post
3280 4036 3459 4092 futura
3483 4038 3692 4108 prospi-

2101 4139 2246 4190 cere,
2279 4133 2335 4179 et
2364 4131 2542 4179 tamen
2572 4139 2604 4179 a
2650 4126 2879 4180 terrenis
2907 4126 3197 4181 desideriis
3239 4136 3476 4182 mentem
3521 4129 3697 4184 noluit

2102 4230 2379 4285 separare,
2397 4215 2492 4270 sed
2518 4215 2645 4286 quia
2674 4217 2935 4287 propheta
2961 4224 3182 4272 sanctus
3197 4218 3423 4272 scientia
3449 4219 3693 4274 elevatus

2100 4316 2203 4372 εει,
2230 4314 2286 4361 et
2309 4306 2419 4361 vita
2444 4306 2652 4376 pariter
2697 4314 3028 4378 assumptus,
3072 4308 3185 4379 jam
3209 4309 3387 4379 qualis
3412 4310 3466 4364 in
3496 4310 3695 4381 pradi-

2028 4424 2080 4485 Β
2106 4398 2324 4454 catione
2378 4406 2566 4468 pergat
2597 4397 2898 4452 audiamus.
2935 4417 2954 4448 ι
2984 4397 3053 4452 Et
3090 4398 3198 4453 abii
3227 4414 3447 4454 amarus
3471 4399 3525 4453 in
3552 4399 3694 4454 indi-

2108 4488 2361 4559 gnatione
2389 4488 2613 4559 spiritus
2637 4489 2765 4544 mei.
2798 4508 2818 4541 ι
2852 4488 2993 4559 Ergo
3030 4489 3118 4544 cui
3145 4491 3287 4544 dona
3315 4490 3490 4545 sancti
3518 4488 3695 4560 Spiri-

2108 4591 2195 4638 tus
2220 4589 2641 4647 creverant,cur
2667 4596 2886 4637 amarus
2900 4580 3122 4636 abibat?
3143 4581 3225 4635 An
3245 4598 3408 4637 omne
3432 4598 3527 4637 eor
3546 4586 3696 4653 quod

2106 4673 2248 4728 idem
2278 4672 2499 4743 spiritus
2526 4672 2773 4737 assumit,
2807 4687 3052 4731 amarum
3103 4673 3155 4727 in
3204 4673 3576 4744 indignatione
3607 4674 3696 4730 sui

2106 4762 2328 4831 spiritus
2343 4760 2507 4815 facit?
2532 4760 2683 4818 Unde
2702 4761 2981 4816 sciendum
3004 4771 3088 4816 est
3105 4761 3230 4833 quia
3255 4762 3341 4817 cui
3363 4764 3539 4818 adhuc
3557 4778 3699 4831 prae-

2105 4865 2232 4906 sens
2265 4851 2373 4905 vita
2399 4851 2570 4907 dulcis
2590 4859 2695 4915 est,
2725 4851 2939 4906 etiamsi
2966 4852 3189 4907 verbum
3212 4852 3308 4906 Dei
3337 4852 3484 4922 loqui
3506 4854 3699 4908 videa-

2109 4950 2198 4996 tur
2251 4941 2419 5011 loqui,
2460 4941 2702 4997 elevatus
2750 4949 2805 4996 et
2850 4950 3159 5012 assumptus
3213 4942 3536 5011 praedicator
3582 4958 3697 4997 non

2108 5042 2210 5089 est.
2254 5033 2484 5088 Mentem
2515 5033 2660 5087 enim
2705 5047 2867 5101 quam
2914 5030 3147 5102 Spiritus
3168 5043 3389 5088 sanctus
3414 5032 3610 5102 replet,
3641 5034 3698 5088 in

2108 5125 2518 5181 amaritudinem
2565 5123 2941 5194 temporalium
2964 5123 3318 5180 delectatione
3361 5132 3699 5178 tetemornm

2108 5226 2431 5273 commovet.
2461 5215 2626 5270 Dulce
2652 5216 2798 5270 enim
2833 5222 3067 5270 estesse
3116 5214 3169 5268 in
3209 5214 3372 5268 rebus
3416 5214 3698 5277 humanis,

2107 5309 2200 5365 sed
2245 5308 2293 5362 ei
2318 5307 2408 5378 qui
2432 5307 2608 5362 adhuc
2627 5306 2696 5361 de
2725 5306 3042 5361 coelestibus
3088 5304 3282 5377 gaudia
3325 5303 3470 5358 nulla
3505 5314 3705 5373 gusta-

2108 5401 2200 5464 vit,
2238 5400 2362 5470 quia
2388 5406 2590 5469 quanto
2624 5399 2803 5452 minus
2851 5405 3053 5452 aeterna
3101 5395 3385 5467 intelligit,
3416 5404 3574 5450 tanto
3604 5397 3704 5451 de-

2106 5493 2409 5549 leotabilius
2432 5494 2485 5547 in
2514 5490 2902 5561 temporalibus
2929 5490 3240 5561 requiescit.
3274 5490 3346 5543 At
3368 5489 3414 5543 si
3440 5487 3568 5558 quis
3582 5488 3705 5557 jam

2107 5582 2286 5637 cordis
2337 5596 2433 5636 ore
2461 5578 2758 5651 gustaverit
2781 5593 2902 5648 quae
2933 5578 3004 5633 sit
3028 5576 3116 5632 illa
3142 5576 3371 5633 dulcedo
3388 5576 3705 5632 emlestiuni

2107 5672 2474 5745 praemiorum,
2520 5670 2613 5741 qui
2662 5670 2737 5724 illi
2792 5668 3084 5739 bymuidici
3131 5667 3447 5739 angelorum
3494 5665 3698 5729 chori.
