3950 6184
266 295 376 352 573

1223 296 1575 355 contuear.
1613 296 1680 353 IN
1721 282 2177 358 E2EClﬂELEM.
2211 332 2279 342 —
2314 303 2441 358 LIB.
2481 305 2565 361 ιιι.

3425 318 3527 373 574

265 420 409 477 quze'
434 405 994 479 incomprehensibilis
1011 405 1148 463 visio
1167 417 1365 467 sancta:
1392 408 1691 474 Trinitatis,
1722 410 1847 464 huic
1874 414 1924 473 Α
1952 426 2093 476 nem,
2123 413 2191 466 ad
2220 428 2474 469 acervum
2495 431 2754 472 novarum
2779 420 3015 492 frugum,
3048 422 3115 476 ad
3135 436 3231 477 eos
3258 424 3348 492 qui
3380 426 3531 479 babi-

265 509 477 570 quanto
496 499 629 561 illud
646 498 800 554 dulce
821 498 900 560 fit,
926 499 1066 567 quod
1090 499 1235 553 intus
1261 499 1424 562 videt,
1451 507 1601 553 tanto
1630 501 1682 552 in
1703 513 1849 553 ama-

268 589 563 643 ritudinem
588 588 816 643 vertitur
841 602 1000 643 omne
1031 589 1171 657 quod
1193 585 1325 642 foris
1345 589 1593 642 sustinet.
1619 586 1849 642 Rixatur

266 694 453 734 secum
487 680 552 733 de
595 679 682 733 his
731 694 850 748 quae
899 678 1037 732 male
1068 678 1242 748 egisse
1296 692 1354 733 se
1401 677 1689 742 recolit,et
1717 677 1848 733 sibi-

264 769 483 838 metipsi
529 767 776 839 displicet
821 783 941 823 cum
988 767 1036 822 ei
1068 766 1182 837 jam
1233 766 1321 822 ille
1359 767 1569 835 placere
1598 766 1844 837 coeperit,

263 860 355 929 qui
381 860 565 914 omnia
591 859 812 913 creavit.
846 858 1207 928 lleprehendit
1229 873 1285 914 se
1312 859 1377 914 de
1411 858 1843 928 cogitationibus,

262 947 574 1015 insequitur
596 946 661 1001 de
686 947 885 1010 verbis,
913 954 968 1000 et
989 947 1142 1016 punit
1168 946 1343 1003 ﬂendo
1370 947 1436 1001 de
1462 946 1635 1010 factis,
1662 962 1848 1016 super-

262 1041 351 1093 nis
374 1039 570 1102 inhiat,
602 1045 812 1093 terrena
839 1038 949 1106 jam
980 1038 1158 1095 omnia
1187 1052 1283 1107 per
1312 1038 1508 1092 mentis
1535 1038 1846 1107 despectum

261 1128 462 1191 caleat,
493 1135 549 1182 et
574 1127 809 1195 quandiu
851 1126 996 1188 illud,
1027 1127 1169 1199 quod
1226 1126 1515 1191 desiderat,
1553 1127 1727 1185 adhuc
1749 1142 1848 1198 per

262 1219 505 1287 speciem
528 1234 633 1272 non
664 1218 840 1280 habet,
876 1216 1004 1272 ﬂere
1034 1216 1187 1277 dulce
1213 1216 1392 1281 habet,
1422 1231 1648 1286 seseque
1674 1218 1847 1272 conti-

261 1307 389 1361 nuis
442 1306 693 1363 lamentis
722 1305 976 1376 amigere,
1008 1314 1063 1359 et
1096 1305 1221 1375 quia
1268 1306 1495 1359 necdum
1526 1321 1584 1360 se
1622 1321 1741 1361 esse
1791 1306 1845 1359 in

260 1395 443 1464 patria
480 1395 546 1449 ad
568 1409 729 1465 quam
757 1404 972 1450 creatus
997 1404 1081 1450 est
1099 1396 1262 1461 videt,
1288 1396 1341 1450 in
1366 1394 1526 1467 hujus
1554 1397 1678 1452 vitae
1697 1397 1842 1459 exsi-

259 1485 335 1540 lio
382 1485 523 1543 nihil
552 1486 600 1543 ei
635 1485 755 1555 plus
783 1485 925 1539 aliud
960 1500 1119 1555 quam
1168 1501 1262 1540 sua
1310 1488 1613 1553 amaritudo
1648 1488 1843 1558 placet,

259 1578 591 1650 dedignatur
611 1577 805 1633 etenim
829 1580 909 1633 su:
925 1576 1109 1645 jacere
1134 1578 1543 1647 temporalibus,
1578 1587 1632 1634 et
1656 1578 1847 1635 arden-

257 1680 348 1725 ter
378 1670 617 1741 suspirat
645 1671 879 1725 aeternis.
916 1670 1022 1726 Sed
1061 1670 1336 1726 sciendum
1366 1680 1470 1738 est,
1499 1672 1623 1741 quia
1669 1672 1845 1729 nuUus

1950 508 2069 557 tant
2091 502 2243 571 juxta
2279 502 2475 558 [lumen
2503 505 2735 561 Chohar.
2765 527 2783 558 ι
2812 508 2946 563 Cum
2981 524 3144 564 causa
3190 512 3434 581 exigeret
3473 523 3532 566 ut

1946 589 2188 660 indicare
2204 594 2471 650 debuisset
2491 597 2633 664 quod
2655 599 2720 651 ad
2747 601 3275 668 transmigrationem
3302 604 3527 669 veniret,

1946 694 2064 749 quae
2089 681 2297 736 dicendi
2322 686 2614 739 necessitas
2639 685 2758 751 fuit,
2788 696 2845 741 ut
2866 704 2962 758 per
2991 689 3171 760 fruges
3196 690 3371 746 locum
3400 710 3531 760 quo-

1946 783 2050 837 que
2073 770 2419 840 exprimeret,
2443 774 2646 839 dicens,
2671 772 2721 826 ἰ
2752 777 2830 828 Ad
2855 793 3102 831 acervum
3133 796 3390 835 novarum
3422 782 3531 834 fru-

1944 873 2092 928 gum,
2118 879 2136 911 ι
2160 861 2260 915 nisi
2281 864 2421 931 quod
2446 877 2587 932 saepe
2608 880 2702 935 per
2720 881 2805 919 res
2824 876 2878 921 et
2894 867 3005 922 loca
3027 884 3201 922 caus:e
3217 870 3530 939 signantur?

1946 951 2097 1006 Multi
2148 954 2344 1023 quippe
2374 954 2623 1010 Ezechiel
2664 959 3019 1027 prophetante
3042 962 3153 1029 jam
3199 965 3529 1031 captivitatis

1946 1044 2070 1096 anni
2114 1043 2466 1110 deduxerant,
2497 1058 2657 1115 atque
2702 1064 2767 1101 ex
2818 1048 2903 1103 his
2936 1050 3025 1120 qui
3058 1052 3109 1104 in
3160 1054 3525 1121 captivitatem

1947 1132 2090 1185 ducti
2122 1130 2365 1197 fuerant,
2396 1135 2578 1203 plures
2604 1136 2714 1204 jam
2749 1139 2802 1191 in
2848 1150 3021 1194 morte
3055 1143 3236 1196 carnis
3260 1144 3525 1206 obierant,

1946 1222 2011 1274 ad
2040 1236 2269 1290 quorum
2294 1224 2430 1278 ﬁlios
2462 1229 2720 1296 propheta
2759 1227 2902 1297 loqui
2928 1231 3192 1285 veniebat.
3230 1232 3380 1287 Unde
3401 1235 3528 1288 etei

1946 1311 2195 1378 superius
2216 1310 2444 1367 dicitur:
2476 1334 2494 1365 ι
2518 1314 2618 1369 Fili
2644 1318 2896 1381 hominis,
2917 1333 3013 1388 ego
3040 1320 3192 1375 mitto
3219 1331 3268 1376 te
3294 1324 3359 1376 ad
3391 1324 3527 1377 filios

1944 1399 2128 1467 Israel,
2154 1403 2217 1456 ad
2245 1413 2430 1474 gentes
2451 1409 2821 1475 apostatrices,
2847 1425 2966 1479 qua:
2998 1422 3335 1479 recesserunt
3362 1430 3390 1466 a
3420 1429 3527 1479 me,

1945 1499 2000 1544 et
2041 1501 2220 1561 patres
2248 1509 2431 1548 eorum
2456 1497 2789 1565 praevaricati
2826 1509 2951 1553 sunt
2989 1510 3199 1569 pactum
3234 1520 3409 1557 meum
3441 1520 3528 1557 us-

1946 1599 2051 1652 que
2078 1583 2130 1637 in
2170 1584 2310 1639 diem
2340 1586 2475 1641 hanc
2493 1627 2508 1650 ,
2533 1595 2587 1641 et
2616 1588 2713 1641 lilii
2739 1590 2873 1644 dura
2901 1592 3109 1647 cervice
3136 1601 3190 1647 et
3218 1593 3530 1648 iudomabili

1946 1672 2110 1727 corde
2136 1684 2289 1741 sunt,
2332 1677 2398 1749 ad
2433 1691 2567 1745 quos
2588 1692 2686 1748 ego
2712 1686 2763 1733 te
2788 1679 2962 1734 mitto.
2998 1700 3014 1729 ι
3045 1680 3123 1733 Ex
3151 1683 3377 1750 quibus,
3404 1684 3531 1752 quia

258 1762 381 1816 haec
425 1775 527 1832 pro
573 1776 757 1816 amore
782 1762 1162 1832 omnipotentis
1211 1762 1419 1817 Domini
1450 1778 1516 1817 ex
1545 1770 1657 1818 toto
1680 1763 1842 1818 corde
1873 1769 1918 1828 Β
1945 1763 2095 1817 multi
2134 1764 2343 1820 fuerant
2379 1768 2657 1831 credituri,
2696 1777 2858 1838 atque
2906 1784 3004 1838 per
3045 1771 3406 1826 obedientiam
3459 1774 3529 1827 azl

257 1868 425 1923 agere
451 1852 725 1923 przevalet,
750 1852 852 1909 nisi
870 1854 914 1908 is
939 1853 1089 1923 cujus
1102 1855 1340 1908 animum
1370 1852 1603 1924 Spiritus
1622 1862 1841 1910 sanctus

256 1943 638 2013 ussumpserit.
670 1942 803 1998 Nam
828 1945 1041 2015 quando
1064 1945 1223 2001 homo
1248 1960 1315 1999 ex
1341 1960 1437 2000 sua
1475 1946 1675 2000 virtute
1700 1943 1845 2001 solli-

255 2036 371 2090 c-iat
401 2045 617 2091 terrena
644 2036 938 2106 despicere,
969 2035 1209 2091 ctelestia
1246 2050 1451 2102 amare,
1491 2051 1678 2107 parem
1718 2052 1841 2091 cum

257 2130 374 2183 Deo
403 2143 671 2197 quaerere,
694 2143 877 2185 secum
908 2128 1085 2184 rixam
1108 2128 1313 2194 subire,
1337 2129 1392 2187 in
1415 2129 1740 2199 cogitatione
1760 2143 1844 2183 se-

257 2216 552 2285 metipsum
582 2216 975 2285 reprehendere
1002 2224 1058 2273 et
1082 2218 1372 2288 gemitibus
1400 2218 1626 2289 punire?
1655 2217 1844 2275 Nullus

257 2307 377 2359 Izzec
401 2320 584 2377 agere,
613 2304 716 2360 nisi
757 2321 917 2376 quem
946 2305 1124 2362 divina
1155 2306 1326 2378 gratia
1357 2305 1690 2365 roboraverit
1711 2345 1727 2372 ,
1755 2321 1845 2361 va-

254 2395 351 2451 let.
388 2394 546 2452 Unde
569 2405 622 2450 et
651 2396 933 2451 subditur:

332 2504 354 2537 ι
394 2485 585 2547 Manus
612 2485 821 2542 Domini
841 2493 960 2541 erat
984 2501 1192 2541 mecum
1234 2485 1545 2549 confortans
1571 2502 1676 2540 me.
1710 2504 1729 2538 ι
1763 2484 1845 2540 Ad

251 2576 399 2654 bona
427 2575 629 2645 quippe
678 2590 959 2645 assurgere
985 2575 1223 2647 perfecte
1249 2591 1355 2637 non
1402 2590 1707 2647 possumus,
1739 2576 1843 2630 nisi

254 2684 358 2723 nos
370 2668 596 2738 spiritus
606 2675 659 2722 et
669 2668 1041 2738 pneveniendo
1055 2667 1247 2733 elevet,
1260 2675 1314 2721 et
1329 2667 1701 2735 subsequendo
1716 2682 1844 2723 con-

253 2760 443 2815 fortet.
460 2758 566 2813 Sed
579 2759 922 2830 quaerendum
935 2774 1057 2816 cum
1080 2759 1327 2830 superius
1340 2759 1405 2815 de
1419 2757 1684 2812 volumine
1702 2758 1844 2827 quod

253 2859 545 2921 acceperat
574 2848 837 2919 scriptum
866 2849 974 2916 sit,
1011 2868 1030 2900 ι
1067 2848 1135 2903 Ει
1160 2848 1357 2909 factum
1386 2855 1469 2903 est
1497 2848 1550 2909 in
1582 2862 1644 2917 os
1667 2863 1843 2908 meum

251 2941 411 3010 quasi
456 2939 561 2999 mel
607 2939 782 3004 dulce,
816 2957 834 2990 ι
860 2953 966 3008 qua
994 2939 1201 2999 ratione
1228 2937 1570 3008 postmodum
1602 2937 1798 2999 dicitur
1827 2954 1839 2990 :

251 3031 378 3085 Abii
404 3045 624 3085 amarus
652 3029 706 3084 in
741 3029 1104 3100 indignatione
1148 3028 1371 3099 spiritus
1419 3028 1544 3083 mei.
1595 3048 1614 3080 ι
1652 3027 1841 3087 Mirum

1943 1852 2273 1911 fertilitatem
2304 1856 2429 1910 boni
2469 1859 2649 1924 operis
2678 1859 2985 1927 perventuri
3010 1899 3025 1923 ,
3060 1874 3285 1914 acervus
3314 1859 3528 1930 frugum

1943 1952 2203 2001 vocantur
2232 1958 2246 1995 :
2271 1945 2396 2013 quia
2414 1944 2559 1998 enim
2590 1944 2743 1998 bona:
2768 1947 2961 2000 animte
2984 1945 3164 2016 fruges
3197 1948 3530 2016 appellantur

1943 2033 2035 2087 Dei
2062 2034 2321 2104 propheta
2353 2033 2490 2088 alius
2516 2043 2761 2100 testatur,
2790 2036 2978 2091 dicens
3008 2054 3021 2090 ε
3060 2055 3077 2086 ι
3108 2035 3343 2091 Sanctus
3366 2037 3532 2093 lsraJ

1943 2123 2191 2186 Domino,
2218 2122 2469 2192 primitiae
2490 2121 2703 2194 frugum
2740 2122 2858 2192 ejus
2882 2125 3018 2196 (Jer.
3048 2124 3131 2193 ιι).
3163 2145 3181 2177 ι

2019 2233 2037 2265 ι
2072 2212 2139 2267 Et
2186 2213 2297 2267 sedi
2345 2213 2435 2267 ubi
2480 2213 2556 2267 illi
2606 2215 2885 2280 sedebant,
2917 2225 2972 2270 et
3011 2215 3187 2271 mansi
3220 2216 3291 2271 ibi
3324 2224 3528 2285 septem

1950 2325 1969 2357 ι
2005 2307 2192 2360 diebus
2218 2319 2451 2361 moerens
2482 2307 2531 2361 in
2555 2307 2731 2362 medio
2764 2322 2974 2367 eorum.
3015 2328 3033 2360 ι
3065 2307 3366 2365 Notandum
3387 2309 3532 2379 quod

1943 2396 2155 2464 captivo
2170 2395 2364 2466 populo
2376 2395 2630 2466 propheta
2646 2406 2862 2454 sanctus
2875 2407 3071 2467 quanta
3084 2400 3456 2468 compassione
3470 2413 3531 2454 se

1944 2485 2177 2555 copulat,
2200 2501 2494 2554 eorumque
2532 2500 2590 2541 se
2619 2487 2941 2542 meroribus
2960 2488 3299 2543 eonscdendo
3323 2497 3375 2543 et
3400 2503 3535 2542 ma:-

1946 2577 2113 2630 reudo
2141 2574 2578 2645 conjungit,quia
2605 2577 2759 2631 radix
2784 2577 2929 2630 verbi
2958 2585 3043 2631 est
3066 2578 3235 2631 virtus
3261 2578 3461 2648 Operis,
3478 2585 3533 2631 et

1947 2666 2035 2719 ille
2065 2680 2244 2719 sermo
2276 2664 2343 2718 ab
2368 2665 2621 2720 audiente
2650 2666 2878 2720 libenter
2901 2667 3182 2736 accipitur,
3221 2666 3313 2736 qui
3344 2683 3373 2720 a
3398 2682 3535 2737 pra:-

1946 2755 2162 2808 dicante
2176 2769 2296 2807 cum
2322 2755 2693 2822 compassione
2711 2755 2874 2808 animi
2902 2753 3192 2825 profertur.
3216 2754 3307 2809 Sic
3330 2756 3531 2809 ferrum

1947 2860 2068 2898 cum
2108 2843 2254 2899 ferro
2294 2843 2562 2916 jungitur,
2607 2845 2846 2915 liquatur
2890 2848 3036 2915 prius
3082 2856 3142 2900 ut
3194 2847 3534 2917 postmodum

1946 2936 2181 2990 vicissim
2210 2952 2238 2989 a
2269 2937 2447 3006 seipse
2501 2947 2767 2993 teneatur.
2812 2937 2871 2992 Si
2918 2939 3061 2994 enim
3114 2940 3265 3009 prius
3311 2940 3534 2997 minime
3588 2930 3591 2931 ⁷

1948 3026 2232 3092 mollescit,
2260 3028 2599 3097 postmodum
2644 3028 2856 3085 fortiter
2886 3045 2945 3085 se
2972 3039 3155 3085 tenere
3183 3046 3287 3085 non
3316 3031 3531 3085 sutiicit.

252 3122 457 3193 quippe
476 3120 629 3176 valde
653 3128 755 3185 est,
782 3120 825 3175 si
852 3120 1076 3176 dulcedo
1104 3119 1263 3174 simul
1303 3128 1356 3173 et
1385 3120 1687 3179 amaritudo
1712 3135 1839 3179 con—
1865 3115 1912 3178 C
1943 3115 2032 3171 Sic
2078 3118 2336 3187 propheta
2367 3117 2576 3186 captivo
2598 3118 2792 3188 populo
2834 3119 3098 3183 consedit,
3132 3128 3185 3173 et
3215 3134 3447 3179 mterens
3478 3120 3530 3174 in

251 3215 500 3267 veniant.
549 3212 654 3267 Sed
671 3210 826 3282 juxta
851 3213 1185 3283 superiorem
1210 3228 1425 3268 sensum
1453 3212 1730 3269 sciendum
1755 3220 1838 3267 est

250 3304 381 3374 quia
402 3305 491 3358 cui
518 3318 697 3357 sermo
732 3302 824 3359 Dei
847 3303 900 3363 in
925 3319 1020 3358 ore
1048 3302 1229 3358 cordis
1252 3302 1560 3361 dulcescere
1587 3302 1834 3372 cmperit,

252 3395 418 3464 hujus
450 3394 634 3466 procul
657 3395 818 3453 dubio
842 3403 1029 3449 contra
1057 3410 1116 3450 se
1145 3394 1357 3449 aninms
1391 3393 1695 3453 amarescit.
1720 3390 1838 3459 Quo

249 3487 401 3540 enim
450 3485 505 3539 in
556 3485 647 3553 illo
675 3484 945 3547 subtiliter
975 3483 1154 3547 discit,
1184 3482 1417 3553 qualiter
1462 3497 1521 3536 se
1553 3482 1839 3551 reprehen-

250 3578 384 3631 dere
416 3574 627 3639 debeat,
660 3590 725 3630 co
762 3590 822 3641 se
849 3574 1035 3629 durius
1073 3590 1170 3644 per
1208 3574 1620 3628 amaritudinem
1667 3571 1833 3643 poeni-

253 3666 443 3719 tentize
482 3665 710 3734 castigat
734 3664 823 3738 qui
850 3673 998 3719 tanto
1021 3664 1123 3719 sibi
1145 3665 1315 3735 magis
1346 3664 1615 3733 displicet,
1637 3671 1839 3735 quanto

252 3758 309 3812 in
340 3770 501 3810 sacro
525 3755 793 3810 volumine
819 3754 1046 3825 amplius
1072 3754 1138 3809 de
1170 3753 1535 3826 omnipotente
1558 3753 1668 3808 Deo
1697 3754 1840 3809 videt

252 3849 401 3918 quod
427 3855 603 3913 amet;
632 3848 725 3903 sed
749 3848 872 3917 quia
894 3847 961 3901 ad
984 3846 1083 3900 ista
1106 3844 1369 3916 proﬁcere
1390 3860 1485 3900 sua
1510 3845 1709 3901 virtute
1730 3860 1837 3901 non

248 3937 403 3992 Valet
434 3938 618 4003 homo,
652 3945 797 3992 recte
825 3952 965 3991 nunc
1014 3937 1211 3991 dicitur
1253 3952 1265 3989 :
1304 3954 1323 3985 ‹
1360 3935 1547 3990 Manus
1571 3936 1712 3990 enitn
1736 3936 1841 3990 Do-

250 4030 396 4087 mini
446 4037 566 4084 erat
611 4043 841 4089 mecum,
891 4026 1202 4084 confortans
1247 4041 1353 4081 me.
1392 4046 1411 4079 ι
1464 4026 1653 4083 Manus
1695 4028 1839 4083 enim

251 4119 473 4174 Domini
497 4119 551 4187 iq
580 4134 737 4177 sacro
778 4118 990 4187 eloquio
1015 4117 1305 4187 aliquando
1329 4117 1491 4171 etiam
1538 4117 1842 4188 unigenitus

248 4209 430 4266 Filius
453 4209 772 4281 appellatur,
803 4209 926 4279 quia
955 4209 1134 4264 omnia
1180 4223 1276 4277 per
1310 4208 1483 4276 ipsum
1523 4207 1664 4261 facta
1694 4216 1839 4274 sunt,

249 4314 310 4357 ct
334 4302 403 4358 de
431 4301 584 4372 cujus
607 4302 924 4357 ascensione
957 4318 1053 4371 per
1078 4300 1295 4372 Moysen
1326 4300 1485 4355 Pater
1503 4300 1843 4369 omnipotens

251 4378 518 4466 loquitur,
538 4394 750 4449 dicens:
781 4412 799 4444 ι
819 4393 1023 4448 Tollam
1052 4393 1104 4446 in
1130 4392 1327 4457 cwlum
1356 4407 1574 4445 manum
1594 4404 1791 4447 meam.
1816 4409 1835 4441 ι

1941 3207 2115 3262 medio
2140 3223 2327 3263 eorum
2360 3209 2586 3272 exstitit,
2627 3217 2687 3261 ut
2731 3208 2855 3262 dum
2881 3224 2977 3283 per
2999 3210 3280 3264 charitatis
3303 3211 3531 3278 gratiam

1938 3294 2345 3350 conscendeudo
2384 3310 2442 3350 se
2470 3297 2518 3349 ei
2569 3296 2867 3351 molliorem
2895 3298 3161 3362 redderet,
3196 3314 3316 3353 eum
3348 3298 3530 3352 statim

1938 3384 2087 3438 verbi
2115 3381 2432 3439 fortitudine
2472 3392 2698 3437 teneret.
2758 3382 2853 3437 Sin
2902 3400 3029 3447 vero
3071 3384 3396 3441 lsraclitieus
3438 3401 3533 3455 po-

1936 3474 2116 3546 pulus,
2147 3473 2238 3542 qui
2266 3473 2456 3527 domus
2502 3456 2836 3542 exasperans
2879 3483 3122 3539 vocatur,
3175 3476 3299 3546 quia
3344 3475 3529 3544 culpas

1939 3582 2041 3621 nec
2094 3566 2238 3621 inter
2269 3565 2473 3637 ﬂagella
2512 3567 2763 3635 cognovit
2814 3566 2959 3620 nullo
3014 3582 3246 3621 mcerore
3290 3566 3529 3621 animum

1938 3657 2220 3727 depressit.
2253 3656 2518 3727 Propheta
2543 3657 2685 3711 inter
2712 3665 2897 3727 gentes
2921 3670 3156 3711 mmrens
3192 3656 3379 3712 sedere
3409 3666 3527 3710 stu-

1939 3748 2072 3811 duit,
2096 3755 2154 3800 ut
2176 3748 2400 3801 tacendo
2422 3748 2731 3800 ostenderet
2753 3746 2880 3815 quid
2902 3746 3171 3815 loquendo
3191 3758 3412 3801 venerat
3435 3747 3529 3801 do-

1937 3854 2081 3904 cere,
2105 3847 2159 3892 et
2179 3838 2489 3908 priusquam
2514 3839 2676 3892 verba
2702 3836 2899 3892 faceret
2923 3837 2973 3897 in
3002 3838 3103 3891 hoc
3127 3836 3267 3907 quod
3297 3853 3529 3893 moerens

1942 3929 2129 3993 laedit,
2155 3927 2380 3981 formam
2404 3928 2687 3981 verborum
2710 3928 2956 3996 sumpsit.
2997 3925 3295 3997 Sequitur;
3335 3946 3352 3980 ι
3392 3928 3526 3981 Cum

1940 4031 2117 4078 autem
2144 4021 2566 4093 pertransissent
2588 4030 2792 4092 septem
2818 4022 2953 4086 dies,
2983 4020 3182 4076 factum
3207 4030 3288 4076 est
3308 4023 3530 4076 verbum

1941 4116 2152 4173 Domini
2183 4116 2247 4169 ad
2288 4130 2375 4169 me
2401 4115 2603 4169 dicens.
2640 4134 2658 4166 ι
2702 4113 2906 4185 (Creg.)
2934 4113 3017 4167 -ln
3045 4128 3109 4167 eo
3138 4112 3278 4183 quod
3324 4122 3529 4182 septem

1940 4207 2128 4262 diebus
2158 4221 2395 4261 moerens
2429 4205 2587 4269 sedit,
2620 4213 2674 4259 et
2706 4214 2828 4274 post
2853 4206 2992 4257 diem
3030 4204 3315 4273 septimum
3363 4204 3531 4258 verba

1939 4298 2232 4353 Dominica:
2250 4296 2510 4367 jussionis
2537 4300 2761 4368 accepit,
2791 4305 2849 4350 ut
2871 4296 3013 4366 loqui
3039 4295 3331 4359 debuisset,
3347 4305 3531 4363 aperte

1942 4388 2144 4443 indicat
2170 4387 2295 4459 quia
2322 4387 2529 4443 eisdem
2559 4388 2747 4442 diebus
2786 4386 3062 4441 maerendo
3111 4393 3372 4438 tacuerat.
3404 4383 3558 4439 Mis-.

252 4462 385 4542 Hace
413 4500 625 4548 manus,
657 4499 777 4557 qua:
800 4483 1093 4538 electorum
1115 4496 1335 4537 suorum
1356 4481 1520 4536 corda
1548 4478 1835 4545 confortat,
1872 4462 1918 4522 ί)
1945 4491 2039 4531 sus
2068 4484 2249 4531 autem
2277 4476 2344 4530 ad
2368 4476 2768 4547 praedicandum
2811 4473 3007 4537 fuerat,
3032 4481 3084 4526 et
3118 4481 3293 4526 tamen
3322 4484 3528 4543 septem

248 4575 538 4646 discipulis
563 4576 819 4630 dicebat:
860 4591 879 4624 ι
917 4574 1044 4628 Sine
1092 4589 1179 4627 me
1226 4571 1359 4626 nihil
1405 4570 1632 4642 potestis
1660 4568 1839 4625 facere

249 4666 444 4738 (Joan.
501 4664 614 4735 xv).
667 4684 686 4716 ι
729 4663 784 4720 ln
828 4678 989 4718 omne
1039 4678 1168 4733 ergo
1220 4661 1361 4732 quod
1406 4660 1738 4735 cogitamus,
1784 4659 1837 4712 in

247 4771 421 4811 nume
439 4754 583 4827 quod
612 4753 843 4825 agimus,
873 4768 1087 4822 semper
1114 4751 1380 4807 orandum
1411 4757 1526 4815 est,
1560 4758 1621 4803 ttt
1646 4757 1702 4806 et
1723 4749 1839 4818 ipso

248 4847 534 4918 aspirante
570 4846 893 4915 cogitemus,
928 4853 983 4897 et
1044 4844 1157 4915 ipso
1209 4842 1493 4911 adjuvante
1553 4842 1833 4897 faciamus.

333 4965 355 4996 ι
390 4946 456 5000 Et
488 4948 608 4999 veni
637 4946 704 4999 ad
738 4946 1263 5016 transmigrationem
1301 4944 1368 4999 ad
1395 4960 1650 5013 acervum
1677 4960 1855 5000 nova;

257 5058 277 5090 ι
319 5053 439 5090 rum
475 5035 707 5107 frugum,
740 5038 806 5093 ad
844 5051 938 5091 eos
983 5036 1072 5106 qui
1101 5036 1414 5090 habitabant
1454 5034 1611 5104 juxta
1643 5035 1873 5100 ﬂumen.

253 5148 277 5179 ς
316 5126 767 5191 Cbobar,etse.li
791 5126 886 5193 ibi,
919 5126 1008 5180 ubi
1053 5124 1125 5180 illi
1167 5125 1445 5190 sedebant,
1488 5133 1543 5181 et
1567 5126 1736 5187 mansi
1770 5124 1840 5178 ibi

253 5240 275 5271 ι
317 5227 523 5290 septem
573 5219 762 5274 diebus
810 5233 1045 5273 mterens
1094 5218 1146 5275 in
1194 5218 1370 5273 medio
1400 5233 1605 5283 eorum.
1643 5237 1661 5270 ι
1696 5217 1839 5275 Inter

245 5319 456 5369 (πίει-ει
506 5309 803 5380 prophetia:
850 5307 1129 5373 miracula,
1159 5309 1263 5362 hoc
1300 5323 1514 5379 quoque
1537 5308 1836 5373 mirandum

245 5399 463 5461 habent
487 5397 611 5454 libri
644 5400 1049 5470 prophetarum,
1079 5397 1221 5468 quod
1272 5398 1411 5453 sicut
1460 5399 1513 5452 in
1556 5399 1636 5454 eis
1662 5399 1840 5465 verbis

245 5505 369 5556 res,
391 5491 467 5545 ita
486 5505 866 5560 nonnunquam
897 5490 1062 5544 verba
1089 5490 1251 5551 rebus
1278 5499 1639 5560 exponuntur,
1663 5499 1722 5544 ut
1748 5504 1841 5545 eo-

250 5598 381 5637 rum
408 5597 515 5637 non
536 5582 708 5638 solum
727 5582 889 5647 dicta,
920 5582 1014 5636 sed
1036 5586 1199 5636 etiam
1223 5596 1309 5636 res
1334 5590 1517 5651 gestae,
1542 5583 1839 5652 prophetize

250 5674 388 5737 sint.
440 5672 591 5733 [lude
638 5688 778 5728 nunc
823 5672 1057 5728 dicitur:
1097 5690 1114 5723 ι
1151 5672 1283 5727 Veni
1314 5672 1381 5726 ad
1412 5671 1838 5742 transmigratio-

1947 4568 2137 4623 diebus
2188 4568 2384 4624 sedens
2435 4566 2666 4622 tacebat.
2711 4563 2847 4631 Quid
2902 4558 2993 4618 est
3031 4563 3154 4627 hoc,
3186 4564 3327 4633 quod
3377 4564 3529 4620 nobis

1944 4668 2167 4715 sanctus
2194 4660 2453 4730 propheta
2477 4658 2530 4711 in
2553 4658 2657 4711 hoc
2684 4655 2894 4710 silentio
2935 4654 3128 4718 innuit,
3158 4656 3257 4709 nisi
3290 4657 3415 4725 quia
3441 4656 3529 4712 ille

1944 4750 2087 4820 loqui
2111 4750 2376 4805 veraciter
2390 4749 2558 4813 novit,
2585 4748 2676 4819 qui
2702 4748 2855 4817 prius
2880 4749 3017 4803 bene
3047 4757 3224 4803 tacere
3246 4749 3529 4807 didicerit?

1945 4841 2107 4907 Quasi
2136 4841 2279 4895 enim
2311 4840 2578 4909 quoddam
2608 4840 2995 4894 nutrimentum
3024 4841 3171 4894 verbi
3196 4849 3278 4896 est
3298 4856 3528 4897 censura

1942 4933 2160 4988 silentii.
2195 4932 2259 4985 Et
2292 4940 2438 4986 recte
2471 4945 2564 5000 per
2592 4940 2995 4985 excrementum
3023 4931 3247 4994 silentii,
3278 4947 3528 4987 crescen-

1945 5031 2053 5078 tem
2074 5038 2287 5093 quoque
2328 5023 2557 5092 gratiam
2599 5021 2865 5075 sermonis
2905 5021 3135 5090 accepit,
3164 5023 3253 5089 qui
3282 5023 3527 5077 ordinate

1943 5123 2102 5169 antea
2138 5128 2235 5185 per
2263 5113 2619 5168 humilitatem
2651 5121 2812 5166 tacet.
2864 5111 3000 5166 Hinc
3029 5114 3226 5168 etenim
3254 5129 3351 5183 per
3377 5113 3529 5168 Salo-

1944 5221 2158 5261 monem
2188 5206 2381 5261 dicitur
2410 5224 2423 5260 :
2457 5225 2474 5257 ι
2510 5204 2746 5275 Tempus
2800 5204 3032 5271 tacendi,
3084 5212 3137 5260 et
3192 5195 3399 5274 tempus
3449 5206 3528 5259 lo-

1943 5294 2139 5364 quendi
2163 5293 2390 5364 (Eccles.
2414 5295 2520 5359 ιιι).
2554 5314 2571 5346 ι
2607 5293 2722 5348 Non
2746 5295 2887 5349 enim
2917 5295 3014 5361 ait,
3038 5303 3246 5364 tempus
3275 5295 3529 5363 loquendi

1943 5392 1998 5439 et
2047 5389 2259 5453 tempus
2316 5384 2567 5449 tacendi,
2617 5384 2713 5440 sed
2771 5386 2921 5455 prius
2988 5386 3196 5440 tacendi
3245 5383 3526 5454 prannittit

1946 5480 2179 5541 tempus,
2212 5481 2267 5527 et
2294 5474 2635 5542 postmodum
2683 5473 2917 5529 subdidit
2948 5472 3217 5543 loquendi.
3249 5472 3385 5539 Quia
3415 5487 3530 5531 non

1944 5562 2207 5632 loquendo
2236 5571 2437 5630 tacere,
2470 5565 2565 5620 sed
2593 5564 2820 5619 tacendo
2844 5563 3099 5618 debemus
3123 5562 3268 5632 loqui
3294 5562 3526 5623 discere.

1879 5651 1889 5660 ’
1944 5651 2000 5708 Si
2023 5648 2150 5724 ergo
2180 5654 2438 5724 propheta
2468 5663 2707 5721 sanctus,
2760 5654 2853 5727 qui
2883 5653 3076 5709 missus
3105 5653 3171 5708 ad
3202 5651 3531 5727 loquendum
