3950 6184
443 318 552 379 575

1092 327 1154 381 Β.
1198 325 1447 381 unum
1488 326 1704 383 metu
1742 286 2064 382 ARCttlEP.
2108 322 2417 389 uocum.
2461 321 2744 381 orarum
2780 323 2959 381 rans
2997 326 3058 382 ιι.

3609 322 3707 386 ιτα

442 433 638 499 fuerat,
662 433 750 488 diu
779 436 929 505 prius
970 436 1161 499 tacuit,
1198 444 1256 490 ut
1284 437 1625 505 postmodum
1656 445 1804 493 recte
1828 435 2020 507 loque-
2052 440 2097 499 Α
2126 443 2274 490 tatur
2299 451 2327 490 a
2358 437 2444 490 via
2470 452 2564 491 sua
2589 434 2751 507 impia
2779 446 2834 494 et
2862 438 3024 494 vivat.
3054 438 3412 496 Comminatio
3442 443 3588 498 enim
3609 461 3708 500 non

444 536 612 593 retur,
642 528 971 597 pensandum
996 528 1150 583 nobis
1178 538 1277 592 est,
1316 538 1516 598 quanta
1544 530 1592 584 ei
1620 530 1776 600 culpa
1804 530 1878 584 sit
1915 544 2021 584 non

443 627 642 681 tacere,
688 633 845 687 quem
901 618 1043 672 nulla
1073 620 1216 687 cogit
1270 621 1566 675 necessitas
1616 620 1782 691 loqui.
1834 619 2025 691 Sequi-

443 718 533 763 tur
563 749 577 763 .
630 726 648 759 ι
682 708 783 765 Fili
820 710 1075 776 hominis,
1129 713 1523 781 Speculatorem
1580 715 1701 770 dedi
1745 724 1797 770 te
1841 715 2021 770 domui

407 800 624 859 .lsrael.
668 820 687 853 ι
718 801 1020 857 Notandum
1068 806 1209 874 quod
1257 820 1400 869 eum,
1443 822 1605 876 quem
1651 806 1910 861 Dominus
1954 806 2022 861 ad

440 894 839 962 urmdicandum
896 895 1063 950 mittit
1113 898 1504 967 speculatorem
1555 913 1676 954 esse
1719 898 2018 954 denuntiat.

438 980 532 1039 Cui
551 984 694 1039 enim
710 1001 838 1039 cura
856 986 1027 1041 aliena
1052 990 1428 1053 committitur,
1447 989 1752 1061 speculator
1775 1000 2017 1054 vocatur,

437 1081 495 1126 ut
524 1072 575 1125 in
601 1074 797 1128 mentis
827 1076 1109 1131 altitudine
1141 1080 1344 1142 sedeat,
1379 1089 1541 1150 atque
1562 1080 1878 1136 vocabulum
1931 1095 2026 1134 no-

436 1161 599 1216 minis
624 1178 689 1216 ex
739 1163 938 1218 virtute
964 1166 1195 1219 actionis
1233 1167 1580 1243 trahatsNon
1612 1176 1694 1224 est
1737 1169 1879 1223 enim
1905 1184 2024 1237 spe-

435 1251 666 1317 culator,
695 1253 787 1321 qui
818 1253 869 1307 in
918 1254 1027 1309 imo
1062 1263 1165 1310 est.
1212 1255 1529 1327 Speculator
1559 1258 1759 1338 quippe
1808 1272 2023 1328 semper

435 1344 491 1398 in
536 1343 816 1399 altitudine
846 1354 977 1407 stat,
1020 1356 1081 1402 ut
1134 1348 1393 1418 quidquid
1442 1358 1726 1404 venturum
1757 1358 1840 1405 est
1866 1348 2022 1414 longe

433 1435 749 1504 prospiciat.
785 1436 851 1490 Et
871 1438 1115 1507 quisquis
1147 1439 1326 1508 populi
1367 1440 1672 1509 speculator
1698 1440 1937 1511 ponitur,
1965 1440 2018 1495 in

434 1524 546 1579 alto
572 1525 730 1580 debet
761 1536 907 1583 stare
953 1545 1052 1599 per
1072 1530 1256 1596 vitam,
1303 1541 1363 1586 ut
1405 1534 1661 1602 prodesse
1708 1533 1879 1605 possit
1924 1548 2021 1602 per

433 1616 846 1685 providentiam.
902 1617 1041 1674 Hine
1100 1622 1362 1691 propheta
1420 1622 1559 1678 alius
1624 1624 2019 1694 speculatorem

434 1705 706 1772 admonet,
727 1707 946 1762 dicens:
976 1727 994 1759 ι
1028 1708 1203 1779 Super
1223 1721 1460 1767 montem
1494 1714 1765 1769 excelsum
1787 1714 2020 1771 ascende

2128 526 2180 580 in
2205 510 2471 590 homines,
2508 528 2601 581 sed
2629 526 2678 581 in
2702 537 3014 597 peccatores
3035 540 3137 595 est,
3163 546 3263 586 nec
3284 532 3335 586 in
3357 548 3450 588 eos
3470 534 3563 605 qui
3588 552 3709 592 con—

2124 625 2465 672 vertuntura
2492 617 2661 681 vitiis,
2717 618 2811 673 sed
2865 619 2956 688 qui
2990 620 3043 673 in
3092 628 3315 690 peccato
3359 635 3705 691 permanent;

2124 722 2487 777 magnumque
2513 707 2805 762 discrimen
2853 719 2937 763 est
2982 709 3078 765 Dei
3135 720 3313 767 tacere
3339 728 3621 769 sermones
3645 717 3711 771 ob

2126 796 2394 867 triplicem
2424 812 2667 860 causam,
2703 797 2786 852 vel
2812 807 3033 868 pr0pter
3063 800 3335 866 timorem,
3372 802 3456 857 vel
3496 815 3711 876 propter

2121 886 2419 956 pigritiam,
2449 886 2532 941 vel
2563 896 2785 956 propter
2809 887 3192 945 adulationem.
3232 890 3385 947 Unde
3419 902 3475 948 et
3501 894 3665 950 Isaias
3692 915 3704 949 :

2129 994 2148 1028 α
2191 974 2300 1035 Vae.
2332 976 2527 1047 inquit,
2580 977 2712 1031 mihi
2751 977 2972 1044 misero,
3019 980 3147 1050 quia
3200 982 3341 1036 tacui
3388 981 3528 1053 (Ira.
3558 984 3652 1056 vi).
3682 1005 3699 1037 ι

2123 1068 2384 1138 Quodque
2425 1068 2669 1139 sequitur
2698 1086 2710 1122 :
2745 1088 2763 1120 ι
2805 1068 2883 1123 Tu
2926 1081 3107 1127 autem
3138 1072 3373 1127 animam
3402 1082 3549 1129 tuam
3576 1075 3703 1130 iibe-

2124 1159 2281 1225 rasti,
2319 1178 2338 1211 ι
2372 1158 2503 1213 illud
2551 1159 2903 1231 apostolicum
2955 1173 3111 1218 sonat
3154 1176 3170 1216 .'
3214 1185 3233 1216 ‹
3282 1163 3338 1220 Si
3375 1166 3532 1235 cujus
3576 1184 3705 1240 Opus

2123 1248 2343 1314 arserit,
2380 1249 2636 1304 damnum
2687 1250 2944 1319 patietur,
2980 1251 3096 1322 ipse
3144 1263 3324 1308 autem
3371 1256 3554 1313 salvus
3584 1261 3699 1326 erit,

2122 1341 2200 1396 sic
2243 1350 2424 1396 tamen
2468 1342 2622 1412 quasi
2662 1359 2760 1413 per
2788 1344 2966 1414 ignem
3012 1344 3066 1418 (I
3103 1346 3226 1401 Cor.
3253 1346 3357 1419 ιιι),
3386 1369 3405 1401 ι
3438 1358 3498 1405 ut
3520 1353 3703 1423 probet

2122 1438 2305 1486 utrum
2335 1432 2639 1502 speculator
2681 1442 2939 1490 externus
2983 1450 3013 1491 a
3060 1441 3223 1493 caus’a
3269 1441 3341 1495 sit
3375 1443 3569 1498 mortis
3592 1445 3704 1515 ejus

2121 1521 2212 1592 qui
2241 1523 2403 1591 periit
2430 1538 2499 1576 an
2528 1538 2672 1578 reus.
2703 1524 2851 1595 Opus
2898 1526 3043 1582 enim
3096 1529 3339 1600 magistri
3375 1532 3524 1587 salus
3549 1534 3703 1590 disci-

2120 1613 2232 1684 puli
2272 1623 2374 1670 est.
2405 1614 2465 1670 ln
2497 1616 2695 1686 quibus
2723 1618 2906 1674 verbis
2936 1620 3066 1690 quid
3094 1620 3248 1677 nobis
3279 1625 3575 1680 notandum
3601 1636 3698 1689 est,

2123 1706 2250 1774 quid
2278 1706 2507 1763 sollicite
2533 1709 2898 1780 cogitandum,
2924 1711 3027 1767 nisi
3050 1712 3175 1782 quia
3206 1729 3308 1769 nec
3346 1714 3618 1785 subjectus
3637 1734 3702 1773 ex

433 1804 514 1860 ιιι,
538 1796 629 1866 qui
670 1798 1007 1869 evangelizas
1036 1799 1162 1855 Sion
1191 1800 1327 1873 (lsa.
1354 1802 1467 1877 ιι),
1514 1824 1533 1857 ι
1568 1813 1627 1860 ιιι
1653 1805 1902 1862 videlicet
1920 1807 2008 1876 qui

2116 1797 2391 1865 praepositi
2421 1798 2578 1868 culpa
2617 1801 2875 1866 moritur,
2909 1816 3010 1857 nec
3038 1804 3362 1874 praepositus
3395 1807 3512 1861 sine
3550 1807 3700 1877 culpa

432 1888 830 1955 praedicationis
855 1889 1031 1946 locum
1077 1894 1308 1964 accepit,
1358 1895 1425 1949 ad
1474 1896 1810 1952 altitudinem
1863 1896 2017 1954 bonae

433 1977 661 2032 actionis
683 1982 959 2047 ascendat,
986 1983 1053 2037 ad
1078 1984 1289 2039 excelsa
1315 1992 1575 2054 transeat,
1607 1996 1661 2042 et
1706 2002 1894 2043 eorum
1924 1992 2016 2060 qui

433 2067 533 2122 sibi
558 2069 830 2125 commissi
859 2080 984 2127 sunt
1002 2088 1165 2143 opera
1190 2078 1561 2141 transcendat,
1590 2088 1859 2150 quatenus
1887 2083 2016 2135 sub-

426 2156 693 2227 jectorum
720 2161 881 2215 vitam
905 2171 1055 2218 tanto
1079 2165 1327 2222 subtilius
1346 2168 1764 2239 videat,quanto
1786 2173 2018 2228 terrenis

433 2246 595 2303 rebus
620 2265 754 2319 quas
782 2252 1029 2322 despicit,
1060 2256 1302 2312 animum
1352 2273 1458 2313 non
1489 2260 1761 2330 supponit.
1814 2259 2015 2335 (Iliam)

431 2336 628 2393 Manus
656 2349 836 2395 autem
859 2342 1070 2398 Domini
1095 2344 1153 2399 lit
1180 2361 1343 2417 super
1364 2349 1679 2418 prophetam
1706 2348 2015 2405 confortans

430 2441 578 2493 eum,
608 2436 667 2483 ut
686 2430 857 2498 possit
875 2448 1068 2489 nomen
1103 2437 1456 2506 speculatoris
1479 2440 1727 2511 accipere
1745 2450 1801 2497 et
1820 2443 2015 2499 docere

430 2519 573 2588 quod
623 2521 773 2577 dicit.
806 2521 1132 2597 Septemque
1173 2530 1323 2599 prius
1363 2529 1551 2586 diebus
1590 2541 1834 2588 versatur
1877 2536 2017 2589 inter

429 2622 547 2673 eos,
570 2612 762 2667 videns
787 2624 976 2671 cuncta
994 2631 1113 2685 quae
1135 2628 1407 2688 gererent,
1433 2629 1491 2675 ut
1508 2631 1694 2691 postea
1709 2625 1871 2679 sciret
1895 2640 2017 2696 quae

429 2701 745 2771 corriperet.
776 2703 968 2761 Moeret
1007 2717 1185 2762 autem
1232 2710 1345 2765 sive
1376 2723 1728 2767 conversatur
1755 2714 1808 2769 in
1838 2716 2016 2772 medio

430 2804 638 2854 eorum,
666 2792 855 2849 videns
878 2795 1082 2851 scelera
1111 2806 1167 2853 et
1191 2800 1395 2869 justam
1428 2803 1522 2858 Dei
1546 2820 1644 2874 pro
1670 2814 2011 2875 peccatorum

432 2877 714 2948 iniquitate
758 2886 1103 2941 sententiam.
1142 2907 1160 2939 ι
1195 2889 1329 2944 Cum
1359 2902 1537 2947 autem
1567 2897 2010 2964 pertransissent,

390 3013 398 3022 .
432 2967 627 3037 inquit,
671 2979 876 3040 septem
927 2973 1063 3041 dies,
1113 2975 1315 3033 factum
1343 2989 1426 3036 est
1452 2984 1672 3039 verbum
1704 2984 1912 3042 Domini
1945 2990 2015 3044 ad

429 3080 533 3129 tne,
564 3066 750 3123 dicens
768 3087 779 3121 :
797 3068 898 3124 Fili
918 3070 1172 3139 hominis,
1201 3077 1591 3145 speculatorem
1609 3080 1730 3137 dedi
1754 3092 1807 3138 te
1828 3083 2008 3140 domui

428 3156 613 3213 lsr.:el.
653 3178 672 3212 ι
707 3159 810 3227 Qui
857 3163 1164 3232 speculator
1220 3166 1434 3224 futurus
1482 3180 1587 3238 est,
1616 3182 1672 3229 et
1725 3173 1818 3229 Dei
1848 3176 2009 3231 verba

425 3249 623 3319 populo
654 3260 996 3320 narraturus,
1041 3256 1209 3312 multo
1248 3266 1487 3329 tempore
1517 3263 1675 3320 debet
1704 3265 2008 3335 quiescere,

425 3348 482 3395 et
510 3339 695 3396 dolere
718 3343 787 3396 ad
817 3358 901 3407 ea,
934 3359 1054 3414 qua:
1074 3347 1276 3415 videat,
1325 3351 1565 3423 nihilque
1594 3354 1797 3412 habere
1821 3372 2009 3413 eorum

426 3429 480 3483 in
511 3432 862 3497 conscientia,
888 3449 1008 3504 quae
1048 3437 1102 3491 in
1126 3439 1247 3494 aliis
1265 3451 1612 3512 correpturos
1639 3453 1742 3500 est.
1781 3466 1799 3498 ι
1828 3447 1895 3501 Ει
1915 3464 2012 3503 au-

425 3520 540 3576 dies
565 3521 632 3576 de
651 3538 745 3578 ore
777 3539 896 3580 meo
920 3529 1161 3595 verbum,
1191 3538 1244 3585 et
1272 3532 1618 3589 annuntiabis
1646 3535 1727 3590 eis
1755 3551 1820 3590 ex
1844 3552 1953 3593 me.
1983 3556 2001 3590 ι

429 3607 495 3681 (G
504 3610 635 3683 reg.)
651 3610 788 3669 Ecce
809 3614 999 3671 iterum
1021 3618 1343 3675 admonetur
1361 3623 1622 3693 propheta
1638 3639 1706 3679 ne
1719 3636 2010 3696 praesumat

421 3697 567 3769 loqui
583 3704 724 3771 quod
748 3720 852 3759 non
868 3706 1114 3771 audierit,
1132 3710 1226 3765 sed
1238 3711 1390 3780 prius
1409 3728 1594 3769 aurem
1611 3717 1790 3772 cordis
1803 3718 2009 3788 aperiat

420 3790 538 3844 voci
571 3794 854 3858 creatoris,
877 3804 934 3850 et
952 3800 1293 3867 postmodum
1317 3816 1379 3857 os
1405 3804 1487 3858 sui
1528 3806 1770 3874 corporis
1798 3808 2009 3879 aperiat

420 3878 645 3939 auribus
701 3881 894 3951 plebis.
949 3884 1102 3943 Unde
1140 3892 1406 3960 propheta
1432 3893 1569 3950 alius
1592 3896 1721 3951 dicit
1751 3915 1764 3950 :
1799 3878 2007 3954 clncli-

420 3972 563 4025 nabo
604 3970 671 4024 ad
730 3972 1134 4032 similitudinem
1192 3995 1377 4036 autem
1424 4000 1620 4049 meam,
1669 3990 1911 4059 aperiam
1950 3993 2002 4046 in

418 4059 677 4128 psalterio
724 4063 1145 4131 propositionem
1190 4085 1361 4125 meam
1396 4072 1568 4145 (Psal.
1603 4079 1812 4151 xum).
1854 4100 1872 4134 ι
1901 4081 2003 4149 Qui

417 4149 562 4204 enim
596 4158 742 4206 recte
766 4153 1040 4221 praedicat,
1085 4157 1252 4227 prius,
1282 4161 1423 4217 sicut
1447 4165 1646 4221 dictum
1681 4149 1784 4235 est,
1815 4187 2002 4228 aurem

417 4239 596 4295 cordis
634 4240 888 4296 locutioni
922 4243 1109 4300 intime
1158 4247 1399 4317 inclinat,
1446 4263 1503 4307 ut
1553 4260 1894 4325 postmodum
1939 4278 2002 4319 os

415 4334 658 4403 corporis
686 4333 739 4388 in
764 4336 1130 4407 propositione
1151 4340 1533 4401 admonitionis
1558 4349 1784 4417 aperiat.

490 4444 508 4475 ι
547 4424 603 4480 Si
634 4426 850 4482 dicente
891 4443 977 4484 me
1005 4430 1071 4484 ad
1099 4430 1349 4502 impium,
1381 4433 1554 4491 Morte
1586 4440 1857 4509 morieris,
1891 4460 1996 4501 non

421 4532 440 4565 ι
475 4517 884 4573 atmuntiaveris
901 4519 971 4585 ei,
999 4536 1173 4591 neque
1201 4521 1413 4580 locutus
1434 4523 1698 4592 fueris,ut
1721 4542 1998 4590 avertatur

421 4622 440 4654 α
478 4620 506 4658 a
532 4607 616 4660 via
640 4623 739 4662 suo
778 4609 962 4679 impia,
992 4620 1047 4665 et
1070 4614 1235 4670 vivat.
1267 4614 1383 4685 lpse
1404 4617 1598 4688 impius
1626 4620 1680 4675 in
1711 4622 1996 4694 iniquitate

419 4710 437 4742 ι
475 4709 571 4748 sua
602 4697 881 4764 morietur,
905 4703 1222 4772 sanguinem
1258 4715 1438 4763 autem
1475 4709 1592 4778 ejus
1623 4714 1689 4769 de
1718 4730 1878 4771 manu
1907 4728 1994 4774 tua

420 4801 438 4833 ι
476 4785 769 4853 requiram.
790 4787 847 4842 Si
866 4799 1046 4846 autem
1067 4797 1472 4855 annuntiaveris
1494 4801 1674 4873 impio,
1699 4815 1752 4860 et
1780 4807 1867 4862 ille
1886 4824 1992 4864 non

419 4892 437 4924 ι
472 4873 634 4930 fuerit
661 4892 954 4936 cnnversus
983 4884 1051 4937 ab
1081 4886 1362 4956 iniquitate
1394 4901 1450 4946 et
1483 4908 1511 4946 a
1558 4896 1641 4949 via
1672 4914 1767 4952 sua
1798 4900 1989 4971 impia,

417 4981 435 5014 ι
476 4962 591 5034 ipse
626 4965 843 5034 quidem
876 4970 928 5024 in
956 4971 1242 5043 iniquitate
1264 4994 1359 5033 sua
1387 4982 1668 5038 morietur.
1700 4985 1777 5042 Tu
1809 4962 1990 5047 autem

416 5070 437 5103 ς
475 5054 708 5109 animam
751 5065 893 5112 tuam
943 5060 1213 5120 liberabis.
1252 5086 1271 5119 ι
1301 5068 1499 5142 (Ηὶεν.)
1532 5073 1646 5131 Duo
1674 5087 1801 5134 sunt
1840 5081 1990 5154 impii

409 5143 524 5199 sive
552 5144 739 5215 iniqui,
766 5156 824 5201 ut
864 5148 1209 5223 Septuaginta
1251 5161 1678 5232 transtulerunt;
1730 5183 1869 5224 unus
1896 5143 1989 5242 qui

406 5234 539 5289 nihil
565 5236 765 5292 audita
792 5241 1149 5309 speculatore,
1178 5257 1233 5300 et
1266 5248 1316 5301 in
1352 5266 1446 5304 sua
1475 5252 1752 5325 impietate
1794 5234 1992 5317 morie-

407 5332 514 5390 tur,
543 5325 695 5397 cujus
720 5330 938 5399 srznguis
959 5331 1024 5386 de
1052 5334 1403 5403 speculatoris
1424 5343 1686 5410 quaeritur
1708 5349 1987 5419 manibus;

404 5413 544 5468 alter
569 5417 654 5471 cui
682 5418 990 5487 speculator
1009 5424 1314 5490 annuntiat,
1346 5436 1399 5482 et
1424 5430 1514 5486 ille
1534 5434 1722 5490 audire
1743 5413 1988 5494 contem;

406 5520 539 5561 nens
563 5522 663 5563 suo
695 5510 826 5566 vitio
855 5514 1102 5570 moritur.
1125 5515 1205 5571 lta
1235 5517 1517 5587 duntaxat,
1546 5534 1604 5580 ut
1630 5529 1936 5597 speculator
1956 5550 1988 5588 a

408 5598 566 5667 culpa
587 5601 796 5660 alienus
823 5605 911 5662 sit.
942 5606 1022 5663 Ex
1049 5624 1156 5680 quo
1179 5610 1530 5684 intelligimus
1554 5617 1674 5676 ideo
1700 5619 1988 5680 Dominum

409 5684 573 5756 impio
585 5696 900 5753 comminari
914 5706 968 5755 et
981 5699 1180 5770 dicere,
1210 5719 1226 5753 ι
1250 5701 1419 5760 Morte
1431 5708 1702 5779 moriaris,
1727 5730 1747 5766 ι
1770 5722 1991 5773 utaver-

2119 1894 2221 1949 est,
2238 1887 2453 1955 quando
2473 1888 2636 1943 verba
2656 1890 2781 1945 vita:
2797 1906 2900 1945 non
2919 1892 3142 1949 audiens
3165 1909 3228 1950 ex
3244 1910 3342 1949 sua
3369 1896 3522 1966 culpa
3539 1913 3641 1953 mon
3655 1901 3699 1952 i-

2120 1980 2229 2038 tur,
2282 1973 2596 2043 subjectus?
2631 1976 2803 2048 lntpio
2847 1980 3047 2033 etenim
3097 1996 3247 2037 mors
3298 1983 3563 2053 debetur,
3613 1989 3701 2042 sed

2119 2061 2169 2116 ei
2221 2061 2290 2115 ab
2320 2063 2660 2132 speculatore
2706 2067 2793 2121 via
2846 2067 2969 2121 vitm
2999 2070 3296 2126 nuntianda
3333 2082 3453 2139 est,
3496 2084 3553 2131 et
3591 2077 3702 2147 ejus

2119 2150 2368 2221 impietas
2394 2153 2743 2224 inerepanda.
2788 2155 2844 2211 Si
2886 2173 3016 2214 vero
3041 2161 3350 2231 speculator
3385 2174 3559 2230 tacet,
3591 2167 3703 2238 ipse

2118 2243 2314 2315 impius
2363 2245 2419 2300 in
2474 2246 2762 2317 iniquitate
2788 2263 2885 2303 sua
2940 2251 3231 2315 morietur,
3277 2254 3400 2322 quia
3457 2255 3703 2326 impietao

2119 2336 2190 2391 tis
2216 2334 2332 2405 ejus
2376 2337 2631 2392 meritum
2656 2337 2790 2406 fuit,
2822 2348 2879 2393 ut
2917 2339 3112 2411 dignus
3137 2357 3246 2398 non
3271 2352 3416 2399 esset
3447 2347 3513 2400 ad
3543 2362 3702 2417 quem

2116 2424 2471 2495 speculatoris
2499 2442 2678 2483 sermo
2701 2428 2886 2496 fieret;
2910 2431 3006 2486 sed
3032 2433 3348 2503 sanguinem
3378 2436 3494 2507 ejus
3527 2436 3703 2493 Domi-

2118 2530 2220 2570 nus
2263 2516 2329 2571 de
2374 2532 2536 2572 manu
2568 2519 2927 2587 speculatoris
2956 2522 3203 2592 requirit,
3241 2526 3368 2595 quia
3411 2526 3524 2596 ipse
3564 2530 3704 2585 hunc

2116 2608 2336 2672 occidit,
2364 2609 2455 2678 qui
2497 2626 2619 2664 eum
2652 2614 2880 2667 tacendo
2922 2615 3081 2668 morti
3124 2617 3361 2672 tradidit.
3408 2618 3465 2672 ln
3513 2622 3702 2690 quibus

2116 2699 2363 2768 utrisque
2400 2701 2731 2770 pensandum
2760 2710 2844 2757 est
2867 2713 3129 2773 quantum
3157 2706 3258 2761 sibi
3299 2722 3542 2764 connexa
3579 2718 3701 2765 sunt

2115 2795 2336 2856 peccata
2363 2790 2701 2845 subditorum
2737 2801 2901 2861 atque
2925 2796 3355 2865 praepositorum,
3382 2801 3507 2869 quia
3538 2801 3625 2856 ubi
3650 2812 3702 2858 et

2115 2878 2389 2949 subjectus
2421 2896 2486 2936 ex
2519 2897 2613 2937 sua
2660 2882 2815 2954 culpa
2865 2886 3114 2954 moritur,
3160 2888 3233 2944 ibi
3274 2890 3320 2946 is
3367 2892 3459 2961 qui
3487 2903 3697 2962 prmest,

2113 2970 2331 3039 quando
2357 2973 2546 3037 tacuit,
2579 2989 2706 3029 reus
2750 2978 2942 3032 mortis
2971 2984 3204 3033 tenetur.
3238 2979 3283 3036 Ο
3323 2997 3485 3051 quam
3516 2970 3649 3039 liber
3672 3001 3699 3039 a

2114 3059 2530 3116 commissorum
2573 3063 2676 3119 sibi
2711 3067 2970 3136 sanguine
3000 3065 3179 3124 fuerat
3200 3072 3530 3140 praedicator
3553 3090 3702 3148 egre—

2037 3137 2081 3200 C
2113 3151 2233 3220 gius
2282 3151 2374 3221 qui
2427 3152 2659 3218 dicebat,
2718 3154 2947 3211 Mundus
2996 3172 3116 3212 sum
3183 3137 3217 3213 a
3267 3163 3532 3233 sanguine
3583 3137 3695 3220 5m-

2115 3242 2297 3296 nium!
2330 3241 2446 3297 Non
2499 3244 2642 3299 enim
2687 3246 3025 3319 subterfugi,
3070 3250 3359 3320 quominus
3495 3271 3699 3311 annun-

2115 3331 2307 3385 tiarem
2334 3344 2494 3385 omne
2520 3332 2806 3388 consilium
2843 3334 2935 3389 Dei
2968 3337 3140 3391 vobis.
3179 3337 3237 3394 Si
3271 3340 3414 3395 enim
3462 3358 3568 3398 non
3602 3361 3697 3399 an-

2111 3421 2447 3488 nuntiasset,
2492 3424 2726 3480 mundus
2756 3440 2786 3479 a
2813 3427 3075 3497 sanguine
3105 3443 3209 3484 non
3240 3440 3419 3498 esset,
3459 3434 3554 3490 sed
3584 3437 3698 3506 qui-

2111 3513 2212 3569 bus
2254 3530 2414 3571 omne
2444 3517 2726 3572 consilium
2757 3518 2852 3574 Dei
2883 3523 3209 3579 annuntiare
3252 3527 3477 3594 studuit,
3513 3529 3582 3586 ab
3611 3546 3695 3585 eo—

2108 3618 2229 3657 rum
2257 3606 2515 3675 sanguine
2544 3609 2776 3664 mundus
2810 3608 2931 3664 fuit.
2961 3610 3019 3666 ln
3054 3627 3163 3683 qua
3193 3631 3327 3672 voce
3352 3633 3452 3673 nos
3481 3622 3695 3675 convin-

2107 3695 2300 3759 cimur,
2336 3712 2435 3752 nos
2460 3700 2904 3770 constringimur,
2952 3719 3053 3760 nos
3083 3706 3162 3762 rei
3187 3722 3307 3763 esse
3334 3711 3692 3776 ostendimur,

2107 3784 2232 3855 quia
2264 3787 2574 3843 sacerdOtes
2602 3805 2879 3855 vocamur,
2935 3795 3025 3863 qui
3079 3810 3243 3867 super
3265 3813 3327 3853 ea
3375 3801 3537 3868 mala,
3580 3819 3694 3874 qua:

2106 3877 2322 3947 proprie
2361 3879 2643 3944 habemus,
2682 3881 2891 3939 alienas
2940 3877 3157 3958 quoque
3183 3897 3389 3946 mortes
3428 3892 3688 3956 addimus.

2106 3966 2232 4036 quia
2284 3976 2363 4022 tot
2410 3969 2725 4032 occidimus,
2776 3982 2907 4044 quot
2947 3976 3015 4030 ad
3066 3986 3294 4034 mortem
3341 3981 3421 4037 ire
3459 3984 3693 4056 quatidle

2107 4058 2270 4128 tepidi
2297 4070 2351 4115 et
2374 4070 2616 4119 tacentes
2640 4065 2904 4123 videmus.
2930 4067 3064 4124 Cum
3090 4086 3221 4128 vero
3248 4072 3451 4130 dicitur
3477 4095 3490 4131 :
3520 4096 3538 4129 ι
3562 4077 3693 4133 San-

2103 4149 2319 4219 guinem
2350 4151 2467 4222 ejus
2500 4153 2566 4208 de
2595 4170 2756 4209 manu
2785 4165 2872 4212 tua
2899 4161 3197 4230 requiram,
3229 4183 3249 4216 ι
3283 4165 3329 4219 si
3366 4166 3421 4221 in
3452 4167 3558 4223 hoc
3578 4169 3691 4225 loco

2103 4240 2383 4309 sanguinis
2412 4243 2653 4311 nomine,
2708 4263 2856 4304 mors
2901 4254 3145 4321 corporis
3171 4255 3511 4326 designatur,
3543 4263 3693 4318 valde

2103 4331 2259 4386 nobis
2286 4332 2352 4387 de
2396 4343 2585 4390 nostro
2636 4337 2853 4394 silentio
2899 4351 3129 4413 augetur
3178 4355 3375 4413 metus,
3405 4350 3532 4419 quia
3560 4353 3605 4407 si
3639 4352 3692 4408 in

2104 4419 2361 4489 subjectis
2386 4425 2499 4479 suis
2529 4426 2575 4481 is
2612 4428 2704 4496 qui
2734 4429 2990 4500 prmlatus
3012 4434 3079 4488 ad
3125 4437 3508 4505 speculandum
3534 4442 3692 4498 etiam

2104 4511 2169 4567 de
2196 4522 2372 4568 morte
2398 4518 2643 4587 corporis
2668 4523 2996 4593 quandoque
3025 4527 3271 4582 morituri
3312 4536 3422 4584 tam
3458 4535 3695 4603 graviter

2103 4616 2230 4658 reus
2259 4605 2512 4673 punitur,
2560 4623 2668 4678 quo
2711 4621 2867 4667 reatu
2896 4613 2963 4669 de
2990 4625 3166 4671 morte
3205 4618 3400 4674 anima:
3426 4622 3694 4693 subjecto-

2104 4705 2224 4745 rum
2248 4695 2672 4765 constringetur,
2701 4715 2822 4770 qua:
2870 4703 3132 4772 potuisset
3168 4721 3382 4778 semper
3406 4710 3613 4780 vivere,
3649 4715 3693 4769 si

2101 4782 2267 4835 verba
2296 4786 2656 4855 correptionis
2676 4790 2949 4847 audisset!
2978 4792 3083 4849 Sed
3108 4796 3297 4852 melius
3325 4812 3557 4869 possunt
3576 4820 3693 4859 sau-

2103 4869 2281 4939 guinis
2333 4874 2552 4930 nomine
2599 4887 2822 4946 peccata
2856 4881 3080 4950 signari.
3129 4882 3277 4940 Unde
3317 4887 3538 4955 quidam
3567 4908 3688 4948 cum

2100 4960 2166 5014 de
2188 4963 2427 5031 peccatis
2448 4967 2632 5023 carnis
2648 4967 2886 5035 defieret,
2915 4971 3082 5027 dixit:
3116 4991 3136 5023 ί
3154 4973 3348 5030 Libera
3371 4992 3460 5033 me
3476 4980 3544 5035 de
3570 4998 3689 5041 sau-

2097 5052 2349 5121 guinibus
2371 5054 2533 5122 Deus,
2569 5056 2730 5124 Deus,
2761 5059 2952 5117 salutis
2979 5077 3114 5119 meae
3140 5061 3255 5135 (Ps.
3286 5064 3359 5141 ι).
3396 5086 3417 5120 ι
3455 5068 3688 5143 Sanguis

2096 5164 2227 5222 ergo
2274 5152 2562 5211 morientis
2610 5157 2676 5212 de
2722 5174 2883 5214 manu
2933 5164 3295 5234 speculatoris
3330 5171 3682 5240 requiretur:

2097 5250 2221 5320 quia
2248 5262 2526 5321 peccatum
2560 5257 2759 5314 subditi
2801 5261 2972 5333 culpae
2998 5269 3292 5338 przepositi,
3336 5272 3383 5327 si
3436 5277 3680 5341 tacuerit,

2098 5338 2409 5411 deputatur.
2455 5345 2552 5402 Est
2595 5362 2725 5419 ergo
2753 5351 2898 5420 quod
2924 5353 3110 5426 faciat,
3137 5368 3199 5415 ut
3224 5362 3389 5417 etiam
3419 5338 3683 5423 moriente

2097 5441 2313 5499 subdito
2338 5460 2398 5500 se
2426 5445 2656 5505 liberum
2698 5451 2907 5509 reddat.
2953 5455 3171 5531 Surgat,
3213 5462 3479 5535 invigilet,
3528 5470 3679 5526 malis

2096 5540 2307 5599 actibus
2332 5547 2690 5615 contradicat,
2720 5540 2869 5607 sicut
2908 5557 3170 5628 scriptum
3194 5568 3320 5616 est:
3349 5581 3369 5615 ι
3404 5564 3675 5634 Discurre,

2096 5629 2312 5701 festina,
2368 5639 2568 5695 suscita
2614 5642 2847 5700 amicum
2876 5654 3047 5715 tuum,
3094 5665 3163 5706 ne
3189 5652 3404 5713 dederis
3429 5629 3675 5715 somnum

2096 5726 2265 5784 oculis
2287 5729 2413 5800 tuis,
2439 5747 2539 5789 nec
2561 5732 2851 5793 dormitent
2877 5739 3149 5814 palpebrae
3172 5752 3275 5802 tua:
3306 5744 3490 5820 (Prov.
3528 5748 3614 5820 rt).
3646 5766 3665 5802 ι
