3950 6184
244 277 342 330 577

242 478 385 532 veris
422 474 608 544 impio,
645 483 699 528 et
747 470 836 525 ille
884 485 988 524 non
1028 469 1192 524 fuerit
1221 486 1515 526 conversus
1539 472 1606 526 ab
1635 469 1826 540 impie-

243 578 350 623 tate
381 581 478 621 sua
510 573 564 619 et
613 580 643 617 a
682 563 770 617 via
798 577 895 617 sua
940 562 1124 630 impia,
1169 561 1283 631 ipse
1312 577 1528 632 quoque
1559 563 1610 615 in
1641 561 1828 629 impie-

242 667 349 713 tate
372 672 470 712 sua
494 656 775 709 morietur.
796 653 873 706 Tu
890 660 1065 706 autem
1089 654 1326 706 animam
1350 663 1496 707 tuam
1521 652 1780 706 liberasti.
1805 671 1823 704 ι

241 747 393 805 Tunc
420 755 602 800 autem
658 743 932 811 subjectus
982 742 1210 796 moritur
1259 744 1374 797 sine
1415 753 1490 806 te,
1522 741 1738 812 quando
1773 742 1828 796 in

240 852 402 892 causa
462 835 656 890 mortis
715 833 1169 890 contra'lictorem
1222 833 1510 902 pertulerit
1569 841 1641 888 te.
1694 831 1828 885 Nam

239 928 426 993 morti,
473 928 558 982 cui
612 942 718 980 non
769 925 1121 990 contradicis,
1162 925 1512 995 adjungeris;
1543 932 1599 978 et
1634 931 1828 977 notan-

238 1022 363 1072 dum
394 1033 516 1089 quae
541 1026 667 1071 sunt
690 1031 811 1086 quas
835 1015 1066 1071 debeant
1089 1014 1158 1068 ab
1188 1021 1493 1085 spectatore
1520 1012 1826 1080 praedicari.

241 1109 497 1162 nimirum
545 1105 682 1160 fides
723 1113 779 1158 et
830 1101 1094 1173 operatio.
1129 1102 1264 1157 Nam
1293 1103 1390 1167 ait,
1427 1122 1444 1153 ι
1475 1101 1530 1156 Si
1561 1111 1739 1156 autem
1774 1111 1824 1155 tu

238 1196 652 1252 annuntiaveris
679 1195 866 1263 impio,
895 1204 952 1249 et
995 1193 1084 1248 ille
1110 1209 1216 1246 non
1253 1192 1416 1246 fuerit
1442 1207 1736 1247 conversus
1758 1191 1826 1244 ab

238 1287 528 1355 iniquitate
552 1300 647 1338 sua
690 1293 744 1338 et
771 1300 800 1336 a
828 1283 912 1336 via
940 1298 1036 1337 sua
1076 1282 1258 1352 impia.
1298 1302 1316 1334 ›
1351 1281 1605 1350 Impietas
1629 1281 1825 1350 quippe

236 1377 300 1431 ad
355 1374 728 1429 infidelitatem
773 1374 1036 1443 pertinet;
1079 1373 1162 1426 via
1206 1387 1334 1426 vero
1363 1372 1549 1441 impia,
1599 1371 1664 1424 ad
1697 1387 1823 1441 pra-

235 1483 358 1520 vam
397 1466 689 1520 actionem.
731 1464 798 1518 Et
842 1464 1021 1518 omnis
1045 1463 1350 1533 speculator
1374 1463 1478 1518 boc
1507 1463 1705 1516 habere
1726 1457 1827 1514 ‘de—

235 1561 323 1614 bet
355 1557 547 1622 studii,
583 1565 640 1610 ut
683 1556 833 1626 prius
879 1555 946 1608 ad
993 1555 1251 1622 pietatem
1309 1553 1451 1617 fidei,
1485 1550 1826 1622 postmodum

235 1651 300 1704 ad
347 1649 498 1720 piam
544 1648 707 1710 viam,
741 1646 795 1700 id
833 1655 938 1709 est,
967 1647 1034 1698 ad
1078 1645 1272 1698 botiatu
1310 1645 1577 1699 actionem
1613 1643 1821 1706 trahat;

1200 267 1556 324 GOMliEINT.
1596 269 1662 324 IN
1702 267 1824 323 EZE

1929 264 2158 319 IEIiE'd.
2195 297 2259 304 νς·
2300 264 2424 318 ΗΒ.
2471 263 2555 318 III.
3407 270 3511 328 578

246 387 396 444 L‘nde
423 385 511 440 hic
548 397 761 454 quoque
809 375 1066 434 additur:
1105 398 1120 430 ι
1163 379 1219 433 Si
1267 381 1412 434 cnim
1443 389 1497 434 tu
1534 379 1821 434 annuntia-
1852 384 1895 441 Α
1931 378 2114 431 tbeum
2163 378 2481 431 exhortatur
2529 378 2714 431 dicens

2762 396 2774 430 :
2818 397 2834 428 ‹
2886 379 3087 446 Argue,
3117 380 3364 446 obsecra,
3387 397 3509 438 cum

1932 467 2079 520 muni
2112 467 2367 536 patientia
2398 475 2452 521 et
2492 466 2733 520 doctrina
2762 466 2845 538 (11
2876 467 3006 525 Tim.
3046 469 3140 540 tv).
3173 489 3190 520 ι
3226 468 3366 536 Quid
3407 478 3514 537 est,

1930 561 2071 628 quod
2099 558 2188 612 uni
2220 558 2503 627 imperium
2531 569 2584 612 et
2613 560 2702 613 alii
2741 560 3055 630 patientiam
3085 561 3358 631 praecipit,
3407 563 3514 618 nisi

1930 650 2070 719 quod
2097 666 2259 703 unum
2287 650 2524 712 lenioris,
2543 649 2768 706 alterum
2787 667 2914 705 vero
2936 651 3279 708 ferventioris
3291 652 3516 723 spiritus

1930 754 2050 792 esse
2077 738 2326 808 aspexit?
2363 738 2492 792 Leni
2523 754 2620 806 per
2644 739 3022 793 auctoritatem
3066 739 3276 809 imperii
3330 741 3512 812 injun-

1927 829 2098 896 gt-nda
2128 837 2246 881 erat
2269 829 2531 881 severitas
2555 828 2722 881 verbi.
2748 829 2796 881 Is
2823 838 2999 882 autem
3027 829 3116 897 qui
3145 844 3240 898 per
3263 831 3512 900 Spiritum

1930 913 2192 982 fervebat,
2247 931 2343 986 per
2369 919 2683 994 patientiam
2717 921 3093 988 temperandus
3123 919 3315 986 fuerat,
3353 936 3423 977 ne
3466 922 3514 978 si

1929 1009 2047 1078 plus
2089 1009 2238 1078 justo
2292 1009 2698 1072 infervesccret,
2731 1025 2837 1063 non
2870 1011 2936 1064 ad
2977 1009 3202 1065 salutem
3236 1013 3513 1066 vulnerata

1928 1101 2235 1168 reduceret,
2289 1103 2381 1152 sed
2431 1114 2561 1152 sana
2588 1100 2913 1153 vulneaaret.
2947 1098 3252 1154 Curandum
3301 1117 3515 1172 quoque

1928 1197 2186 1256 quantum
2241 1187 2545 1256 loquamur,
2593 1204 2659 1242 ne
2711 1189 2755 1243 si
2808 1189 2878 1253 ei,
2907 1189 2999 1259 qui
3039 1191 3204 1244 txulta
3237 1192 3377 1248 ferre
3407 1210 3513 1249 non

1926 1278 2088 1344 valet,
2115 1278 2340 1333 verbum
2369 1279 2453 1332 vel
2475 1280 2868 1335 exhortationis
2891 1281 2968 1334 vel
2997 1281 3378 1352 increpatiunis
3401 1285 3516 1339 lon-

1926 1369 2045 1439 gius
2076 1370 2361 1435 trahimus,
2397 1371 2700 1424 auditorem
2728 1379 2972 1425 nostrum
2993 1371 3060 1425 ad
3091 1371 3363 1428 fastidiutn
3391 1389 3514 1444 per-

1927 1461 2208 1516 ducamus.

2006 1572 2024 1604 ι
2077 1552 2184 1608 Sed
2213 1564 2267 1608 et
2293 1554 2339 1608 si
2367 1569 2661 1609 conversus
2679 1553 2861 1622 justus
2898 1572 2928 1608 a
2967 1553 3178 1623 justitia
3208 1571 3302 1611 sua
3326 1556 3516 1612 fecerit

1936 1664 1955 1697 ι
1992 1646 2350 1715 iniquitatem,
2379 1661 2574 1715 ponam
2603 1644 2984 1699 offendiculum
3041 1661 3224 1700 coram
3269 1661 3354 1712 eo,
3399 1646 3516 1716 ipse

233 1741 327 1796 sed
350 1740 482 1810 quia
498 1738 563 1793 de
585 1737 961 1792 exhortatione
983 1751 1162 1792 sermo
1187 1751 1244 1790 se
1269 1735 1822 1798 intulit,innotescere
1856 1727 1897 1784 Β
1933 1755 1950 1785 ι
1989 1736 2270 1800 morietur,
2299 1737 2423 1804 quia
2455 1751 2561 1790 non
2589 1736 2924 1790 annuntiasti
2966 1736 3037 1800 ei,
3072 1737 3123 1790 in
3167 1746 3388 1805 peccato
3413 1753 3513 1792 suo

234 1830 476 1885 breviter
524 1829 785 1883 debemus
813 1828 864 1881 in
905 1840 999 1881 ore
1044 1827 1298 1896 pastoris,
1350 1834 1584 1894 quantus
1627 1825 1822 1879 debeat

231 1935 354 1975 esse
403 1920 540 1974 ordo
596 1927 757 1986 atque
807 1916 1168 1972 consideratio
1227 1915 1532 1970 locutionis.
1589 1914 1823 1970 Pensare

231 2011 434 2065 etenim
483 2011 669 2064 doctor
717 2007 878 2063 debet
923 2007 1052 2076 quid
1100 2007 1375 2076 loquatur,
1423 2007 1508 2060 cui
1545 2005 1816 2074 loquatur,

232 2102 450 2172 quando
495 2101 781 2170 loquatur,
833 2099 1066 2168 qualiter
1110 2098 1396 2166 loquatur,
1432 2106 1693 2167 quantum
1743 2096 1821 2150 lo-

228 2204 430 2265 quatur
469 2212 486 2248 :
531 2193 579 2249 si
633 2193 777 2248 enim
826 2208 996 2246 unum
1039 2193 1236 2246 horum
1294 2190 1568 2254 defuerit,
1619 2190 1820 2245 locutio

230 2294 351 2352 apta
383 2299 497 2338 non
549 2283 671 2338 erit.
705 2281 978 2352 Scriptum
1021 2282 1218 2351 quippe
1253 2291 1374 2336 est:
1414 2299 1431 2332 ι
1470 2279 1527 2334 Si
1559 2289 1705 2334 recte
1740 2277 1822 2334 of-

231 2376 410 2441 feras,
451 2383 600 2429 recte
646 2383 823 2428 autem
855 2389 960 2426 non
1013 2372 1250 2438 dividas,
1283 2371 1538 2442 peccasti.
1583 2390 1601 2422 ι
1656 2371 1821 2426 Recte

230 2473 410 2519 autem
478 2463 792 2528 oﬂ'erimus,
845 2478 969 2517 cum
1017 2462 1158 2516 bono
1209 2462 1389 2515 studio
1434 2461 1634 2514 bonum
1686 2475 1821 2530 opus

229 2557 465 2627 agimus.
524 2553 630 2609 Sed
667 2561 810 2608 recte
848 2568 954 2608 non
1001 2553 1288 2608 dividimus
1313 2593 1328 2617 ,
1375 2553 1421 2607 si
1474 2551 1674 2608 habere
1713 2553 1823 2606 dis-

228 2649 532 2702 cretionem
592 2647 645 2700 in
694 2647 836 2701 bono
889 2661 1050 2716 opere
1101 2655 1508 2716 postponamus.
1563 2643 1822 2699 Conside-

231 2753 352 2792 rare
382 2739 588 2792 etenim
621 2737 878 2792 debemus
908 2737 1035 2806 quid
1075 2736 1362 2806 loquimur,
1393 2745 1450 2789 ut
1473 2733 1630 2804 juxta
1669 2734 1820 2790 Pauli

228 2843 416 2883 vocem
467 2826 688 2899 (Coloss.
741 2828 840 2899 tv),
879 2847 896 2879 ‹
931 2842 1143 2896 semper
1175 2828 1245 2881 sit
1272 2842 1451 2881 sermo
1489 2837 1675 2882 noster
1710 2827 1822 2882 sale

227 2921 508 2975 conditus.
547 2939 566 2971 ι
593 2917 933 2973 Pensandum
962 2933 1089 2974 vero
1115 2918 1268 2972 nobis
1284 2927 1366 2972 est
1393 2917 1479 2972 cui
1511 2918 1818 2988 loquamur,

227 3013 353 3080 quia
377 3026 525 3080 sarpe
559 3011 944 3080 increpationis
965 3012 1212 3076 verbum,
1245 3011 1389 3080 quod
1428 3012 1545 3066 haec
1583 3011 1818 3064 admittit

226 3117 490 3172 persona,
535 3102 701 3155 altera
731 3118 834 3155 non
863 3101 1099 3155 admittit

225 3206 468 3260 persona
500 3191 794 3245 secundum
825 3189 1026 3244 factum
1072 3191 1130 3244 fit
1180 3191 1369 3245 altera.
1423 3190 1576 3246 Unde
1609 3189 1820 3244 Nathan

224 3283 500 3351 propheta
533 3279 616 3351 (ΙΙ
651 3279 778 3350 Reg.
812 3280 912 3351 xu)
955 3279 1123 3335 David
1173 3289 1296 3351 post
1341 3280 1664 3334 adulterium
1693 3279 1822 3336 forti

227 3370 624 3441 increpationis
645 3370 914 3425 sententia
939 3370 1228 3439 percussit,
1253 3369 1342 3439 qui
1371 3386 1492 3424 cum
1515 3371 1581 3424 de
1608 3379 1823 3440 raptore

224 3464 346 3516 ovis
368 3463 600 3524 diceret,
622 3478 639 3510 ι
662 3459 826 3514 Filius
845 3460 1036 3516 mortis
1055 3472 1158 3524 est,
1183 3460 1273 3529 qui
1293 3459 1554 3521 fecithoc,
1582 3479 1599 3511 ι
1618 3460 1666 3514 ei
1692 3475 1820 3528 pro-

227 3555 378 3608 tinus
407 3552 705 3623 respondit,
731 3552 914 3606 dicens
938 3570 950 3605 :
982 3570 1000 3603 ι
1036 3551 1114 3605 Tu
1137 3566 1197 3606 es
1222 3552 1312 3606 ille
1342 3552 1440 3604 vir.
1474 3570 1492 3602 ι
1519 3550 1615 3606 Cui
1642 3561 1821 3606 tamen

224 3661 353 3700 cum
383 3645 453 3698 de
483 3643 788 3698 Salomonis
819 3659 985 3715 regno
1035 3643 1365 3712 loqueretur,
1395 3644 1522 3713 quia
1548 3643 1703 3713 culpa
1732 3645 1824 3697 de-

223 3737 354 3802 fuit,
387 3737 439 3790 ei
497 3751 555 3790 se
605 3734 881 3790 humiliter
915 3735 968 3789 in
1023 3735 1391 3790 adorationem
1420 3735 1732 3803 prostravit.
1765 3732 1823 3788 In

224 3844 340 3882 una
361 3842 498 3897 ergo
517 3826 814 3896 eademque
841 3842 1095 3897 persona,
1117 3826 1242 3895 quia
1268 3841 1429 3880 causa
1449 3826 1633 3896 dispar
1651 3803 1820 3880 ex‘sti-

221 3919 312 3982 tit,
345 3918 514 3971 etiam
547 3932 723 3971 sermo
749 3916 1093 3986 propheticus
1133 3915 1409 3970 dissimilis
1436 3914 1556 3968 fuit.
1584 3914 1825 3970 Pensan-

221 4010 359 4064 dum
389 4014 604 4076 queque
627 4014 709 4060 est
741 4006 956 4075 quando
985 4005 1128 4075 loqui
1159 4005 1469 4069 debeamus,
1504 4005 1630 4075 quia
1658 4019 1822 4073 saepe,

218 4099 334 4153 etsi
388 4095 633 4151 defertur
682 4095 996 4164 increpatio,
1050 4095 1394 4163 postmodum
1431 4095 1661 4166 benigne
1689 4093 1825 4149 reci-

218 4191 403 4260 pitur,
448 4196 504 4242 et
546 4203 929 4256 nonnunquam
963 4188 1260 4258 languescit
1308 4188 1352 4243 si
1392 4187 1494 4242 hoc
1545 4203 1652 4258 quo
1700 4197 1826 4242 ante

218 4279 473 4353 proferri
521 4278 705 4333 debuit
754 4285 966 4347 tempus
1008 4279 1273 4340 amiserit.
1312 4275 1446 4332 Nam
1505 4287 1562 4333 et
1611 4280 1825 4349 sapiens

219 4371 434 4426 mulier
462 4367 629 4423 Nabal
654 4368 862 4423 ebrium
896 4369 1085 4423 videns
1113 4367 1165 4433 (I
1210 4367 1338 4439 Reg.
1369 4369 1520 4442 xxv),
1546 4370 1825 4440 increpare

217 4461 292 4516 de
325 4460 494 4529 culpa
547 4458 853 4513 tenacitatis
883 4458 1071 4523 noluit,
1120 4475 1280 4528 quem
1331 4461 1540 4530 digesto
1578 4461 1704 4515 vino
1747 4462 1826 4515 in-

217 4548 572 4621 crepationis
609 4565 713 4603 suzr
769 4549 951 4603 verbis
1006 4549 1214 4604 utiliter
1273 4553 1560 4620 percussit.
1597 4553 1663 4606 Et
1700 4568 1827 4622 pru-

215 4645 394 4714 pheta
428 4641 766 4696 adulantium
802 4642 1011 4713 linguas
1063 4660 1168 4699 non
1200 4661 1319 4701 esse
1369 4647 1422 4700 in
1480 4650 1827 4717 subsequcnti

217 4745 486 4804 tempore
513 4733 840 4788 differendus
886 4736 1197 4800 annuntiat,
1248 4739 1340 4806 qui
1372 4738 1447 4791 ait
1480 4755 1494 4791 :
1533 4757 1550 4788 ι
1584 4737 1826 4792 Confun-

217 4829 438 4882 dantur
469 4827 653 4880 statim
686 4828 1093 4892 erubescentes,
1122 4828 1214 4898 qui
1247 4829 1433 4884 dicunt
1467 4830 1622 4892 mihi,
1657 4830 1826 4900 Euge,

214 4934 369 4989 euge
401 4915 578 4986 (Paul.
625 4917 796 4990 thx).
833 4938 852 4970 ι
886 4917 1136 4973 Adulatio
1174 4921 1372 4975 etenim
1399 4921 1444 4975 si
1477 4921 1557 4976 vel
1581 4921 1648 4975 ad
1695 4929 1828 4976 tem-

215 5024 330 5078 pus
387 5008 664 5077 patienter
714 5008 1025 5078 suscipitur,
1079 5018 1324 5080 augetur,
1355 5019 1409 5065 et
1435 5009 1708 5081 paulisper
1733 5009 1830 5065 dc-

213 5100 440 5155 mulcet
465 5099 706 5152 animum
730 5109 836 5152 uta
861 5099 1039 5167 rigore.
1056 5115 1165 5153 sute
1187 5101 1525 5156 rectitudinis
1569 5101 1830 5156 ἰιιοιυδοιιι

215 5193 275 5246 in
295 5191 680 5245 delectatione
695 5191 981 5244 sermonis.
1003 5189 1106 5244 Sed
1134 5206 1198 5244 ne
1223 5206 1470 5246 crescere
1483 5192 1698 5253 debeat,
1714 5200 1828 5245 sta-

212 5283 327 5336 tim
361 5289 451 5334 est
477 5288 533 5334 et
560 5280 679 5334 sine
707 5296 861 5334 mora
896 5279 1218 5349 abjicienda.
1249 5281 1589 5338 Pensandum
1620 5297 1833 5352 quoque

214 5369 401 5426 nobis
422 5379 510 5424 est
539 5369 772 5439 qualiter
798 5369 1104 5440 loquamur,
1155 5387 1280 5424 nam
1311 5387 1452 5441 saepe
1481 5373 1668 5434 verba,
1713 5387 1834 5443 qua:

214 5463 389 5517 hunc
421 5459 491 5515 ad
519 5460 751 5515 salutem
782 5472 1102 5531 provocant,
1152 5462 1314 5516 alium
1342 5463 1647 5516 vulnerant.
1683 5462 1837 5519 Unde

216 5554 444 5611 Paulus
487 5568 703 5624 quoque
729 5554 1038 5624 Apostolus,
1083 5554 1175 5624 qui
1205 5553 1386 5610 Titum
1435 5555 1707 5620 admonet,
1755 5555 1837 5608 di-

214 5663 376 5704 cens
405 5661 420 5699 :
456 5666 473 5696 ι
513 5644 694 5716 Argue
721 5662 842 5702 cum
866 5648 1014 5702 omni
1055 5648 1281 5718 imperio
1316 5645 1444 5718 (Tit.
1482 5649 1566 5718 ιι),
1606 5667 1623 5700 ι
1653 5647 1836 5704 Timo-

1145 3120 1158 3155 :
1301 3117 1442 3172 saepe
1478 3103 1668 3156 eadem
1707 3102 1819 3171 ipsa
1847 3071 1891 3133 C

1933 1848 1950 1879 ι
1986 1829 2264 1892 morietur,
2296 1836 2350 1881 et
2379 1843 2485 1882 non
2508 1835 2669 1881 erunt
2695 1827 2750 1881 in
2794 1828 3111 1881 memoriam
3142 1826 3366 1896 justitia:
3396 1827 3514 1895 ejus

1931 1937 1948 1969 ι
1985 1935 2119 1988 quas
2138 1918 2288 1984 fecit,
2314 1917 2634 1988 sanguinem
2661 1932 2786 1970 vero
2807 1917 2923 1986 ejus
2943 1918 3008 1970 de
3031 1932 3190 1969 manu
3215 1925 3300 1970 tua
3327 1917 3514 1986 requi-

1929 2029 1946 2062 ι
1987 2027 2121 2064 ram.
2146 2011 2203 2064 Si
2230 2018 2408 2065 autem
2443 2019 2498 2063 tu
2531 2008 2938 2062 annuutiaveris
2964 2007 3133 2077 justo,
3165 2017 3224 2060 ut
3249 2022 3355 2061 non
3384 2021 3513 2077 pec-

1930 2118 1948 2150 ι
1981 2099 2278 2168 cetjustus,
2307 2111 2362 2153 et
2385 2098 2473 2153 ille
2501 2114 2606 2153 non
2637 2098 2967 2167 peccaverit,
2988 2097 3176 2151 vivens
3194 2097 3358 2160 vivet,
3386 2096 3514 2165 quia

1929 2208 1947 2241 ι
1984 2191 2468 2252 annuntiastiei,et
2485 2198 2537 2243 tu
2550 2190 2787 2243 animam
2805 2197 2951 2242 tuam
2977 2186 3240 2242 liberasti.
3267 2206 3283 2240 ι
3309 2185 3512 2259 (ﬂiam)

1925 2279 2074 2336 Sicut
2104 2281 2295 2350 impios
2313 2281 2396 2336 vel
2425 2281 2642 2350 iniquos
2673 2281 2807 2334 duos
2829 2278 3086 2349 legimus,
3116 2293 3279 2332 unum
3294 2276 3511 2346 quinon

1923 2375 2189 2428 audivitet
2205 2373 2383 2443 periit,
2401 2373 2628 2427 alterum
2651 2373 2743 2442 qui
2766 2371 2972 2426 audivit
2989 2379 3043 2423 et
3069 2369 3436 2439 perseveravit
3456 2368 3513 2422 in

1924 2465 2188 2535 nequitia,
2209 2467 2288 2520 sic
2319 2467 2425 2520 duo
2446 2464 2581 2534 justi
2605 2473 2750 2531 sunt,
2786 2479 2926 2518 unus
2949 2464 3040 2532 qui
3071 2479 3179 2518 non
3203 2463 3432 2528 audivit,
3455 2470 3512 2519 et

1922 2561 2101 2631 periit,
2127 2561 2264 2616 alter
2284 2562 2374 2630 qui
2393 2561 2614 2624 audivit,
2631 2571 2686 2616 et
2707 2574 3004 2615 conversus
3028 2560 3094 2612 ad
3114 2556 3510 2628 paenitentiam,

1923 2651 2151 2706 salvavit
2191 2652 2426 2705 animam
2471 2667 2644 2706 suam.
2691 2651 3106 2720 Notandumque
3158 2648 3303 2718 quod
3343 2649 3516 2718 possit

1917 2743 2096 2812 justus
2110 2745 2323 2808 cadere,
2341 2745 2442 2798 etsi
2464 2742 2710 2798 habuerit
2725 2743 3039 2811 magistrum
3058 2740 3124 2794 ad
3145 2739 3367 2794 meliora
3381 2753 3513 2794 con-

1923 2834 2080 2889 verti.
2099 2835 2165 2888 Et
2179 2833 2316 2890 bona
2331 2835 2493 2906 igitur
2505 2849 2666 2904 opera
2683 2834 2923 2904 indigent
2935 2832 3151 2887 assiduo
3164 2839 3514 2902 praeceptore,

1922 2941 1991 2980 ne
2018 2925 2194 2981 lassus
2223 2927 2428 2998 optimo
2451 2943 2636 2991 cursu,
2667 2926 2914 2981 retrahat
2942 2923 3152 2994 pedem.
3191 2923 3258 2978 Et
3316 2923 3514 2992 impius

1924 3019 2142 3088 quidem
2179 3019 2262 3074 vel
2287 3020 2525 3089 iniquus,
2558 3020 2600 3074 si
2641 3033 2938 3074 conversus
2965 3032 3070 3072 non
3099 3016 3283 3082 fuerit,
3324 3016 3378 3070 in
3409 3017 3515 3070 im-

1924 3110 2128 3176 pietate
2142 3117 2196 3163 et
2226 3109 2278 3164 in
2306 3109 2590 3178 iniquitate
2606 3124 2703 3163 sua
2728 3109 3009 3183 morietur.
3026 3105 3214 3162 Justus
3236 3114 3443 3172 autem,
3471 3105 3518 3162 si

1925 3199 2118 3254 fecerit
2148 3199 2480 3270 impietatem
2522 3209 2685 3268 atque
2715 3207 3022 3269 peccatum,
3048 3214 3154 3252 non
3189 3199 3370 3253 statim
3396 3212 3516 3253 mo-

1925 3291 2086 3354 ritur,
2132 3291 2226 3344 sed
2278 3290 2498 3358 ponitur
2543 3287 2924 3343 offendiculum
2975 3288 3030 3342 in
3082 3297 3373 3358 conspectu
3403 3285 3520 3354 ejus

1925 3381 2037 3435 sive
2055 3389 2403 3435 tormentum.
2433 3381 2518 3445 Et,
2539 3389 2598 3434 ut
2620 3379 2918 3434 Theodotio
2941 3379 3097 3444 dixit,
3121 3378 3469 3442 «infirmitas,
3493 3398 3512 3429 ι

1923 3481 1984 3527 ιιι
2013 3481 2349 3542 torqueatur,
2377 3480 2433 3526 et
2465 3471 2680 3541 planam
2730 3472 2868 3526 viam
2903 3487 3007 3526 non
3037 3471 3298 3533 inveniat,
3339 3477 3393 3522 et
3429 3468 3516 3522 in-

1925 3562 2129 3634 telligat
2152 3577 2209 3617 se
2247 3562 2578 3632 languidum.
2607 3564 2682 3617 De
2705 3563 2902 3633 quibus
2933 3572 2986 3617 et
3014 3561 3303 3631 Apostolus
3337 3559 3472 3613 dixit
3498 3577 3511 3612 :

1930 3673 1948 3705 ι
1991 3655 2114 3708 Ideo
2155 3654 2502 3708 infirmantur
2564 3654 2719 3708 multi
2774 3655 2912 3722 apud
2967 3668 3094 3718 vos,
3142 3660 3196 3706 et
3243 3651 3518 3707 dormiunt

1927 3745 2078 3800 multi
2105 3744 2153 3816 (I
2177 3744 2298 3800 Cor.
2327 3745 2427 3815 xi).
2452 3764 2472 3798 ι
2501 3745 2730 3800 Prodest
2755 3745 2899 3800 enim
2918 3741 3067 3811 justo
3096 3742 3394 3813 intelligere
3418 3743 3514 3797 de-

1925 3834 2111 3890 lictum
2155 3850 2336 3899 suum,
2367 3835 2820 3903 conscientiaeque
2873 3842 3224 3900 tormentum,
3253 3842 3308 3888 et
3335 3833 3517 3887 dicere

1926 3941 2047 3979 cum
2089 3924 2374 3979 Psalmista
2413 3943 2424 3976 :
2464 3942 2483 3976 ι
2519 3925 2824 3980 Conversus
2869 3940 2988 3980 sum
3021 3925 3074 3979 in
3106 3940 3346 3979 aerumna
3373 3939 3515 3988 mea,

1927 4020 2052 4073 dum
2089 4019 2220 4072 mihi
2245 4019 2486 4089 infigitur
2513 4019 2665 4089 spina
2706 4017 2879 4086 (Psal.
2908 4018 3083 4088 xxxi).
3115 4038 3132 4071 ι
3157 4019 3223 4074 Et
3248 4019 3516 4089 quomodo

1927 4109 2091 4178 impio
2121 4125 2226 4163 non
2270 4119 2398 4164 sunt
2426 4109 2598 4165 obvia:
2623 4110 2962 4180 iniquitates,
2990 4110 3035 4166 si
3066 4119 3344 4166 avertatur
3370 4126 3401 4165 a
3427 4112 3518 4166 via

1927 4214 2022 4252 sua
2055 4199 2217 4268 impia
2238 4240 2252 4264 ,
2292 4208 2346 4254 et
2375 4200 2541 4265 vivat,
2581 4201 2660 4255 sic
2682 4200 2834 4270 justo
2873 4217 2978 4256 non
3009 4209 3238 4270 prosunt
3281 4200 3517 4269 antiqua:

1922 4289 2169 4358 justitize,
2198 4291 2241 4344 si
2291 4291 2446 4346 novis
2483 4290 2814 4347 facinoribus
2847 4293 3202 4360 opprimatur.
3237 4289 3388 4356 Quod
3419 4304 3516 4341 au-

1856 4419 1902 4479 D
1932 4388 2038 4433 tem
2065 4380 2272 4434 intulit:
2296 4399 2314 4431 ι
2336 4381 2453 4452 Ipse
2466 4383 2750 4446 morietur,
2773 4381 2896 4450 quia
2913 4395 3022 4433 non
3047 4379 3377 4433 annuntiasti
3396 4379 3466 4443 ei,
3489 4398 3508 4432 ι

1929 4469 2250 4523 subauditur
2299 4471 2541 4540 potuisse
2570 4485 2692 4525 eum
2720 4470 2930 4531 vivere,
2981 4467 3026 4520 si
3067 4465 3374 4535 speculator
3402 4483 3516 4522 ma-

1929 4561 2204 4631 gisterque
2251 4561 2541 4616 docuisset.
2578 4578 2596 4611 ι
2632 4559 2738 4613 Sed
2769 4566 2823 4612 et
2867 4558 2913 4612 si
2963 4572 3282 4621 conversus,
3319 4557 3514 4627 inquit,

1919 4635 2099 4722 justus
2112 4671 2142 4709 a
2162 4652 2374 4722 justitia
2387 4669 2481 4708 sua
2496 4652 2684 4708 fecerit
2699 4649 3060 4719 iniquitatem,
3073 4663 3271 4718 ponam
3293 4647 3515 4704 offendi-

1927 4743 2104 4798 culum
2153 4759 2333 4797 coram
2384 4759 2468 4797 eo.
2508 4742 2624 4810 Ipse
2671 4741 2952 4806 morietur,
2983 4741 3107 4810 quia
3163 4756 3271 4795 non
3314 4756 3519 4796 annun-

1929 4834 2075 4888 tiasti
2115 4835 2197 4898 ei,
2233 4834 2284 4886 in
2317 4841 2539 4902 peccato
2586 4848 2684 4886 suo
2723 4832 3004 4895 morietur,
3032 4839 3224 4886 etnon
3271 4842 3429 4887 erunt
3464 4833 3516 4888 in

1934 4924 2194 4978 memoria
2219 4920 2444 4990 iustitiae
2491 4921 2608 4992 ejus
2641 4937 2776 4990 quas
2824 4920 2971 4975 fecit.
3021 4919 3349 4992 Sanguinem
3390 4937 3519 4976 vero

1933 5014 2050 5082 ejus
2065 5015 2130 5068 de
2151 5029 2310 5067 manu
2329 5022 2418 5066 tua
2435 5013 2723 5084 requiram.
2750 5032 2769 5065 ι
2792 5009 2996 5085 (σι-89.)
3011 5011 3146 5079 Quia
3166 5011 3337 5081 justo,
3354 5012 3445 5082 qui
3465 5013 3516 5065 in

1933 5111 2157 5172 peccato
2177 5105 2392 5166 cecidit,
2413 5103 2734 5172 prmdicator
2755 5103 2936 5166 tacuit,
2963 5101 3080 5171 ejus
3092 5103 3367 5174 sanguinis
3395 5117 3519 5156 rcus

1937 5201 2169 5248 tenetur.
2200 5193 2264 5246 Et
2294 5193 2385 5260 qui
2413 5193 2674 5248 sollicitus
2699 5206 2819 5248 esse
2847 5208 2955 5248 non
3001 5193 3208 5247 studuit
3233 5192 3289 5245 in
3326 5191 3518 5261 ρι’ωαὶ-

1935 5283 2168 5347 catione,
2194 5283 2368 5337 factus
2393 5294 2477 5338 est
2502 5283 2774 5353 particeps
2795 5281 2913 5351 ejus
2947 5283 3000 5336 in
3025 5281 3382 5337 damnatione.
3409 5278 3518 5334 Sed

1934 5388 2055 5427 cum
2081 5373 2276 5426 dicitur
2303 5389 2315 5424 :
2340 5391 2356 5422 ι
2379 5371 2437 5424 In
2466 5381 2692 5441 peccato
2713 5387 2812 5426 suo
2834 5372 3117 5436 morietur,
3147 5378 3202 5423 et
3227 5385 3332 5422 non
3356 5379 3520 5422 erunt

1934 5465 1990 5518 in
2036 5463 2296 5517 memoria
2347 5462 2574 5532 justitize
2623 5463 2739 5534 ejus
2787 5478 2923 5532 quas
2961 5462 3126 5527 fecit,
3157 5479 3177 5514 ι
3208 5461 3310 5515 hoc
3361 5458 3520 5514 nobis

1937 5554 2172 5609 maxime
2202 5553 2658 5610 considerandum
2680 5563 2766 5609 est
2797 5555 2924 5625 quia
2951 5568 3071 5608 cum
3104 5551 3243 5606 mala
3269 5549 3520 5607 commit-

1937 5647 2100 5702 timus
2139 5645 2257 5702 sine
2281 5660 2476 5715 causa,
2509 5645 2574 5701 ad
2604 5645 2920 5703 memoriam
2961 5645 3099 5699 bona
3130 5653 3314 5697 nostra
3344 5651 3520 5698 trans-
