3950 6184
484 308 588 367 579

1078 351 1091 359 .
1123 308 1183 363 Β.
1225 305 1477 362 RABANI
1518 305 1738 363 MAURI
1775 304 2098 363 ARCHIEP.
2140 278 2447 366 MOG-UNT.
2490 308 2775 366 OPERUM
2816 306 2993 364 PARS
3031 309 3092 365 ii.

3648 312 3752 369 581i

486 434 610 479 acta
640 434 978 486 revocamus,
1004 419 1258 490 quoniam
1292 420 1347 473 in
1376 418 1779 489 perpetratione
1803 418 2066 475 malorum
2097 422 2146 481 Α
2174 421 2315 475 unde
2347 419 2524 475 adituc
2550 419 2852 491 peccatoris
2890 418 3104 475 animus
3131 418 3291 474 altius
3314 420 3597 491 obligetur.
3624 422 3753 478 Pec.

489 515 631 570 nulla
666 514 824 567 debet
851 527 969 567 esse
1005 510 1197 564 ﬁducia
1222 510 1487 564 bonorum
1510 509 1931 579 praeteritorum.
1962 509 2072 564 Sed

489 606 659 677 quani
700 610 874 674 potest
916 609 1094 655 utrum
1116 600 1595 669 justo,postquam
1638 600 1916 664 ceciderit,
1939 615 2072 671 pra:-

490 698 775 752 dicandum
796 695 888 759 sil,
913 708 980 746 an
1006 701 1060 747 et
1090 694 1403 761 priusquam
1425 692 1584 746 cadat
1610 691 1892 763 invigilare
1929 706 2071 765 pra:-

490 789 699 842 dicator
731 787 888 840 debet
913 800 981 839 ue
1009 785 1076 838 ad
1115 798 1303 838 casum
1331 782 1550 848 veniat,
1585 781 1777 851 procul
1815 780 1979 836 dubio
2017 789 2075 837 et

490 878 802 950 priusquam
829 876 1008 939 cadat,
1032 889 1155 928 nam
1184 873 1433 943 sequitur
1466 889 1479 926 :
1518 891 1538 923 ι
1572 870 1633 927 Si
1663 881 1845 927 autem
1874 880 1933 926 tu
1975 887 2073 926 an-

490 969 824 1026 nuntiaveris
855 966 1023 1035 justo,
1060 974 1121 1021 ut
1148 980 1253 1021 non
1285 972 1473 1035 peccet
1512 965 1711 1033 justus,
1760 971 1815 1018 et
1845 962 1934 1018 ille
1962 978 2072 1017 non

491 1061 813 1133 peccaverit,
829 1062 1015 1114 vivens
1038 1058 1202 1119 vivet,
1219 1058 1344 1124 quia
1374 1054 1706 1109 annuntiasti
1728 1054 1799 1116 ei,
1815 1061 1870 1107 tu
1892 1062 2072 1108 autem

492 1156 727 1209 animam
756 1161 900 1205 tuam
924 1148 1217 1204 liberasti.»
1245 1145 1303 1202 Si
1326 1160 1455 1215 ergo
1474 1143 1793 1215 praedicator
1811 1142 1930 1197 ideo
1958 1142 2073 1196 ani-

492 1260 634 1299 mam
670 1258 822 1299 suam
852 1241 1067 1303 liberat,
1095 1238 1222 1307 quia
1264 1235 1413 1301 justo
1451 1249 1519 1288 ne
1560 1241 1810 1304 peccaret
1862 1246 2072 1287 annun-

493 1336 668 1400 tiavit,
700 1348 819 1389 cum
852 1330 1031 1400 justus
1067 1327 1134 1383 ad
1170 1332 1451 1397 peccaturo
1476 1324 1832 1394 praedicatore
1861 1329 2075 1377 tacente

491 1428 707 1491 cecidit,
749 1425 1090 1496 praedicator,
1131 1424 1256 1493 quia
1289 1423 1477 1487 tacuit,
1511 1437 1638 1477 reus
1692 1428 1927 1476 tenetur.
1969 1418 2077 1475 Sed

492 1521 615 1590 quis
667 1527 911 1572 nostrum
957 1529 1087 1585 rogo
1114 1514 1182 1568 ad
1212 1515 1327 1569 haec
1355 1511 1618 1577 sulliciat,
1661 1519 1722 1565 ut
1766 1520 1873 1565 nun
1904 1509 2079 1564 solum

492 1615 805 1678 peccatores
832 1606 1072 1660 studiose
1112 1604 1394 1674 corripiat,
1425 1602 1520 1657 sed
1539 1611 1596 1660 et
1618 1601 1781 1670 justis
1811 1600 2075 1672 invigilet,

491 1714 561 1754 ne
614 1696 848 1752 cadant?
874 1694 982 1751 Nos
1026 1696 1170 1750 enim
1224 1695 1555 1750 infirmitatis
1605 1702 1805 1749 nostra:
1849 1693 2073 1758 conscii,

2168 519 2350 565 catum
2388 525 2538 576 vero,
2586 511 2729 580 quod
2773 527 2840 566 ex
2892 521 3117 582 peccato
3147 513 3422 582 sequitur,
3471 524 3752 583 peccatum

2169 601 2330 656 simul
2353 609 2459 665 est,
2487 611 2545 656 et
2575 616 2735 670 pmna
2765 602 2975 671 peccati
3003 642 3019 666 ,
3058 602 3187 671 quia
3213 612 3568 660 excrescente
3592 607 3752 660 caeci-

2172 697 2282 743 tate
2327 704 2395 743 ex
2443 690 2800 769 retributione
2846 690 3047 760 prioris
3099 690 3271 760 culpae
3339 701 3650 762 generatur,
3700 702 3754 748 ut

2169 780 2322 849 quasi
2347 778 2459 848 jam
2487 781 2736 849 qumdam
2783 781 2893 835 sint
2921 781 2974 835 in
3003 790 3290 851 peccatore
3324 783 3587 853 supplicia
3640 784 3750 854 ipsa

2170 871 2503 926 incrementa
2527 872 2802 927 vitiorum.
2819 871 2909 927 Fit
2935 888 3066 927 vero
3089 888 3474 944 nonnunquam
3504 886 3567 929 ut
3590 891 3753 930 unum

2172 962 2420 1033 idemque
2448 973 2748 1034 peccatum,
2771 972 2825 1020 et
2849 974 3131 1034 peccatum
3162 966 3234 1020 sit
3253 974 3308 1021 et
3341 981 3501 1038 paena
3523 967 3752 1038 peccati,

2173 1055 2331 1111 simul
2377 1065 2433 1111 et
2459 1071 2624 1112 causa
2650 1057 2877 1127 peccati.
2915 1057 3188 1112 Ponamus
3236 1072 3364 1129 ergo
3416 1069 3542 1114 ante
3571 1061 3754 1115 oculos

2172 1146 2480 1216 quempiam
2532 1161 2645 1201 rem
2697 1146 2932 1216 proximi
2995 1148 3351 1218 concupisse,
3404 1164 3568 1219 quam
3630 1151 3756 1220 quia

2174 1246 2360 1305 aperte
2385 1250 2492 1290 non
2523 1236 2704 1301 valuit,
2744 1235 2889 1289 furto
2917 1223 3171 1306 deripuit.
3205 1236 3315 1292 Sed
3356 1238 3409 1292 in
3437 1237 3568 1294 furti
3596 1254 3757 1295 accu-

2174 1326 2384 1381 satione
2421 1326 2649 1395 positus,
2683 1341 2744 1381 se
2781 1326 2922 1381 hanc
2966 1327 3256 1397 diripuisse
3274 1328 3624 1399 jurejurando
3671 1333 3758 1387 de.

2174 1416 2407 1485 negavit.
2438 1414 2574 1471 Huic
2605 1431 2736 1487 ergo
2764 1419 3200 1488 concupiscentia
3236 1430 3518 1489 peccatum
3561 1421 3664 1476 fuit
3710 1431 3760 1477 et

2175 1516 2337 1559 causa
2371 1504 2612 1574 peccati,
2649 1504 2776 1574 quia
2805 1519 2905 1574 per
2933 1518 3051 1560 eam
3084 1508 3332 1576 pervenit
3378 1509 3447 1565 ad
3495 1511 3756 1580 rapinam.

2175 1594 2353 1665 ipsum
2386 1611 2516 1651 vero
2541 1596 2767 1665 furtum,
2789 1611 2896 1666 quo
2922 1610 3034 1652 rem
3073 1601 3414 1670 concupitam
3437 1602 3681 1672 diripuit,
3710 1612 3761 1659 et

2177 1696 2460 1758 peccatum
2504 1689 2553 1743 ei
2604 1688 2808 1744 factum
2838 1699 2943 1754 est,
2982 1696 3037 1745 et
3070 1704 3232 1761 pmna
3278 1694 3514 1763 peccati,
3544 1695 3670 1763 quia
3699 1708 3759 1748 ex

492 1796 615 1844 cum
638 1785 816 1855 justos
863 1786 1009 1841 viros
1060 1784 1446 1855 conspicimus,
1483 1783 1777 1839 admouere
1823 1796 1918 1837 eos
1970 1788 2078 1836 non
2107 1771 2154 1830 B
2182 1776 2536 1832 retributione
2549 1778 2662 1847 jam
2689 1793 2796 1833 non
2819 1794 3080 1849 rcpressae
3095 1784 3546 1852 concupiscentia:
3567 1785 3759 1839 factum

491 1876 887 1947 praesumimus,
936 1882 997 1929 ut
1031 1873 1261 1943 justitia:
1284 1873 1430 1927 viam
1481 1879 1719 1936 teneant,
1749 1885 1921 1941 quam
1951 1869 2077 1940 quia

496 1974 681 2022 tenent
700 1966 965 2030 videmus,
996 1973 1051 2019 et
1079 1972 1256 2019 tamen
1283 1962 1660 2033 prtedicatoris
1697 1969 1788 2016 est
1838 1960 2078 2015 debitum

494 2059 659 2113 etiam
686 2056 865 2126 justus
919 2057 1232 2111 admonere.
1285 2054 1438 2110 Unde
1477 2054 1798 2125 praedicator
1831 2053 2080 2126 egregius

494 2149 749 2203 dicebat:
782 2166 800 2198 ι
826 2138 1172 2219 Sapientibus
1208 2156 1264 2201 et
1302 2146 1681 2215 insipientibus
1717 2145 1930 2201 debitor
1959 2148 2078 2201 sum

496 2239 688 2312 (Itoni.
741 2239 814 2309 ι).
843 2258 862 2290 ι
911 2239 968 2294 In
1014 2239 1103 2294 his
1156 2249 1287 2294 vero
1330 2239 1600 2303 omnibus,
1652 2248 1774 2308 qua:
1819 2238 1887 2293 de
1931 2238 2079 2308 justo

496 2329 564 2383 ad
609 2328 947 2398 iniquitatem
981 2343 1253 2385 converso
1297 2328 1441 2383 dicta
1477 2337 1635 2392 sunt,
1666 2329 1770 2384 hoc
1793 2337 1877 2383 est
1924 2328 2077 2383 labos

496 2418 705 2474 riosum
732 2419 800 2474 ad
833 2418 1160 2489 loquendum
1186 2458 1201 2482 ,
1251 2419 1356 2473 hoc
1386 2418 1544 2473 valde
1567 2418 2076 2488 pertimescendum,

493 2511 639 2582 quod
685 2509 943 2565 Dominus
968 2508 1101 2564 dicit
1129 2522 1144 2562 :
1183 2518 1215 2560 ι·
1246 2508 1457 2563 Panum
1488 2507 1868 2565 oii'endic‘ulum
1896 2522 2079 2564 coram

494 2616 580 2660 eo.
614 2623 632 2656 ι
663 2603 756 2658 Ait
775 2603 920 2659 enim
947 2619 960 2656 :
1008 2620 1026 2653 ι
1061 2602 1121 2656 Si
1151 2608 1450 2657 conversus
1478 2600 1663 2669 justus
1690 2616 1721 2655 ιι
1752 2614 1847 2657 sua
1866 2600 2081 2672 iustitia

496 2696 683 2751 fecerit
708 2694 1067 2763 iniquitatem,
1090 2706 1286 2763 ponam
1315 2693 1691 2749 olibudieulum
1719 2704 1905 2747 coram
1934 2706 2019 2746 eo.
2056 2710 2076 2744 ι

499 2786 607 2841 Nos
635 2786 803 2851 enim,
835 2785 914 2838 ait
961 2785 1241 2850 Dominus,
1265 2784 1390 2854 quia
1423 2784 1472 2839 si
1502 2783 1839 2854 iniquitatem
1867 2781 2081 2847 fecerit,

2174 1875 2281 1934 est,
2321 1876 2381 1922 ut
2405 1869 2617 1924 veniret
2645 1870 2715 1924 ad
2745 1869 2974 1937 furtum,
3007 1879 3062 1927 et
3090 1872 3246 1942 culpa
3276 1874 3457 1928 cordis
3486 1886 3761 1931 excresceo

2177 1967 2344 2022 retin
2385 1972 2550 2037 Opere
2574 1982 2644 2023 ex
2669 1968 2873 2025 ultione
2921 1970 3200 2025 caecitatis.
3247 1969 3352 2027 Sed
3402 1971 3529 2041 quia
3564 1972 3758 2027 furtum

2176 2058 2415 2129 perjur’io
2447 2066 2639 2130 tegere
2659 2061 2889 2126 curavit,
2916 2068 2983 2117 ex
3004 2073 3227 2133 peccato
3246 2066 3460 2118 rursum
3486 2074 3760 2132 peccatum

2176 2149 2380 2218 genuit.
2416 2148 2641 2205 Furtum
2664 2160 2793 2222 ergo
2814 2152 2959 2222 quod
2986 2156 3055 2206 ex'
3078 2152 3518 2223 concupiscentia
3541 2168 3761 2223 proces-

2177 2239 2251 2295 sit
2275 2242 2331 2295 et
2357 2241 2656 2312 perju‘rium
2691 2242 2937 2312 pretulit,
2969 2248 3248 2313 peccatum
3276 2248 3333 2299 et
3375 2248 3533 2314 pecua
3561 2244 3761 2315 peccati

2178 2330 2383 2387 factum
2400 2340 2485 2388 εει
2512 2332 2682 2404 culpa:
2702 2334 3047 2403 praeCedenti,
3077 2340 3357 2407 peccatuui
3386 2346 3442 2392 et
3462 2352 3623 2393 causa
3648 2352 3764 2408 pec.

2178 2420 2287 2478 cati
2345 2421 2513 2494 culpae
2557 2423 2928 2495 subsequenti,
2972 2426 3099 2496 quia
3152 2428 3217 2482 de
3260 2426 3348 2481 illa
3396 2437 3583 2482 natum
3630 2430 3763 2482 hanc.

2179 2514 2385 2585 genuit.
2418 2512 2573 2570 Unde
2621 2521 2762 2569 nunc
2806 2515 2972 2570 etiam
3002 2518 3261 2572 Dominus
3294 2518 3423 2573 dicit
3456 2533 3470 2571 :
3505 2536 3525 2568 ι
3560 2517 3619 2573 Si
3647 2534 3765 2573 con-

2180 2617 2372 2659 versus
2396 2600 2578 2672 justus
2619 2617 2650 2658 a
2688 2619 2783 2660 sua
2804 2604 3048 2673 justitia,
3080 2612 3137 2662 et
3178 2608 3370 2664 fecerit
3404 2608 3760 2679 iniquitatem,

2181 2698 2376 2764 ponam
2426 2690 2807 2748 oﬂbndiculum
2838 2704 3023 2750 coram
3065 2709 3150 2752 eo.
3187 2717 3207 2749 ι
3241 2698 3318 2753 Ae
3358 2698 3402 2751 si
3455 2708 3643 2768 aperte
3690 2698 3765 2752 di-

2181 2791 2307 2839 cat:
2330 2782 2466 2851 Quia
2493 2783 2805 2854 pmnitendo
2831 2785 3020 2841 audire
3044 2786 3235 2853 noluit,
3264 2788 3354 2843 ubi
3381 2788 3494 2859 jam
3525 2790 3763 2859 impegit,

498 2876 741 2931 oﬂendit.
773 2875 840 2929 Et
868 2882 1057 2929 verum
1085 2883 1169 2928 est
1217 2875 1464 2940 omnino,
1496 2875 1643 2945 quod
1688 2873 1953 2937 dicimus,
1985 2878 2084 2927 cur
2174 2873 2323 2948 justo
2351 2890 2479 2931 eum
2514 2873 2721 2946 judicio
2749 2876 3029 2942 deserens,
3059 2884 3257 2948 penam
3286 2879 3359 2944 ei,
3411 2888 3471 2933 ut
3512 2880 3638 2933 alibi
3671 2880 3767 2932 im-

497 2969 675 3024 adhuc
695 2968 747 3022 ei
776 2968 918 3022 Deus
946 2966 1289 3035 omnipotens
1317 2965 1896 3037 aliendieuium-ponit,
1921 2979 2085 3035 quem
2180 2967 2387 3038 pingat.
2429 2960 2582 3033 Quod
2624 2974 2804 3021 tamen
2850 2966 3019 3021 Deum
3067 2974 3271 3039 ponere
3308 2976 3391 3025 εει
3430 2973 3766 3040 neqiiaquam

494 3064 606 3133 jam
653 3060 943 3130 impegisse
986 3066 1040 3113 et
1077 3058 1339 3115 cecidisse
1394 3056 1490 3129 per
1532 3058 1879 3129 iniquitatem:
1917 3072 2081 3128 quam
2115 3134 2151 3147 ⁸
2185 3061 2252 3115 ad
2272 3060 2608 3131 peccandum
2629 3068 2901 3130 premere,
2931 3060 3031 3117 sed
3050 3062 3189 3117 nolle
3210 3078 3241 3116 a
3269 3070 3493 3147 peceato
3515 3061 3765 3116 liberare.

498 3154 849 3225 perpetravit,
880 3150 1178 3222 conspicit?
1221 3151 1335 3208 Sed
1372 3152 1617 3207 districta
1667 3154 1795 3206 sunt
1838 3134 2153 3220 omnipo-C
2184 3150 2336 3207 Sicut
2382 3152 2450 3208 de
2506 3152 2788 3210 Pharaone
2840 3154 3083 3209 dicitur:
3132 3172 3151 3205 ι
3194 3140 3311 3225 Ego
3358 3153 3621 3209 indurabo
3678 3168 3772 3208 cor

500 3246 663 3302 tentis
692 3245 784 3301 Dei
810 3244 1034 3317 judicia,
1062 3251 1125 3299 et-
1166 3246 1259 3315 qui
1297 3250 1638 3314 peccatorem
1682 3241 1772 3298 diu
1802 3249 2083 3312 aspectat

499 3344 561 3397 ut
610 3340 820 3405 redeat,
861 3352 968 3395 non
1001 3337 1245 3395 redeunti
1296 3346 1457 3407 atque
1498 3335 1870 3393 contemnenti
1928 3335 2082 3406 ponit

501 3430 709 3497 adhuc,
773 3431 864 3486 ubi
912 3429 1131 3501 gravius
1188 3427 1469 3499 impingat.
1540 3426 1829 3482 Peccatum
1884 3427 2085 3497 quippe

498 3524 644 3595 quod
677 3536 777 3594 per
802 3522 1176 3593 poenitentiam
1206 3519 1367 3575 citius
1412 3530 1521 3573 non
1572 3517 1803 3582 deletur,
1836 3525 1930 3571 aut
1956 3528 2084 3585 pec-

501 3624 683 3670 catum
732 3621 819 3670 est
846 3620 901 3667 et
940 3627 1105 3668 causa
1132 3609 1363 3681 peccati,
1393 3616 1485 3663 aut
1512 3615 1792 3678 peccatum
1824 3616 1881 3663 et
1919 3619 2085 3677 poma

501 3702 752 3774 peccati,
810 3710 904 3757 aut
951 3706 1239 3772 peccatum
1283 3697 1449 3756 simul
1503 3705 1557 3753 et
1604 3700 1769 3753 causa
1817 3704 1874 3753 et
1924 3702 2083 3767 puma‘

502 3794 731 3863 peccati.
760 3791 931 3849 Omne
959 3793 1103 3847 enim
1142 3792 1285 3863 quod
1319 3791 1473 3862 prius
1499 3791 1862 3847 cdmmittitur
1890 3798 2086 3860 pecea-i

504 3890 618 3938 tum
647 3889 753 3949 est,
794 3883 889 3938 sed
925 3884 970 3937 si
1000 3883 1161 3938 citius
1185 3883 1497 3953 pmuitendo
1523 3895 1635 3938 non
1663 3881 1914 3951 tergitur,
1934 3880 2089 3952 justo

497 3971 703 4042 judicio
730 3974 1077 4042 omnipotens.
1108 3974 1249 4029 Deus
1289 3974 1579 4046 obligatam
1619 3974 1900 4045 peccantis
1929 3987 2087 4028 mena

503 4072 617 4119 tem
657 4062 820 4117 etiam
850 4061 907 4116 in
952 4062 1164 4134 culpam
1207 4063 1437 4119 alteram
1482 4065 1746 4134 permittit
1770 4065 1998 4131 cadere,
2027 4073 2089 4119 ut

505 4156 632 4226 quia
661 4153 838 4221 ﬂendo
865 4158 919 4208 et
945 4153 1264 4224 corrigendo
1304 4154 1489 4210 uoiuit'
1519 4156 1777 4211 mundare
1809 4155 1955 4225 quod
2009 4155 2087 4209 fe-

504 4248 609 4314 cit,
634 4254 915 4318 peccatum
954 4245 1176 4317 incipiat
1213 4252 1439 4316 peccatu
1462 4244 1761 4302 cumulare.
1792 4245 2084 4302 Peccatum

502 4353 634 4412 ergo
674 4337 830 4409 quod
852 4335 1438 4407 pmiiitentitelameuto
1479 4348 1584 4391 non
1614 4336 1853 4404 diluitur,
1892 4352 2085 4408 pecca-

506 4436 621 4487 tum
653 4430 813 4487 simul
864 4437 947 4485 est
971 4440 1031 4485 et
1061 4440 1228 4484 causa
1248 4427 1481 4499 peccati,
1513 4427 1643 4497 quia
1678 4436 1748 4482 ex
1777 4426 1868 4482 illo
1908 4427 2085 4482 oritur

2182 3238 2483 3297 Pharaonis
2525 3240 2721 3315 (Exod.
2752 3243 2937 3317 “1);:
2990 3258 3098 3299 non
3144 3244 3290 3299 enim
3347 3259 3442 3299 cor
3496 3242 3769 3313 peccantis

2184 3328 2445 3388 Dominus
2485 3332 2740 3400 obdurat,
2799 3333 2897 3389 sed
2943 3334 3211 3389 obdurare
3274 3334 3495 3399 dicitur,
3539 3349 3662 3387 cum
3705 3333 3769 3386 ab

2183 3424 2539 3480 obduratiOne
2566 3438 2674 3480 non
2701 3425 2919 3481 liberat.
2952 3420 3260 3484 Misericors
3289 3426 3433 3481 enim
3461 3425 3602 3479 Deus
3631 3434 3766 3478 tem-

2183 3514 2284 3585 pus
2309 3514 2376 3569 ad
2402 3515 2778 3586 paenitentiam
2812 3515 3242 3572 misericorditer
3268 3515 3496 3581 relaxat,
3528 3514 3620 3569 sed
3647 3528 3767 3569 cum

2189 3604 2306 3673 ejus
2331 3606 2516 3677 gratiae
2557 3604 2876 3677 patientiam
2904 3610 3002 3663 nes
3042 3606 3111 3662 ad
3138 3612 3486 3678 augmentum
3511 3605 3769 3660 vertimus

2192 3695 2383 3766 culpae,
2408 3697 2511 3751 hoc
2541 3697 2718 3768 ipsum
2752 3705 2964 3768 tempus
2986 3738 3001 3764 ,
3034 3699 3177 3769 quod
3208 3698 3275 3753 ad
3312 3698 3644 3768 parcendum
3685 3695 3769 3767 pie

2186 3772 2444 3856 disponit,
2470 3786 2769 3843 districtius
2794 3788 2862 3842 ad
2895 3787 3193 3843 feriendum
3223 3786 3403 3853 vertit,
3441 3794 3500 3843 ut
3527 3790 3651 3843 cum
3682 3801 3767 3843 re-

2185 3880 2326 3935 verti
2372 3878 2495 3949 quis
2521 3880 2685 3935 etiam
2721 3882 2897 3951 spatio
2943 3882 3200 3951 temporis
3243 3890 3466 3952 accepto
3516 3882 3767 3948 noluerit,

2186 3987 2284 4044 per
2310 3974 2412 4029 hoc
2447 3972 2586 4027 mala
2610 3989 2707 4027 sua
2734 3974 2801 4029 ad
2832 3981 3040 4028 reatum
3067 3981 3280 4044 augeat,
3307 3988 3404 4043 per
3423 3973 3567 4043 quod
3592 3989 3656 4027 ea
3692 3973 3768 4028 di-

2190 4063 2337 4120 luere
2370 4064 2571 4136 potuit,
2623 4065 2669 4119 si
2721 4060 2964 4119 converti
2991 4063 3276 4119 voluisset.
3317 4062 3470 4120 Unde
3515 4063 3766 4134 scriptum

2188 4146 2271 4212 est
2302 4175 2314 4210 :
2349 4175 2368 4208 ι
2404 4155 2626 4227 Ignoras
2657 4159 2909 4227 quoniam
2941 4155 3245 4228 benignitas
3278 4155 3373 4211 Dei
3404 4154 3474 4211 ad
3505 4155 3767 4226 poenitea-

2186 4250 2317 4305 tiam
2349 4258 2399 4304 te
2426 4249 2679 4304 adducit?
2720 4248 3026 4304 Secundam
3051 4247 3306 4304 duritiam
3334 4256 3515 4303 autem
3546 4252 3688 4302 tuam
3717 4254 3769 4301 et

2184 4353 2279 4393 cor
2307 4338 2653 4409 impmnitens
2684 4337 3022 4392 thesaurizas
3052 4337 3153 4392 tibi
3182 4339 3318 4392 iram
3351 4337 3408 4392 in
3462 4328 3550 4392 die
3593 4335 3688 4389 ira:
3717 4337 3770 4387 ct

2185 4428 2529 4484 revelationis
2547 4428 2677 4497 justi
2702 4420 2891 4499 judicii
2927 4428 3021 4484 Dei
3049 4428 3228 4500 (Rom.
3248 4427 3333 4499 ιι).
3365 4448 3385 4482 ι

774 4526 953 4555 ,.,
1123 4524 1627 4553 “II”,
2228 4522 2431 4531 .
2876 4522 2961 4533 ..
3580 4528 3587 4535 .

1683 4603 1982 4683 LIBER
2056 4602 2471 4696 QUABTU

929 4778 1279 4855 SEQUITUR
1324 4784 1552 4843 CA’PUT
1589 4786 1675 4841 lii.

567 4887 831 4959 Expiicito
862 4894 1112 4943 sermone
1140 4885 1352 4942 Domini
1375 4887 1439 4942 ad
1463 4887 1804 4958 prophetam,
1834 4902 1941 4956 quo
1962 4901 2086 4942 eum

506 4979 898 5051 speculatorem
926 4976 1109 5031 domui
1132 4975 1299 5057 istael
1323 4976 1633 5042 constituit,
1681 4983 1736 5031 et
1764 4977 2088 5031 annuntiare

500 5074 664 5144 jussit
694 5070 858 5140 impio
883 5077 944 5123 ut
985 5075 1253 5123 avertatur
1302 5083 1334 5122 a
1358 5068 1445 5122 via
1484 5084 1587 5123 sua
1621 5068 1785 5139 impia
1825 5075 1879 5123 et
1916 5068 2085 5133 vivat,

502 5165 757 5236 justeque
789 5159 1032 5232 przccipit
1078 5167 1138 5212 ut
1192 5172 1298 5212 non
1350 5167 1555 5228 peccet,
1594 5173 1662 5212 ne
1700 5157 1927 5228 justitia:
1971 5158 2089 5228 ejus

508 5271 645 5327 quas
696 5263 822 5308 ante
873 5248 1016 5313 fecit,
1048 5256 1293 5320 pereant,
1347 5257 1402 5303 et
1459 5250 1572 5319 ipse
1626 5249 1786 5304 simul
1834 5249 2083 5303 intereat.

508 5347 647 5416 Quid
684 5353 870 5416 postea
894 5341 998 5399 sibi
1024 5339 1279 5396 Dominus
1313 5338 1493 5396 facere
1517 5339 1835 5410 przeceperit
1869 5337 2089 5407 subjun-

510 5440 606 5512 git,
634 5437 817 5493 dicens
843 5453 857 5490 :

585 5549 605 5581 ι
634 5520 695 5584 Et
723 5525 869 5582 facta‘
890 5531 979 5580 est:
997 5523 1068 5579 ibi
1102 5518 1287 5596 [Vulg].
1322 5528 1455 5574 tacet
1477 5517 1574 5593 ibi]
1602 5530 1765 5590 super
1785 5528 1872 5574 me
1896 5528 2091 5573 manus

515 5622 543 5670 'r
567 5612 799 5684 Domini,
835 5624 890 5672 et
916 5614 1049 5671 dixit
1079 5613 1145 5668 ad
1165 5626 1251 5667 me
1279 5630 1290 5665 :
1319 5608 1557 5681 Surgens
1578 5609 1834 5682 egredere
1857 5607 1911 5663 in
1942 5622 2093 5664 cam-

515 5728 534 5760 ε
568 5723 720 5777 pum,
746 5717 799 5763 ct
821 5708 893 5762 ibi
914 5702 1106 5777 loquar
1132 5712 1327 5770 tecum,
1360 5708 1462 5757 etc.
1487 5720 1504 5751 ι
1533 5692 1919 5770 (liier.)Supra
1941 5698 2085 5754 enim

2117 4796 2172 4855 ι)
2198 4784 2442 4856 legimus,
2476 4801 2493 4835 ι
2516 4775 2584 4838 Et
2607 4783 2731 4840 veni
2759 4782 2828 4839 ad
2849 4782 3403 4855 transmigration‘em,
3423 4781 3490 4837 ad
3517 4796 3764 4838 acervum

2191 4888 2449 4931 novarum
2470 4875 2707 4947 frugum,
2730 4874 2797 4931 ad
2822 4884 2916 4932 eos
2930 4876 3023 4946 qui
3046 4875 3363 4930 habitabant
3381 4872 3536 4943 juxta
3548 4871 3764 4927 ﬂuvium

2187 4966 2421 5032 Chobar,
2460 4988 2478 5021 ι
2507 4975 2763 5035 recteque
2785 4966 2832 5020 ei
2858 4966 2944 5021 cui
2968 4964 3427 5031 dixerat‘c's‘edi,i
3455 4962 3672 5034 jubetur
3706 4968 3765 5014 ut

2188 5067 2391 5130 surgat.
2418 5058 2484 5113 Et
2505 5058 2599 5128 qui
2626 5058 2902 5129 ingressus
2919 5057 3093 5111 fuerat
3114 5056 3181 5110 ad
3212 5052 3761 5128 transmigratione‘m,

2188 5149 2339 5204 audit
2372 5167 2391 5200 ι
2419 5148 2696 5220 egredere,
2721 5166 2739 5199 ι
2769 5161 2876 5201 non
2904 5148 2959 5201 in
2983 5145 3334 5217 confragosas
3364 5145 3549 5210 valles,
3571 5149 3680 5197 nou
3710 5141 3762 5194 iu

2188 5250 2488 5313 przeruptas
2535 5255 2719 5312 rupes,
2750 5241 2845 5295 sed
2900 5240 2954 5294 in
2998 5239 3173 5309 campi
3226 5237 3591 5300 latitudinem,
3643 5246 3765 5303 quae

2190 5333 2365 5404 possit
2404 5342 2598 5402 capere
2641 5330 2867 5402 gloriam
2905 5330 3138 5386 Dumiui.
3186 5326 3341 5385 Unde
3380 5335 3437 5383 et
3477 5323 3764 5382 Corinthiis

2191 5426 2430 5482 dicitur:
2462 5424 2775 5481 Diiatamini
2822 5422 3039 5495 (llCor.
3066 5421 3175 5494 vt),
3222 5421 3441 5491 qnando
3474 5414 3765 5489 ingreditur

2191 5519 2260 5573 ad
2284 5516 2548 5588 captivos.
2575 5514 2653 5570 De
2672 5515 2877 5585 quibus
2890 5513 3093 5569 dictum
3117 5520 3218 5578 est,
3244 5510 3387 5581 quod
3411 5507 3672 5565 insaniant
3708 5510 3767 5557 et

2190 5617 2584 5683 persequantur
2604 5622 2745 5671 eum,
2772 5606 2895 5663 furti
2936 5620 3096 5663 manu
3140 5607 3339 5680 indiget
3380 5614 3440 5660 ut
3478 5601 3634 5674 possit
3678 5613 3766 5653 re-

2190 5703 2404 5768 sistere,
2433 5708 2487 5756 et
2512 5700 2748 5755 furorem
2776 5699 3208 5769 persequentium
3233 5695 3520 5753 sustinere.
3545 5691 3767 5760 Quando
