3950 6184
304 295 403 352 ΞἯ

1250 297 1599 356 conamur.
1638 302 1705 357 IN
1745 302 2196 361 anathema.
2233 336 2301 345 --
2343 290 2468 361 un.
2508 306 2594 363 tv.

3459 314 3563 372 583

304 417 490 461 autem
531 406 808 477 egreditur
848 407 898 460 ia
937 420 1207 475 campum,
1233 407 1292 461 fit
1319 410 1537 477 quidem
1577 426 1741 480 super
1763 428 1886 468 cum
1916 420 1961 479 Α
1992 429 2159 469 meos.
2188 434 2207 467 ι
2240 416 2373 471 Cum
2395 433 2495 473 nos
2521 401 2936 474 humiliter‘Dco
2958 421 3272 486 sternimus,
3296 438 3417 479 cum
3442 440 3563 482 esse

307 513 498 553 manus
520 496 753 562 Domini,
781 498 904 565 quia
928 498 1129 566 absque
1152 498 1294 552 illius
1317 499 1585 567 adjutorio
1608 504 1756 559 exire
1780 519 1885 559 non

302 594 538 655 poterat,
562 586 655 641 sed
678 602 783 640 non
810 587 1024 641 additur
1051 606 1069 638 ι
1098 585 1303 643 fortis.»
1329 588 1411 642 Ad
1432 589 1713 645 videndam
1739 594 1883 648 enim

1991 518 2089 558 nos
2115 504 2352 559 cinerem
2396 507 2779 577 pulvercmque
2805 512 3208 578 cognoscimus,
3258 528 3377 566 cum
3412 514 3563 567 infir-
3662 542 3675 553 -

1988 594 2229 648 mitatem
2255 596 2485 664 propriae
2505 598 2829 651 conditionis
2858 611 3165 666 pensantes,
3200 609 3397 654 statum
3429 601 3559 672 rigi—

301 674 532 745 gloriam
558 673 686 740 Dei,
734 692 837 729 non
881 676 948 731 ad
986 676 1329 745 pugnandum
1352 678 1648 747 egreditur.
1678 680 1744 734 Et
1784 683 1887 736 hoc
1985 682 2170 737 ditatis
2196 691 2253 737 et
2276 685 2540 752 superbia:
2587 701 2691 739 non
2725 687 3005 751 habemus,
3052 690 3390 758 omnipotens
3419 689 3561 744 Deus

299 766 842 821 animadvertendum
859 807 874 831 ,
903 766 1044 835 quod
1068 766 1123 821 in
1144 768 1321 822 medio
1341 770 1672 838 captivorum
1695 773 1887 827 seden-
1983 786 2080 842 per
2103 788 2259 828 suum
2290 789 2387 828 nos
2417 775 2665 843 spiritum
2696 777 2856 840 levat,
2883 789 2937 832 et
2979 794 3140 847 super
3166 781 3330 848 pedes
3350 791 3560 834 nostros

299 856 438 909 tium
453 856 568 925 ipse
581 857 777 910 sedens
798 857 1057 926 propheta
1075 855 1296 926 gloriam
1314 857 1522 911 Domini
1546 873 1650 911 non
1668 858 1880 914 viderit.

1983 861 2194 926 statuit,
2247 868 2304 914 ut
2332 862 2424 931 qui
2471 863 2746 917 humiliter
2796 868 2933 934 apud
2976 882 3074 921 nos
3116 884 3179 919 ex
3230 867 3559 922 inﬁrmitatis

378 965 397 998 ι
427 947 724 1002 Etsurrcxi
761 956 815 1001 et
844 962 1093 1017 egressus
1136 962 1255 1002 sum
1295 946 1348 1001 in
1376 963 1646 1015 campum,
1678 959 1731 1002 et
1754 964 1884 1006 ecce
1984 958 2181 1004 nostra:
2218 950 2534 1021 ‘cognitione
2580 949 2872 1019 jaeuimus,
2911 964 2965 1009 et
3004 956 3270 1024 jacemus,
3312 958 3366 1011 in
3415 958 3556 1013 bono

302 1055 323 1086 ι
364 1036 437 1091 ibi
460 1035 631 1108 gloria
658 1036 868 1090 Domini
917 1037 1116 1102 stabat,
1153 1036 1305 1106 quasi
1330 1036 1531 1105 gloria,
1562 1054 1727 1106 quain
1772 1039 1879 1093 vidi

300 1146 321 1179 ι
352 1128 506 1198 juxta
546 1125 766 1183 fluvium
791 1127 1026 1191 Chobar,
1069 1135 1175 1181 etc.
1207 1146 1226 1179 ι
1254 1126 1488 1181 Jubcnte
1531 1128 1757 1183 Domino
1798 1129 1880 1184 in-

293 1217 562 1287 greditur,
583 1215 873 1286 etjubente
905 1217 1202 1285 egreditur,
1228 1216 1477 1285 seditque
1514 1232 1635 1271 cum
1685 1219 1879 1274 seden-

297 1311 475 1374 tibus,
510 1309 636 1379 quia
664 1317 895 1363 stantem
928 1308 1076 1362 illum
1119 1323 1376 1363 numerus
1419 1309 1751 1377 captivorum
1782 1325 1878 1365 au-

291 1402 413 1459 dire
450 1417 555 1457 non
589 1408 818 1470 poterat.
846 1400 1214 1470 Egressusque
1239 1399 1291 1452 in
1316 1398 1491 1467 campi
1515 1398 1871 1467 latitudinem,

290 1492 444 1545 videt
471 1499 706 1545 stantem
748 1489 972 1559 gloriam
1019 1488 1254 1553 Domini,
1294 1504 1456 1559 quam
1490 1489 1641 1557 prius
1667 1489 1875 1544 viderat

290 1582 658 1637 ambulantem
701 1590 757 1635 et
782 1580 1081 1636 elevantem
1120 1594 1179 1634 se
1213 1588 1267 1633 et
1294 1579 1565 1634 interdum
1601 1589 1868 1648 stantem;

289 1673 419 1742 quia
441 1672 596 1743 juxta
636 1670 850 1724 fluvium
894 1669 1071 1725 saeculi
1102 1668 1262 1739 hujus
1284 1668 1495 1724 Chobar
1517 1709 1532 1733 ,
1573 1669 1664 1738 qui
1708 1669 1871 1725 inter-

1980 1051 2101 1109 post
2125 1055 2288 1110 opere
2314 1040 2472 1111 quasi
2496 1058 2659 1113 super
2685 1044 2849 1113 pedes
2876 1059 2943 1099 ex
2973 1047 3299 1102 rectitudine
3328 1058 3550 1103 stemus.

1980 1129 2133 1197 Quod
2158 1145 2257 1184 cur
2281 1131 2336 1186 in
2369 1147 2560 1201 eampo
2595 1134 2661 1187 de
2692 1135 2953 1203 propheta
2983 1136 3182 1206 agitur,
3210 1139 3310 1192 nisi
3347 1148 3405 1192 ut
3431 1155 3553 1208 spec

1980 1220 2191 1276 cialiter
2217 1222 2532 1292 designetur
2580 1224 2707 1294 quia
2742 1226 2904 1280 etiam
2951 1227 3137 1282 electis
3164 1232 3398 1299 gentium
3435 1234 3555 1307 Spi-

1978 1312 2115 1366 ritus
2139 1321 2360 1368 sanctus
2387 1314 2594 1369 dandus
2612 1325 2777 1381 esset,
2796 1317 2920 1385 quia
2953 1332 3047 1372 eos
3070 1334 3205 1388 quos
3230 1337 3551 1391 assumeret,

1976 1410 2031 1456 et
2059 1403 2208 1471 prius
2235 1419 2266 1457 a
2314 1405 2579 1475 superbiae
2625 1420 2736 1460 sure
2777 1416 2919 1461 statu
2972 1409 3261 1479 dejiceret,
3295 1422 3345 1466 et
3404 1429 3553 1483 post-
3613 1466 3626 1482 ,

1975 1493 2192 1548 modum
2235 1507 2396 1563 super
2427 1494 2593 1564 pedes
2623 1511 2767 1559 suos,
2799 1498 2850 1550 id
2881 1506 2983 1562 est,
3018 1514 3177 1570 super
3211 1501 3348 1555 bona
3387 1521 3550 1575 opera

1973 1580 2252 1644 solidaret,
2315 1581 2460 1635 sicut
2514 1597 2610 1651 per
2669 1582 2893 1638 Paulum
2946 1586 3144 1641 dicitur
3196 1602 3212 1640 :
3276 1586 3551 1648 Remissas

1974 1686 2166 1726 manus
2232 1678 2287 1725 et
2354 1672 2615 1728 dissoluta
2687 1687 2861 1743 genua
2933 1677 3161 1745 erigite,
3209 1691 3266 1733 et
3332 1697 3550 1751 gressus

287 1775 541 1836 pretatur
567 1765 955 1836 gravissimus,
1001 1763 1170 1833 gloria
1218 1763 1561 1827 cernebatur,
1609 1763 1752 1832 quod
1800 1765 1872 1818 si-
1900 1759 1945 1816 II
1973 1770 2151 1818 rectos
2201 1760 2367 1818 facite
2410 1762 2636 1832 pedibus
2678 1764 2908 1818 vestris?
2948 1764 3247 1834 Sequitur:
3296 1787 3314 1819 ι
3354 1771 3421 1823 Et
3472 1772 3551 1824 lo-

287 1857 510 1927 guificat
528 1870 742 1912 omnem
763 1856 945 1910 mundi
973 1854 1131 1921 hujus
1152 1854 1381 1925 gloriam
1412 1855 1874 1924 prmterfluere,et

285 1960 515 2019 gradum
552 1948 799 2004 stabilem
826 1962 932 2001 non
964 1947 1185 2001 habere.
1225 1944 1409 2001 Gloria
1440 1954 1620 1999 autem
1659 1945 1871 1999 Domini

283 2046 442 2092 stans
465 2046 521 2092 et
542 2050 897 2108 perseverans
916 2052 1039 2091 cum
1063 2043 1242 2090 stante
1280 2035 1544 2104 propheta
1575 2033 1787 2088 videtur
1815 2034 1870 2087 in

283 2141 498 2196 campo,
520 2140 639 2195 qua;
663 2126 718 2181 in
744 2125 918 2179 medio
941 2123 1283 2193 captivorum
1324 2137 1425 2177 nec
1468 2130 1617 2177 stare
1654 2130 1871 2191 poterat

283 2230 388 2271 nec
418 2215 611 2270 videri.

363 2322 383 2356 ι
419 2304 487 2358 Et
533 2303 703 2358 cecidi
733 2302 789 2356 in
826 2301 1019 2358 faciem
1050 2318 1258 2382 meam,
1306 2311 1360 2358 et
1402 2302 1680 2374 ingressus
1706 2311 1791 2359 est
1812 2303 1868 2357 in

290 2413 310 2446 ι
346 2410 434 2449 me
457 2395 697 2466 spiritus,
711 2402 765 2449 et
788 2395 970 2449 statuit
996 2411 1083 2450 me
1104 2410 1270 2464 super
1282 2395 1445 2465 pedes
1461 2409 1631 2460 meos,
1654 2395 1869 2451 etlocn-

289 2505 309 2536 ι
351 2497 437 2540 tus
462 2495 548 2540 est
564 2486 715 2550 mihi,
738 2493 794 2540 et
812 2485 946 2539 dixit
970 2485 1036 2539 ad
1056 2499 1140 2539 me
1162 2502 1178 2540 :
1201 2484 1491 2553 Ingredere
1506 2494 1561 2539 et
1591 2484 1867 2540 includere

290 2597 307 2627 ι
352 2578 404 2631 in
443 2578 621 2632 medio
653 2578 843 2633 domus
880 2586 1001 2631 tuae.
1035 2596 1054 2627 ι
1089 2575 1336 2631 Stantem
1378 2577 1607 2647 gloriam
1653 2578 1864 2632 Domini

287 2683 395 2721 non
419 2667 712 2735 sustinens,
736 2667 929 2723 cecidit
969 2668 1022 2721 in
1054 2665 1246 2722 faciem
1281 2682 1454 2733 suam,
1494 2675 1554 2721 ut
1584 2667 1652 2722 ab
1690 2668 1863 2737 ingre-

284 2760 468 2813 diente
505 2760 559 2812 in
593 2774 714 2813 eum
739 2758 930 2829 spiritu
962 2758 1272 2824 levaretur;
1307 2758 1398 2827 qui
1422 2758 1647 2829 spiritus
1672 2759 1863 2814 statuit

282 2863 405 2901 eum
429 2862 595 2917 super
612 2847 776 2917 pedes
796 2863 945 2914 suos,
973 2856 1026 2903 et
1053 2848 1263 2902 locutus
1289 2856 1373 2900 est
1392 2847 1440 2900 ei
1472 2846 1657 2902 dicens
1681 2866 1694 2900 :
1719 2846 1863 2902 Intra

282 2952 337 2995 et
362 2940 635 2995 includere
662 2941 715 2994 in
736 2939 911 2995 medio
932 2939 1123 2994 domus
1151 2948 1285 3004 tum;
1310 2948 1471 2994 etest
1494 2954 1705 3004 sensus,
1737 2940 1864 3009 quia

281 3027 663 3084 corroboratus
688 3043 749 3083 es
787 3036 1007 3098 aspectu
1043 3027 1335 3083 Dominicae
1374 3024 1704 3096 majestatis,
1743 3027 1861 3081 nul-

283 3119 391 3173 lum
422 3121 634 3185 timeas,
659 3134 756 3173 nec
788 3118 1023 3188 aliquem
1048 3117 1446 3189 pertremiscas,
1473 3118 1565 3171 sed
1594 3126 1864 3175 revertere

283 3211 335 3263 in
372 3210 592 3263 domum
637 3218 814 3273 tuam,
858 3208 941 3263 vel
984 3209 1052 3262 ad
1084 3208 1436 3263 necessitates
1484 3208 1756 3276 corporis,
1805 3216 1865 3263 ut

282 3303 503 3371 quidam
540 3307 759 3370 putant,
792 3300 876 3354 vel
906 3299 961 3354 in
991 3300 1201 3371 signum
1240 3297 1435 3354 futurae
1461 3298 1778 3355 obsidionis.
1799 3299 1865 3354 Et

280 3393 554 3463 quomodo
593 3391 757 3445 Isaias
802 3390 1162 3447 discalceatus
1193 3398 1250 3445 et
1289 3392 1465 3446 nudus
1501 3391 1663 3445 trium
1697 3407 1863 3447 anno-

284 3499 402 3537 rum
430 3482 793 3553 captivitatem
819 3488 875 3535 et
898 3480 1197 3534 nuditatem
1238 3482 1420 3551 populi
1467 3481 1756 3547 nuntiavit,
1788 3482 1862 3536 ita

282 3583 336 3627 et
363 3582 416 3627 tu
441 3573 654 3627 clausus
688 3571 865 3637 domo,
890 3584 1055 3640 opere
1092 3570 1209 3642 ipso
1233 3572 1496 3641 propheta
1523 3570 1751 3626 vicinam
1769 3572 1866 3627 ob-

283 3663 551 3719 sidionem
574 3661 722 3717 urbis
748 3660 1067 3716 Jerusalem.
1088 3659 1151 3734 (ϐ
1161 3660 1290 3731 reg.)
1312 3660 1448 3727 Quid
1471 3670 1555 3717 est
1573 3664 1697 3728 hoc,
1721 3663 1864 3733 quod

283 3756 436 3826 prius
480 3754 740 3811 Dominus
789 3754 845 3809 in
893 3753 1070 3810 medio
1113 3753 1481 3810 Israelitarum
1529 3755 1743 3833 locutus
1794 3756 1866 3811 ad

283 3850 603 3921 prophetam
630 3864 785 3904 suum
811 3847 1011 3916 fuerat,
1033 3857 1090 3904 et
1112 3859 1292 3905 tamen
1313 3852 1656 3920 postmodum
1690 3850 1819 3907 dicit
1845 3868 1860 3903 :

288 3960 306 3992 ι
345 3939 617 4010 Egredere
649 3940 703 3993 in
749 3954 1019 4010 campum,
1050 3947 1105 3993 et
1134 3939 1209 3995 ibi
1238 3937 1430 4011 loquar
1462 3948 1672 4006 tecum,
1702 3959 1720 3992 ι
1760 3940 1863 3995 nisi

283 4032 431 4103 quod
484 4030 781 4102 prophetia:
832 4045 943 4086 sua:
989 4031 1239 4101 gratiam,
1269 4040 1324 4085 et
1367 4033 1518 4101 prius
1557 4031 1755 4086 Iudaea:
1784 4030 1867 4086 in-

286 4123 575 4177 funderct?
606 4121 759 4177 lianc
778 4124 1120 4192 postmodum
1149 4121 1408 4194 dignatus
1449 4131 1535 4179 est
1576 4123 1631 4178 in
1679 4122 1866 4177 latitu-

284 4214 466 4268 dinem
496 4213 735 4284 gcntipm
775 4213 1167 4268 demonstrare.
1203 4213 1389 4284 Neque
1411 4214 1556 4269 enim
1600 4213 1867 4270 immerito

283 4318 381 4372 per
422 4318 673 4373 campum
702 4302 973 4373 gentilitas
1016 4302 1350 4374 designatur,
1395 4318 1514 4372 qua:
1554 4302 1710 4373 longe
1739 4302 1868 4357 late-

284 4410 409 4463 que,
443 4394 495 4447 id
524 4402 644 4458 est,
674 4392 729 4447 in
759 4393 1011 4448 universo
1041 4394 1243 4448 mundo
1289 4394 1642 4459 distenditur,
1684 4393 1761 4448 ibi
1812 4402 1864 4449 et

285 4484 538 4539 subditur
563 4501 576 4537 :
610 4502 628 4534 ι
655 4483 967 4554 Exsurgens
987 4498 1238 4556 egressus
1263 4499 1381 4539 sum
1417 4485 1470 4539 in
1512 4500 1785 4555 campum,
1810 4492 1867 4539 et

283 4591 413 4629 ecce
448 4574 613 4644 gloria
670 4574 881 4628 Domini
930 4576 1137 4638 stabat,
1170 4575 1325 4645 quasi
1360 4575 1529 4646 gloria
1557 4591 1719 4647 quam
1756 4576 1864 4630 vidi

279 4664 433 4733 juxta
474 4663 672 4719 flumen
706 4664 940 4720 Chobar.
983 4684 1003 4717 ι
1051 4665 1110 4720 In
1156 4680 1348 4737 campo
1387 4666 1616 4737 gloriam
1654 4665 1868 4721 Domini

285 4755 543 4827 propheta
574 4755 727 4826 vidit,
750 4771 913 4826 quam
953 4754 1111 4828 jux’ta
1154 4755 1353 4812 flumen
1388 4756 1615 4835 Chobar.
1648 4756 1701 4811 in
1749 4771 1865 4810 mc-

288 4849 378 4905 dio
404 4847 768 4904 Israelitarum
813 4849 1057 4916 viderat,
1111 4850 1236 4920 quia
1272 4850 1388 4920 ipsa
1437 4846 1555 4918 ejus
1610 4847 1868 4917 maiestas

287 4942 540 5013 gentibus
560 4941 828 5012 apparuit,
842 4957 962 5012 quae
988 4944 1139 5012 prius
1156 4956 1214 4997 se
1240 4941 1427 4997 electis
1455 4942 1509 4996 in
1528 4941 1753 4998 Iudaico
1775 4956 1870 5011 po-

289 5034 431 5105 pulo,
450 5032 721 5089 revelante
749 5033 956 5103 spiritu,
981 5033 1294 5088 declaravit.
1325 5030 1581 5104 Sequitur
1605 5046 1621 5087 :
1653 5051 1671 5084 ι
1690 5032 1757 5087 Ει
1779 5046 1871 5087 cc-

289 5126 392 5181 cidi
420 5126 473 5179 in
505 5124 699 5180 faciem
724 5140 921 5179 meam.
959 5143 978 5176 ι
1011 5123 1136 5179 Visa
1166 5122 1338 5194 gloria
1368 5122 1582 5178 Domini
1605 5121 1868 5192 propheta

290 5216 345 5269 in
373 5213 565 5270 faciem
605 5230 760 5270 suam
786 5214 951 5279 cadit,
998 5214 1123 5283 quia
1152 5213 1397 5283 quamvis
1428 5213 1589 5268 homo
1618 5211 1687 5266 ad
1714 5210 1873 5265 intel-

290 5306 503 5377 ligenda
550 5305 813 5376 spiritalia
852 5304 1125 5370 elevatur,
1181 5319 1247 5359 ex
1296 5302 1749 5373 contemplatione
1781 5311 1862 5355 ta-

290 5410 411 5450 men
428 5395 725 5464 majestatis
738 5395 832 5451 Dei
848 5394 1217 5449 infirmitatem
1235 5409 1346 5450 sua:
1369 5392 1693 5451 conditionis
1716 5391 1865 5446 intel-

288 5486 423 5554 ligit,
449 5495 506 5542 et
528 5486 683 5555 quasi
697 5493 894 5541 statum
917 5500 1023 5539 non
1037 5485 1220 5549 habet,
1244 5484 1335 5553 qui
1353 5499 1412 5538 se
1431 5492 1557 5538 ante
1577 5482 1671 5536 Dei
1684 5480 1867 5536 oculos

287 5589 408 5632 esse
440 5577 681 5631 cinerem
713 5583 767 5630 et
786 5574 1060 5645 pulverem
1090 5572 1254 5628 videt.
1287 5572 1583 5642 Sequitur:
1623 5588 1642 5622 ι
1674 5570 1746 5626 Et
1784 5570 1868 5624 in-

288 5681 509 5736 gressus
534 5675 619 5720 est
655 5666 710 5720 in
733 5680 819 5720 me
856 5665 1098 5735 spiritus,
1129 5672 1184 5719 et
1208 5662 1398 5719 statuit
1417 5676 1501 5718 me
1523 5675 1683 5732 super
1704 5659 1871 5734 pedes

1894 4437 1945 4501 D

1971 1862 2127 1908 cutus
2174 1864 2259 1909 est
2306 1854 2476 1920 mihi,
2532 1862 2588 1910 et
2631 1854 2769 1910 dixit
2818 1856 2884 1908 ad
2946 1872 3032 1912 me
3084 1876 3096 1910 :
3146 1858 3431 1929 Ingredere
3494 1871 3550 1916 ct

1972 1942 2247 1999 includere
2274 1942 2330 1997 in
2379 1944 2556 1999 medio
2600 1944 2790 1998 domus
2840 1953 2963 1999 tute.
2998 1964 3019 1997 ι
3056 1946 3194 2011 Quid
3238 1958 3322 2002 est
3348 1988 3363 2013 ,
3404 1953 3547 2018 quod

1972 2034 2025 2087 in
2075 2035 2254 2089 medio
2304 2033 2584 2089 Israelitiei
2637 2034 2816 2104 populi
2865 2035 3124 2103 propheta
3174 2037 3241 2091 ad
3299 2052 3549 2106 campum

1970 2124 2232 2187 educitur,
2270 2132 2432 2194 atque
2470 2124 2536 2178 ad
2574 2124 2788 2178 domum
2828 2133 3014 2193 postea
3059 2126 3126 2180 de
3166 2142 3362 2196 campo
3396 2143 3550 2183 revo-

1970 2221 2122 2267 catur
2142 2253 2161 2280 ,
2188 2213 2292 2268 nisi
2321 2214 2467 2283 quod
2491 2213 2888 2282 praedicationis
2907 2214 3079 2282 gratia
3099 2213 3327 2270 Judaico
3352 2218 3553 2287 populo

1969 2302 2147 2357 ablata
2170 2304 2225 2358 in
2246 2302 2588 2357 latitudinem
2617 2302 2936 2371 gentilitatis
2970 2318 3160 2372 sparsa
3189 2307 3306 2358 est?
3333 2304 3437 2358 Sed
3462 2314 3549 2359 ta-

1971 2408 2093 2447 men
2126 2392 2178 2446 in
2220 2393 2327 2447 fine
2353 2390 2535 2446 mundi
2585 2391 2715 2445 dum
2759 2390 2930 2445 Judasi
2977 2392 3043 2445 ad
3094 2392 3254 2446 fidem
3299 2393 3547 2457 redeunt,

1970 2482 2127 2555 quasi
2155 2484 2223 2538 ad
2268 2485 2484 2538 domum
2511 2484 2770 2553 propheta
2816 2483 3121 2549 reducetur,
3145 2494 3204 2538 ut
3245 2485 3300 2538 in
3326 2500 3424 2538 suo
3451 2500 3546 2554 po-

1968 2573 2094 2644 pulo
2119 2589 2308 2629 rursus
2333 2574 2643 2645 praedicatio
2671 2573 2951 2637 inhabitet,
2983 2589 3105 2642 qua;
3137 2574 3299 2629 modo
3324 2573 3470 2629 velut
3487 2575 3547 2631 in

1970 2679 2160 2736 catnpo
2194 2666 2268 2721 ita
2315 2666 2372 2719 in
2433 2665 2660 2720 diversis
2696 2665 2949 2735 gentibus
2982 2664 3157 2735 fulget
3205 2683 3218 2719 :
3273 2665 3546 2735 Scriptum

1968 2757 2167 2828 quippe
2210 2765 2293 2812 est
2325 2773 2339 2811 :
2375 2776 2393 2808 ι
2430 2757 2613 2813 Donec
2655 2756 2932 2825 plenitudo
2967 2756 3207 2826 gentium
3253 2756 3546 2822 introiret,

1969 2856 2098 2903 tunc
2123 2849 2301 2904 omnis
2331 2846 2499 2902 Israel
2522 2847 2703 2902 salvus
2731 2846 2884 2902 fieret
2930 2846 3110 2920 (Rom.
3137 2847 3237 2920 xi).
3277 2869 3297 2901 ι
3329 2849 3463 2916 Quia
3492 2860 3548 2906 et

1966 2956 2064 3011 per
2108 2939 2426 3010 prophetam
2467 2939 2697 2994 alterum
2749 2939 2947 2993 dicitur
2977 2957 2991 2994 :
3021 2957 3040 2991 ι
3075 2938 3134 2995 Si
3163 2939 3324 2996 fuerit
3360 2956 3549 2995 nume—

1970 3046 2064 3086 rus
2085 3030 2317 3085 filiorum
2345 3029 2692 3100 Israel‘quasi
2716 3044 2882 3085 arena
2905 3031 3093 3097 maris,
3117 3031 3356 3100 reliquite
3386 3032 3548 3087 salvae

1891 3098 1935 3159 δ
1969 3122 2098 3178 fient
2137 3122 2294 3195 (hui.
2338 3121 2416 3193 χ).
2456 3141 2476 3173 ι
2504 3098 2675 3176 Eseat
2696 3136 2826 3192 ergo
2854 3123 3115 3191 propheta
3143 3122 3210 3176 de
3235 3098 3426 3177 medio
3451 3138 3550 3192 po-

1964 3211 2074 3281 puli
2120 3211 2190 3267 ad
2238 3226 2508 3281 campum,
2536 3212 2603 3264 de
2629 3225 2818 3280 campo
2865 3212 3049 3265 redeat
3095 3211 3164 3264 ad
3209 3211 3452 3277 domum,
3486 3220 3551 3269 ut

1965 3308 2022 3356 ct
2057 3300 2391 3370 praedicatio,
2418 3316 2537 3370 qua:
2561 3298 2760 3356 Iudaea:
2801 3298 2943 3355 facta
2990 3309 3094 3365 est,
3124 3302 3434 3371 egrediatur
3481 3303 3538 3357 in

1964 3400 2171 3463 gentes,
2192 3400 2248 3446 et
2284 3390 2505 3460 repletis
2535 3390 2638 3446 fide
2667 3391 2939 3461 gentibus,
2969 3392 3198 3461 recipiat
3217 3392 3401 3448 Judtea
3434 3395 3545 3463 Spi-

1965 3484 2140 3540 ritalis
2185 3483 2446 3539 doctrina:
2493 3484 2675 3550 dona,
2717 3498 2837 3553 quas
2882 3484 3083 3539 amisit.
3121 3483 3322 3540 fneludi
3364 3494 3543 3540 autem

1964 3574 2224 3644 propheta
2251 3572 2307 3627 in
2354 3572 2529 3629 medio
2553 3573 2744 3629 domus
2773 3588 2887 3627 sua:
2922 3572 3250 3642 praecipitur,
3282 3572 3406 3641 quia
3433 3573 3546 3626 An-

1965 3663 2199 3720 tichristi
2230 3671 2470 3733 tempore
2513 3663 2582 3718 ab
2607 3663 2689 3718 eis
2738 3662 3025 3734 gentibus,
3068 3678 3187 3732 quae
3216 3664 3270 3716 in
3314 3661 3545 3729 infideli-

1966 3764 2078 3812 tate
2130 3756 2516 3819 remanserint,
2544 3753 2694 3824 plebs
2743 3768 3003 3808 conversa
3038 3752 3345 3808 Iudaeorum
3392 3752 3544 3808 duris

1964 3845 2429 3916 persecutionibus
2481 3852 2823 3911 angustatur.
2877 3843 3034 3901 Unde
3083 3843 3343 3914 scriptum
3404 3854 3542 3898 est:

1963 3937 2176 3992 Atrium
2191 3944 2390 4002 autem,
2411 3935 2554 4005 quod
2582 3944 2701 3991 erat
2718 3944 2874 3992 extra
2903 3934 3048 3990 fores
3070 3934 3274 4004 templi,
3297 3936 3436 4005 ejice
3462 3934 3543 3989 fo-

1966 4040 2077 4093 ras,
2093 4034 2149 4081 et
2165 4042 2232 4081 ne
2253 4026 2494 4082 metiaris
2514 4025 2667 4091 illud,
2681 4026 2935 4095 quoniam
2954 4026 3140 4081 datum
3165 4033 3247 4081 est
3272 4025 3542 4095 gentibus,

1964 4129 2019 4173 et
2046 4120 2321 4175 civitatem
2375 4130 2620 4176 sanctam
2669 4119 2958 4175 ealcabunt
2999 4120 3277 4174 mensibus
3313 4121 3546 4190 quadra-

1965 4210 2114 4280 ginta
2144 4210 2371 4266 duobus.
2977 4201 2985 4210 ’

2042 4319 2060 4351 ‹
2087 4300 2155 4354 Ει
2189 4308 2279 4366 ιιι,
2321 4299 2397 4356 fili
2425 4300 2684 4363 hominis,
2706 4315 2835 4355 ecce
2858 4300 2984 4354 data
3013 4309 3143 4354 sunt»
3164 4314 3325 4369 super
3350 4307 3405 4354 te
3429 4300 3546 4353 vin-

1973 4409 1992 4441 c
2032 4390 2177 4457 cula,
2197 4400 2254 4445 et
2279 4390 2523 4461 ligahunt
2546 4399 2600 4445 te
2621 4393 2725 4457 eis,
2745 4400 2800 4445 et
2823 4406 2927 4444 non
2959 4389 3253 4459 egredieris
3277 4389 3343 4445 de
3368 4390 3545 4460 medio

1974 4496 1993 4529 ι
2035 4494 2245 4535 eorum.
2276 4479 2343 4534 Et
2363 4479 2599 4549 linguam
2634 4486 2779 4532 tuam
2811 4477 3088 4530 adhzerere
3129 4474 3324 4530 faciam
3364 4477 3546 4545 palato

1976 4586 1996 4620 ι
2040 4568 2124 4623 vel
2151 4568 2356 4639 gutturi
2389 4577 2498 4632 tuo,
2541 4574 2595 4621 et
2632 4566 2742 4621 eris
2769 4575 2972 4629 mutus,
3014 4580 3116 4619 nec
3141 4573 3203 4619 ut
3241 4566 3325 4619 vir
3366 4564 3548 4634 objur-

1975 4675 1995 4710 ι
2035 4674 2188 4730 gans,
2214 4658 2340 4727 quia
2360 4657 2551 4723 domus
2567 4667 2898 4724 cxasperans
2933 4663 3034 4709 est.
3055 4673 3074 4706 ι
3102 4653 3300 4726 (Ηὶεν.)
3317 4656 3469 4722 Quod
3492 4656 3544 4709 in

1970 4750 2128 4804 domo
2162 4747 2453 4812 clauditur,
2490 4744 2633 4814 quod
2659 4744 2888 4800 vinculis
2911 4744 3161 4814 alligatur
3183 4786 3198 4807 ,
3246 4748 3389 4814 quod
3439 4762 3547 4801 non

1969 4840 2246 4911 egreditur
2266 4838 2334 4892 ad
2359 4852 2453 4893 eos
2491 4837 2637 4891 inter
2660 4851 2797 4905 quos
2826 4822 3055 4901 habitat,
3082 4838 3178 4893 sed
3199 4838 3329 4893 inter
3368 4838 3548 4892 inuiti-

1973 4933 2212 4988 tudinem
2239 4930 2579 5001 captivorum
2599 4928 2944 4983 solitudinem
2965 4929 3203 4983 careeris
3228 4928 3433 4996 patitur
3447 4969 3462 4992 ,
3488 4937 3548 4980 ut

1970 5040 2131 5095 supra
2172 5023 2315 5089 dixi,
2367 5021 2664 5077 obsidionis
2713 5019 2969 5075 indicium
3026 5027 3133 5085 est,
3171 5020 3317 5088 quod
3364 5020 3545 5073 clausa

1969 5114 2266 5170 Jerusalem
2340 5123 2502 5183 atque
2576 5110 2912 5167 circumdata
2967 5111 3037 5166 ab
3096 5111 3338 5165 exercitu
3389 5109 3548 5164 Chal-

1972 5206 2229 5264 daaorum,
2258 5202 2463 5257 nullum
2489 5200 2848 5255 habitantium
2891 5198 3037 5253 foras
3076 5200 3225 5253 exire
3250 5198 3542 5268 permittet.

1974 5295 2097 5349 llaec
2123 5303 2207 5349 est
2250 5292 2387 5356 olla,
2414 5291 2480 5346 de
2510 5306 2616 5360 qua
2640 5287 2906 5344 Jeremias
2945 5287 3202 5358 loquitur,
3233 5295 3289 5341 et
3314 5288 3427 5355 ipse
3461 5285 3548 5337 hic

1971 5387 2232 5458 pr0pheta
2284 5384 2339 5438 in
2385 5382 2860 5451 consequentibus,
2894 5381 2946 5435 in
2996 5396 3100 5451 qua
3155 5392 3347 5434 carnes
3371 5373 3547 5445 populi

1974 5482 2381 5532 consumuntur.
2426 5472 2579 5539 Quod
2614 5481 2796 5527 autem
2836 5471 3018 5541 lingua
3068 5468 3341 5539 propheta
3371 5464 3548 5533 palato

1975 5567 2059 5621 vel
2121 5562 2325 5638 gutturi
2382 5564 2641 5625 coluerat,
2702 5568 2759 5616 et
2813 5570 2994 5615 mutus
3045 5558 3267 5613 effectus
3317 5553 3546 5609 anetori-

1977 5666 2138 5713 tatem
2171 5653 2475 5717 non,habet
2502 5651 2852 5739 increpantis,
2897 5664 3059 5706 causa
3104 5648 3388 5718 perspicua
3434 5650 3546 5709 est,
