3954 6182
377 334 484 388 535

1041 339 1100 392 Β.
1143 336 1391 392 RABANI
1429 334 1650 393 MAURI
1685 333 2005 391 ARCHIEP.
2043 334 2350 392 MOGUNT.
2393 333 2676 392 OPERUM
2711 333 2888 387 PARS
2929 331 2986 387 ll.

3542 329 3643 387 58‘

379 469 396 501 ι
421 450 548 518 quia
572 452 790 516 domus,
823 471 841 505 ι
867 453 1065 521 inquit,
1087 471 1105 502 ι
1128 465 1454 522 exasperans
1475 462 1576 506 est.
1601 451 1706 505 iEt
1725 460 1809 507 est
1837 465 1959 505 scn-
1985 457 2036 516 Α
2064 450 2384 512 incredulus,
2431 446 2736 504 incredulus
2775 447 2864 501 sit.
2899 466 2915 498 ι
2951 442 3196 498 Secunda
3237 439 3442 512 Aquila:
3485 442 3650 497 editio

378 556 515 594 sus:
547 541 735 596 Tanta:
781 551 907 597 sunt
933 542 1347 607 amaritudines,
1393 551 1448 596 et
1496 550 1660 597 tanta:
1699 543 1961 597 adversus

377 633 547 686 Deum
578 633 972 696 contentiones,
1005 641 1062 685 ut
1092 633 1470 703 objurgantem
1511 648 1616 687 non
1647 642 1963 688 mereantur

379 719 588 772 audire.
624 719 702 770 Ex
731 731 837 786 quo
866 719 1206 788 perspicuum
1237 729 1342 785 est,
1377 721 1466 775 ubi
1492 721 1776 774 multitudo
1798 720 1962 777 fuerit

378 815 746 876 peccatorum,
786 807 1035 878 indignos
1073 823 1194 862 esse
1223 817 1531 876 peccantes,
1557 810 1648 878 qui
1677 825 1706 862 a
1733 810 1960 866 Domino

379 896 739 965 corrigantur.
776 916 793 946 ι
831 897 897 950 Ει
931 905 1010 962 ιιι,
1044 896 1242 966 inquit,
1276 895 1349 952 fili
1383 898 1638 976 hominis,
1667 915 1793 954 ecce
1833 899 1961 953 data

379 995 505 1039 sunt
551 1001 711 1055 super
750 998 801 1040 te
842 987 1072 1050 vincula,
1122 997 1177 1041 et
1211 987 1454 1054 ligabunt
1493 997 1543 1042 te
1572 988 1624 1041 in
1651 989 1749 1053 eis,
1773 999 1824 1042 et
1855 1006 1961 1044 non

379 1076 673 1141 egredieris
719 1078 772 1131 in
813 1078 987 1131 medio
1032 1093 1239 1142 eorum,
1296 1086 1351 1132 et
1403 1077 1639 1148 linguam
1688 1079 1962 1134 adhaerere

381 1162 576 1218 faciam
613 1167 791 1235 palato
833 1177 944 1233 tuo,
983 1177 1037 1222 et
1074 1169 1184 1223 eris
1221 1177 1416 1231 mutus,
1448 1183 1547 1223 nec
1574 1170 1727 1239 quasi
1759 1171 1841 1224 vir
1862 1170 1961 1224 ob-

374 1255 621 1325 jurgans,
647 1258 771 1326 quia
801 1259 990 1312 domus
1015 1273 1343 1328 exasperans
1371 1267 1474 1314 est.
1498 1279 1516 1311 ι
1543 1260 1690 1326 Quae,
1717 1261 1965 1316 videlicet

382 1349 566 1412 verba,
601 1349 645 1403 si
677 1365 772 1418 per
803 1349 991 1421 typica:
1014 1347 1365 1420 expositionis
1392 1351 1638 1406 ordinem
1666 1352 1960 1420 sequimur,

383 1438 648 1507 Propheta
681 1441 732 1492 in
768 1441 924 1494 domo
971 1455 1069 1494 sua
1116 1439 1329 1494 vincula
1381 1437 1605 1510 suscipit
1649 1450 1704 1495 et
1743 1441 1959 1511 ligatur,

382 1529 504 1598 quia
532 1529 582 1582 in
614 1529 892 1595 extremis,
924 1544 1047 1584 cum
1071 1528 1251 1584 Judaea
1277 1530 1589 1595 crediderit,
1618 1531 1965 1602 gravissimas

380 1619 700 1673 Antichristi
760 1628 998 1690 tempore
1045 1620 1445 1688 persecutiones
1499 1622 1740 1685 sentiret,
1780 1622 1853 1675 ita
1906 1631 1964 1677 ut

382 1709 783 1776 praedicationes
822 1708 1051 1763 ministri
1088 1707 1389 1778 iniquitatis
1418 1724 1524 1762 non
1555 1710 1837 1778 recipiant,
1869 1711 1963 1765 sed

2064 537 2376 593 transtulit:
2419 556 2438 590 ι
2469 538 2568 605 Qui
2601 538 2770 601 audit,
2813 537 3088 599 audietur;
3130 544 3183 587 ct
3231 534 3322 604 qui
3372 534 3648 604 relinquit,

2063 627 2415 697 relinquetur.
2446 646 2464 679 ι
2499 627 2565 680 Et
2611 636 2693 680 est
2745 640 2934 680 sensus
2964 643 2976 678 :
3010 642 3028 674 ι
3068 623 3167 691 Qui
3219 624 3396 686 habet,
3437 625 3652 679 dabitur

2060 718 2110 771 ci
2136 733 2152 783 ;
2183 719 2271 787 qui
2302 727 2482 770 autem
2511 733 2614 770 non
2644 717 2834 779 habet,
2858 716 3018 770 etiam
3052 715 3105 769 id
3139 715 3286 785 quod
3310 716 3519 769 videtur
3553 717 3650 770 ha-

2063 807 2212 870 bere,
2243 805 2518 860 auferetur
2545 805 2612 858 ab
2641 821 2705 858 eo
2735 803 2953 874 (Matth.
2981 800 3123 869 xm).
3152 819 3174 854 ι

2139 913 2158 947 ι
2193 893 2326 950 Cum
2352 906 2553 958 autem,
2571 897 2743 965 inquit
2762 895 2998 959 ,locutus
3014 894 3168 949 fuero
3195 893 3563 964 tibi,aperiam
3589 911 3653 950 os

2063 992 2236 1051 tuutn,
2254 995 2308 1040 ct
2321 987 2467 1040 dices
2488 989 2554 1040 ad
2575 1003 2667 1040 eos
2688 1002 2701 1040 :
2719 984 2920 1056 (στος.)
2951 985 3074 1038 Haec
3089 985 3216 1043 dicit
3235 986 3492 1040 Dominus
3509 986 3652 1040 Deus

2062 1087 2208 1131 tuus.
2265 1096 2283 1130 ι
2336 1075 2487 1131 Tunc
2533 1078 2676 1130 enim
2713 1077 2859 1131 velut
2907 1077 2960 1130 in
2989 1086 3234 1132 extremo
3279 1091 3340 1129 os
3375 1077 3653 1145 propheta:

2064 1169 2318 1237 aperitur,
2354 1185 2473 1224 cum
2520 1169 2570 1222 in
2603 1168 2983 1237 praalicatione
3011 1167 3194 1222 Enoch
3234 1176 3287 1221 et
3319 1165 3446 1220 Elia:
3478 1184 3507 1221 a
3557 1166 3652 1220 Ju-

2064 1262 2195 1315 tl.eis
2226 1262 2290 1314 ad
2326 1261 2483 1314 fidem
2532 1261 2881 1315 redeuntibus
2926 1260 3220 1330 prophetia:
3265 1261 3405 1314 sacri
3450 1259 3652 1329 eloquii

2063 1353 2130 1407 de
2154 1351 2370 1406 Christo
2405 1351 2569 1407 fuisse
2594 1358 3008 1422 cognmenntur.
3045 1350 3148 1404 Sed
3177 1351 3298 1420 quia
3335 1351 3446 1405 hare
3478 1351 3654 1422 typice

2064 1442 2329 1506 diximus,
2365 1458 2505 1497 nunc
2534 1443 2694 1496 verba
2734 1443 2922 1497 eadem
2962 1442 3212 1497 cbaritati
3249 1452 3441 1496 vestra:
3473 1459 3656 1496 mora-

2064 1531 2189 1586 liter
2225 1533 2574 1589 disseramus.
2607 1533 2746 1600 Quid
2795 1541 2876 1587 est
2918 1533 3062 1588 enim
3095 1533 3237 1603 quod
3257 1534 3406 1588 exire
3428 1533 3655 1602 jubetur

2063 1623 2324 1694 prOpheta
2351 1625 2404 1678 in
2427 1639 2696 1694 campum,
2719 1625 2819 1678 nisi
2835 1624 2975 1694 quod
2993 1625 3378 1694 unusquisque,
3398 1623 3488 1694 qui
3513 1642 3653 1695 pra--

2065 1715 2209 1769 dicat
2228 1725 2447 1784 propter
2471 1731 2565 1770 eos
2585 1730 2721 1785 quos
2745 1710 2896 1770 extra
2918 1731 2974 1770 se
2997 1715 3201 1786 positos
3223 1715 3463 1787 corrigit.
3489 1727 3654 1786 azque

383 1801 680 1856 resistendo
709 1802 852 1856 hunc
879 1800 1108 1856 vinculis
1139 1801 1338 1855 doloris
1372 1811 1635 1871 premant.
1667 1801 1733 1855 Et
1761 1801 1815 1855 in
1849 1816 1959 1856 me-
1985 1793 2032 1852 Β
2059 1805 2127 1858 ab
2149 1805 2432 1874 iniquitate
2457 1806 2782 1875 compescit,
2820 1805 3084 1874 loquendo
3128 1805 3192 1858 ad
3223 1821 3472 1876 campum
3503 1808 3654 1860 exit?

382 1890 470 1943 dio
510 1905 696 1944 eorum
723 1904 830 1944 non
861 1891 1185 1960 egredietur,
1221 1891 1346 1961 quia
1375 1889 1440 1944 ad
1477 1891 1642 1946 corda
1669 1906 1957 1960 pravorum

383 1980 691 2046 praedicatio
721 1995 825 2033 non
853 1980 1120 2048 pervenit,
1145 1979 1270 2034 dum
1297 1980 1476 2052 lingua
1506 1982 1769 2036 bonorum
1798 1981 1958 2052 ligata

385 2075 820 2130 tribulationibus
869 2081 1028 2130 tacet:
1074 2075 1245 2129 Erunt
1281 2077 1482 2130 etenim
1537 2085 1664 2130 tunc
1709 2075 1863 2130 multi
1890 2092 1958 2130 ex

385 2163 583 2218 Judaeis
614 2163 941 2231 infidelibus,
971 2165 1061 2234 qui
1093 2165 1310 2220 eosdem
1350 2164 1516 2234 ipsos,
1554 2166 1644 2235 qui
1671 2180 1736 2221 ex
1761 2162 1961 2220 Judteis

385 2257 735 2321 crediderint,
762 2265 1174 2327 peisequentur.
1204 2254 1354 2311 Unde
1387 2258 1678 2310 notandum
1701 2263 1784 2311 est
1818 2255 1961 2327 quod

387 2347 473 2400 hic
497 2358 710 2414 quoque
735 2345 933 2399 dicitur
953 2344 1079 2414 quia
1103 2345 1155 2398 in
1183 2345 1343 2399 domo
1359 2361 1454 2400 sua
1471 2346 1728 2417 propheta
1746 2343 1960 2400 vincula

387 2437 666 2501 sustineat,
698 2444 756 2490 ut
795 2436 1046 2490 videlicet
1093 2435 1426 2506 designetur,
1465 2439 1715 2508 quoniam
1749 2453 1817 2494 ex
1845 2439 1964 2510 ipso

384 2541 480 2578 suo
511 2541 707 2595 genere
755 2525 957 2592 Iudaea,
1010 2541 1132 2580 cum
1173 2527 1344 2583 fidelis
1381 2527 1561 2594 fuerit,
1587 2528 1964 2586 tribulationes

382 2618 770 2686 persecutionis
811 2626 1010 2688 portet.
1064 2619 1200 2672 Dum
1229 2620 1373 2674 enim
1417 2619 1730 2691 Unigcnitus
1763 2620 1962 2678 summi

386 2707 559 2760 Patris
612 2708 942 2774 incarnatus,
984 2723 1049 2764 ac
1093 2719 1360 2776 mortuus,
1395 2712 1756 2768 resurrexisse
1802 2721 1963 2782 atque

383 2803 450 2854 ad
488 2803 653 2856 cmlos
687 2805 996 2859 ascendisse
1029 2820 1132 2859 non
1166 2805 1423 2868 creditur,
1470 2805 1611 2858 sicut
1652 2817 1750 2873 per
1794 2818 1964 2858 sacra:

386 2893 676 2960 Scriptura:
698 2895 918 2962 paginas
942 2895 1287 2964 prtedicatur,
1305 2895 1554 2949 nimirum
1571 2895 1707 2965 apud
1731 2910 1964 2964 eospro-

384 2985 563 3050 plietia
591 2983 751 3054 ligata
782 2985 922 3038 erit:
956 2999 1075 3053 qua:
1111 2985 1156 3038 si
1197 2986 1268 3038 ita
1298 2992 1361 3038 ut
1407 2984 1550 3037 dicta
1577 2992 1661 3038 est
1693 2984 1746 3038 in
1775 2999 1962 3039 eorum

383 3073 708 3128 intellectum
729 3074 1057 3136 decurreret,
1081 3073 1232 3144 quasi
1249 3072 1674 3144 gressusliberos
1699 3089 1807 3127 sua:
1829 3089 1964 3142 pne-

383 3165 665 3219 dicationis
701 3165 990 3220 habuisset.
1031 3163 1294 3235 Reprobis
1319 3179 1450 3234 ergo
1478 3172 1607 3226 tunc
1646 3165 1962 3234 praedicato-

388 3272 505 3310 rum
539 3257 766 3311 scientia
795 3266 973 3312 tacere
998 3256 1351 3328 compellitur.
1387 3255 1536 3312 Unde
1562 3258 1737 3312 adhuc
1774 3258 1959 3312 subdi-

392 3356 478 3400 tur
511 3365 521 3399 :
555 3365 573 3396 ‹
610 3347 672 3400 Et
701 3347 933 3418 linguam
960 3356 1103 3402 tuam
1126 3348 1401 3402 adlizerere
1422 3346 1615 3402 faciam
1643 3347 1822 3418 palato
1847 3355 1958 3415 tuo,

387 3445 442 3490 ct
469 3438 578 3491 eris
612 3447 812 3503 mutus,
847 3453 947 3492 nec
983 3438 1135 3507 quasi
1165 3437 1249 3491 vir
1273 3437 1589 3507 objurgans,
1614 3436 1740 3506 quia
1772 3436 1961 3491 domus

383 3542 711 3595 exasperans
732 3537 834 3582 est.
859 3547 879 3580 ι
911 3527 1016 3584 Sed
1038 3527 1184 3598 quia,
1203 3527 1386 3582 Enocb
1406 3536 1460 3582 et
1479 3525 1592 3580 Elia
1614 3526 1957 3596 praedicante,

389 3615 539 3670 multi
575 3632 639 3670 ex
673 3618 774 3681 his,
812 3618 901 3687 qui
942 3628 1066 3674 tunc
1094 3635 1160 3674 ex
1194 3616 1394 3674 Judteis
1419 3619 1475 3673 in
1519 3617 1831 3672 infidelitate
1876 3632 1960 3671 rc-

385 3708 697 3773 inanserint,
721 3710 788 3762 ad
805 3711 1158 3779 cognitionem
1181 3711 1422 3765 veritatis
1451 3710 1694 3774 redeunt,
1724 3709 1862 3764 sicut
1890 3709 1956 3763 de

379 3793 534 3849 ilclia
556 3798 750 3851 dicitur
781 3813 796 3851 :
829 3817 848 3849 ι
882 3799 1024 3854 Elias
1056 3800 1234 3854 veniet
1258 3808 1312 3853 et
1341 3799 1454 3867 ipse
1490 3801 1734 3854 restituet
1779 3799 1957 3852 omnia

381 3883 596 3954 (Matth.
651 3886 803 3957 xvn).
841 3908 860 3940 ο
913 3888 1014 3955 Qui
1069 3891 1282 3957 utrique
1331 3905 1426 3958 per
1471 3889 1787 3944 Zachariam
1838 3890 1957 3944 dua:

381 3972 536 4026 oliva:
561 3971 745 4044 (Zach.
773 3977 869 4044 iv),
899 3984 954 4030 et
979 3991 1076 4045 per
1106 3976 1366 4032 Joannem
1389 3979 1493 4033 duo
1517 3978 1835 4034 candelabra
1861 3994 1956 4032 no—

381 4062 655 4116 minantur
682 4063 863 4134 (Apoc.
892 4064 989 4138 XI).

456 4169 474 4200 ι
497 4150 627 4205 Cum
642 4161 819 4208 autem
842 4154 1053 4209 locutus
1070 4155 1222 4211 fuero
1244 4158 1354 4220 tibi,
1371 4158 1607 4227 aperiam
1626 4175 1687 4214 os
1703 4169 1875 4225 tuum,
1899 4170 1956 4215 et

379 4241 527 4298 dices
541 4244 607 4297 ad
622 4259 716 4300 eos
739 4263 752 4298 :
772 4245 895 4300 Haec
916 4247 1046 4302 dicit
1062 4249 1318 4303 Dominus
1335 4250 1476 4304 Deus
1495 4259 1644 4304 tuus:
1663 4250 1763 4317 Qui
1781 4253 1950 4316 audit,

378 4335 586 4402 audiat;
610 4345 662 4390 et
686 4339 774 4406 qui
805 4340 1050 4408 quiescit,
1075 4340 1337 4411 quiescat,
1370 4345 1492 4411 quia
1519 4342 1950 4415 domusexaspc-

2058 1895 2242 1965 Ibique
2270 1894 2480 1950 Domini
2510 1896 2735 1968 gloriam
2782 1896 2940 1958 videt,
2987 1895 3112 1964 quia
3144 1904 3292 1949 tanto
3324 1895 3522 1964 largius
3557 1897 3656 1950 do-

2059 1985 2246 2041 ctrina;
2267 1986 2496 2056 gratiam
2524 1987 2776 2056 percipit,
2799 1995 3000 2055 quanto
3025 2000 3082 2040 se
3105 1986 3157 2040 in
3189 1985 3370 2040 labore
3392 1988 3657 2056 pimdica-

2061 2073 2222 2130 tionis
2267 2091 2333 2131 ex
2385 2091 2567 2130 amore
2615 2077 2983 2146 proximorum
3043 2077 3231 2131 tendit.
3295 2076 3464 2131 Foras
3516 2093 3653 2148 ergo

2059 2166 2234 2222 eundo
2258 2165 2313 2221 in
2342 2166 2508 2221 altum
2537 2167 2743 2222 visione
2774 2167 3010 2231 ducitur,
3033 2168 3158 2236 quia
3205 2169 3344 2222 unde
3382 2168 3432 2221 in
3457 2169 3655 2223 alienis

2059 2258 2317 2314 cordibus
2355 2259 2672 2331 ignorantia:
2711 2261 3004 2316 czecitatem
3039 2261 3337 2315 ministerio
3367 2277 3477 2316 suae
3505 2262 3658 2317 locu-

2062 2350 2226 2405 tionis
2261 2349 2544 2416 illuminat,
2585 2351 2707 2406 inde
2747 2367 2870 2407 eum
2901 2368 3130 2422 superna
3171 2354 3342 2424 gratia
3378 2353 3431 2409 in
3455 2355 3656 2411 altiore

2063 2439 2412 2513 intelligentia
2454 2441 2674 2496 exaltat.
2733 2441 2838 2496 Sed
2893 2443 3016 2512 quia
3065 2457 3280 2513 semper
3326 2445 3657 2513 przedicator

2063 2535 2219 2591 debet
2241 2536 2306 2589 ad
2331 2544 2563 2590 mentem
2595 2551 2896 2600 recurrere,
2917 2535 3276 2590 humilitatem
3304 2545 3464 2606 atque
3493 2553 3654 2591 mun-

2063 2633 2248 2689 ditiam
2290 2631 2619 2686 intrinsecus
2663 2631 2956 2696 custodire,
2986 2637 3106 2700 post
3144 2645 3394 2700 campum
3423 2646 3657 2687 necesse

2061 2731 2165 2789 est,
2196 2731 2255 2777 ut
2281 2723 2347 2776 ad
2375 2722 2590 2777 domum
2617 2721 2822 2786 redeat,
2851 2730 3114 2792 quatenus
3144 2722 3193 2775 in
3224 2721 3329 2783 his,
3356 2737 3475 2790 quae
3493 2722 3652 2788 dicit,

2063 2811 2238 2882 qualis
2287 2813 2448 2867 etiam
2496 2812 2610 2882 ipse
2636 2813 2726 2877 sit,
2763 2812 2905 2866 intra
2944 2812 3330 2867 conscientiam
3370 2824 3652 2883 agnoscat.

2065 2900 2122 2956 Si
2149 2903 2294 2956 enim
2327 2909 2419 2956 aut
2449 2902 2551 2957 hoc
2577 2903 2716 2971 quod
2747 2902 2982 2972 loquitur
3024 2903 3242 2958 minime
3271 2903 3522 2967 custodit,
3553 2913 3659 2958 aut

2066 2990 2131 3044 de
2161 2991 2245 3045 bis
2291 3006 2410 3060 quae
2451 2989 2687 3060 loquitur
2732 2991 3078 3061 temporalem
3121 2991 3346 3060 gloriam
3394 2993 3653 3062 requirit,

2069 3081 2335 3152 loquendo
2377 3083 2592 3152 quidem
2637 3083 2704 3137 ad
2744 3099 2988 3153 campum
3027 3085 3158 3148 exit,
3205 3084 3296 3138 scd
3341 3101 3443 3138 non
3495 3086 3657 3155 cogi-

2068 3175 2226 3229 tando
2252 3174 2599 3244 semetipsum
2629 3174 2695 3228 ad
2730 3173 2946 3229 domum
2983 3176 3157 3230 redire
3194 3175 3510 3230 contemnit.
3545 3176 3658 3230 Ac-

2061 3273 2217 3335 cepto
2261 3267 2406 3321 enim
2464 3266 2657 3336 spiritu
2706 3266 2759 3322 in
2813 3269 2989 3322 medio
3038 3267 3229 3323 domus
3278 3269 3652 3333 includimur,

2062 3355 2314 3426 quoniam
2363 3371 2459 3424 per
2503 3354 2618 3426 ejus
2671 3358 2900 3426 gratiam
2951 3359 3016 3412 ad
3065 3357 3398 3414 discutienda
3449 3360 3659 3415 mentis

2063 3454 2259 3524 nostrte
2308 3455 2515 3500 secreta
2563 3461 2898 3513 revocamur,
2946 3458 3002 3501 ut
3039 3449 3181 3518 apud
3209 3449 3554 3518 semetipsum
3595 3451 3654 3503 in

2063 3537 2174 3595 Deo
2218 3539 2431 3593 animus
2471 3539 2734 3608 quiescat,
2787 3549 2842 3594 et
2893 3555 2998 3594 non
3045 3541 3157 3610 jam
3206 3556 3302 3610 per
3346 3542 3658 3595 exteriores

2061 3631 2526 3700 concupiscentias
2557 3631 2610 3685 in
2639 3632 2878 3702 appetitu
2916 3631 3087 3686 laudis
3118 3641 3171 3686 et
3211 3631 3414 3702 gloriar,
3442 3632 3658 3702 cogita-

2061 3718 2223 3772 tionis
2255 3719 2551 3774 mobilitate
2584 3720 2873 3775 discurrat.
2911 3720 2984 3774 De
3021 3723 3120 3776 hac
3142 3723 3299 3776 domo
3325 3723 3503 3776 cordis
3531 3724 3657 3776 cui-

2059 3810 2180 3863 dam
2203 3806 2391 3865 sanato
2413 3825 2513 3881 per
2538 3813 2880 3882 scmetipsani
2896 3811 3110 3868 Veritas
3125 3814 3286 3868 dicit:
3309 3833 3326 3865 ι
3349 3813 3501 3869 Tolle
3522 3831 3656 3885 grao

2057 3899 2240 3953 batum
2258 3910 2429 3964 tuum,
2457 3909 2512 3955 et
2542 3902 2674 3956 vade
2696 3902 2748 3956 in
2770 3903 2984 3956 domum
3005 3912 3169 3957 tuam.
3197 3923 3214 3954 ι
3238 3903 3339 3958 Per
3359 3903 3652 3974 grabatum

2056 3989 2269 4058 quippe,
2301 3990 2353 4043 in
2381 4004 2488 4059 quo
2509 3989 2688 4045 carnis
2707 4001 2790 4046 est
2812 3992 3044 4061 requies,
3081 3993 3195 4062 ipsa
3225 4007 3352 4047 caro
3377 3993 3651 4063 signatur,

2058 4095 2153 4150 per
2181 4083 2394 4135 domum
2433 4097 2562 4136 vero
2607 4084 2934 4138 conscientia
2969 4084 3244 4155 figuratur.
3278 4084 3343 4138 Et
3369 4084 3496 4154 quia
3519 4101 3652 4140 cum

2056 4179 2235 4225 mente
2288 4171 2484 4226 mortui
2537 4171 2591 4226 in
2634 4173 2782 4227 vitiis
2807 4173 3070 4242 jacemus,
3115 4175 3165 4227 in
3201 4174 3380 4228 carnis
3409 4175 3655 4229 delecta-

2056 4265 2201 4318 tione
2249 4265 2595 4334 quiescimus,
2647 4263 2845 4319 infirmi
2900 4275 3178 4336 portamur
3215 4265 3472 4321 in'lecto.
3505 4265 3652 4321 Cum

2053 4368 2182 4407 vero
2208 4353 2381 4408 sanati
2416 4363 2594 4408 mente
2622 4353 2903 4417 fuerimus,
2933 4361 2991 4407 ut
3015 4351 3124 4420 jam
3153 4354 3493 4422 pulsantibus
3524 4370 3584 4408 ca
3597 4373 3651 4408 r-

377 4436 633 4528 ralisest.
666 4447 684 4480 ι
720 4426 921 4502 (Ηὶεν.)
947 4429 1078 4484 Illud
1109 4431 1250 4501 quod
1275 4432 1326 4485 in
1351 4431 1673 4487 Ecclesiaste
1701 4433 1947 4503 legimus,
1977 4445 2139 4528 Dnis
2185 4443 2330 4498 vitiis
2376 4443 2710 4509 resistamus,
2754 4459 2975 4498 necesse
3023 4452 3122 4505 est,
3175 4452 3236 4497 ut
3279 4445 3651 4499 tentationum

383 4534 400 4564 ι
415 4515 644 4585 Tempus
660 4519 944 4585 tacendi,et
964 4531 1172 4590 tempus
1188 4521 1458 4591 loquendi,
1472 4521 1660 4576 ietiam
1676 4523 1726 4576 in
1737 4539 1951 4579 sermo-

379 4620 443 4657 ne
457 4608 767 4675 pr0phetico
781 4612 1325 4680 comprobatur,quod
1341 4611 1578 4679 ejusdem
1595 4613 1664 4666 sit
1677 4615 1953 4684 sapientiae

377 4701 432 4747 et
460 4704 635 4749 tacere
659 4705 714 4750 et
751 4697 894 4766 loqui
930 4714 1026 4768 pro
1053 4708 1312 4771 tempore,
1344 4712 1399 4755 et
1435 4702 1566 4756 dare
1591 4705 1869 4758 conservis
1897 4704 1950 4759 in

379 4797 618 4856 tempore
648 4803 766 4854 suo,
795 4791 1017 4844 cibaria.
1055 4791 1204 4847 Unde
1244 4792 1409 4847 Isaias
1447 4795 1513 4848 ad
1550 4794 1802 4864 p0pulum
1845 4809 1950 4849 non

375 4879 680 4932 credentem
715 4897 728 4932 :
763 4899 782 4931 ι
813 4880 997 4945 Tacui,
1041 4883 1298 4952 numquid
1340 4899 1554 4954 semper
1587 4885 1792 4948 tacebo,
1824 4885 1954 4940 dicit

379 4966 667 5020 Dominus?
695 4966 839 5038 (ha.
871 4970 1022 5040 va.)
1052 4990 1070 5023 ι
1119 4970 1220 5038 Qui
1249 4973 1413 5043 igitur
1456 4974 1526 5028 ob
1557 4973 1951 5028 multitudinem

374 5066 715 5124 peccatorum
762 5059 852 5114 diu
907 5061 1148 5116 clausum
1195 5079 1258 5118 os
1297 5064 1487 5130 tenuit,
1518 5067 1646 5135 quia
1682 5065 1814 5120 vidit
1854 5066 1952 5120 ali-

374 5163 510 5216 quos
550 5161 707 5216 posse
747 5152 1005 5206 converti.
1045 5152 1119 5206 De
1160 5153 1352 5223 quibus
1396 5155 1598 5210 dictum
1633 5165 1718 5210 est
1749 5174 1761 5208 :
1797 5175 1815 5206 σ
1849 5157 1949 5222 Qui

373 5237 540 5300 audit,
573 5239 775 5307 audiat,
809 5257 829 5292 ι
861 5248 917 5295 et
944 5240 1033 5310 qui
1081 5256 1111 5295 a
1142 5242 1298 5296 malis
1336 5243 1584 5312 quiescit,
1627 5244 1868 5313 quiescat
1895 5253 1950 5298 et

376 5329 586 5384 desinat
611 5328 825 5402 (Ezech.
855 5331 958 5406 ni).
983 5352 1002 5386 ›
1038 5331 1244 5388 idcirco
1271 5343 1458 5403 aperto
1483 5350 1579 5390 ore
1617 5343 1672 5389 et
1697 5350 1801 5389 non
1827 5351 1951 5404 pro-

375 5421 492 5489 pria
519 5421 814 5490 voluntate,
841 5423 934 5480 sed
964 5424 1173 5480 Domini
1197 5424 1439 5493 jussione
1477 5425 1715 5494 loquitur
1749 5425 1816 5479 ad
1855 5440 1951 5494 po-

375 5514 575 5584 pulum.
607 5517 664 5571 id
694 5527 894 5586 autem,
924 5520 1067 5590 quod
1108 5535 1207 5575 nos
1234 5534 1540 5588 possumus,
1575 5539 1594 5572 ι
1629 5521 1730 5588 Qui
1780 5522 1950 5587 audit,

375 5607 583 5674 audiat;
617 5619 671 5665 et
706 5611 794 5680 qui
822 5612 1068 5682 quiescit,
1105 5612 1384 5681 quiescat;
1420 5632 1438 5664 ›
1463 5628 1562 5682 pro
1589 5629 1696 5682 quo
1724 5611 1950 5684 Septua-

375 5694 520 5764 ginta
569 5699 900 5770 interpretati
954 5711 1097 5769 sunt,
1134 5719 1153 5753 ‹
1191 5701 1281 5772 qui
1314 5703 1479 5765 audit,
1523 5702 1737 5768 audiat;
1772 5709 1826 5757 et
1855 5701 1946 5773 qui

2055 4534 2408 4590 contumelias
2438 4536 2505 4589 de
2545 4543 2728 4590 nostra
2774 4549 2938 4588 carne
2979 4533 3284 4588 toleremus.
3321 4531 3492 4601 Egro
3537 4534 3654 4587 ita-

2053 4641 2159 4696 que
2184 4626 2251 4680 ad
2281 4625 2510 4680 salutem
2538 4627 2758 4681 reducto
2777 4626 3104 4696 przecipitur,
3128 4644 3146 4676 ι
3176 4624 3324 4679 Tolle
3356 4625 3651 4695 grabatum

2055 4726 2226 4781 tuum,
2257 4734 2276 4766 ι
2303 4716 2357 4770 id
2398 4725 2498 4778 est,
2543 4725 2696 4786 porta
2721 4716 2940 4780 lectum,
2973 4717 3026 4770 in
3057 4731 3162 4786 quo
3200 4723 3446 4785 portatus
3472 4730 3549 4778 es,
3581 4724 3654 4768 ut

2054 4816 2273 4861 sanatus
2317 4807 2544 4876 quisque
2587 4815 2763 4876 portet
2801 4806 3175 4862 contumeliam
3221 4806 3422 4871 carnis,
3450 4807 3649 4874 inqua

2054 4899 2204 4968 prius
2225 4896 2442 4966 jacebat
2467 4908 2722 4968 mgrotus.
2760 4897 2899 4964 Quid
2927 4905 3008 4952 cst
3033 4912 3158 4966 ergo
3186 4897 3367 4950 dicere
3400 4914 3412 4950 :
3443 4916 3461 4947 ‹
3488 4897 3652 4952 Tolle

2055 4991 2336 5060 grabatum
2363 4998 2531 5054 tuum,
2565 4998 2620 5044 et
2649 4992 2782 5044 vade
2810 4991 2862 5044 in
2884 4991 3099 5043 domum
3121 4997 3267 5042 tuam
3300 4987 3482 5059 (Joan.
3511 4988 3588 5058 v),
3618 5010 3641 5042 ι

2057 5080 2158 5133 nisi
2189 5087 2341 5148 porta
2377 5080 2700 5134 tentationes
2731 5081 2933 5144 carnis,
2963 5079 3015 5132 in
3048 5079 3240 5147 quibus
3272 5079 3528 5132 hactenus
3547 5077 3649 5160 ja-

2055 5169 2236 5230 cuisti,
2267 5183 2332 5223 ac
2359 5178 2629 5223 revertere
2657 5168 2721 5221 ad
2752 5169 3136 5222 conscientiam
3165 5179 3332 5232 tuam,
3361 5177 3418 5221 ut
3453 5169 3648 5224 videas

2056 5273 2176 5327 qua:
2224 5257 2445 5312 fecisti?
2469 5257 2734 5328 Propheta
2777 5258 2940 5328 igitur
2966 5268 3085 5328 post
3112 5273 3358 5327 campum
3389 5258 3442 5312 in
3478 5259 3648 5312 domo

2055 5347 2251 5402 includi
2296 5348 2625 5417 praecipitur,
2656 5357 2716 5400 ut
2765 5348 3082 5417 prmdicator
3122 5363 3334 5417 semper
3368 5356 3489 5417 post
3517 5365 3650 5417 gra-

2054 5437 2182 5490 tiam
2229 5438 2509 5501 doctrinm,
2566 5453 2726 5506 quam
2776 5438 3034 5506 proximis
3080 5439 3372 5502 ministrat,
3405 5438 3470 5492 ad
3511 5453 3647 5493 con-

2051 5525 2330 5580 scientiam
2370 5527 2576 5589 redeat,
2608 5543 2770 5596 seque
2805 5527 2980 5596 ipsum
3026 5529 3205 5582 subtili
3239 5528 3645 5583 examinatione

2052 5613 2324 5678 discutiat,
2365 5631 2431 5670 ne
2471 5616 2536 5668 de
2561 5616 2804 5685 his,qu.13
2830 5616 2959 5669 foris
2996 5619 3270 5688 praedicat,
3300 5619 3503 5686 aliquid
3524 5620 3646 5686 ipse

2050 5703 2188 5774 apud
2219 5722 2274 5760 sc
2311 5707 2633 5761 intrinsecus
2686 5710 3006 5763 transitoria!
3057 5710 3228 5765 laudis
3272 5720 3500 5782 quam.
3530 5710 3643 5766 Sed
