3954 6182
1160 296 1518 355 COMMENT.
1557 298 1624 353 IN
1664 295 2116 358 EZECllIELEM.
2160 331 2225 341 —-
2265 297 2394 355 LIB.
2433 301 2518 357 IV.

3379 306 3484 364 586

131 399 136 404 ’
205 414 347 469 meo.
369 424 491 480 quae
510 407 752 464 breviter
772 407 873 464 sub
896 407 1093 479 duplici
1125 409 1397 466 intellectu
1421 409 1794 473 discnssimus,
1827 414 1876 472 Α
1905 411 1990 466 nis
2013 411 2238 467 verbum
2281 426 2388 467 non
2424 411 2632 477 habuit,
2663 409 2789 482 quia
2825 419 2882 466 ct
2909 409 3028 481 ejus
3057 412 3406 494 negligentia,
3433 433 3490 490 et

204 501 384 572 placet
427 507 488 554 ut
523 498 680 568 iuxta
718 497 1210 554 considerationem
1241 499 1433 556 littera:
1468 501 1662 556 leniter
1685 508 1800 556 tan-

205 591 383 662 gendo
405 598 769 644 transeamus.
799 586 937 655 Quid
958 587 1104 643 enim
1135 588 1366 665 amplius
1388 584 1486 659 per
1504 590 1622 660 ipsa
1640 589 1802 646 verba

1905 502 2139 558 ﬁliorum
2165 503 2417 574 exigebat
2433 503 2564 568 vita,
2581 511 2640 557 ut
2663 518 2787 559 cum
2810 504 2889 558 eis
2910 513 2966 558 et
2990 505 3224 592 pepulus
3245 507 3486 574 caderet,

1903 604 1961 650 et
1984 609 2115 650 arca
2140 594 2352 650 Domini
2379 602 2536 664 capta
2561 593 2630 648 ad
2650 593 2962 666 Allophylos
2987 595 3249 651 transiret
3277 594 3329 668 (I
3357 595 3488 670 Reg.

206 683 477 745 historiae,
543 694 706 750 quam
757 680 928 734 virtus
977 679 1299 735 obedientize
1353 680 1802 749 commendatur,
1897 683 1996 756 tv).
2035 683 2224 756 Magna
2267 683 2840 760 enimtomnipotentis
2880 685 2974 740 Dei
3025 694 3109 742 est
3146 689 3320 758 gratia
3365 706 3490 745 cum

205 789 333 831 cum
360 771 521 830 modo
543 772 595 826 in
622 771 1150 842 transmigrationem
1167 771 1322 840 iuxta
1347 769 1567 826 ﬂuvium
1587 769 1807 828 Chobar

206 878 460 934 pergere,
507 862 668 917 modo
716 861 770 916 in
805 877 1057 931 campum
1085 861 1292 933 egredi,
1327 862 1489 918 modo
1516 876 1583 918 ex
1611 877 1806 933 campo

209 956 281 1010 ad
310 955 531 1010 domum
577 953 753 1008 redire
793 953 1054 1023 pr0pheta
1094 952 1425 1022 praecipitur,
1465 962 1527 1008 ut
1557 955 1708 1024 prius
1737 970 1805 1010 ex

201 1047 449 1117 iussione
475 1059 726 1116 pergens,
751 1054 808 1100 et
831 1045 992 1116 paulo
1019 1052 1140 1114 post
1168 1045 1380 1110 exiens,
1408 1054 1570 1116 atque
1611 1047 1805 1102 iterum

209 1138 431 1190 domum
475 1135 712 1200 rediens,
755 1144 812 1189 et
851 1135 1201 1204 semetipsum
1245 1134 1547 1200 recludens,
1596 1152 1809 1208 semper

209 1244 324 1284 sua:
367 1227 660 1283 voluntatis
708 1227 1015 1290 arbitrium,
1063 1227 1127 1282 ad
1176 1227 1347 1282 divini
1381 1227 1578 1298 eloquii
1606 1244 1810 1300 pnece-

211 1328 364 1385 ptum
406 1315 644 1385 frangat,
690 1323 958 1385 quatenus
999 1315 1054 1396 in
1093 1317 1300 1372 cmlesti
1342 1318 1552 1374 visione
1582 1333 1809 1389 suspen-

209 1426 326 1474 sus,
371 1425 478 1464 non
524 1426 697 1473 suam,
733 1409 830 1465 sed
857 1409 1165 1465 Conditoris
1211 1410 1294 1465 sui
1345 1411 1678 1466 voluntatem
1709 1413 1808 1468 im-

208 1504 399 1572 pleat?
425 1503 524 1559 Cui
576 1503 774 1558 dicitur
802 1520 814 1556 :
849 1521 866 1552 ι
899 1502 966 1556 Ει
1003 1510 1082 1566 ιιι,
1122 1501 1197 1556 ﬁli
1229 1503 1484 1568 hominis,
1509 1519 1638 1559 ecce
1681 1504 1806 1559 data

211 1609 380 1664 super
428 1601 480 1649 te
521 1601 647 1648 sunt
690 1592 924 1658 vincula,
961 1599 1017 1646 et
1055 1592 1301 1662 ligabunt
1329 1600 1382 1648 te
1413 1595 1468 1648 in
1494 1594 1594 1659 eis,
1622 1602 1807 1651 etnon
1853 1587 1868 1605 ‘

209 1685 512 1752 egredieris
557 1685 611 1738 in
655 1683 831 1738 medio
873 1697 1082 1742 eorum.
1118 1701 1136 1736 ι
1183 1682 1300 1750 Qua
1340 1683 1395 1738 in
1427 1697 1486 1738 re
1512 1684 1805 1739 notandum

1904 774 2090 842 inique
2112 775 2417 844 agentibus,
2442 775 2608 830 durus
2634 791 2665 830 a
2694 776 3005 832 doctoribus
3032 793 3212 834 sermo
3239 779 3458 851 increpa
3477 813 3494 824 ο

1906 865 2069 920 tionis
2096 863 2388 936 profertur,
2421 880 2529 934 quo
2556 873 2743 921 contra
2773 882 2918 922 nunc
2955 869 3154 924 dicitur
3187 886 3200 914 .-
3235 889 3253 921 ι
3289 869 3356 926 Ει
3383 873 3496 926 eris

1906 965 2107 1022 mutus,
2124 971 2226 1013 nec
2246 957 2399 1027 quasi
2421 957 2504 1011 vir
2521 957 2830 1030 obiurgans.
2853 978 2872 1011 ι
2889 959 3273 1031 .Delinquentes
3292 961 3495 1017 etenim

1905 1047 2264 1118 obiurgassct,
2301 1047 2346 1101 si
2390 1047 2539 1118 digni
2584 1047 2697 1116 ipsa
2735 1046 3124 1118 obiurgationis
3153 1051 3325 1121 gratia
3358 1049 3493 1106 fuis-

1907 1146 2047 1192 sent.
2087 1136 2193 1192 Sed
2222 1153 2346 1192 cum
2373 1137 2428 1192 in
2456 1138 2704 1210 doctrina
2726 1147 2890 1209 atque
2910 1130 3130 1202 silentio
3171 1144 3244 1198 sit
3271 1145 3496 1200 merito-

1908 1244 2030 1282 rum
2054 1236 2200 1282 tanta
2234 1228 2543 1294 diversitas,
2570 1237 2631 1282 ut
2648 1230 2775 1284 sciri
2799 1228 2952 1286 facile
2971 1248 3077 1288 non
3099 1235 3290 1302 possit,
3314 1245 3495 1290 utrum

1906 1333 1973 1373 ex
2001 1318 2338 1374 auditoribus
2375 1333 2443 1372 an
2473 1334 2541 1374 ex
2575 1317 2693 1386 ejus
2720 1319 2870 1385 vitio,
2900 1322 2993 1389 qui
3019 1321 3277 1378 doctrinae
3315 1323 3493 1380 locum

1908 1410 2121 1464 videtur
2169 1417 2386 1476 tenere,
2437 1409 2662 1464 docendi
2714 1425 2893 1466 sermo
2944 1412 3316 1480 subtrahetur,
3369 1417 3498 1484 quid

1909 1499 2052 1554 aliud
2081 1499 2256 1565 nobis,
2305 1515 2468 1570 quam
2512 1514 2734 1556 servare
2778 1501 2992 1571 semper
3028 1502 3082 1556 in
3127 1504 3287 1558 rebus
3318 1504 3497 1560 dubiis

1907 1591 2184 1647 humilitas
2221 1590 2466 1661 iubetur,
2514 1599 2573 1646 ut
2617 1599 2672 1646 et
2715 1591 2931 1660 quando
2976 1592 3122 1663 loqui
3169 1609 3494 1662 possumus,

1908 1698 2012 1737 non
2061 1682 2402 1748 extollantur,
2451 1697 2521 1738 ne
2563 1683 2704 1738 forte
2749 1685 2864 1738 haec
2911 1683 3026 1754 ipsa
3073 1685 3274 1741 locutio
3307 1696 3498 1744 nostra

211 1776 358 1845 quod
379 1775 620 1830 .adversa
648 1775 908 1843 propheta
941 1773 1251 1842 praenoscit,
1292 1781 1354 1827 ut
1393 1774 1803 1830 contraomnia
1832 1775 1880 1835 B
1907 1773 2080 1842 gratia
2103 1787 2209 1828 non
2244 1773 2420 1838 nobis,
2450 1774 2544 1829 sed
2573 1774 2910 1831 auditoribus
2935 1778 3138 1833 nostris
3160 1779 3355 1834 collata
3401 1777 3499 1834 sit?

210 1875 458 1936 paretur.
489 1865 664 1920 Minus
688 1865 832 1919 enim
860 1863 998 1918 mala
1022 1874 1213 1919 contra
1235 1873 1468 1919 mentem
1491 1863 1802 1935 prmvalent,

210 1975 336 2028 quae
360 1958 637 2028 in0pinata
661 1971 767 2012 non
794 1956 1037 2011 veniunt.
1067 1956 1132 2012 Et
1157 1967 1358 2023 tamen,
1387 1956 1513 2011 dum
1534 1955 1805 2011 contraria

210 2059 644 2124 praenoscuntur,
676 2058 881 2120 quanta
933 2049 1004 2104 sit
1054 2049 1108 2103 in
1155 2063 1221 2104 eo
1268 2047 1590 2104 obedientia:
1635 2046 1807 2102 virtus

211 2142 540 2205 ostenditur,
577 2140 668 2210 qui
709 2149 763 2194 et
792 2138 1088 2208 cognoscit,
1119 2139 1263 2208 quod
1297 2138 1524 2193 adversa
1551 2151 1809 2207 passurus

213 2241 318 2298 est,
351 2241 408 2287 et
452 2239 635 2286 tamen
688 2229 808 2284 voci
843 2229 1139 2284 Dominicis
1190 2227 1503 2284 inobediens
1547 2243 1654 2284 non
1702 2237 1805 2285 est.

213 2321 410 2392 Magna
457 2329 637 2376 autem
683 2318 1119 2374 consideratione
1171 2317 1412 2389 indigent
1460 2319 1626 2374 verba
1687 2334 1810 2389 qua

211 2414 466 2486 protinus
510 2413 781 2468 adduntur
820 2429 833 2465 :
881 2429 900 2463 ι
941 2411 1009 2466 Ει
1057 2409 1294 2482 linguam
1332 2419 1481 2467 tuam
1531 2412 1812 2468 adhaerere

211 2505 415 2562 faciam
461 2505 638 2577 palato
684 2513 796 2572 tuo,
828 2512 884 2560 et
921 2503 1030 2558 eris
1057 2510 1256 2566 mutus,
1294 2516 1394 2558 nec
1420 2503 1575 2574 quasi
1603 2503 1689 2558 vir
1715 2501 1811 2558 ob-

206 2597 464 2668 iurgans.
500 2617 520 2650 ι
548 2595 969 2652 Discernendum
992 2593 1192 2666 quippe
1218 2592 1374 2656 nobis
1397 2600 1481 2649 est
1507 2601 1684 2649 utrum
1711 2609 1812 2666 pro

213 2689 351 2746 solis
376 2689 533 2744 malis
557 2687 912 2754 auditoribus,
943 2702 1014 2741 an
1055 2686 1343 2756 aliquando
1368 2686 1532 2742 etiam
1556 2699 1654 2756 pro
1679 2685 1812 2741 vitio

215 2781 590 2853 praedicantis,
619 2778 1019 2850 praedicationis
1048 2794 1230 2835 sermo
1263 2779 1633 2834 subtrahatur.
1667 2777 1814 2846 Qua-

217 2878 346 2924 tuor
389 2869 534 2925 enim
582 2867 933 2940 qualitatibus
972 2883 1061 2924 res
1108 2868 1221 2924 haec
1251 2868 1594 2929 considerata
1622 2867 1813 2924 distin-

215 2958 426 3030 guitur.
481 2957 614 3012 Nam
672 2956 962 3027 aliquando
1011 2966 1231 3029 propter
1278 2958 1552 3014 auditores
1605 2957 1811 3026 malos,

216 3047 380 3102 bonis
419 3045 624 3102 tollitur
653 3039 832 3103 sermo
860 3047 1194 3114 doctoribus,
1218 3047 1508 3118 aliquando
1536 3063 1665 3104 vero
1688 3065 1814 3120 pro-

1907 1863 1976 1916 Et
2005 1878 2214 1930 rursus,
2253 1865 2468 1934 quando
2489 1864 2634 1934 loqui
2657 1881 2763 1920 non
2791 1881 3100 1935 possumus,
3128 1868 3184 1923 hi
3221 1871 3311 1938 qui
3340 1865 3498 1925 nobis

1907 1956 2186 2011 commissi
2227 1963 2372 2021 sunt,
2410 1955 2634 2010 minime
2679 1970 2778 2010 nos
2821 1955 3136 2026 diiudicent,
3167 1973 3235 2012 ne
3262 1957 3499 2014 fortasse

1909 2060 2018 2100 non
2043 2060 2110 2100 ex
2138 2054 2348 2110 nostro,
2375 2045 2469 2100 sed
2499 2060 2569 2100 cx
2598 2053 2822 2116 peccato
2849 2045 3183 2102 audientium
3221 2048 3367 2118 loqui
3398 2050 3500 2103 mi-

1909 2139 2058 2194 nime
2093 2137 2385 2209 possimus.
2410 2137 2494 2192 Ad
2520 2137 2624 2193 hoc
2650 2153 2781 2209 ergo
2802 2139 2958 2195 nobis
2979 2147 3174 2196 cuncta
3195 2140 3263 2196 de
3289 2141 3504 2196 meritis

1910 2232 2113 2287 nostris
2139 2231 2347 2287 incerta
2385 2239 2535 2298 sunt,
2561 2239 2621 2286 ιιι
2643 2247 2808 2287 unam
2833 2240 3041 2290 certam
3061 2233 3290 2303 gratiam
3317 2241 3497 2291 tenea-

1909 2337 2032 2381 mus
2066 2322 2406 2388 humilitatis,
2437 2329 2702 2392 quatenus
2728 2331 2785 2378 et
2816 2338 2918 2379 nos
2943 2338 3070 2380 cum
3095 2323 3389 2394 loquimur,
3431 2338 3502 2378 ex

1909 2414 2298 2487 omnipotentis
2325 2414 2420 2470 Dei
2469 2415 2632 2480 dono,
2672 2414 2778 2470 hoc
2821 2429 2944 2469 esse
2969 2422 3210 2470 vestrum
3242 2413 3497 2468 meritum

1910 2515 2183 2578 putemus.
2214 2491 2282 2560 Et
2305 2506 2524 2576 quando
2543 2520 2576 2560 a
2593 2505 2867 2562 locutione
2889 2505 3152 2562 doctrinae
3170 2507 3500 2562 obmutesci-

1911 2611 2055 2664 mus,
2085 2596 2335 2668 quamvis
2368 2604 2554 2652 nostra
2581 2595 2736 2668 culpa
2765 2597 2857 2663 sit,
2885 2610 2984 2652 vos
3012 2605 3191 2652 tamen
3219 2598 3360 2652 hanc
3381 2610 3503 2652 esse

1912 2692 2152 2740 vestram
2201 2684 2509 2754 specialiter
2545 2684 2801 2750 credatis,
2835 2695 2894 2739 ut
2934 2684 3061 2741 dum
3093 2685 3332 2741 vicissim
3359 2687 3502 2741 mala

1913 2775 2072 2831 nobis
2114 2771 2422 2841 tribuimus,
2467 2783 2526 2830 et
2560 2773 2702 2832 bona
2743 2775 2867 2831 aliis
2903 2791 3002 2846 per
3025 2775 3348 2832 humilitatis
3375 2791 3503 2849 gra-

1916 2867 2049 2922 tiam
2096 2865 2216 2934 ﬁat,
2263 2875 2324 2924 ιιι
2376 2867 2636 2923 doctrinas
2684 2880 2884 2932 sermo,
2922 2865 3026 2938 qui
3063 2865 3276 2923 ablatus
3301 2865 3504 2934 fuerat,

1915 2959 2121 3016 redeat.
2155 2959 2455 3030 Sequitur:
2489 2975 2508 3010 ι
2544 2957 2679 3013 Cum
2715 2966 2898 3025 autem
2937 2955 3146 3014 locutus
3190 2956 3345 3028 fuero
3385 2959 3504 3026 tibi,

1916 3051 2128 3122 aperies
2147 3065 2210 3106 os
2233 3059 2406 3114 tuum,
2427 3057 2482 3104 et
2501 3046 2742 3120 loqueris
2766 3047 2834 3102 ad
2853 3061 2948 3102 eos
2981 3066 2994 3100 :
3024 3045 3151 3103 Haec
3163 3047 3295 3104 dicit
3325 3047 3508 3103 Domi-

215 3147 348 3210 pter
397 3137 570 3193 bonos
621 3137 920 3203 auditores,
969 3137 1131 3192 datur
1177 3151 1357 3194 sermo
1405 3137 1717 3193 doctoribus
1760 3130 1886 3194 etC
1916 3158 2020 3197 nus
2037 3141 2321 3210 Deus:qui
2346 3140 2516 3206 audit,
2540 3139 2755 3206 audiat;
2780 3149 2836 3193 et
2854 3139 2948 3210 qui
2967 3139 3218 3210 quiescit,
3239 3141 3504 3210 quiescat,

216 3229 404 3293 malis,
423 3227 712 3299 aliquando
739 3237 918 3282 autem
938 3237 1160 3298 propter
1188 3227 1497 3284 docentium
1523 3237 1686 3300 atque
1714 3245 1816 3285 au-

214 3323 487 3378 dientium
534 3320 1014 3393 iustiﬁcationem,
1067 3322 1223 3377 bonis
1271 3322 1583 3378 doctoribus
1636 3338 1818 3383 sermo

216 3416 410 3481 datur,
441 3425 501 3469 ut
540 3424 595 3469 et
620 3414 722 3486 ipsi
749 3429 847 3485 per
871 3413 1122 3474 meritum
1153 3423 1422 3482 crescant,
1458 3422 1514 3470 et
1542 3415 1819 3471 auditores

217 3522 416 3561 eorum
465 3505 740 3561 intellectu
779 3517 834 3560 et
862 3505 969 3559 vita
1003 3504 1310 3576 proﬁciant.
1343 3506 1645 3577 Aliquando
1664 3523 1815 3574 vero,

219 3599 354 3668 quia
384 3611 560 3666 neque
595 3597 650 3650 hi
690 3596 836 3666 digni
880 3604 1006 3652 sunt
1041 3596 1306 3666 accipere,
1339 3597 1535 3666 quibus
1561 3597 1820 3653 doctrinae

222 3704 410 3744 sermo
445 3686 749 3758 profertur,
799 3702 973 3758 neque
1016 3689 1091 3744 illi
1132 3689 1391 3744 doctrina:
1432 3690 1657 3744 verbum
1696 3705 1821 3760 pro-

222 3779 394 3845 ferre,
420 3781 510 3850 qui
536 3779 712 3834 locum
738 3779 962 3835 docendi
991 3788 1196 3846 tenent,
1220 3779 1619 3850 praedicationis
1640 3794 1822 3836 sermo

223 3869 460 3936 tollitur,
488 3878 548 3924 ut
574 3878 803 3940 utraque
833 3885 961 3940 pars
986 3871 1228 3925 districte
1247 3869 1522 3941 iudicetur
1551 3888 1564 3924 :
1597 3878 1822 3940 propter

225 3959 401 4014 malos
450 3974 684 4030 namque
736 3959 1028 4024 auditores,
1075 3959 1232 4027 bonis
1277 3974 1458 4016 sermo
1507 3960 1823 4015 doctoribus

226 4049 459 4112 tollitur,
476 4048 616 4103 sicut
642 4063 784 4102 nunc
809 4048 877 4112 ad
892 4047 1230 4102 Ezechielem
1250 4049 1567 4119 prophetam
1590 4048 1818 4104 dicitur:

231 4159 250 4191 ι
289 4139 555 4210 Linguam
585 4147 730 4192 tuam
754 4138 1029 4194 adhaerere
1061 4139 1256 4195 faciam
1281 4141 1464 4211 palato
1496 4151 1606 4207 tuo,
1633 4147 1690 4196 et
1714 4142 1824 4197 eris

226 4243 442 4295 mutus,
464 4219 565 4286 nec
589 4231 744 4300 quasi
775 4231 857 4284 vir
885 4230 1195 4307 obiurgans,
1228 4233 1357 4306 quia
1387 4235 1578 4288 domus
1598 4249 1825 4304 exaspe-

229 4338 364 4375 rans
386 4329 490 4392 est.
531 4341 551 4374 ι
589 4321 654 4375 Et
682 4322 824 4384 sicut
863 4321 1031 4377 Paulo
1085 4324 1284 4379 dicitur
1315 4343 1326 4378 :
1363 4344 1381 4376 ι
1413 4323 1637 4385 Festina
1661 4334 1715 4382 et
1735 4328 1825 4382 exi

225 4413 492 4467 velociter
541 4427 608 4466 ex
665 4410 1032 4480 Hierusalem,
1088 4415 1344 4484 quoniam
1403 4431 1509 4470 non
1563 4416 1824 4487 recipient

229 4503 606 4560 testimonium
653 4513 804 4558 tuum
842 4503 908 4558 de
933 4519 1018 4558 me
1044 4505 1181 4576 (Act.
1214 4503 1370 4577 χχιι).
1407 4525 1425 4557 ι
1461 4505 1529 4559 Ει
1553 4506 1694 4560 sicut
1727 4521 1821 4561 vo-

228 4597 474 4652 lentibus
515 4595 789 4666 Apostolis
828 4597 1126 4668 praedicare
1175 4597 1230 4652 in
1257 4597 1382 4652 Asia
1433 4599 1694 4668 scriptum
1737 4607 1824 4653 est

225 4693 363 4762 quia
397 4709 414 4741 ι
455 4690 730 4760 prohibuit
765 4705 859 4744 eos
889 4689 1113 4760 spiritus
1139 4688 1267 4745 Jesu
1297 4689 1435 4760 (Act.
1468 4695 1602 4758 xvi).
1639 4709 1657 4740 ι
1692 4689 1825 4744 Pro-

227 4793 360 4852 pter
390 4783 562 4836 bonos
593 4781 865 4836 auditores
904 4780 1068 4836 etiam
1120 4780 1276 4835 malis
1310 4780 1621 4835 doctoribus
1646 4795 1821 4835 sermo

229 4874 421 4934 datur,
452 4871 593 4925 sicut
637 4869 705 4924 de
748 4869 1038 4924 Pharismis
1078 4869 1336 4924 Dominus
1369 4869 1541 4926 dicit:
1577 4888 1595 4920 ι
1630 4867 1824 4926 Omnia

229 4973 578 5031 quaecunque
613 4956 849 5013 dixerint
875 4957 1051 5022 vobis,
1085 4965 1298 5012 servate
1327 4967 1382 5012 et
1407 4957 1587 5012 facite.
1616 4957 1827 5013 Secun-

233 5053 370 5106 dum
401 5064 531 5104 vero
557 5063 726 5119 opera
753 5063 941 5104 eorum
981 5047 1144 5103 nolite
1180 5046 1394 5110 facere;
1431 5049 1619 5103 dicunt
1658 5048 1826 5114 enim,

232 5153 298 5196 et
341 5159 450 5196 non
496 5140 701 5196 faciunt
732 5139 948 5212 (dfatth.
979 5137 1157 5212 χχιιι).
1195 5157 1215 5190 ι
1256 5137 1482 5210 Propter
1518 5140 1827 5196 docentium

232 5248 460 5303 quoque
483 5231 734 5286 meritum
760 5239 814 5285 et
837 5229 1167 5284 audientium
1184 5227 1628 5299 iustiﬁcationem
1649 5247 1830 5288 sermo

232 5324 507 5380 doctrina:
549 5322 822 5390 tribuitur,
866 5322 1006 5378 sicut
1046 5322 1250 5378 sanctis
1293 5324 1554 5393 apostolis
1582 5324 1777 5379 dicitur
1813 5343 1826 5379 :

241 5435 270 5467 ι
295 5415 504 5469 Euntes
523 5429 667 5469 nunc
686 5412 876 5470 docete
895 5429 1084 5471 omnes
1104 5423 1294 5486 gentes
1318 5415 1533 5486 (Matth.
1561 5415 1776 5487 xxvm).
1807 5435 1826 5467 ι

231 5504 478 5573 Propter
507 5503 678 5560 malos
711 5503 986 5558 auditores
1013 5512 1068 5560 et
1096 5505 1371 5576 indignam
1406 5506 1571 5577 vitam
1620 5519 1831 5570 eorum,

230 5596 340 5666 qui
383 5596 580 5651 decere
617 5595 957 5676 debuerunt,_
982 5611 1158 5652 sermo
1185 5596 1443 5653 doctrinae
1473 5599 1829 5662 subtrahitur,

229 5689 392 5745 sicut
420 5686 636 5751 Heliad
665 5687 1012 5757 corrigendos
1041 5687 1196 5757 ﬁlios,
1227 5689 1484 5747 districta:
1510 5689 1834 5761 increpatio-

631 5780 910 5838 Ριτιιοι.
951 5777 1092 5838 CX.

1914 3235 2041 3305 quia
2068 3235 2259 3290 domus
2288 3247 2620 3302 exasperatis
2643 3239 2748 3287 est.
2787 3251 2806 3285 ι
2844 3230 2998 3302 Saepe
3029 3232 3250 3302 quidam
3279 3233 3509 3289 verbum

1915 3323 2013 3380 Dei
2062 3322 2250 3378 audire
2301 3319 2632 3385 desiderant,
2685 3320 2780 3376 sed
2823 3320 2949 3375 dum
2995 3322 3131 3377 alios
3165 3323 3511 3391 conspiciunt

1916 3425 2105 3468 aurem
2133 3418 2401 3476 avertere,
2428 3409 2592 3464 etiam
2623 3407 2728 3478 ipsi
2766 3425 2798 3463 a
2825 3409 3016 3466 salutis
3055 3411 3242 3466 auditu
3287 3413 3510 3467 devian-

1920 3513 2028 3559 tur.
2074 3503 2143 3558 Et
2178 3501 2496 3574 plerumque
2524 3499 2996 3569 multiquiescere
3034 3509 3313 3571 appetunt,
3344 3511 3509 3572 atque

1917 3609 1949 3648 a
1996 3593 2205 3649 cunctis
2239 3592 2422 3648 mundi
2452 3589 2613 3660 huius
2661 3592 2872 3646 actibus
2917 3607 3136 3658 vacare,
3180 3591 3342 3648 nullis
3389 3591 3507 3661 jam

1918 3683 2200 3740 desideriis
2227 3683 2458 3739 terrenis
2481 3683 2854 3738 succumbere.
2881 3681 2988 3738 Sed
3014 3683 3140 3738 dum
3161 3684 3346 3738 vident
3371 3685 3509 3740 alios

1921 3775 2156 3844 inquicte
2184 3773 2390 3844 agendo
2418 3774 2706 3846 proﬁcere,
2733 3781 2896 3843 atque
2925 3774 2980 3848 in
3006 3773 3109 3829 hoc
3138 3776 3336 3830 mundo
3374 3776 3510 3830 divi-

1921 3867 2012 3923 tiis
2037 3877 2092 3923 et
2114 3867 2410 3924 honoribus
2437 3865 2643 3933 extolli,
2668 3867 2796 3936 quia
2827 3865 3058 3945 necdum
3084 3867 3138 3922 in
3167 3867 3253 3922 via
3287 3869 3512 3930 rectitu-

1921 3958 2064 4014 dinis
2089 3956 2231 4012 ﬁrmi
2254 3964 2398 4023 sunt,
2425 3957 2493 4011 ad
2522 3971 2692 4026 prava
2717 3971 2881 4028 opera
2909 3973 2978 4012 ex
3007 3957 3236 4013 aliorum
3264 3959 3511 4031 exemplo

1922 4049 2263 4124 delabuntur.
2293 4048 2432 4104 Hinc
2475 4057 2560 4104 est
2599 4049 2769 4114 enim,
2798 4050 2942 4119 quod
2971 4049 3027 4104 in
3065 4057 3193 4120 typo
3223 4049 3508 4105 inﬁrman-

1925 4140 2057 4196 tium
2085 4139 2373 4195 Psalmista
2399 4139 2626 4210 loquens
2663 4139 2878 4196 dicebat
2910 4158 2923 4193 :
2960 4160 2978 4191 ι
3011 4139 3114 4194 Mei
3153 4151 3333 4196 autem
3375 4157 3514 4211 pene

1923 4233 2058 4288 moti
2089 4242 2216 4288 sunt-
2252 4233 2440 4303 pedes,
2479 4246 2617 4302 pene
2641 4230 2797 4288 ell‘usi
2829 4239 2953 4288 sunt
2983 4246 3201 4304 gressus
3226 4233 3354 4299 mei,
3383 4233 3514 4302 quia

1926 4324 2130 4380 zelatus
2152 4340 2273 4380 sum
2303 4324 2358 4378 in
2399 4324 2806 4396 peccatoribus,
2835 4338 3022 4394 pacem
3054 4333 3399 4392 peccatorum
3427 4326 3510 4378 vi-

1929 4416 2061 4471 dens
2091 4413 2264 4486 (Psal.
2295 4414 2489 4486 Lxxu).
2521 4433 2540 4466 ι
2581 4413 2718 4468 Hinc
2761 4414 2956 4468 iterum
2993 4413 3162 4468 dicit:
3197 4432 3214 4463 ι
3245 4415 3383 4468 Dum
3419 4431 3514 4470 su-

1927 4505 2108 4574 perbit
2131 4504 2348 4573 impius,
2381 4503 2689 4559 incenditur
2710 4517 2915 4572 pauper
2944 4499 3118 4572 (I’sal.
3143 4502 3221 4574 x).
3247 4521 3266 4554 ι

2539 4613 2767 4670 CAPUT
2813 4612 2902 4668 IV.

1931 4705 2138 4761 Lateri:
2179 4703 2489 4775 explicatio,-
2530 4704 2594 4758 de
2628 4704 2925 4775 captivitate
2960 4703 3135 4758 decent
3169 4705 3420 4766 tribuum.
3467 4717 3517 4762 et

2449 4774 2513 4828 de
2539 4773 2782 4845 angustia
2811 4774 2988 4844 famis.

2010 4886 2028 4918 ι
2064 4867 2134 4922 Ει
2163 4874 2245 4931 ιιι,
2275 4863 2360 4920 ﬁli.
2379 4865 2634 4929 hominis,
2668 4880 2820 4920 sume
2856 4866 2953 4922 tibi
2987 4866 3237 4935 laterem,
3268 4877 3325 4922 et
3350 4884 3518 4940 pones

1939 4978 1958 5009 ι
2001 4973 2124 5013 eum
2151 4971 2335 5012 coram
2360 4965 2431 5020 te,
2461 4964 2514 5010 et
2547 4955 2823 5012 describes
2843 4957 2898 5012 in
2928 4972 2992 5014 eo
3021 4959 3295 5015 civitatem
3324 4960 3518 5016 Hieru-

1940 5067 1958 5099 ι
2004 5047 2190 5113 salem,
2222 5056 2279 5102 et
2304 5048 2580 5103 ordinabis
2607 5047 2893 5105 adversum
2923 5065 3042 5106 eam
3077 5051 3430 5117 obsidionem,
3465 5063 3519 5107 ct

1941 5159 1959 5192 ι
2003 5140 2296 5198 κάὶἤειὼίε
2344 5124 2695 5207 munitiones,
2731 5154 2788 5198 et
2832 5145 3197 5216 eomportabis
3242 5161 3515 5216 aggerem,

1941 5250 1960 5285 ι
2003 5241 2060 5289 et
2103 5231 2258 5288 dabis
2300 5241 2490 5287 contra
2543 5248 2664 5288 eam
2704 5244 2904 5301 castra,
2948 5245 3000 5291 et
3040 5252 3208 5307 pones
3235 5237 3434 5292 arietes
3463 5237 3517 5292 in

1941 5342 1961 5375 ι
2007 5339 2162 5395 gyro,
2194 5343 2214 5377 ι
2243 5333 2351 5383 etc.
2378 5323 2650 5395 (Hier-on.)
2675 5324 2827 5382 Sicut
2855 5328 3003 5396 prius
3028 5329 3301 5384 diximus:
3329 5346 3348 5380 ι
3370 5328 3517 5382 lntra

1936 5422 1995 5469 et
2023 5412 2298 5469 includere
2330 5413 2385 5468 in
2422 5414 2601 5468 medio
2631 5415 2820 5471 domus
2845 5424 2966 5470 tum.
2995 5416 3059 5472 Et
3089 5431 3218 5473 ecce
3242 5417 3367 5471 data
3390 5427 3520 5472 sunt

1936 5519 2098 5574 super
2132 5513 2184 5558 te
2212 5502 2448 5568 vincula,
2473 5512 2528 5558 et
2553 5503 2795 5573 ligabunt
2828 5513 2901 5571 te,
2928 5514 2982 5561 et
3007 5522 3112 5562 non
3141 5504 3453 5576 egredieris,
3491 5523 3516 5561 ι

1937 5605 2123 5666 typum
2161 5609 2282 5651 esse
2313 5595 2632 5665 prophetam
2671 5595 2866 5653 futurm
2893 5598 3189 5654 obsidionis
3215 5599 3364 5653 urbis
3394 5596 3522 5654 Ilie-

1935 5685 2196 5753 rusalem,
2241 5685 2314 5740 ita
2351 5700 2492 5740 nunc
2521 5687 2846 5756 geometrica
2865 5685 3087 5757 iubetur
3116 5688 3170 5742 in
3207 5687 3376 5744 latere
3402 5698 3520 5744 arte

3052 5779 3122 5838 19
