3954 6182
482 291 591 351 587

1127 288 1189 341 Β.
1230 284 1481 340 RABANI
1523 282 1740 338 MAUlil
1778 278 2063 337 ARCHIEP

2167 266 2444 337 IOGUN’i.
2486 280 2769 337 ornuun
2812 282 2989 336 rans
3027 282 3091 336 ιι.

3639 283 3731 341 588

486 407 820 471 describere,
848 406 1128 474 ipsumque
1155 401 1378 455 laterem
1398 399 1522 469 poni
1558 399 1611 453 in
1634 408 1924 469 conspectu
1953 414 2075 468 ιιι-ο·
2104 400 2152 460 Α
2180 398 2322 452 inter
2350 398 2644 461 civitatem,
2673 405 2727 451 et
2754 393 3069 451 obiirmabis
3097 391 3288 448 faciem
3318 398 3468 446 tuam
3504 394 3571 447 ad
3605 410 3731 461 eant,

489 501 685 565 pliettc,
714 503 775 551 ιιι
812 492 1092 566 postqii’am
1123 491 1491 560 descripserit,
1513 491 1580 544 in
1620 491 1841 560 pulvere
1879 489 2072 544 Hieru-

492 589 657 644 salem
714 596 927 642 cmuem
963 584 1249 639 adversum
1304 594 1426 637 eam
1472 581 1661 653 pingat
1712 580 2069 645 obsidionem,

494 678 821 734 adumbrans
863 672 1210 743 munitiones,
1256 681 1312 729 et
1347 681 1713 743 comportatos
1746 686 1987 743 aggeres,
2019 678 2076 726 et

494 783 747 827 coronam
789 764 1042 820 vallantis
1079 764 1376 829 exercitus,
1414 772 1470 819 et
1504 763 1703 819 arietes
1740 764 1795 818 in
1820 763 2071 828 circuitu,

491 877 587 931 per
615 872 733 930 qua:
759 856 939 914 Omnia
967 857 1131 913 urbes
1160 857 1279 928 capi
1307 855 1500 933 solent,
1533 854 1861 911 munitiones
1886 854 2075 909 dicun-

491 961 578 1005 tur
609 947 963 1019 quibus-urbs
1012 946 1300 1009 clauditur,
1337 960 1405 1000 ne
1436 945 1558 1015 quis
1583 944 1921 1000 obsessorem
1950 958 2075 1013 pos-

484 1044 558 1097 sit
585 1040 839 1111 eﬁ‘ugere,
871 1038 1194 1109 comportati
1227 1038 1472 1109 aggeres,
1506 1038 1703 1107 quibus
1736 1036 1934 1091 vallum
1968 1034 2075 1091 fos-

486 1148 667 1203 saeque
691 1131 1047 1202 complentur.
1076 1129 1267 1186 Castra
1298 1129 1528 1185 militum
1554 1129 1813 1184 custodiae
1841 1142 1940 1198 per
1970 1128 2075 1182 circ

487 1224 709 1286 coitum,
755 1223 956 1277 arietes
991 1221 1187 1290 quibus
1228 1235 1504 1277 murorum
1545 1220 1892 1275 fundamenta
1938 1230 2072 1289 qua-

487 1315 712 1381 tiuntur,
750 1320 805 1367 et
839 1312 1075 1383 lapidum
1101 1304 1357 1383 junctura
1382 1310 1713 1368 dissolvitur.
1749 1311 1862 1366 Hoc
1892 1314 2072 1365 autem

486 1404 702 1469 dicitur,
740 1412 801 1458 ut
831 1402 1166 1474 signiﬁcetur
1201 1403 1351 1458 urbis
1393 1401 1728 1461 Hierusalem
1771 1405 1870 1459 sub
1911 1401 2074 1459 Sede-

486 1495 607 1549 cbia
640 1508 790 1564 rege,
827 1494 1005 1549 vicina
1046 1493 1354 1563 captivitas,
1388 1494 1543 1563 cujus
1589 1506 1733 1548 anno
1763 1493 2070 1567 undecimo,

484 1592 539 1637 et
583 1596 678 1640 rex
717 1591 772 1639 et
808 1583 1000 1639 civitas
1046 1590 1203 1654 capta
1247 1590 1352 1638 est.
1398 1582 1505 1639 Pro
1543 1583 1730 1645 latere,
1765 1583 1855 1652 qui
1886 1582 2075 1639 Graece

484 1674 685 1730 dicitur
707 1686 905 1747 genere
931 1673 1187 1730 feminino
1212 1678 1244 1735 ἡ
1271 1674 1484 1738 πλίνθος,
1514 1673 1879 1746 Symmachus
1902 1676 2074 1730 mani-

2173 495 2229 543 ct
2251 488 2356 541 erit
2380 488 2436 542 in
2466 487 2763 550 obsidione,
2797 493 2853 540 et
2878 483 3243 540 circumdabis
3267 497 3411 538 eam.
3429 481 3645 554 Signum
3662 495 3735 542 est

2174 578 2354 634 domui
2372 576 2554 632 isracl.
2575 594 2595 629 ι
2617 573 3055 649 (Hieron.)Quod
3070 588 3232 645 supra
3244 573 3569 639 diximus,et
3580 574 3734 644 ipsum

2172 671 2490 742 prophetam
2513 678 2570 724 et
2594 668 3010 737 descriptionem
3031 666 3216 722 lateris
3234 666 3633 732 munitionibus,
3656 682 3738 738 ag-

2174 772 2301 829 gere
2316 744 2682 827 arietibu’stme
2699 755 3124 813 circumdantem
3144 756 3200 810 in
3229 757 3439 827 signum
3456 759 3737 827 praecedere

2171 850 2481 907 obsidenda;
2502 846 2837 905 Hierusalem
2857 888 2873 915 ,
2908 848 3011 903 hoc
3032 862 3177 902 nunc
3203 846 3544 903 manifestius
3566 849 3739 903 dicitur

2172 948 2294 1011 post
2342 939 2531 1005 multa,
2556 953 2678 1010 quae
2729 938 2905 994 media
2953 945 3106 1001 sunt,
3139 935 3401 1008 «Signum
3445 945 3532 993 est
3577 939 3737 994 domui

2174 1031 2389 1099 Israel,i
2410 1039 2626 1101 sartago
2652 1028 2847 1094 ferrea,
2873 1044 2992 1100 quae
3012 1028 3186 1083 instar
3198 1028 3338 1083 muri
3362 1028 3505 1083 inter
3529 1030 3737 1100 prophe

2175 1130 2284 1178 tam
2320 1130 2374 1177 et
2416 1122 2604 1177 urbem
2648 1121 2885 1190 ponitur,
2935 1120 3192 1192 grandem
3237 1120 3373 1174 iram
3424 1120 3738 1175 demonstrat

2174 1213 2292 1278 Dei,
2335 1226 2456 1283 qua:
2500 1211 2663 1266 nullis
2704 1210 2954 1281 precibus
2996 1209 3256 1281 fatigetur
3285 1224 3386 1264 nec
3418 1208 3662 1265 ﬂectatur
3679 1212 3737 1265 ad

2172 1300 2621 1358 misericordiam.
2651 1300 2804 1357 Sicut
2818 1301 2965 1355 enim
2985 1301 3162 1355 omnia
3189 1300 3405 1355 metalla
3428 1300 3633 1356 ferrum
3656 1302 3737 1355 do-
3838 1284 3849 1294 ’

2173 1403 2304 1458 mat;
2335 1393 2578 1464 nihilque
2605 1408 2670 1449 eo
2709 1393 2897 1468 durius
2926 1402 3029 1458 est,
3062 1393 3142 1449 sic
3182 1392 3517 1448 incredibilia
3554 1394 3737 1449 scelera

2174 1482 2510 1539 Hierusalem
2541 1478 2708 1536 Deum
2736 1488 2932 1536 natura
2960 1480 3178 1536 mollem
3214 1494 3313 1536 suo
3348 1479 3481 1536 vitio
3511 1478 3739 1535 fecerunt

2173 1588 2297 1629 esse
2342 1573 2710 1629 durissimum.
2760 1570 2991 1644 Sartago
3038 1582 3254 1644 quoque
3298 1572 3494 1629 dicitur
3546 1571 3738 1626 medius

2174 1666 2320 1722 inter
2356 1665 2611 1739 populum
2641 1671 2697 1721 et
2740 1666 2909 1721 Deum
2938 1680 3125 1722 murus
3154 1666 3457 1738 oppositus,
3486 1674 3553 1720 ut
3578 1673 3738 1720 osten-

482 1764 676 1821 ‘festius
704 1766 1090 1835 interpretatus
1112 1773 1217 1830 est,
1253 1765 1492 1832 πλίντιον,
1521 1776 1682 1835 quem
1711 1779 1811 1820 nos
1840 1764 2073 1819 latercu-
2101 1748 2147 1808 Β
2175 1758 2266 1813 dat
2292 1770 2511 1813 omnem
2539 1755 2938 1812 multitudinem
2970 1756 3025 1811 in
3054 1756 3213 1813 brevi
3241 1770 3364 1811 esse
3403 1755 3738 1825 frangendas:

485 1858 593 1912 lum
622 1866 678 1913 et
697 1858 922 1912 abacum
949 1857 1223 1927 appellare
1251 1870 1559 1927 possumus.
1585 1854 1643 1909 in
1670 1855 1823 1926 cujus
1852 1847 2075 1924 pulvere
2174 1847 2632 1919 redigendamque
2649 1847 2719 1903 ad
2738 1848 2988 1903 nihilum.
3018 1848 3337 1905 Ohﬁrmatio
3361 1856 3545 1905 autem
3580 1849 3737 1904 vultus

482 1948 663 2004 solent
702 1954 995 2018 geometra:
1031 1949 1304 2021 γραμμὰς,
1342 1945 1399 2001 id
1439 1954 1543 2010 est,
1586 1945 1759 2000 lineas
1789 1945 2076 2015 radiosque
2172 1946 2361 1995 contra
2402 1938 2618 2005 urbem,
2650 1940 2958 1996 severitatis
2986 1940 3251 2013 judicium
3296 1950 3381 1997 est
3405 1941 3561 2012 juxta
3602 1942 3736 2007 illud,

486 2037 823 2093 describere:
862 2035 943 2090 Ex
993 2048 1103 2105 quo
1145 2034 1366 2105 quidam
1411 2033 1601 2088 volunt
1642 2044 1751 2087 non
1780 2031 2074 2088 absurdum
2172 2029 2317 2101 quod
2330 2029 2457 2085 alibi
2469 2029 2730 2101 scriptum
2743 2030 2996 2103 legimus:
3020 2049 3041 2084 ι
3068 2031 3259 2089 Facies
3271 2033 3485 2090 Domini
3500 2035 3738 2104 superia-

482 2143 605 2184 esse
653 2127 819 2184 etiam
862 2124 1024 2195 hujus
1068 2124 1331 2181 doctrina:
1375 2124 1577 2180 habere
1627 2123 1931 2189 scientiam,
1983 2122 2107 2179 illa
2171 2121 2377 2176 cientes
2399 2120 2560 2185 mala,
2577 2129 2636 2176 ut
2661 2121 2942 2193 disperdat
2963 2123 3028 2178 de
3056 2130 3199 2178 terra
3215 2120 3531 2204 memoriam
3563 2141 3736 2182 eorum

483 2218 728 2288 exempla
758 2217 1103 2288 replicantes,
1131 2216 1277 2287 quod
1307 2214 1462 2271 Jesbs
1488 2215 1631 2270 ﬁlius
1657 2213 1803 2270 Nave
1824 2213 2073 2285 explora-
2172 2206 2617 2282 (Psal.xxxnt).'t
2635 2209 2991 2286 (Grog.)Quid
3005 2221 3220 2283 sartago
3243 2212 3421 2269 ferrea
3444 2215 3738 2271 necessaria

486 2319 631 2367 tores
659 2310 890 2376 miserit,
926 2308 1020 2380 qui
1047 2316 1247 2365 terram
1278 2308 1681 2372 describerent,
1706 2322 1827 2377 quae
1854 2306 2073 2378 proprie

480 2409 710 2457 vocatur
741 2400 1068 2465 Geometria,
1097 2408 1155 2456 et
1184 2399 1405 2471 angelus
1432 2400 1485 2453 in
1523 2398 1784 2454 Zacharia
1822 2398 2073 2454 habuerit

481 2491 783 2547 funiculum
815 2490 1202 2562 geometricum
1244 2490 1313 2544 ad
1350 2488 1686 2545 Hierusalem
1716 2488 2066 2545 metiendam.

484 2584 550 2638 Et
575 2583 717 2653 quod
757 2598 901 2639 nunc
937 2582 1157 2654 jubetur
1187 2582 1449 2654 propheta
1490 2580 1830 2636 Hierusalem
1870 2581 1926 2636 in
1951 2581 2093 2652 pul-‘

480 2688 612 2730 vere
648 2674 979 2739 describere,
1016 2686 1138 2744 qum
1174 2673 1311 2743 apud
1357 2688 1452 2728 eos
1489 2672 1706 2743 proprie
1744 2671 2065 2743 appellatur,

482 2769 823 2843 σκηνογράφια
843 2807 857 2832 ,
886 2781 1174 2836 possumus
1205 2766 1429 2822 laterem
1461 2775 1515 2821 et
1556 2764 1610 2820 in
1641 2765 2067 2837 suggillationem

480 2857 691 2912 lsraclis
738 2857 1009 2927 accipere,
1058 2857 1200 2927 quod
1239 2856 1294 2911 in
1342 2856 1457 2911 luto
1506 2866 1562 2911 et
1602 2856 1774 2912 latere
1815 2856 2068 2913 servierit

481 2948 772 3016 Pharaoni,
804 2949 917 3005 sive
955 2956 1014 3002 ut
1041 2948 1191 3012 urbs,
1220 2961 1385 3017 quam
1414 2947 1676 3017 putabant
1697 2958 1819 3002 esse
1854 2946 2066 3002 ﬁrmam

480 3049 535 3094 et
580 3039 1068 3111 inexpugnabilem,
1120 3039 1464 3111 fragilissima
1503 3037 1660 3095 lateri
1698 3046 2061 3110 comparetur,

2167 2303 2445 2373 prophetae
2464 2300 2585 2368 fuit,
2606 2311 2668 2357 ut
2692 2302 2832 2358 hanc
2853 2302 2998 2358 inter
3013 2318 3074 2359 se
3106 2303 3164 2358 et
3200 2304 3473 2360 civitatem
3497 2311 3735 2375 poneret,

2168 2399 2437 2462 quatenus
2464 2406 2526 2448 se
2549 2393 2620 2448 ab
2647 2392 2764 2463 ejus
2783 2391 3062 2449 obsidione
3082 2392 3407 2464 separaret?
3435 2394 3570 2449 Cum
3604 2392 3738 2450 enim

2169 2480 2414 2539 dicitur:
2453 2499 2473 2535 ι
2524 2482 2689 2538 Sume
2740 2483 2837 2538 tibi
2882 2484 3207 2556 sartaginem
3258 2482 3495 2540 ferream
3545 2496 3600 2540 et
3646 2500 3737 2554 po-

2167 2588 2267 2634 nes
2308 2590 2428 2632 eam
2472 2590 2684 2631 murum
2725 2574 2962 2632 ferreum
3008 2577 3151 2632 inter
3197 2585 3251 2632 te
3300 2586 3354 2632 et
3390 2577 3680 2637 civitatem,
3715 2595 3732 2627 ι

2166 2680 2355 2742 aperte
2378 2671 2705 2737 declaratur,
2735 2670 2859 2740 quia
2890 2683 2988 2741 per
3006 2669 3254 2725 eamdem
3285 2666 3617 2740 sartaginem
3643 2668 3739 2722 fer-

2164 2770 2316 2819 ream
2343 2763 2412 2818 ab
2432 2762 2714 2818 obsidione
2735 2760 2971 2817 civitatis
2997 2776 3056 2816 se
3098 2760 3326 2816 liberum
3347 2752 3557 2816 reddat.
3592 2759 3739 2816 Unde

2164 2862 2223 2912 et
2241 2856 2386 2926 quod
2409 2854 2633 2927 praedixi
2659 2853 3003 2923 subiungitur
3031 2871 3045 2907 :
3074 2872 3094 2905 ι
3123 2848 3189 2908 Et
3209 2852 3529 2909 obiirmabis
3552 2854 3737 2908 faciem

2167 2954 2315 3002 tuam
2342 2946 2409 3001 ad
2435 2960 2576 3011 eam,
2622 2954 2677 3002 et
2703 2946 2809 3001 erit
2858 2946 2911 3000 in
2948 2944 3305 3002 obsidionem.
3362 2965 3381 2999 ι
3424 2945 3503 3001 Ex
3539 2961 3639 3015 qua
3681 2958 3740 3000 re

2166 3036 2487 3104 ostenditur,
2540 3038 2665 3109 quia
2708 3038 2969 3108 propheta
3009 3039 3063 3093 in
3101 3039 3291 3093 eadem
3330 3039 3607 3095 obsidione
3634 3053 3735 3092 non

486 3130 577 3200 qui
611 3131 680 3186 ad
706 3107 915 3186 tactum
961 3145 1113 3202 aquae
1146 3107 1287 3186 illico
1316 3131 1561 3186 solvitur.
1595 3130 1666 3187 Ut
1689 3130 1756 3188 de
1784 3107 1889 3203 qua
1916 3131 2066 3203 prius
2092 3107 2137 3170 (ἶ
2168 3127 2354 3195 fuerit,
2391 3130 2437 3185 si
2481 3107 3073 3201 sartaginemil'erream
3122 3132 3267 3187 inter
3304 3146 3364 3187 se
3389 3139 3440 3186 ct
3469 3133 3735 3187 civitatem

486 3220 692 3275 dictum
718 3222 807 3278 est
832 3240 845 3276 :
884 3241 903 3275 ι
932 3221 1201 3291 Numquid
1224 3229 1376 3293 petra
1412 3221 1696 3277 durissima
1745 3221 1833 3279 vel
1866 3223 2067 3279 deserti
2162 3226 2381 3274 murum
2401 3217 2637 3274 ferreum
2657 3219 2829 3288 ponit,
2851 3227 2906 3275 et
2939 3229 3087 3276 certe
3114 3221 3230 3278 sive
3263 3221 3316 3276 in
3343 3226 3405 3277 ea
3429 3223 3737 3291 captivitate

487 3328 644 3368 muns
666 3322 772 3379 est,
800 3312 925 3368 ﬁlim
951 3312 1138 3368 Siculi
1171 3313 1486 3369 vertaturin
1513 3313 1758 3380 laterem,
1791 3313 1883 3383 qui
1906 3313 2067 3368 inun-
2164 3324 2286 3383 qua
2308 3310 2483 3382 prius,
2511 3312 2627 3367 sive
2675 3311 2729 3366 in
2754 3326 2839 3377 ea,
2887 3326 3009 3382 quae
3055 3314 3395 3385 postmodum
3441 3313 3735 3368 lsraeiitico

484 3404 700 3460 datione
748 3403 1054 3475 Babylonia:
1093 3416 1487 3475 corrumpatur,
1531 3403 1887 3485 juxta’illud,
1924 3405 2064 3475 quod
2164 3404 2360 3475 populo
2389 3403 2635 3473 contigit,
2664 3392 2839 3459 nullus
2879 3406 2947 3461 ab
2975 3405 3216 3477 ejusdem
3243 3404 3574 3475 captivitatis
3596 3405 3732 3474 peri-

479 3494 741 3566 scriptum
763 3502 847 3551 est
862 3508 878 3549 :
896 3493 1216 3565 «Propterea
1238 3495 1471 3551 adducet
1495 3495 1754 3551 Dominus
1783 3511 1946 3567 super
1968 3510 2065 3553 vos
2163 3494 2285 3551 culo
2305 3494 2443 3551 liber
2464 3494 2582 3561 fuit,
2608 3494 2707 3550 ‘sed
2729 3508 2917 3551 omnes
2944 3496 3102 3551 simul
3130 3512 3230 3569 par
3251 3496 3532 3552 calamitas
3561 3496 3731 3550 invol-

478 3600 650 3659 aquas
678 3588 894 3655 multas,
927 3595 981 3644 et
1004 3588 1196 3655 fortes,
1220 3602 1403 3662 regem
1430 3591 1797 3662 Assyriorum.
1828 3610 1847 3643 ι

556 3696 575 3730 ι
613 3679 680 3734 Et
706 3688 781 3745 tu,
822 3681 1015 3752 inquit,
1054 3679 1156 3736 Fili
1188 3681 1445 3749 hominis,
1488 3696 1640 3738 sume
1679 3683 1774 3739 tibi
1815 3682 2062 3750 laterem,

485 3788 503 3820 ι
552 3778 606 3825 et
632 3784 800 3839 pones
819 3786 942 3827 eum
963 3783 1147 3828 coram
1175 3780 1247 3839 te,
1289 3782 1344 3829 et
1382 3772 1655 3830 describes
1685 3774 1739 3829 in
1768 3789 1833 3830 eo
1872 3775 2063 3830 civita-

484 3883 503 3915 ι
550 3873 659 3917 tem
687 3862 1039 3928 Hierusalem,
1080 3872 1135 3919 et
1161 3865 1437 3921 ordinabis
1468 3866 1725 3923 adversus
1757 3882 1875 3924 eam
1916 3868 2064 3924 obsi-

486 3974 503 4006 σ
552 3953 792 4017 dionem,
818 3960 874 4007 et
904 3952 1198 4010 ediﬁcahis
1223 3956 1567 4012 munitiones.
1608 3958 1675 4012 Et
1699 3958 2062 4029 comportabis

485 4050 821 4112 «aggerem,
865 4048 922 4096 et
957 4042 1112 4096 dabis
1153 4053 1343 4098 contra
1389 4060 1507 4099 eam
1548 4057 1748 4112 castra,
1798 4059 1852 4104 et
1895 4064 2063 4120 pones

482 4152 499 4183 ι
547 4133 831 4188 arietes'in
867 4146 1017 4205 gyro.
1060 4133 1131 4189 Et
1165 4141 1224 4189 tu
1263 4148 1415 4191 sume
1456 4138 1552 4192 tibi
1588 4139 1916 4209 sartaginem
1953 4141 2061 4196 fer-

466 4245 500 4274 -ι
551 4239 720 4289 ream,
761 4233 816 4279 et
841 4239 1012 4295 pones
1048 4238 1169 4280 eam
1215 4240 1431 4281 murum
1468 4226 1702 4283 ferreum
1747 4230 1890 4284 inter
1929 4239 1980 4287 te
2006 4241 2061 4289 et

428 4357 434 4361 -
480 4339 499 4371 ι
541 4318 837 4386 civitatem,
862 4324 919 4373 et
953 4316 1270 4374 obﬁrmabis
1313 4316 1506 4373 faciem
1546 4330 1692 4375 tuam
1742 4323 1809 4377 ad
1836 4337 1979 4389 eam,
2006 4333 2060 4379 et

479 4431 498 4463 ι
541 4410 648 4466 erit
691 4409 748 4465 in
776 4409 1130 4467 obsidionem.
1175 4408 1242 4465 Et
1263 4409 1623 4467 circumdabis
1660 4427 1799 4467 eam.
1829 4412 2051 4485 Signum

478 4523 495 4554 ι
523 4492 731 4558 domus
761 4500 944 4556 isracl.
978 4519 997 4552 ι
1028 4498 1250 4573 (6ης.)
1272 4500 1329 4555 ln
1356 4501 1551 4571 quibus
1578 4502 1829 4558 videlicet
1851 4503 2046 4570 verbis,

472 4592 601 4663 quid
647 4591 791 4646 aliud
828 4590 983 4659 juxta
1025 4592 1329 4657 historiam,
1382 4592 1486 4647 nisi
1528 4590 1861 4649 Hierusalem
1903 4594 2051 4649 urbis

360 4738 367 4749 ,
470 4684 681 4739 obsidio
723 4690 885 4751 atque
925 4682 1224 4738 destructio
1270 4682 1602 4754 designatur,
1651 4691 1706 4738 et
1753 4685 2053 4754 peccatoris

473 4774 651 4845 populi
689 4771 909 4829 alnictio
935 4774 1298 4845 exprimitur?
1338 4775 1429 4845 qui
1492 4776 1681 4831 domus
1728 4791 2053 4846 exasperans

471 4873 712 4932 vocatur,
753 4879 876 4920 eum
915 4873 1100 4937 aperte
1142 4864 1340 4921 dicitur
1368 4884 1383 4920 :
1412 4885 1432 4919 ι
1465 4866 1754 4924 Ordinabis
1793 4868 2054 4924 adversus

471 4971 591 5011 eam
619 4956 975 5020 obsidionem,
1007 4964 1063 5011 et
1102 4955 1392 5012 aediﬁcabis
1434 4957 1780 5025 munitiones,
1812 4966 1867 5012 et
1896 4973 2051 5013 com-

468 5048 711 5118 portabis
731 5061 1004 5118 aggerem,
1031 5056 1087 5102 et
1115 5047 1267 5104 dabis
1293 5055 1481 5104 contra
1508 5063 1627 5110 eam
1656 5057 1858 5116 castra,
1883 5064 2053 5120 pones

469 5140 670 5196 arietes
701 5138 756 5194 in
784 5152 941 5210 gyro.
981 5157 1000 5192 ι
1033 5136 1143 5195 Sed
1170 5140 1296 5210 quia
1322 5140 1486 5196 verba
1509 5141 1805 5210 prophetia:
1834 5141 1913 5196 sic
1940 5140 2053 5210 ple-

470 5245 699 5303 rumque
720 5238 957 5290 narrant
980 5228 1264 5298 historica,
1279 5237 1339 5286 ut
1361 5244 1460 5302 per
1487 5231 1604 5286 haec
1628 5232 1792 5286 etiam
1824 5231 2050 5302 mystica

468 5323 798 5389 describant,
824 5329 1037 5392 opertet
1076 5329 1138 5377 ut
1164 5321 1282 5377 haec
1310 5322 1498 5377 eadem
1528 5321 1695 5387 dicta,
1722 5337 1842 5392 quae
1864 5331 2050 5391 protu-

462 5412 650 5481 limus,
674 5411 992 5484 spiritaliter
1038 5411 1386 5476 disseramus,
1432 5410 1667 5466 maxime
1712 5413 1836 5482 quia
1871 5414 1924 5467 in
1971 5413 2051 5470 eis

467 5503 848 5575 interponitur,
889 5502 1035 5575 quod
1082 5503 1253 5558 teneri
1296 5516 1453 5572 posse
1491 5504 1557 5557 ad
1588 5502 1822 5559 litteram
1850 5519 1955 5558 non
1979 5505 2050 5559 vi-

469 5594 646 5661 detur,
688 5609 815 5659 cum
851 5594 1049 5650 dicitur
1076 5612 1094 5648 :
1131 5611 1151 5645 ι
1190 5594 1253 5649 Et
1288 5602 1345 5648 tu
1388 5610 1540 5650 sume
1584 5596 1679 5651 tibi
1722 5596 2046 5666 sartaginem

471 5677 727 5750 ferream,
752 5691 808 5740 et
832 5696 1002 5753 pones
1026 5698 1145 5740 eam
1173 5699 1384 5739 murum
1418 5683 1673 5750 ferreum,
1712 5685 1849 5741 inter
1898 5695 1951 5742 te
1995 5695 2045 5742 et

2163 3587 2260 3641 vit.
2304 3585 2444 3653 Quid
2496 3601 2626 3657 ergo
2664 3586 2885 3658 intelligi
2925 3588 3080 3660 juxta
3131 3588 3367 3645 litteram
3419 3598 3628 3661 potest,
3673 3598 3732 3643 ut

2160 3681 2426 3749 praphcta
2456 3681 2599 3736 inter
2650 3696 2710 3737 se
2737 3690 2791 3736 et
2820 3682 3116 3749 civitatem,
3164 3700 3282 3753 qua:
3307 3685 3593 3740 obsidenda
3623 3694 3724 3748 est,

2162 3771 2489 3840 sartaginem
2511 3770 2745 3826 ferream
2779 3773 2981 3841 ponat?
3010 3772 3114 3828 Sed
3137 3773 3384 3844 quamvis
3420 3790 3578 3829 omne
3604 3774 3724 3837 hor,

2163 3863 2306 3930 quod
2337 3862 2390 3916 in
2416 3860 2779 3932 deseriptione
2806 3862 2990 3919 lateris
3031 3864 3134 3919 sub
3159 3865 3311 3935 signo
3334 3862 3772 3939 Hicrosoiymo-.

2162 3970 2279 4009 rum
2304 3947 2535 4010 civitatis
2558 3954 2773 4025 legitur,
2793 3954 2949 4025 juxta
2973 3955 3204 4012 litteram
3230 3956 3430 4012 factum
3457 3959 3523 4014 sit
3539 3999 3554 4022 ,
3576 3958 3725 4012 vobis

2161 4044 2344 4104 tamen
2373 4048 2650 4104 sciendum
2686 4056 2787 4115 est,
2813 4048 2936 4119 quia
2961 4050 3196 4120 typicum
3218 4050 3421 4121 aliquid
3445 4065 3538 4122 per
3555 4062 3723 4106 sarta-

2160 4139 2651 4210 ginem~iiguratur,
2699 4141 2793 4196 sed
2842 4141 3082 4197 obsessio
3109 4140 3561 4213 lerosolymorum
3596 4155 3720 4196 vera

2161 4231 2524 4298 describitur;
2590 4246 2655 4286 ex
2693 4247 2799 4301 qua
2839 4246 2898 4288 re
2952 4231 3275 4288 instruimur
3313 4242 3371 4287 ut
3414 4234 3535 4288 dum
3580 4231 3719 4285 aliud

2160 4326 2655 4397 complctumjuxta
2687 4325 2972 4381 historiam
3018 4306 3242 4391 scimus,
3287 4333 3343 4382 et
3382 4324 3522 4380 aliud
3569 4324 3717 4393 juxta

2160 4406 2439 4471 historiam
2469 4431 2500 4471 a
2546 4416 2753 4472 ratione
2796 4414 3418 4489 vacare'cognoscimus,
3477 4417 3527 4470 in
3568 4428 3717 4469 sacro

2157 4508 2320 4562 verbo
2374 4516 2602 4578 utraque
2640 4514 2936 4575 teneamus,
2977 4516 3245 4579 quatenus
3291 4516 3348 4562 et
3398 4505 3714 4563 obsidionem

2152 4596 2633 4670 .lerosolyntorum,
2653 4615 2773 4669 qua:
2789 4598 2941 4669 juxta
2967 4599 3199 4656 litteram
3226 4599 3559 4671 postmodum
3578 4597 3714 4652 facta

2156 4694 2258 4751 est,
2293 4691 2347 4747 in
2372 4692 2649 4761 propheta:
2669 4691 2848 4747 verbis
2872 4700 2925 4748 et
2962 4691 3120 4748 factis
3141 4693 3423 4749 credamus
3452 4707 3564 4748 esse
3590 4689 3717 4760 ligu—

2158 4787 2352 4845 ratam,
2399 4790 2454 4835 et
2483 4791 2659 4837 tamen
2699 4796 2798 4852 per
2823 4783 3067 4839 eamdem
3112 4783 3471 4850 obsidionem,
3514 4779 3712 4838 obsidio

2158 4871 2279 4937 alia,
2306 4873 2360 4929 id
2388 4882 2492 4939 est,
2520 4875 2743 4931 interior
2776 4876 3106 4949 designetur.
3131 4876 3189 4931 in
3212 4890 3321 4948 qua
3350 4893 3408 4933 re
3438 4876 3711 4948 quoniams

2154 4962 2279 5032 quid
2303 4977 2401 5033 per
2424 4965 2751 5036 sartaginem
2771 4964 3026 5031 ferream,
3053 4982 3172 5037 quae
3194 4982 3384 5024 murus
3410 4966 3605 5037 feruens
3627 4962 3705 5019 di-

2152 5053 2316 5119 citur,
2340 5054 2515 5109 valeat
2540 5055 2829 5127 designari.
2861 5057 3007 5112 illam
3037 5058 3223 5129 itaque
3239 5058 3582 5123 obsidionem,
3606 5067 3706 5124 qua

2154 5140 2611 5214 Jerosolymorum
2656 5138 2850 5202 civitas
2917 5147 3191 5202 destructa
3242 5145 3480 5218 est_jam
3524 5145 3707 5200 factam

2154 5235 2421 5305 novimus,
2458 5235 2552 5291 sed
2579 5236 2738 5291 aliam
2785 5251 2928 5292 nunc
2976 5238 3321 5305 intrinsecus,
3351 5255 3469 5312 quae
3488 5235 3703 5309 quotidie

2155 5324 2355 5395 agitur,
2386 5327 2744 5396 requiramus.
2770 5326 2849 5383 De
2888 5338 2993 5398 qua
3032 5342 3131 5400 per
3158 5330 3599 5400 signiﬁcationem
3625 5324 3705 5380 di—

2156 5416 2334 5469 citur:
2364 5434 2383 5466 ι
2414 5416 2480 5469 Et
2514 5424 2593 5483 tu,
2643 5416 2715 5471 iiii
2761 5418 3015 5484 hominis,
3065 5433 3216 5475 sume
3257 5420 3351 5475 tibi
3384 5420 3610 5480 laterem.
3653 5418 3707 5464 ει

2154 5519 2321 5580 pones
2337 5518 2460 5560 eum
2488 5520 2670 5562 coram
2694 5515 2764 5574 te,
2794 5517 2849 5563 et
2874 5510 3149 5566 describes
3171 5510 3225 5564 in
3250 5524 3315 5565 eo
3334 5510 3594 5564 civitatem
3616 5500 3696 5556 τιοο

2156 5597 2408 5651 rusalern.
2440 5615 2460 5649 ι
2497 5592 2604 5654 Sed
2636 5606 2760 5655 ante
2785 5601 2942 5656 nobis
2969 5604 3315 5671 Quaerendum
3344 5608 3445 5666 est,
3472 5613 3562 5654 cur
3583 5594 3711 5650 Eze-

2155 5687 2294 5743 chiel
2327 5689 2590 5759 propheta
2625 5689 2708 5744 vel
2752 5692 2962 5759 quoties
3015 5691 3267 5747 sublimia
3317 5688 3589 5762 conspicit,
3629 5680 3700 5736 rei
