3954 6182
196 377 283 433 539

1136 368 1487 427 COMMENT.
1527 367 1592 423 IN
1632 366 2079 432 EZECHIELEM.
2126 400 2195 410 -
2230 369 2356 426 LIB.
2400 363 2491 455 .

194 488 390 563 quaties
433 503 596 559 agere
641 487 821 558 aliqua
872 486 1097 556 mystica
1137 483 1378 555 iubetur,
1425 484 1575 554 prius
1609 481 1751 537 illius
1780 491 1827 547 Α
1855 482 2055 536 mulata
2086 484 2375 539 sustinere.
2408 486 2482 539 De
2522 499 2628 554 qua
2656 483 2792 539 bene
2829 480 3045 552 dicitur,
3082 503 3104 537 ι
3140 472 3446 543 οτάἱηιὼἰί

194 577 411 638 hominis
457 576 772 648 appellatur.
820 574 975 647 Saepe
1006 575 1150 630 enim
1182 573 1498 630 sublevatur
1534 573 1603 627 ad
1634 585 1748 627 cm—

195 668 355 733 lestia,
403 677 463 723 et
520 666 747 722 occultis
798 676 959 734 atque
1019 662 1377 718 invisibilibus
1426 663 1590 717 rebus
1635 660 1753 731 eius

193 772 333 813 mens
374 755 635 827 pascitur.
669 752 901 808 Necesse
951 762 1036 807 est
1083 766 1214 823 ergo
1250 759 1309 804 ut
1348 751 1491 805 inter
1519 748 1750 815 occulta,

192 863 294 919 qua:
344 854 615 917 penetrat,
645 843 813 899 Filius
842 842 1075 898 hominis
1131 850 1374 907 vocetur,
1424 849 1485 893 ut
1539 853 1775 914 semper,

190 947 434 1009 agnoscat
459 937 601 1007 quod
622 944 728 1001 est,
754 943 810 990 et
834 949 1108 1003 nunquam
1135 931 1425 989 extollatur
1452 933 1518 986 de
1554 932 1639 986 his
1685 931 1752 987 ad

191 1045 293 1100 qua:
329 1030 563 1083 ducitur.
597 1025 735 1095 Quid
779 1034 862 1083 est
889 1026 1032 1081 enim
1076 1026 1351 1096 prophetat
1379 1025 1446 1078 ad
1488 1023 1751 1093 spiritalia

191 1119 388 1174 elevato
439 1103 655 1188 semper
693 1134 712 1167 ι
746 1114 848 1179 Fili
878 1115 1114 1171 hominis
1151 1135 1170 1168 ι
1207 1113 1425 1169 dicere?
1482 1114 1589 1169 nisi
1628 1127 1753 1168 eum

191 1208 509 1264 inﬁrmitatis
550 1208 784 1278 propria:
816 1220 1113 1262 memorem
1162 1206 1360 1270 facere,
1393 1192 1459 1259 ut
1502 1203 1752 1259 conscius

190 1299 503 1355 conditionis
531 1294 757 1352 inﬁrma!
794 1294 995 1352 elevari
1018 1297 1073 1351 in
1101 1296 1410 1366 cognitione
1429 1309 1535 1349 non
1562 1294 1754 1349 debeat

189 1388 633 1458 deinagnitudine
670 1387 1139 1455 contemplationis
1178 1398 1310 1441 sure.
1339 1383 1475 1451 Quia
1518 1394 1647 1438 vero
1675 1383 1750 1439 is-

189 1480 298 1536 dem
317 1481 597 1551 propheta,
631 1487 761 1533 utet
789 1492 951 1548 supra
970 1475 1085 1545 jam
1112 1476 1371 1539 diximus,
1404 1481 1589 1546 typum
1616 1488 1753 1545 prae-

189 1571 472 1643 dicantium
495 1569 577 1624 vel
593 1569 872 1624 doctorum
898 1575 1067 1632 tenet,
1094 1576 1241 1622 recte
1260 1568 1310 1623 ei
1335 1582 1480 1622 nunc
1511 1566 1749 1621 dicitur:

195 1680 212 1712 ι
238 1659 400 1716 Sume
422 1660 516 1715 tibi
537 1660 781 1725 laterem,
806 1667 861 1712 et
879 1672 1046 1728 pones
1059 1668 1181 1712 enm
1203 1671 1385 1712 coram
1416 1665 1487 1712 te.
1519 1677 1538 1710 ι
1564 1655 1752 1728 anis

187 1752 377 1807 etenim
417 1751 606 1806 doctor
643 1760 766 1805 cum
795 1758 1065 1806 terrenum
1096 1749 1405 1820 quempiam
1451 1720 1749 1803 auditbrem

1855 572 2115 629 adversus
2134 588 2253 628 eam
2280 574 2637 631 obsidionem.
2680 593 2697 625 ι
2737 572 3065 631 Praedicator
3076 574 3274 648 quippe
3297 594 3430 637 con-

1857 670 1941 716 tra
1982 662 2330 717 erudiendam
2385 664 2624 718 animam
2652 664 2985 721 obsidionem
3027 667 3261 732 ordinat,
3304 684 3428 724 cum

1855 755 2260 821 praemuniendo
2289 754 2490 810 indicat
2518 756 2713 826 quibus
2742 769 2801 812 se
2851 755 3028 813 modis
3052 757 3185 815 vitia
3213 759 3430 814 virtuti-

1854 842 1956 896 bus
1985 851 2280 913 apponunt,
2326 844 2593 913 quomodo
2643 845 2855 901 luxuria
2894 847 3201 903 castitatem
3246 847 3426 915 feriat,

1854 931 2090 998 qualiter
2118 932 2198 985 ira
2250 931 2690 1001 tranquillitatem
2720 934 2886 989 animi
2914 926 3214 1006 perturbet,
3253 951 3428 1006 quatt-

1856 1030 1969 1075 tum
2000 1023 2179 1092 inepta
2217 1022 2401 1077 laetitia
2428 1018 2667 1095 vigorem
2693 1026 2893 1082 mentis
2913 1026 3168 1093 resolvat,
3196 1028 3431 1100 qualiter

1854 1111 2255 1182 multiloquium
2284 1114 2637 1170 munitionem
2657 1116 2842 1171 cordis
2870 1118 3133 1182 destruat,
3157 1120 3429 1187 quomodo

1855 1205 2054 1260 invidia
2086 1207 2404 1261 charitatem
2435 1206 2745 1272 interﬁciat,
2768 1200 3215 1280 quemadmodum
3236 1222 3431 1279 super-

1854 1296 1941 1351 bia
1968 1306 2151 1351 arcem
2180 1296 2505 1352 humilitatis
2533 1296 2770 1363 effodiat,
2791 1294 3021 1369 qualiter
3047 1295 3425 1362 fallacia,'cum

1853 1388 2141 1441 veritatem
2190 1388 2243 1442 iu
2289 1400 2540 1444 sermone
2595 1389 2912 1462 corruperit,
2966 1391 3105 1445 hanc
3160 1390 3326 1445 etiam
3372 1393 3426 1442 in

1853 1478 2181 1549 cogitatione
2236 1479 2435 1544 violet,
2487 1487 2545 1534 ut
2582 1481 2676 1568 qui
2725 1496 2913 1535 verum
2974 1480 3158 1537 dicere
3214 1478 3426 1543 noluit,

1852 1566 1996 1635 quod
2071 1561 2376 1633 intellexit,
2430 1568 2544 1639 jam
2590 1561 2714 1625 'nec
2769 1569 3074 1641 intelligat,
3130 1572 3277 1642 quod
3340 1571 3425 1625 di-

1853 1671 1979 1711 cere
1998 1656 2194 1712 valeat.
2224 1654 2520 1713 Ordinatur
2557 1648 2757 1731 ergo'a
2800 1662 3155 1731 praedicatore
3191 1648 3445 1728 obsidio,

1853 1756 1975 1800 cum
2017 1760 2117 1815 per
2167 1755 2370 1802 sancta
2418 1748 2796 1804 admonitionis
2838 1751 3003 1807 verba
3049 1732 3276 1823 singulis
3302 1752 3422 1823 qui-

188 1841 249 1896 ad
282 1840 521 1896 caelestis
550 1840 705 1896 verbi
729 1840 1031 1895 doctrinam
1061 1840 1309 1910 suscipit,
1335 1839 1558 1894 laterem
1595 1852 1750 1893 assu-
1781 1839 1825 1898 Β
1853 1834 2057 1903 busque
2089 1832 2172 1890 vel
2206 1834 2401 1906 quibus
2430 1839 2605 1893 modis
2649 1840 2780 1894 vitia
2822 1836 3145 1897 insidientur
3185 1843 3422 1898 ostendi-

191 1935 296 2000 mit,
327 1934 421 2003 qui
458 1935 583 1988 dum
614 1932 760 2003 loqui
790 1933 1019 2013 eruperit
1065 1946 1186 2004 qua:
1225 1932 1296 1986 sit
1334 1931 1613 1987 retributio
1640 1944 1753 1985 (εω-

190 2022 332 2076 lestis
360 2021 569 2092 patriae,
594 2035 716 2092 qua:
742 2019 883 2075 visio
909 2019 1060 2090 pacis
1083 2033 1353 2090 supernae,
1377 2019 1648 2074 civitatem
1668 2017 1756 2073 Je-

191 2110 417 2169 rusalem
461 2110 717 2178 describit
770 2109 826 2167 in
866 2111 1058 2177 latere,
1093 2126 1251 2182 quem
1292 2122 1474 2166 coram
1499 2125 1558 2166 se
1580 2111 1752 2182 ponit,

188 2207 306 2277 quia
334 2206 542 2261 intenta
568 2211 749 2260 mente
781 2203 1094 2274 qualitatem
1123 2202 1392 2258 audientis
1421 2196 1753 2267 Considerat,

190 2296 238 2350 id
268 2306 374 2361 est,
398 2350 407 2361 ,
427 2292 731 2365 profectum
759 2293 843 2347 vel
889 2291 1158 2348 defectum
1192 2292 1478 2364 conspicit,
1511 2299 1565 2346 et
1597 2290 1753 2360 juxta

1854 1934 1964 1980 tur.
1992 1923 2062 1980 Et
2085 1936 2273 1981 contra
2316 1925 2636 1995 Jerusalem,
2676 1940 2839 2000 quam
2866 1933 3122 1988 describit
3148 1935 3203 1988 in
3235 1926 3425 1989 latere.

1853 2013 2174 2085 praedicator
2203 2016 2529 2073 munitiones
2558 2010 2807 2084 aedificat,
2850 2022 3068 2092 quando
3107 2012 3247 2076 mala
3273 2036 3422 2092 quac-
3510 2088 3519 2093 θ

1853 2116 1979 2173 que,
2028 2118 2195 2173 quam
2233 2102 2438 2159 munita
2456 2114 2658 2161 contra
2689 2116 2926 2163 mentem
2952 2109 3177 2164 veniant
3208 2109 3426 2165 demon—

1853 2205 2011 2264 strat,
2036 2202 2096 2253 ut
2122 2208 2242 2256 sese
2273 2197 2405 2254 vitia
2431 2198 2533 2256 sub
2559 2200 2820 2257 virtutum
2848 2202 3027 2273 specie
3068 2201 3428 2267 abscondant,

1853 2297 2119 2358 quatenus
2137 2330 2153 2355 ,
2180 2293 2323 2345 sicut
2351 2291 2625 2375 saepeiam
2650 2292 2905 2359 diximus,
2958 2293 3313 2350 immoderata
3344 2293 3425 2349 ira
3459 2280 3462 2284 λ

188 2384 298 2454 eius
338 2380 748 2456 intelligentiam
792 2372 1196 2454 pratdieationis
1222 2394 1335 2437 suae
1378 2382 1542 2437 verba
1574 2380 1757 2443 mode:
1847 2381 2057 2453 justltia
2089 2382 2261 2436 videri
2291 2372 2508 2454 appetat
2544 2394 2615 2441 .et
2657 2384 2955 2456 disciplinae
3005 2386 3250 2442 remissio
3279 2402 3427 2441 man-

190 2488 355 2543 ratur,
391 2488 455 2533 ut
500 2477 730 2533 describi
772 2466 825 2531 in
863 2476 1129 2532 audientis
1163 2482 1400 2530 mentem
1445 2473 1639 2528 civitas
1663 2470 1755 2529 Je-

191 2567 440 2630 rusalem,
484 2565 537 2619 id
566 2573 671 2629 est,
718 2564 855 2620 visio
890 2565 1042 2634 pacis
1098 2562 1291 2633 possit.
1341 2561 1564 2617 Dicatur
1603 2574 1754 2632 ergo,

193 2676 213 2709 ι
251 2656 417 2713 Sume
460 2656 555 2710 tibi
589 2655 854 2721 laterem;
892 2668 910 2708 ι
953 2654 1008 2710 id
1039 2664 1142 2719 est,
1175 2654 1407 2724 proximi
1455 2663 1553 2708 cor
1580 2661 1751 2706 terre-

190 2765 369 2815 num,»
400 2760 568 2818 pones
596 2762 719 2803 eum
744 2758 928 2803 coram
955 2758 1033 2804 te:
1055 2747 1292 2803 «scilicet
1322 2756 1382 2801 ut
1408 2746 1572 2810 vitam
1595 2754 1758 2816 atque

192 2837 516 2894 intellectum
566 2836 707 2891 illius
760 2836 966 2891 intenta
1014 2844 1195 2890 mente
1256 2830 1547 2905 custodias.
1605 2850 1623 2885 ι
1691 2824 1773 2889 Ει’

191 2927 465 2983 describes
488 2929 546 2982 in
589 2942 654 2982 eo
681 2926 956 2982 civitatem
1002 2922 1337 2993 Jerusalem;
1389 2940 1406 2979 δ
1459 2934 1519 2980 ut
1556 2926 1605 2981 ei
1639 2940 1759 2997 qua:

189 3020 294 3073 sint
342 3030 577 3089 superna
621 3015 817 3089 gaudia
867 3012 932 3071 de
967 3017 1175 3072 visione
1222 3017 1375 3087 pacis
1426 3016 1755 3071 innotescas.

190 3109 350 3177 Quasi
398 3109 540 3163 enim
583 3106 695 3177 jam
735 3105 1031 3162 Jerusalem
1063 3108 1115 3161 in
1158 3106 1327 3163 latere
1357 3106 1624 3177 descripta
1652 3116 1756 3173 est,

1854 2470 2083 2529 suetu'do
2104 2472 2278 2529 videri
2303 2474 2454 2545 velit,
2470 2482 2526 2533 et
2549 2478 2756 2533 tenacia
2778 2492 2897 2533 sese
2921 2474 3310 2549 pareimoniam
3327 2495 3427 2534 no-

1856 2562 2049 2627 minet,
2078 2567 2134 2618 et
2155 2556 2463 2621 inordinata
2492 2580 2674 2622 rerum
2697 2567 2885 2624 effusio
2908 2584 2967 2637 se
2998 2567 3429 2624 benevolentiam

1820 2651 2086 2723 ‘appellet
2135 2672 2149 2707 :
2190 2657 2344 2727 quaSi
2384 2657 2533 2711 enim
2572 2657 2849 2715 aediﬁcata:
2874 2658 3200 2720 munitiones
3240 2670 3435 2715 contra

1857 2751 2094 2799 tuentem
2127 2753 2273 2812 sunt,
2296 2746 2511 2816 quando
2538 2747 2669 2802 vitia
2704 2747 2819 2803 sub'
2844 2748 3106 2813 virtutum
3134 2747 3314 2819 specie
3337 2763 3434 2803 ex-

1856 2843 2127 2900 crescunt,
2156 2844 2211 2891 et
2251 2836 2304 2892 in
2320 2837 2437 2893 'alto
2465 2854 2523 2894 se
2546 2841 2836 2896 ostendunt
2858 2854 2958 2912 per
2983 2841 3284 2911 imaginem,
3312 2856 3435 2912 qua

1859 2925 1915 2980 in
1951 2925 2062 2981 imo
2080 2923 2263 2996 jaceat
2291 2943 2508 3001 semper
2531 2945 2629 3002 per
2654 2931 2942 2987 actionem.
2960 2928 3149 2987 Adhuc
3177 2930 3431 2986 additur:

1864 3037 1885 3072 ς
1921 3016 1990 3074 Et
2027 3019 2392 3089 edmpdrtabis
2442 3035 2713 3094 aggerem.
2742 3022 2770 3075 ἰ
2826 3021 2944 3089 Quo
2977 3022 3119 3078 enim
3166 3038 3318 3078 mens
3345 3022 3440 3077 de-

1842 3106 2098 3183 :siderare
2117 3108 2358 3167 cmlestla
2384 3112 2628 3182 coeperit,
2645 3121 2699 3168 et
2723 3113 2775 3167 in
2798 3113 2944 3168 illam
2972 3112 3189 3184 maligni
3215 3112 3439 3183 spiritus

191 3206 315 3255 cum‘
354 3176 754 3255 terrenameus
808 3198 1037 3267 coeperit
1083 3210 1201 3267 quae
1244 3199 1355 3253 sint
1404 3198 1494 3252 illa
1534 3176 1760 3252 interna:
1786 3176 2257 3263 Crtentationibus
2306 3194 2419 3256 suis
2469 3176 2726 3257 terrenas
2800 3202 3031 3272 amplius
3084 3176 3438 3272 cogitationes

191 3294 339 3364 pacis
388 3290 584 3363 gaudia
632 3303 763 3345 vera
824 3301 1169 3360 cognoscere,
1216 3287 1284 3345 ad
1326 3288 1761 3360 conspiciendam

191 3384 423 3454 gloriam
451 3381 640 3453 patria:
667 3380 909 3436 caelestis
955 3368 1232 3447 anhelare,
1266 3380 1420 3451 quasi
1446 3380 1657 3437 interna
1685 3380 1764 3434 vi-

191 3473 273 3526 sio
300 3472 451 3543 pacis
479 3469 823 3537 describitur,
855 3469 1070 3541 quando
1082 3478 1251 3525 ‘mens
1272 3484 1391 3540 qua:
1413 3470 1565 3541 prius
1588 3454 1769 3524 terre!

191 3580 258 3617 na
309 3571 584 3634 sapuerat,
630 3570 733 3633 per
756 3572 999 3616 amorem
1037 3560 1149 3630 jam
1186 3560 1261 3616 ad
1302 3544 1771 3630 contemplandum

193 3655 423 3725 gloriam
454 3653 603 3726 regni
628 3652 865 3708 caelestis
892 3653 1136 3708 elevatur
1169 3668 1183 3706 :
1209 3651 1304 3708 sed
1321 3664 1443 3707 mox
1467 3657 1528 3705 ut
1557 3650 1770 3705 animus

192 3762 384 3801 amare
418 3743 661 3801 cmlcstla
690 3743 936 3815 cmperit,
980 3758 1109 3799 mox
1137 3752 1200 3798 ut
1228 3740 1296 3797 ad
1324 3743 1587 3798 visionem
1625 3740 1771 3812 pacis

193 3838 404 3894 intinue
442 3845 555 3892 tota
608 3850 669 3917 se
711 3818 1011 3890 intentione
1053 3833 1349 3906 collegerit,
1383 3832 1637 3902 antiquus
1685 3830 1774 3885 ille

190 3934 558 3997 adversarius,
600 3930 693 4003 qui
724 3930 789 3987 de
821 3928 961 3987 coelo
987 3929 1173 4000 lapsus
1201 3939 1306 3989 est,
1349 3924 1574 3991 invidet,
1604 3933 1659 3983 et
1687 3924 1773 3979 ini

191 4028 389 4083 sidiari
433 4020 923 4096 amplius‘incipi‘t,
983 4008 1224 4077 acriores
1275 4033 1438 4090 quam
1487 4026 1778 4073 consuerat

191 4121 525 4175 tentationes
568 4118 839 4183 admovet,
883 4117 958 4172 ita
989 4124 1046 4171 ut
1070 4114 1387 4186 plerumque
1417 4111 1495 4167 sic
1518 4102 1775 4166 resistcnl

193 4222 313 4267 tem
362 4212 598 4266 animum
651 4218 839 4275 tentet,
873 4209 1013 4279 sicut
1051 4215 1177 4262 ante
1225 4219 1499 4275 nunquam
1537 4192 1778 4259 tentavei

192 4314 307 4369 rat,
334 4305 543 4374 quando
572 4302 902 4373 possidebat.
962 4288 1409 4369 Unde’scriptutn
1444 4305 1525 4352 est
1544 4286 1567 4350 7:
1600 4315 1617 4347 ι
1653 4293 1775 4359 Fili,

189 4396 464 4452 accedens
488 4396 556 4450 ad
584 4394 863 4450 servitium
894 4392 1009 4457 Dei,
1033 4402 1115 4448 sta
1144 4390 1197 4446 in
1221 4389 1431 4460 iustitia
1473 4398 1525 4444 et
1550 4388 1776 4452 timore,

191 4496 253 4541 et
278 4501 523 4556 pramara
549 4485 783 4540 animam
810 4496 956 4538 tuam
977 4484 1043 4539 ad
1066 4483 1417 4536 tentationem
1441 4478 1629 4553 (Eccli.
1660 4479 1773 4551 11).»

1861 3286 2209 3363 exaggerant.
2246 3292 2513 3363 Propheta
2542 3307 2671 3365 ergo
2693 3308 2947 3364 aggerem
2966 3299 3287 3361 comportat,
3315 3306 3445 3345 cum

1864 3368 2203 3454 praedicator
2224 3378 2444 3437 Sanctus
2467 3383 2624 3438 bonis
2651 3382 2929 3438 mentibus
2958 3383 3192 3454 qualiter
3223 3388 3439 3437 terrena

1866 3470 2132 3526 desideria
2156 3472 2448 3541 subrepere
2467 3471 2643 3529 solent
2662 3472 2963 3537 denuntiat,
2977 3481 3141 3543 atque
3159 3471 3335 3527 adhuc
3352 3471 3444 3526 ad—

1869 3554 2045 3614 ditur:
2088 3578 2107 3610 ι
2140 3551 2209 3614 Et
2232 3558 2386 3615 dabis
2408 3569 2596 3637 contra
2626 3570 2747 3617 eam
2764 3569 3032 3625 castra,.,et
3054 3560 3221 3632 pones
3246 3560 3445 3615 arietes

1871 3650 1924 3705 in
1952 3666 2104 3723 gyro.
2154 3654 2173 3705 i
2210 3636 2373 3731 Quasi
2419 3653 2510 3708 dat
2535 3661 2722 3709 contra
2755 3652 2987 3707 animam
3020 3652 3208 3709 doctor
3240 3661 3443 3719 castra,

1870 3740 2087 3819 quando
2122 3741 2481 3820 malignoi-um
2513 3742 2796 3813 spirituum
2826 3751 3016 3800 contra
3042 3759 3162 3800 eam
3192 3742 3445 3800 collectas

1873 3839 2037 3901 atque
2067 3831 2337 3887 adunatas
2390 3831 2616 3888 insidias
2649 3833 2869 3899 indicat,
2901 3841 2960 3888 ut
3007 3833 3297 3905 aliquando
3336 3850 3446 3889 nou

1874 3920 2216 3977 solummodo
2246 3936 2313 3976 ex
2339 3934 2466 3989 uno,
2498 3922 2592 3978 sed
2631 3938 2699 3979 ex
2729 3923 2941 3979 cunctis
2972 3924 3116 3981 vitiis
3139 3923 3297 3980 simul
3336 3934 3451 3980 ten-

1876 4023 2009 4072 tent.
2039 4015 2173 4072 Nam
2204 4025 2330 4073 sunt
2352 4016 2597 4088 qutcdam
2651 4018 2801 4084 vitia,
2832 4019 2988 4091 quasi
3019 4034 3114 4090 per
3160 4007 3452 4091 quamdam

1876 4110 1978 4166 sibi
2004 4110 2381 4183 cognationem
2400 4110 2722 4182 propinqua,
2742 4110 2882 4166 sicut
2904 4111 3186 4169 dissolutio
3208 4108 3452 4182 spiritus,
3512 4094 3517 4099 ’

1877 4204 2150 4275 appetitam
2178 4204 2336 4277 gulze,
2366 4214 2421 4259 et
2459 4204 2797 4273 immunditia
2828 4202 3073 4268 luxuriae,
3102 4203 3244 4260 sicut
3279 4202 3456 4257 multi-

1877 4292 2141 4363 loquium,
2189 4292 2406 4349 fallacia
2452 4304 2614 4369 atque.
2658 4292 2976 4365 perjurium.
3023 4290 3099 4347 Ex
3127 4288 3457 4346 dcsolatione

1880 4376 2282 4462 [diss'olutione]
2332 4389 2537 4461 quippe
2584 4387 2807 4463 spiritus
2857 4402 3010 4451 meus
3056 4385 3139 4447 ad
3169 4382 3457 4455 ingluviem

1878 4486 2089 4557 ventris
2134 4487 2364 4558 rapitur,
2410 4496 2466 4541 et
2499 4485 2627 4540 dum
2670 4483 2806 4541 cibis"
2832 4490 3034 4539 .venter
3091 4481 3350 4547 tenditur,
3390 4480 3461 4536 ad

193 4576 358 4633 [itide
402 4575 455 4630 et
506 4574 868 4630 dmmoniacus
905 4572 1082 4643 qui-a
1143 4570 1370 4625 Domino
1421 4576 1658 4643 sanatur,
1712 4569 1779 4622 ab
1808 4556 1858 4613 D
1887 4556 2157 4634 ιυχω-ίοω
2198 4556 2336 4635 ⁷(τειιτο
2366 4576 2683 4641 κωδίων,
2723 4573 3084 4645 superbiendo
3119 4573 3351 4645 captiva.
3391 4572 3462 4627 Et

190 4674 436 4721 exeunte
455 4665 698 4720 daemone
719 4663 1062 4746 discerpitur,
1077 4646 1493 4731 sicut‘scriptum
1515 4668 1597 4715 est
1617 4679 1637 4735 ⁸ε
1672 4678 1688 4710 ι
1710 4659 1786 4713 Et

189 4756 468 4818 clamans,
526 4761 581 4807 et
625 4752 854 4808 multum
908 4752 1222 4821 discerpens
1275 4764 1398 4804 eum
1439 4750 1571 4804 exiit
1611 4752 1679 4804 ab
1721 4763 1785 4804 eo

193 4842 401 4914 (Han.
440 4843 539 4914 ut).
579 4863 599 4895 ι
624 4842 796 4897 Debet
819 4854 948 4912 ergo
977 4840 1264 4912 vigilanter
1285 4840 1476 4895 doctor
1497 4838 1784 4910 proﬁcien-

191 4937 241 4989 ti
299 4935 664 5004 animm,un
709 4933 855 4988 illam
907 4930 1235 4987 tentationes
1279 4939 1597 5002 sequantur,
1632 4931 1787 4985 inno-

194 5037 437 5093 tescere,
463 5034 527 5081 ut
565 5033 784 5081 cautam
810 5038 869 5081 se
898 5023 1077 5079 valeat
1104 5032 1294 5078 contra
1320 5021 1537 5094 maligni
1567 5022 1788 5092 Spiritus

193 5116 437 5171 insidias
473 5128 804 5186 praeparare.
858 5112 1011 5169 Unde
1048 5115 1183 5169 bene
1225 5128 1367 5168 nunc
1415 5122 1537 5183 post
1587 5113 1793 5167 descri-

192 5213 363 5276 ptam
391 5205 665 5260 civitatem
697 5199 994 5258 Jerusalem
1023 5204 1078 5257 in
1115 5202 1306 5269 latere,
1338 5200 1791 5271 diciturprophe-

193 5311 281 5356 uc
315 5318 329 5353 :
363 5319 382 5351 ε
418 5299 487 5354 Et
539 5298 816 5379 ordinabis
872 5297 1131 5352 adversus
1168 5305 1286 5352 eam
1335 5284 1690 5357 obsidionem,
1743 5301 1799 5348 et

192 5389 509 5447 :edilicabis
542 5390 890 5455 munitiones,
935 5398 989 5445 et
1039 5387 1403 5459 comportabis
1450 5401 1720 5457 aggerem.
1772 5405 1788 5437 ι

192 5480 269 5537 ιη
310 5496 410 5550 qua
442 5480 587 5537 enim
614 5480 725 5551 jam
756 5465 911 5551 pacis
937 5481 1074 5536 visio
1116 5479 1461 5544 describitur,
1493 5476 1543 5533 ei
1575 5492 1798 5533 necesse

193 5579 329 5635 est,
368 5580 427 5624 ut
472 5571 833 5625 tentationum
880 5570 1082 5624 bellum
1130 5570 1428 5633 nuntietur,
1460 5582 1586 5622 nam
1615 5576 1673 5622 ut
1704 5583 1799 5620 v.1-

196 5659 336 5716 leat
380 5658 470 5714 illa
520 5659 672 5730 pacis
710 5659 905 5730 gaudia
936 5650 1136 5713 interna
1161 5660 1493 5729 pertingere,
1524 5657 1664 5713 hanc
1712 5657 1802 5711 hic

202 5751 411 5822 meo!
458 5749 625 5806 dubio
672 5758 885 5819 oportet
921 5748 1331 5805 tribulationum
1370 5749 1666 5805 certamina
1704 5763 1801 5803 cu-

1796 4890 1873 4954 GI)

1890 4656 2102 4724 rursum
2124 4685 2190 4725 ex
2218 4664 2558 4738 multiloquio
2585 4664 2799 4721 fallacia
2816 4671 3129 4737 generatur,
3158 4661 3286 4733 quia
3302 4661 3463 4719 valde

1889 4757 2103 4815 dillicilc
2125 4765 2229 4823 est,
2258 4766 2319 4814 ut
2341 4756 2436 4828 qui
2465 4755 2636 4811 multa
2664 4754 2903 4824 loquitur
2923 4770 3029 4810 non
3048 4754 3212 4810 etiam
3240 4753 3465 4811 mentia-

1890 4854 1997 4901 tur.
2058 4843 2212 4917 Sarpe
2265 4843 2608 4900 mendacium
2651 4842 2815 4911 etiam
2867 4841 3105 4913 perjurio
3139 4840 3358 4915 tegitur,
3402 4847 3468 4897 ut

1891 4944 2018 4991 ante
2066 4936 2302 4991 humana
2324 4933 2530 5007 judicia
2553 4931 2781 4991 veletur.
2814 4931 3080 5004 Superbia
3106 4947 3321 5003 quoque
3345 4943 3467 4988 esse

1891 5027 2009 5080 sine
2052 5024 2253 5081 invidia
2294 5010 2583 5084 aut,iuani
2604 5023 2773 5097 gloria
2808 5022 3114 5079 nullatenus
3140 5030 3339 5093 potest.
3369 5021 3470 5077 Su-

1891 5116 2088 5185 perbus
2118 5116 2316 5171 etenim
2360 5114 2587 5185 quisque
2610 5110 2873 5193 honorem
2916 5127 3076 5185 quem
3116 5113 3230 5184 ipse
3277 5110 3469 5176 ambit,

1850 5218 1855 5221 λ
1897 5205 2016 5259 aliis
2061 5206 2281 5261 invidet.
2315 5204 2538 5261 Etcum
2590 5205 2735 5260 hunc
2768 5201 2998 5260 fortasse
3050 5201 3363 5267 obtinuerit,
3414 5202 3471 5255 in

1897 5295 2129 5349 elatione
2168 5294 2351 5365 gloriae
2403 5293 2716 5365 temporalis
2766 5291 3051 5358 attollitur,
3118 5304 3280 5361 atque
3326 5288 3473 5359 quod

1900 5385 2036 5438 alios
2062 5383 2322 5453 conspicit
2345 5383 2562 5439 minime
2585 5382 2862 5453 percipere
2882 5382 3135 5452 potuisse,
3162 5381 3265 5435 hoc
3291 5393 3352 5435 se
3374 5391 3474 5447 per

1902 5475 2120 5549 inanem
2149 5473 2374 5542 gloriam
2413 5464 2613 5545 gaudet
2637 5487 2747 5545 pne
2775 5472 2988 5533 caeteris
3023 5471 3242 5526 habere.
3291 5466 3473 5523 Scien-

1904 5568 2028 5624 dum
2058 5583 2271 5638 quoque
2307 5575 2410 5631 est,
2455 5565 2596 5637 quod
2618 5579 2759 5637 szepe
2784 5563 3035 5627 nonnulla
3061 5562 3190 5616 vitia
3216 5562 3283 5616 ad
3324 5574 3475 5615 men-

1906 5668 2012 5715 tem
2051 5675 2158 5714 non
2183 5656 2341 5713 simul
2362 5657 2616 5723 veniunt,
2661 5654 2753 5712 sed
2784 5660 3177 5725 supponuntur,
3207 5659 3267 5709 nt
3307 5664 3473 5707 unum

1909 5750 2063 5805 alteri
2091 5750 2148 5803 in
2177 5750 2471 5804 tentatione
2493 5747 2763 5804 succedat.
2798 5745 2864 5800 Et
2892 5743 3034 5800 aliud
3060 5752 3249 5799 contra
3280 5740 3478 5797 faciem
