3954 6182
526 356 624 412 591

1230 349 1290 403 Β.
1332 347 1581 402 RABANI
1618 347 1834 404 MAUlil
1872 349 2105 404 AllCHII

2229 348 2534 405 MOGUNT.
2575 345 2858 403 OPERUM
2897 343 3076 400 PARS
3111 344 3175 400 ll.

3661 347 3760 405 59?.

524 468 692 534 venit,
707 465 853 522 aliud
877 478 1008 520 vero
1031 463 1083 517 in
1114 461 1466 516 tentationem
1491 474 1552 514 se
1572 474 1636 514 ex
1665 459 1836 514 latere
1861 458 2096 527 sulijieit,
2128 467 2174 525 Α
2201 459 2365 513 etiam
2393 458 2635 512 severius
2663 455 2886 526 agendo.
2920 455 2997 510 De
3026 471 3132 524 qua
3160 464 3304 510 recte
3329 457 3614 512 severitate
3639 460 3753 513 sub-

526 570 796 632 quatenus
817 557 944 611 dum
957 553 1110 608 alteri
1133 551 1422 617 resistitur,
1444 551 1512 607 ab
1527 549 1696 606 altero
1712 566 1863 607 mens
1875 553 2100 621 decepta

529 650 788 720 rapiatur.
813 647 930 716 ipsa
955 645 1120 708 enim,
1146 657 1264 712 qua:
1292 643 1541 712 superius
1565 643 1798 698 diximus
1827 643 1957 697 vitia
1985 642 2103 712 ple-

529 754 753 808 rumque
772 754 831 792 se
851 737 953 790 alia
978 749 1077 805 pro
1096 732 1214 788 aliis
1232 732 1428 788 furtive
1443 741 1771 803 supponunt.
1789 730 1942 788 Sicut
1963 746 2100 786 non-

528 843 802 898 nunquam
831 826 957 879 dum
987 824 1126 878 iram
1168 823 1389 878 vincere
1418 823 1473 877 in
1511 821 1912 894 nobismetipsis
1941 836 2107 877 cona-

527 936 666 981 mur,
703 917 987 988 plusquam
1016 929 1236 970 necesse
1265 922 1348 971 est
1376 914 1572 970 lenitas
1601 923 1834 968 mentem
1853 921 2100 984 occupat,

527 1020 586 1064 ut
599 1008 942 1079 asperitatem
957 1005 1328 1078 peccantibus,
1343 1021 1504 1076 quam
1516 1013 1728 1075 oportet
1739 1004 1958 1059 minime
1972 1019 2108 1074 pne-

525 1109 710 1172 ponat.
743 1098 895 1168 Smpe
938 1113 1066 1154 vero
1092 1098 1217 1152 dum
1245 1098 1402 1152 nobis
1429 1097 1604 1152 inesse
1646 1097 1865 1152 incauta
1912 1097 2106 1152 lenitas

445 1229 450 1234 ι
529 1192 794 1259 displicet,
823 1189 970 1243 zelus
1006 1205 1064 1242 se
1101 1187 1170 1242 ad
1199 1186 1465 1242 fervorem
1499 1187 1685 1254 trahit,
1741 1195 1903 1258 atque
1950 1197 2104 1242 extra

527 1280 803 1348 patientia:
859 1279 1086 1332 limitem
1139 1277 1382 1332 animum
1433 1277 1704 1346 captivum
1763 1277 1930 1332 ducit.
1967 1276 2104 1344 Quia

528 1389 660 1444 ergo
711 1371 973 1442 permisla
1023 1367 1184 1423 simul
1231 1368 1363 1422 vitia
1405 1377 1568 1438 atque
1615 1368 1853 1422 adunata
1913 1377 2103 1423 contra

530 1471 766 1517 mentem
808 1460 1050 1523 veniunt,
1087 1465 1236 1513 recte
1275 1456 1330 1512 in
1377 1456 1747 1528 prmdicatoris
1775 1471 1871 1511 ore
1915 1465 2104 1513 contra

530 1545 858 1622 descriptam
887 1547 1188 1606 Jerusalem
1223 1555 1402 1603 castra
1444 1555 1836 1618 proponuntur.
1878 1547 1944 1601 Et
1978 1548 2103 1617 quia

531 1641 822 1712 aliquando
840 1639 1048 1710 singula
1073 1639 1202 1692 hinc
1232 1638 1356 1693 inde
1381 1647 1617 1692 mentem
1639 1636 1861 1704 feriunt,
1892 1638 1945 1692 in
1975 1654 2105 1710 gyro

531 1731 732 1785 arietes
756 1729 1098 1784 ordinantur.
1138 1725 1298 1780 Ponit
1322 1741 1450 1798 ergo
1477 1725 1801 1796 praedicator
1825 1728 2024 1782 arietes
2051 1728 2106 1782 in

2205 551 2372 604 ditur.
2406 569 2423 600 ι
2449 550 2515 603 Ει
2542 548 2857 605 oblirmahis
2879 547 3070 602 faciem
3099 554 3246 602 tuam
3265 549 3331 603 ad
3353 565 3494 614 eam,
3521 560 3576 604 et
3593 554 3691 607 erit
3710 554 3761 606 in

2203 639 2558 695 obsidionem.
2573 659 2591 692 ι
2613 638 2750 706 Quid
2765 637 3151 692 estobfirmare
3173 637 3365 693 faciem
3390 640 3456 694 ad
3474 637 3763 696 Jerusalem

2205 729 2262 784 in
2291 729 2463 786 latere
2492 728 2842 798 descriptam,
2875 727 2978 781 nisi
3015 735 3078 782 ut
3103 726 3154 784 ei
3190 729 3404 791 animm,
3425 729 3512 784 cui
3541 733 3766 787 caelestis

2203 819 2352 888 pacis
2386 819 2577 873 doctor
2601 817 2866 872 visionem
2911 815 3213 884 denuntiat,
3249 818 3294 873 si
3321 819 3498 874 adhuc
3533 835 3649 874 eam
3687 822 3757 874 in-

2205 910 2408 964 firmari
2435 910 2488 963 in
2510 909 2622 965 suis
2650 908 2859 964 actibus
2887 910 3172 981 conspicit,
3201 911 3563 966 remissiorem
3586 922 3634 966 et
3663 914 3762 967 cle-

2204 1001 2524 1055 mentiorem
2552 1015 2610 1054 se
2632 999 2914 1054 ostendat?
2947 999 3099 1055 Unde
3126 1002 3390 1072 scriptum
3421 1013 3507 1058 est
3533 1021 3545 1057 :
3579 1023 3598 1055 ι
3630 1003 3763 1059 Filia:

2204 1092 2300 1146 tibi
2332 1093 2488 1147 sunt?
2509 1108 2665 1147 serva
2707 1107 2904 1160 corpus
2922 1107 3129 1158 earum,
3157 1102 3211 1148 et
3241 1109 3347 1149 non
3367 1097 3622 1151 ostendas
3651 1098 3766 1152 hila-

2205 1196 2317 1235 rem
2349 1180 2542 1237 faciem
2566 1190 2713 1236 tuam
2735 1182 2801 1237 ad
2825 1181 3160 1253 illas‘(Eccli.
3176 1183 3295 1257 vn).
3328 1205 3346 1237 ι
3371 1185 3605 1240 lnlirma:
3625 1189 3765 1258 quip-

2204 1257 2270 1342 pe
2307 1272 2517 1335 animae.
2563 1281 2726 1343 atque
2764 1273 2830 1328 ad
2863 1273 3160 1344 appetitum
3196 1275 3380 1330 mundi
3427 1257 3653 1342 deditae,
3680 1257 3767 1332 ali-

2204 1361 2419 1432 quando
2443 1363 2636 1418 melius
2658 1378 2725 1418 ex
2754 1363 3044 1418 severitate
3071 1373 3380 1430 servantur,
3408 1374 3469 1420 ut
3492 1366 3764 1421 obfirmata

2205 1451 2397 1519 facies,
2422 1453 2477 1507 id
2511 1462 2612 1519 est,
2641 1468 2738 1524 per
2762 1454 3066 1530 severitatis
3091 1455 3390 1510 custodiam
3420 1457 3488 1510 ab
3515 1457 3660 1510 omni
3683 1473 3766 1526 spe

2205 1542 2411 1607 frivolae
2463 1543 2797 1598 remissionis
2833 1543 3064 1598 abducta
3103 1543 3497 1600 inconstantem
3541 1547 3768 1601 animam

2205 1641 2428 1700 terreat,
2462 1643 2625 1703 atque
2649 1649 2681 1688 a
2716 1633 3002 1690 dilectione
3029 1634 3285 1690 vitiorum
3327 1636 3676 1693 districtionis
3697 1639 3767 1692 vi-

2205 1739 2333 1796 gore
2363 1724 2714 1796 constringat.
2739 1724 2892 1792 Quod
2918 1741 3042 1780 cum
3064 1741 3095 1780 a
3116 1725 3336 1780 doctore
3361 1726 3540 1798 agitur
3571 1743 3768 1796 semper

531 1838 684 1894 gyro,
712 1821 838 1876 dum
865 1829 1023 1875 caute
1049 1819 1354 1882 denuntiat,
1379 1833 1543 1888 quam
1565 1829 1724 1874 caute
1743 1817 1952 1874 luxuria
1983 1833 2107 1888 per-
2132 1812 2180 1870 B
2206 1831 2427 1873 necesse
2450 1825 2555 1882 est,
2576 1825 2637 1872 ut
2664 1817 2891 1873 dulcedo
2931 1825 2986 1872 et
3013 1817 3288 1872 humilitas
3325 1819 3378 1873 in
3410 1820 3577 1874 corde
3606 1830 3767 1874 tenea-

532 1916 698 1979 cutit,
733 1928 895 1983 quam
938 1927 1130 1980 aspere
1168 1910 1504 1980 impatientia
1554 1911 1784 1976 occidat,
1837 1926 2000 1980 quam
2032 1909 2107 1964 lac

535 2005 747 2061 boriose
777 2004 1003 2058 avaritia
1026 2003 1274 2057 accendit
1306 2010 1361 2056 et
1402 2003 1684 2066 interimit,
1715 2017 1878 2072 quam
1906 2002 2108 2058 tumide

534 2094 785 2164 superbia
808 2091 1122 2162 exstinguit.
1138 2091 1194 2145 1n
1208 2089 1536 2161 gyroitaque
1556 2089 1756 2145 arietes
1779 2105 2002 2160 ponere,
2024 2097 2108 2143 est

534 2181 878 2252 praedicando
925 2179 1212 2234 ostendere
1237 2177 1328 2248 qui
1356 2177 1594 2249 undique
1623 2177 1833 2233 soleant
1871 2179 2106 2232 animam

532 2287 826 2328 mucrones
863 2270 1117 2325 vitiorum
1147 2267 1328 2324 ferire.
1377 2267 1672 2338 Sequitur:
1701 2287 1721 2320 t
1760 2265 1828 2323 Et
1867 2278 1924 2323 tu
1956 2283 2109 2324 sume

531 2361 628 2416 tibi
676 2359 1006 2430 sartaginem
1036 2359 1284 2423 ferream,
1314 2367 1368 2412 et
1405 2374 1574 2429 pones
1607 2375 1729 2419 eam
1759 2375 1973 2415 murum
2003 2358 2109 2416 fcr-

537 2469 690 2508 renm
739 2454 880 2509 inter
933 2462 986 2509 te
1033 2461 1089 2508 et
1118 2449 1439 2509 civitatem.'
1471 2474 1490 2507 ι
1529 2453 1664 2522 Quia
1716 2453 1921 2510 ferrum
1969 2455 2108 2510 forte

531 2541 811 2600 metallum
861 2550 963 2607 est,
994 2543 1131 2597 etin
1156 2543 1431 2614 sartagine
1483 2543 1636 2598 cibus
1683 2541 1918 2615 frigitur.
1969 2542 2106 2611 Quid

528 2648 626 2701 per
673 2633 1004 2718 sartagiuem
1034 2631 1292 2699 ferream,
1351 2633 1454 2687 nisi
1503 2633 1764 2704 spiritalis
1811 2635 1912 2689 zeli
1953 2634 2109 2690 fortis

531 2722 737 2778 frixura
777 2724 1056 2794 signatur?
1102 2723 1290 2780 Omnis
1320 2724 1517 2795 quippe
1543 2725 1804 2795 spiritalis
1849 2725 2000 2781 zelus
2018 2726 2111 2782 do-

527 2813 698 2867 ctoris
726 2813 961 2872 animam
1002 2813 1167 2885 frigit,
1201 2814 1326 2884 quia
1352 2813 1508 2870 valde
1535 2815 1830 2883 cruciatur,
1864 2815 1993 2870 dum
2021 2815 2107 2870 in-

530 2905 719 2958 firmos
745 2919 986 2974 quosque
1013 2913 1217 2960 aeterna
1255 2906 1529 2973 deserere,
1558 2915 1612 2961 et
1653 2905 1814 2962 rebus
1840 2915 2109 2980 tempora-

526 2996 672 3050 libus
695 2995 950 3051 delectari
985 2996 1269 3069 conspicit.
1294 2997 1464 3066 Quam
1488 2999 1626 3055 bene
1659 2998 1856 3055 Paulus
1883 3000 2118 3072 sartagi-

526 3103 656 3142 nem
687 3087 921 3143 ferream
945 3088 1193 3159 sumpsit,
1225 3105 1348 3146 cum
1363 3091 1490 3154 zelo
1511 3093 1814 3148 animarum
1836 3093 2108 3149 cruciatus

2208 1913 2333 1962 tur:
2364 1915 2634 1977 quatenus
2655 1916 2710 1963 et
2737 1907 2965 1963 multum
3001 1918 3172 1975 amet,
3198 1917 3252 1964 et
3277 1925 3550 1980 nunquam
3597 1920 3766 1965 contra

2205 2011 2328 2052 eum
2366 2011 2464 2067 per
2513 1996 2802 2053 elationem
2861 1999 3161 2068 superbiat,
3191 2000 3278 2055 cui
3322 2008 3505 2054 tamen
3541 2015 3766 2056 amorem

2205 2103 2365 2144 suum
2409 2097 2464 2144 et
2511 2089 2872 2145 humilitatem
2907 2106 3004 2163 pro
3050 2091 3285 2147 utilitate
3308 2090 3422 2161 ejus
3446 2093 3672 2162 prodere
3693 2108 3767 2147 re-

2206 2184 2380 2232 cnsat.
2427 2175 2682 2247 Sequitur
2713 2196 2728 2232 :
2765 2197 2783 2230 ι
2823 2179 2892 2234 Et
2924 2180 3284 2236 circumdabis
3311 2197 3451 2238 eam.
3491 2201 3510 2234 ι
3541 2181 3769 2238 Circum-

2207 2267 2302 2331 dat
2330 2266 2521 2322 doctor
2565 2266 2829 2324 auditoris
2869 2269 3128 2336 animam,
3163 2285 3284 2326 cum
3333 2272 3388 2326 in
3426 2286 3608 2337 omne,
3641 2271 3768 2341 quod

2207 2357 2262 2412 in
2289 2358 2392 2413 hac
2418 2358 2531 2412 vita
2557 2359 2756 2430 agitur,
2772 2361 3128 2416 tentationum
3156 2361 3379 2431 laqueos
3404 2364 3600 2434 apponi
3629 2377 3768 2432 posse

2207 2448 2510 2514 denuntiat,
2559 2458 2618 2503 ut
2651 2449 2780 2504 dum
2822 2450 3020 2520 ubique
3050 2451 3110 2506 fit
3136 2465 3288 2506 mens
3329 2451 3550 2521 pavida,
3590 2452 3768 2520 ubique

2206 2539 2595 2611 circumspecta
2608 2549 2815 2610 quanto
2837 2541 3097 2608 timidior,
3114 2551 3263 2596 tanto
3284 2542 3595 2613 vigilantior
3617 2543 3764 2595 vivat.

2208 2628 2468 2700 Sequitur
2499 2646 2513 2683 :
2551 2646 2569 2680 ι
2600 2627 2824 2702 Signum
2847 2638 2930 2686 est
2951 2631 3143 2686 domus
3163 2624 3348 2686 lsraeL
3373 2651 3391 2684 ι
3427 2630 3484 2686 Si
3514 2631 3586 2686 ad
3616 2631 3768 2687 histo-

2207 2723 2344 2778 riam
2367 2721 2686 2788 obsidionis,
2710 2737 2829 2794 quae
2849 2721 3006 2792 juxta
3031 2723 3266 2779 litteram
3291 2722 3432 2778 facta
3452 2733 3554 2787 est,
3573 2723 3769 2794 signum

2206 2821 2290 2869 est
2309 2812 2504 2868 domus
2523 2811 2718 2880 lsrael,
2749 2813 2892 2883 quod
2929 2813 3192 2885 propheta
3222 2812 3385 2880 fecit;
3414 2813 3461 2868 si
3488 2815 3557 2870 ad
3583 2821 3771 2884 myste-

2207 2903 2372 2970 rium,
2398 2904 2544 2975 quod
2582 2905 2824 2976 quotidie
2851 2921 2981 2977 erga
3009 2905 3166 2962 unius
3200 2905 3460 2977 cujusque
3486 2907 3716 2962 animam
3741 2919 3770 2958 a

2207 2996 2430 3053 doctore
2455 2995 2656 3068 agitur,
2681 2997 2892 3068 signum
2915 2997 3206 3054 estdomus
3225 2996 3412 3063 lsrael,
3432 3005 3483 3053 et
3517 2998 3618 3052 hoc
3638 2997 3770 3066 quod

2208 3085 2320 3158 egit
2342 3096 2396 3142 et
2417 3086 2522 3142 hoc
2543 3087 2684 3157 quod
2711 3087 2919 3158 agendo
2941 3088 3230 3174 nuntiavit.
3259 3087 3396 3154 Quia
3429 3087 3571 3144 sicut
3593 3087 3772 3143 domus

533 3181 748 3235 dicebat
775 3194 790 3234 :
827 3197 848 3231 ι
878 3178 1008 3246 Quis
1053 3153 1384 3250 infirmatur,
1429 3191 1487 3238 et
1533 3198 1633 3256 ego
1678 3199 1784 3239 non
1830 3182 2109 3238 inﬂrmor?
2134 3153 2182 3217 (ἶ
2210 3153 2377 3233 Israel
2412 3153 3140 3252 obsidionem-corporaliter
3164 3159 3403 3252 pertulit,
3432 3180 3507 3235 ita
3531 3195 3772 3250 unaqute-
3805 3212 3812 3218 -

526 3268 666 3337 Quis
688 3267 1106 3333 scandalizatur,
1135 3277 1189 3324 et
1231 3285 1332 3342 ego
1361 3286 1468 3326 non
1505 3271 1668 3327 uror?
1692 3291 1712 3325 ι
1743 3269 1830 3344 (II
1853 3270 1977 3327 Cor.
2004 3271 2106 3344 ιι.)

529 3355 710 3426 ipsum
737 3371 894 3412 suum
908 3371 1032 3422 cor,
1062 3360 1203 3427 quod
1229 3359 1534 3414 animarum
1557 3360 1703 3422 zelus
1725 3362 2106 3429 succenderat,

529 3448 662 3520 quid
698 3447 864 3516 aliud,
886 3465 1048 3520 quam
1083 3451 1410 3523 sartaginem
1439 3452 1662 3520 fecerat,
1693 3454 1747 3510 in
1777 3469 1885 3526 quo
1920 3469 2106 3512 amore

529 3541 790 3596 virtutum
843 3551 1032 3597 contra
1066 3541 1196 3597 vitia
1241 3541 1511 3598 ardebat?
1545 3543 1700 3612 Quod
1729 3545 1873 3600 enim
1916 3545 2108 3601 ureba.

532 3639 640 3694 tur,
692 3639 909 3702 sartago
947 3639 1083 3687 erat.
1121 3630 1500 3689 lnardescebat
1530 3633 1675 3689 enim
1727 3642 1782 3689 et
1819 3636 2106 3706 coquebat,

531 3719 657 3788 quia
704 3717 1100 3774 accendebatur
1145 3719 1530 3787 amaritudine,
1570 3719 1663 3778 sed
1707 3721 1968 3780 virtutum
2011 3723 2109 3778 ali-

533 3817 713 3864 menta
745 3811 1090 3880 prmparabat
1135 3826 1202 3866 ex
1235 3827 1334 3868 sua
1382 3810 1584 3868 afﬂicta
1626 3814 1970 3884 cogitatione.
2001 3813 2110 3871 Sed

531 3900 660 3969 quid
686 3909 792 3964 est,
839 3901 980 3968 quod
1030 3901 1273 3957 eamdem
1319 3904 1646 3975 sartaginem
1673 3906 1935 3975 propheta
1966 3906 2108 3962 inter

529 4003 588 4042 se
618 3995 673 4042 et
714 3987 1014 4052 civitatem,
1062 4005 1277 4045 murum
1321 3990 1556 4046 ferreum
1589 3993 1784 4062 ponit?
1832 3994 1936 4049 nisi
1965 3994 2108 4063 quod

531 4077 672 4132 idem
697 4075 854 4131 fortis
876 4077 1043 4142 zelus,
1073 4078 1162 4148 qui
1197 4096 1339 4134 nunc
1364 4082 1415 4134 in
1439 4093 1619 4137 mente
1644 4084 1880 4138 doctoris
1907 4085 2104 4156 agitur,

534 4170 589 4222 in
621 4169 708 4224 die
735 4169 965 4224 extremi
987 4169 1196 4240 judicii,
1223 4171 1368 4227 inter
1405 4186 1526 4226 eum
1551 4183 1605 4228 et
1626 4175 1861 4230 animam
1883 4192 2043 4247 quam
2075 4193 2107 4233 a

531 4261 678 4315 vitiis
701 4258 909 4332 zelatur
931 4260 1087 4316 testis
1114 4270 1218 4327 est,
1246 4269 1303 4316 ut
1325 4261 1428 4316 etsi
1456 4263 1649 4320 audire
1686 4265 1730 4320 is
1763 4266 1855 4337 qui
1884 4265 2110 4322 docetur

531 4351 787 4417 noluerit,
821 4351 1008 4407 doctor
1059 4359 1239 4406 tamen
1283 4367 1388 4422 pro
1415 4350 1550 4418 zelo,
1582 4368 1742 4424 quem
1771 4355 1991 4412 exhibet
2041 4357 2109 4412 de

529 4443 792 4498 auditoris
820 4441 1166 4512 negligentia,
1201 4457 1322 4497 reus
1351 4456 1456 4496 non
1478 4443 1567 4497 sit.
1599 4441 1806 4499 Murum
1850 4460 1982 4516 ergo
2003 4446 2108 4500 fer-

530 4547 680 4586 reum
731 4532 871 4587 inter
913 4546 972 4589 se
1003 4539 1058 4586 et
1097 4531 1370 4586 civitatem
1397 4533 1567 4602 ponit,
1607 4534 1733 4604 quia
1780 4534 1834 4588 in
1885 4535 2104 4591 ultionis

529 4631 774 4691 tempore
799 4622 929 4677 inde
979 4622 1169 4678 doctor
1197 4638 1225 4675 a
1255 4623 1615 4678 damnationis
1661 4624 1899 4694 periculo
1929 4627 2103 4679 muni-

530 4720 638 4776 tur,
679 4711 822 4765 unde
856 4727 998 4766 nunc
1021 4727 1117 4780 per
1141 4713 1313 4767 zelum
1339 4714 1598 4769 custodite
1622 4714 1801 4770 cordis
1836 4715 2100 4771 frixuratn

529 4801 752 4870 patitur.
786 4799 997 4854 Nullum
1024 4802 1219 4873 quippe
1257 4805 1609 4875 omnipotenti
1637 4805 1748 4860 Deo
1777 4807 1882 4862 tale
1908 4816 1991 4862 est
2021 4824 2102 4863 sa-

527 4890 816 4954 crilicium,
847 4890 1007 4959 quale
1028 4901 1114 4945 est
1141 4892 1287 4946 zelus
1321 4895 1642 4950 animarum.
1677 4895 1811 4954 [line
1838 4899 1982 4954 enim
2001 4917 2102 4971 per

527 4978 868 5033 l’saltnistam
909 4981 1143 5035 dicitur:
1173 5003 1191 5034 ι
1219 4983 1377 5038 Zelus
1407 4985 1596 5041 domus
1635 4995 1740 5043 tum
1761 4991 1996 5045 comedit
2016 5008 2102 5046 me

482 5078 486 5082 '
527 5067 702 5136 (Psal.
739 5070 948 5138 vam).
982 5090 999 5120 ›
1023 5070 1312 5127 Sumamus
1335 5085 1463 5144 ergo
1489 5077 1814 5146 sartaginem
1844 5077 2098 5148 ferream,

524 5168 578 5210 et
600 5172 862 5227 ponamus
898 5174 1018 5213 eam
1053 5176 1274 5220 murum
1297 5161 1529 5218 ferreum
1559 5165 1700 5220 inter
1720 5182 1818 5222 nos
1843 5181 1897 5223 et
1919 5170 2106 5226 civita-

526 5261 656 5316 tem,
688 5252 740 5306 id
772 5261 873 5319 est,
905 5268 1243 5310 autumamus
1286 5257 1458 5311 zelum
1483 5257 1702 5325 fortem,
1730 5269 1787 5314 ut
1825 5263 1966 5316 inter
2005 5279 2103 5319 nos

523 5351 577 5395 et
614 5342 880 5398 auditoris
917 5345 1087 5398 nostri
1127 5346 1362 5400 animam
1393 5349 1729 5405 inveniamus
1774 5353 1914 5408 hanc
1955 5365 2101 5424 post-

525 5435 739 5488 modum
786 5433 979 5490 fortem
1035 5437 1405 5493 munitionem.
1442 5439 1592 5496 'l‘unc
1637 5443 1780 5497 enim
1815 5433 1957 5499 hunc
1985 5461 2100 5500 mu~

523 5540 640 5578 rum
666 5523 900 5579 ferreum
949 5528 1215 5583 inventuri
1246 5544 1448 5595 sumus,
1481 5531 1526 5586 si
1557 5547 1700 5587 nunc
1734 5523 1857 5588 eum
1889 5535 2101 5592 fortiter

525 5624 819 5681 teneamus,
849 5618 1098 5673 videlicet
1129 5621 1385 5685 docendo,
1427 5622 1721 5690 suadendo,
1750 5625 2095 5696 increpando,

526 5707 829 5763 mulcendo.
864 5711 1136 5777 terrendo,
1188 5709 1474 5781 aliquando
1528 5712 1744 5780 leniter,
1804 5715 2096 5787 aliquando

2211 3282 2315 3340 que
2338 3268 2539 3335 anima,
2555 3285 2673 3341 quae
2701 3270 2815 3342 jam
2839 3270 3043 3326 servire
3065 3270 3418 3342 omnipotenti
3442 3269 3554 3326 Deo
3573 3269 3769 3338 incipit,

2209 3357 2521 3414 obsidentes
2540 3374 2599 3414 se
2621 3359 2848 3416 insidias
2869 3361 3226 3432 malignorum
3247 3360 3535 3433 spirituum
3556 3360 3726 3421 sentit,
3741 3375 3768 3411 a

2208 3448 2405 3518 quibus
2452 3449 2656 3506 slvere
2703 3451 2840 3523 eripi
2881 3453 3104 3524 appetit,
3136 3453 3277 3508 scire
3315 3453 3476 3508 debet
3526 3452 3650 3524 quia
3681 3469 3766 3507 sua

2208 3539 2412 3596 virtute
2444 3540 2580 3612 eripi
2632 3557 2740 3598 non
2791 3545 2981 3614 possit,
3025 3543 3119 3599 sed
3160 3545 3279 3616 ejus
3327 3559 3556 3600 necesse
3596 3554 3679 3600 est
3717 3553 3769 3596 ut

2209 3628 2536 3699 adiutorium
2579 3641 2780 3701 speret,
2807 3634 2900 3703 qui
2929 3649 3028 3690 nos
3075 3643 3132 3690 et
3167 3635 3222 3690 in
3255 3650 3419 3692 carne
3448 3634 3765 3707 corruptibili

2207 3719 2472 3788 viventes,
2512 3737 2612 3792 per
2652 3724 3040 3796 redemptionis
3085 3740 3198 3782 sua:
3243 3727 3559 3797 mysterium
3600 3733 3768 3796 potest

2211 3811 2374 3868 etiam
2411 3828 2680 3892 supernos
2707 3815 2950 3886 spiritus,
2979 3816 3073 3886 qui
3119 3824 3245 3872 sunt
3265 3817 3385 3872 sine
3411 3831 3591 3882 carne,
3620 3816 3764 3872 robo-

2209 3917 2356 3968 rare,
2382 3901 2539 3959 Jesus
2557 3903 2806 3961 Christus
2834 3905 3091 3962 Dominus
3112 3915 3316 3963 noster.
3604 3893 3620 3912 ’

2284 4014 2304 4049 ι
2338 3997 2404 4052 Et
2431 4005 2485 4051 tu
2511 3998 2745 4054 dormies
2768 4013 2930 4068 super
2949 3999 3090 4054 latus
3112 4008 3261 4055 tuum
3285 3999 3581 4063 sinistrum,
3607 4010 3762 4068 pones

2215 4105 2234 4138 ι
2268 4087 2582 4158 iniquitates
2609 4088 2801 4144 domus
2820 4088 2984 4144 lsrael
3023 4105 3186 4162 super
3201 4105 3288 4156 eo,
3315 4105 3542 4146 numero
3567 4089 3759 4146 dierum

2212 4197 2233 4230 c
2266 4179 2461 4248 quibus
2505 4180 2738 4236 dormies
2781 4195 2944 4251 super
2989 4182 3138 4248 illud,
3161 4193 3219 4240 et
3253 4197 3496 4240 assumes
3525 4183 3759 4254 iniquita-

2213 4289 2231 4322 ι
2271 4280 2379 4325 tem
2427 4286 2636 4326 eorum.
2686 4271 2798 4343 Ego
2844 4281 3025 4329 autem
3071 4275 3192 4332 dedi
3223 4275 3318 4332 tibi
3365 4291 3536 4334 annos
3579 4276 3757 4344 iniqui-

2214 4379 2233 4412 ι
2269 4362 2394 4416 tatis
2432 4377 2640 4429 eorum,
2685 4364 2894 4420 dierum
2945 4381 3171 4422 numero
3200 4376 3476 4424 trecentos
3515 4376 3566 4423 et
3605 4382 3757 4422 nona-

2216 4469 2233 4501 ι
2268 4453 2413 4522 ginta
2446 4453 2582 4518 dies,
2621 4463 2676 4509 et
2702 4455 2940 4524 portabis
2983 4457 3319 4529 iniquitatem
3359 4460 3548 4515 domus
3583 4458 3752 4514 lsrael.

2215 4559 2232 4590 ‹
2269 4541 2334 4594 Et
2380 4557 2503 4596 cum
2538 4544 2893 4613 compleveris
2948 4547 3085 4614 haec,
3135 4549 3374 4608 dormies
3425 4567 3583 4622 super
3629 4550 3756 4604 latus

2216 4652 2231 4684 ι
2271 4643 2418 4687 tuum
2443 4634 2692 4690 dextrum
2715 4638 2951 4694 secundo
2968 4656 2981 4692 :
2999 4647 3055 4694 et
3069 4655 3314 4696 assumes
3339 4639 3755 4712 iniquitatcmdo-

2215 4743 2232 4774 ι
2270 4741 2390 4779 mus
2411 4725 2546 4780 Juda
2564 4727 2917 4800 quadraginta
2935 4731 3140 4786 diebus.
3158 4731 3309 4786 Diem
3325 4749 3423 4804 pro
3435 4748 3591 4796 anno,
3605 4733 3750 4786 diem.

2213 4832 2231 4864 ‹
2269 4815 2507 4885 inquam,
2531 4831 2628 4886 pro
2653 4833 2796 4872 anno
2825 4819 2946 4874 dedi
2973 4821 3089 4875 tibi.
3125 4840 3143 4873 ι
3171 4820 3443 4895 (meram)
3466 4824 3752 4890 Quaeramus

2207 4907 2296 4974 qui
2344 4918 2469 4960 sunt
2498 4909 2626 4963 anni
2674 4913 2900 4966 trecenti
2952 4915 3264 4984 nonaginta,
3316 4917 3410 4986 qui
3461 4933 3556 4988 pm
3581 4916 3752 4970 diebus

2206 4996 2428 5050 totidem
2457 5007 2837 5067 supputentur,
2877 5001 3072 5072 quibus
3115 5004 3171 5058 in
3213 5005 3438 5062 sinistro
3463 5006 3620 5061 latere
3646 5018 3750 5074 pro-

2203 5088 2365 5156 pheta
2404 5088 2702 5156 dormierit,
2735 5092 2947 5148 vinetus
2995 5103 3156 5164 atque
3187 5099 3537 5161 constrictus,
3583 5097 3650 5150 ita
3695 5101 3748 5145 ut

2205 5178 2258 5231 in
2282 5178 2421 5234 latus
2446 5194 2506 5233 se
2535 5179 2764 5236 alterum
2791 5198 2897 5238 non
2921 5195 3179 5250 moveret,
3209 5189 3575 5258 captivitatem
3594 5195 3643 5242 et
3665 5186 3748 5239 mi-

2203 5268 2373 5324 serias
2396 5270 2582 5325 decem
2615 5273 2873 5341 tribuum,
2903 5275 2956 5331 id
2988 5287 3090 5343 est,
3124 5277 3340 5336 lsraelis
3366 5283 3659 5341 ostendens.
3687 5277 3744 5331 Et

2203 5359 2294 5424 qui
2325 5360 2413 5414 alii
2439 5361 2798 5433 quadraginta
2826 5367 2974 5431 anni,
2999 5367 3195 5436 quibus
3214 5384 3314 5438 pro
3331 5369 3472 5425 Juda
3497 5381 3548 5425 et
3577 5365 3744 5436 iniqui-

2203 5449 2406 5504 tatibus
2427 5449 2543 5526 ejus
2572 5453 2624 5510 in
2652 5455 2844 5509 dextro
2863 5455 3097 5526 jacuerit
3121 5458 3308 5526 latere,
3335 5463 3471 5527 sive,
3505 5471 3561 5516 ut
3583 5464 3744 5514 narrat

2203 5550 2389 5595 sancta
2440 5539 2721 5613 Scriptura
2751 5544 2802 5616 (I
2820 5543 2857 5598 V
2890 5545 3013 5618 Reg.
3043 5551 3154 5620 xv),
3183 5531 3487 5620 dormierit,
3518 5554 3581 5607 de
3605 5545 3743 5605 lsrael

2201 5631 2302 5685 hoc
2348 5632 2635 5688 dicendum
2675 5645 2780 5703 est,
2811 5639 2954 5707 quod
2979 5640 3080 5695 sub
3121 5657 3246 5714 rege
3282 5641 3497 5701 Phaeca
3525 5645 3624 5698 lilio
3658 5640 3744 5694 lio-

2201 5720 2394 5786 meliaz,
2426 5723 2517 5793 qui
2550 5726 2983 5785 undevicesimus
3012 5734 3258 5802 regnavit
3303 5733 3360 5790 in
3413 5735 3570 5792 lsrael
3608 5729 3740 5789 anui!
