3954 6182
212 373 324 430 593

1169 374 1518 431 COMMENT.
1562 376 1629 430 IN
1665 372 2120 435 EZECIIIELEM.
2157 411 2224 420 —
2262 380 2387 436 LIB.
2425 381 2509 439 IV.

3359 393 3464 452 594

211 490 424 561 viginti,
475 486 622 542 venit
657 484 1152 557 Theglatphalasar,
1183 502 1278 541 rex
1330 489 1490 553 Asur,
1541 496 1596 542 et
1653 488 1791 554 cepit
1823 491 1871 548 Α
1898 486 2034 543 Juda
2064 489 2131 544 ad
2163 505 2340 560 regem
2361 489 2645 562 Babylonis
2666 491 2778 563 ipse
2805 501 2860 551 et
2877 501 3051 552 mater
3077 493 3193 569 ejus
3212 537 3225 561 ,
3250 506 3304 551 et
3330 501 3472 554 servi

211 582 354 635 Aion
391 588 444 634 et
470 578 603 634 Abel
644 579 861 633 domum
895 577 1118 632 Maacba
1163 585 1218 633 et
1256 577 1425 633 Janoe
1453 587 1508 633 et
1534 578 1706 633 Cedes
1739 585 1794 632 et

213 671 383 732 Δῖον,
400 677 452 723 et
467 667 690 731 Galaad,
706 666 1123 736 universamque
1137 674 1338 722 terram
1359 665 1720 734 Nephthalim,
1737 672 1792 720 et

215 757 495 812 transtulit
507 772 600 812 eos
613 757 665 809 in
677 755 719 808 Α
728 771 816 826 ssy
824 756 949 810 rios.
963 754 1092 810 Post
1106 769 1265 824 quem
1291 756 1532 824 regnavit
1547 757 1601 810 in
1624 753 1790 811 Israel

212 848 359 903 Osee
404 847 546 902 ﬁlius
593 847 721 901 Heia
771 846 928 901 annis
955 861 1171 912 novem,
1203 856 1497 915 captusque
1544 855 1628 901 est
1666 862 1788 901 cum

212 954 365 992 0mm
415 937 663 992 Samaria
707 953 738 992 a
789 935 1137 992 Salmanasar
1176 952 1302 1008 rege
1331 937 1706 1010 Assyriorum,
1737 947 1791 995 et

214 1029 510 1084 translatus
537 1029 590 1083 in
616 1027 747 1083 Heia
773 1036 826 1082 et
849 1027 995 1082 Abor
1029 1026 1218 1083 ﬂuvios
1244 1027 1445 1084 Gozam
1473 1029 1526 1082 in
1556 1029 1788 1084 civitati-

211 1125 318 1178 bus
347 1121 640 1177 Medorum.
675 1121 840 1176 Sexto
869 1130 1049 1176 autem
1088 1121 1333 1176 Ezechiae
1361 1121 1502 1192 regis
1530 1136 1694 1187 anno,
1725 1132 1787 1176 ut

211 1225 404 1271 sancta
463 1216 665 1287 Regum
716 1224 901 1271 narrat
931 1200 1397 1286 historia,'captus
1439 1227 1525 1272 est
1550 1213 1706 1271 Osee.
1737 1215 1782 1268 Α

209 1322 345 1376 quo,
375 1306 419 1360 si
445 1321 539 1376 per
558 1305 800 1360 ordinem
849 1314 1227 1376 supputemus,
1275 1314 1406 1375 quot
1434 1305 1591 1360 annis
1618 1303 1784 1359 Israel

209 1396 380 1450 fuerit
428 1396 481 1449 in
508 1396 777 1466 angustia,
815 1403 870 1451 et
892 1395 1023 1469 jugo
1059 1411 1282 1466 pressus
1313 1395 1664 1464 captivitatis,
1706 1397 1786 1451 sic

210 1488 458 1542 invenire
497 1487 840 1558 poterimus:
883 1502 914 1544 a
943 1499 1099 1544 sexto
1147 1504 1292 1543 anno
1334 1503 1506 1561 usque
1545 1487 1611 1542 ad
1642 1488 1787 1543 vices

207 1580 412 1636 simum
440 1596 638 1636 nonum
677 1597 898 1646 annum,
933 1590 1011 1637 tot
1034 1582 1176 1638 enim
1229 1581 1488 1638 Ezechias
1540 1582 1786 1652 regnavit

207 1671 394 1736 annis,
422 1679 784 1740 supputantur
810 1671 938 1726 anni
958 1671 1147 1744 viginti
1168 1680 1434 1743 quatuor;
1458 1673 1545 1727 cui
1571 1687 1786 1728 succes-
1819 1672 1824 1676 ’

207 1760 283 1813 sit
334 1759 632 1826 Manasses,
691 1763 1043 1835 regnavitque
1076 1764 1466 1836 quinquaginta
1522 1766 1778 1836 quinque.

1895 577 2012 645 eius
2037 588 2092 634 et
2115 581 2384 649 principes
2421 580 2556 649 ejus,
2593 589 2648 636 et
2683 585 2916 639 eunuchi
2953 585 3088 654 ejus.
3131 586 3198 640 Et
3232 588 3470 657 suscepit

1895 683 2018 722 eum
2043 681 2137 721 rex
2165 668 2450 739 Babylonis
2479 683 2621 724 anno
2647 679 2839 726 octavo
2865 674 3015 744 regni
3034 675 3139 740 sui,
3163 682 3218 729 et
3246 675 3472 746 protulit
3499 677 3502 682 '

1892 757 2017 812 inde
2054 772 2245 812 omnes
2275 759 2556 815 thesauros
2584 761 2778 818 domus
2809 763 3043 830 Domini,
3085 773 3143 821 et
3181 766 3477 822 thesauros

1891 851 2080 905 domus
2119 852 2279 922 regiae
2305 851 2578 931 (IVAReg.
2619 856 2790 927 xxiv).
2839 877 2858 911 ι
2892 859 2959 914 Et
2986 866 3118 931 post
3133 861 3408 931 paululum
3450 879 3468 917 -:

1894 955 1916 990 ι
1971 939 2039 993 Et
2081 940 2354 995 transtulit
2397 929 2611 997 omnem
2677 929 3011 1014 Jerusalem,
3074 929 3148 1003 et
3182 949 3466 1005 universos

1888 1029 2160 1100 principes
2184 1071 2200 1096 ,
2230 1038 2286 1085 et
2324 1047 2513 1088 omnes
2541 1032 2708 1090 fortes
2751 1038 3043 1104 exercitus,
3088 1039 3271 1095 decem
3299 1040 3466 1095 millia

1888 1120 1944 1174 in
1989 1121 2378 1191 captivitatem,
2413 1131 2467 1180 et
2511 1140 2727 1180 omnem
2770 1127 3032 1182 artificem
3079 1137 3134 1184 et
3173 1129 3462 1187 clusorem.

1886 1209 2138 1282 Nihilque
2184 1214 2432 1270 relictum
2479 1223 2582 1281 est,
2633 1219 2876 1289 exceptis
2903 1222 3232 1291 pauperibus
3277 1223 3463 1294 populi

1887 1302 2270 1378 terr:e(lbid.).
2295 1325 2312 1358 ι
2342 1305 2459 1374 Quo
2480 1307 2623 1364 facto
2635 1309 2982 1367 cuminﬁnita
3015 1314 3197 1385 populi
3221 1317 3463 1371 multitu-

1886 1398 2010 1454 dine
2039 1407 2094 1454 et
2131 1401 2339 1456 cunctis
2380 1403 2571 1472 opibus
2614 1402 2950 1473 Jerusalem,
2996 1409 3240 1480 regnavit
3294 1409 3462 1465 Sede-

1885 1490 2036 1546 cbias
2061 1492 2218 1547 annis
2247 1493 2492 1548 undecim
2509 1536 2524 1558 ,
2557 1495 2656 1550 sub
2678 1511 2784 1566 quo
2811 1506 2968 1566 capta
2993 1501 3141 1565 urbs,
3172 1501 3458 1572 templum-

1885 1595 1990 1651 que
2017 1583 2350 1638 destructum
2377 1581 2480 1640 est.
2514 1584 2679 1656 Cujus
2707 1589 2939 1645 solitudo
2965 1605 3138 1662 usque
3166 1592 3233 1646 ad
3263 1607 3460 1648 secun-

1885 1671 2013 1726 dum
2039 1687 2239 1727 annum
2269 1674 2416 1729 Darii
2440 1677 2737 1743 permansit
2763 1678 2920 1733 annis
2948 1680 3308 1753 septuaginta.
3340 1681 3462 1736 Tri-

1886 1763 2089 1818 cesimo
2119 1772 2300 1820 autem
2324 1765 2670 1822 desolationis
2691 1767 2873 1839 templi
2894 1783 3036 1824 anno
3071 1768 3241 1841 Cyrus
3270 1784 3466 1841 regna-

207 1852 342 1907 Post
359 1853 501 1910 hunc
521 1830 1026 1927 Ammon'regnavit
1052 1830 1208 1910 annis
1229 1830 1453 1919 duobus,
1481 1830 1601 1926 post
1623 1830 1780 1927 quem
1810 1830 1858 1889 Β
1884 1853 1962 1907 vit
1988 1853 2042 1908 in
2075 1853 2276 1920 Persis,
2315 1857 2574 1912 subverso
2609 1830 2842 1930 Astyage
2873 1874 2997 1930 rege
3023 1830 3462 1932 Medorumiqui

202 1943 386 2000 .Iosias
415 1945 573 2001 annis
601 1947 820 2019 triginta
847 1949 1071 2006 duobus.
1103 1949 1200 2006 Cui
1226 1951 1487 2006 successit
1512 1948 1777 2017 Joach'im,

205 2039 298 2107 qui
334 2045 389 2092 et
411 2038 674 2095 Eliachim
699 2042 1107 2112 cognominatus
1135 2051 1241 2110 est,
1267 2050 1322 2100 et
1351 2043 1595 2115 regnavit
1625 2044 1781 2099 annis

203 2129 481 2184 undecim.
533 2129 661 2186 Post
704 2147 867 2202 quem
922 2130 1147 2189 Joachin
1191 2144 1545 2204 cognomento
1587 2133 1783 2191 Jecho-

204 2221 349 2286 nias,
388 2221 483 2292 qui
519 2221 700 2276 statim
739 2222 933 2279 ductus
983 2224 1038 2279 in
1084 2226 1471 2296 captivitatem,
1512 2225 1783 2298 regnavit.

202 2326 312 2381 que
339 2326 441 2381 pro
468 2327 534 2367 eo
569 2309 860 2368 Sedcchias
887 2314 1042 2370 annis
1070 2313 1340 2382 undecim,
1369 2315 1468 2371 sub
1493 2330 1599 2386 quo
1623 2322 1780 2386 capta

202 2412 290 2456 est
327 2401 625 2458 Jerusalem
665 2404 1031 2475 templumque
1083 2405 1416 2462 destructum
1471 2414 1573 2463 est.
1618 2405 1784 2462 Fiunt

201 2494 392 2564 itaque
421 2509 452 2548 a
478 2495 652 2566 prima
681 2497 991 2566 captivitate
1019 2496 1204 2566 Israel,
1247 2515 1368 2569 qua:
1397 2499 1537 2555 facta
1570 2506 1655 2556 est
1681 2500 1781 2556 sub

203 2600 336 2656 rege
363 2584 573 2642 PhaCee
594 2602 764 2657 usque
795 2589 863 2644 ad
899 2590 1241 2645 undecimum
1270 2605 1468 2646 annum
1503 2591 1782 2648 Sedcchias

200 2694 317 2749 quo
354 2680 614 2750 templum
660 2679 960 2736 desolatum
1004 2689 1104 2745 est,
1157 2682 1284 2736 anni
1314 2690 1532 2738 centum
1561 2691 1780 2754 septua-

203 2772 356 2839 ginta
384 2780 639 2842 quatuor.
660 2772 707 2827 A
731 2775 964 2829 secunda
996 2775 1212 2845 quando
1241 2782 1429 2846 captus
1451 2784 1535 2830 est
1563 2773 1701 2831 Osee
1727 2784 1800 2832 et'

201 2862 386 2917 omnis
438 2863 694 2918 subversa
745 2861 990 2920 Samaria
1047 2866 1176 2921 anni
1232 2874 1450 2922 centum
1509 2868 1782 2938 octoginta

201 2955 466 3023 quinque.
481 2953 828 3025 Fueruntque
851 2956 1202 3021 desolationis
1221 2957 1404 3028 templi
1429 2958 1555 3014 anni
1574 2969 1786 3031 septua-

200 3045 373 3113 ginta,
403 3045 495 3114 qui
523 3044 688 3099 additi
716 3045 902 3116 prima:
923 3048 1224 3118 captivitati
1249 3046 1454 3105 faciunt
1488 3063 1660 3105 annos
1686 3050 1784 3105 du-

200 3143 392 3190 centos
427 3136 649 3206 triginta
668 3125 998 3207 et'quatuor.
1015 3138 1072 3194 In
1099 3141 1335 3197 secundo
1361 3141 1504 3196 enim
1530 3141 1674 3197 Darii
1699 3156 1785 3197 re-

1876 1939 2034 2007 juxta
2078 1944 2416 2013 prophetiam
2455 1944 2607 2001 Isaixe
2645 1949 3034 2020 quinquaginta
3079 1949 3246 2005 ferme
3291 1952 3462 2008 millia

1883 2032 2161 2087 hominum
2206 2033 2274 2088 de
2321 2034 2465 2090 tribu
2512 2033 2651 2090 Iuda
2711 2037 2920 2092 remisit
2963 2038 3021 2093 in
3058 2037 3358 2096 Jerusalem
3406 2050 3468 2097 et

1881 2135 2012 2175 vasa
2049 2122 2252 2192 templi,
2295 2137 2415 2193 qua:
2450 2122 2949 2183 Nabuchodonosor
2985 2138 3372 2200 asportaverat,
3406 2141 3464 2188 et

1882 2218 2076 2267 extera
2114 2227 2235 2282 quae
2274 2221 2462 2268 narrat
2502 2213 2688 2272 Esdra:
2712 2217 2960 2274 historia.
3000 2219 3172 2278 Sicuti
3217 2223 3382 2295 igitur
3407 2225 3460 2280 in

1880 2300 2061 2367 Israel,
2097 2303 2202 2360 hoc
2235 2312 2366 2386 estﬁ
2379 2306 2563 2362 decem
2604 2307 2851 2379 tribubus
2881 2327 2911 2366 a
2941 2309 3154 2370 Phacee
3178 2330 3327 2386 rege,
3360 2315 3462 2373 sub

1881 2407 1990 2464 quo
2015 2377 2366 2452 Salmanasar
2386 2377 2664 2454 lsraelitici
2694 2401 2876 2472 p0puli
2901 2403 3067 2458 multa
3089 2377 3340 2470 vastavit,
3365 2421 3459 2461 us-

1881 2497 1985 2554 que
2015 2483 2083 2540 ad
2108 2487 2574 2558 quadragesimum
2612 2505 2811 2546 annum
2835 2491 3076 2560 Assueri,
3108 2503 3461 2565 supputamus

1881 2588 2062 2632 annos
2085 2585 2352 2633 trecentos
2401 2579 2710 2649 nonaginta,
2751 2582 2966 2652 quando
3011 2581 3220 2640 Judaici
3275 2586 3458 2656 populi

1880 2666 2188 2736 persecutio
2217 2667 2461 2739 mitigata
2491 2677 2604 2733 est,
2635 2669 2713 2725 sic
2739 2687 2768 2726 a
2799 2672 2976 2741 primo
2995 2687 3136 2728 anno
3163 2673 3456 2744 Jechonize,

1881 2753 2098 2823 quando
2127 2771 2319 2827 magna
2341 2771 2466 2828 pars
2487 2755 2784 2814 Jerusalem
2809 2761 3081 2818 translata
3099 2775 3184 2820 est
3205 2765 3258 2822 in
3280 2765 3457 2840 Baby-

1882 2845 2060 2903 lonem
2080 2888 2096 2914 ,
2129 2863 2302 2918 usque
2335 2849 2402 2904 ad
2435 2850 2670 2919 primum
2712 2851 2837 2922 Cyri
2871 2853 3015 2925 regis
3049 2854 3336 2913 Persarum
3365 2874 3463 2914 an-

1882 2952 2032 3002 num,
2071 2937 2162 3008 qui
2197 2937 2542 2993 desolationis
2575 2939 2754 3009 templi
2785 2947 3104 3000 erat-annus
3133 2945 3458 3018 trigesimus,

1882 3035 2246 3097 supputantur
2288 3028 2414 3082 anni
2451 3029 2828 3101 quadraginta.
2869 3030 2982 3090 Sub
3005 3049 3117 3104 quo.
3152 3034 3462 3093 Iudaeorum

1881 3115 2060 3171 laxata
2085 3118 2368 3187 captivitas
2396 3127 2498 3185 est,
2530 3126 2586 3174 et
2613 3119 2833 3176 libertas
2854 3123 3051 3194 populo
3076 3126 3307 3182 reddita.
3340 3127 3465 3196 Qui-

201 3227 282 3294 εἰς
313 3224 605 3281 persamm
659 3243 798 3283 anno
836 3229 1090 3299 templum
1123 3239 1458 3287 exstructum
1493 3241 1596 3298 est,
1627 3248 1658 3286 a
1687 3232 1786 3288 Ζο-
1810 3207 1856 3272 C
1887 3207 2010 3263 dam
2039 3216 2311 3265 trecentos
2339 3211 2630 3282 nonaginta
2672 3227 2840 3267 annos
2880 3213 3094 3270 Israelis
3133 3224 3188 3272 et
3227 3219 3482 3287 quadra--

130 3364 142 3372 .
203 3315 429 3370 robabcl
452 3315 561 3371 tilio
583 3315 842 3372 Salathiel
865 3327 920 3374 et
939 3317 1064 3376 Jesu
1097 3319 1205 3377 ﬁlio
1230 3320 1516 3390 Iosedech,
1545 3323 1777 3394 prophe-

205 3402 448 3465 tantibus
477 3407 670 3479 Aggaao
714 3418 770 3464 et
794 3410 1077 3478 Zacharia,
1108 3413 1200 3483 qui
1231 3415 1474 3486 regnavit
1509 3416 1667 3472 annis
1693 3417 1783 3471 tri-

203 3501 350 3570 ginta
377 3515 498 3568 sex,
513 3517 727 3573 unoque
749 3503 961 3558 sublato
987 3505 1260 3560 adduntur
1282 3508 1408 3562 anni
1429 3506 1545 3577 ejus
1559 3509 1783 3580 triginta

205 3593 469 3660 quinque.
505 3591 634 3646 Post
658 3608 817 3662 quem
854 3595 1097 3666 regnavit
1117 3595 1326 3653 Xerxes
1353 3597 1495 3654 ﬁlius
1511 3600 1658 3656 Darii
1681 3615 1781 3654 an-

206 3684 288 3736 nis
319 3685 534 3754 viginti.
565 3685 692 3740 Post
717 3701 876 3755 quem
900 3688 1208 3744 Artabanus
1229 3690 1508 3746 mensibus
1529 3701 1780 3762 quatuor.

206 3771 440 3838 Xerxes,
464 3775 554 3845 qui
586 3777 1065 3847 cognominabatur
1090 3778 1380 3849 Malepoxei
1407 3780 1782 3859 [Muxpo'xup],

205 3868 364 3920 annis
396 3869 772 3940 quadraginta.
803 3869 933 3925 Post
957 3886 1116 3942 quem
1138 3872 1341 3930 Xerces
1362 3877 1637 3932 mensibus
1658 3877 1787 3932 duo-

204 3957 325 4021 bus,
341 3968 397 4013 et
419 3958 718 4029 Sogdianus
730 3963 1004 4020 mensibus
1016 3972 1268 4034 quatuor.
1284 3963 1380 4021 Cui
1407 3969 1666 4024 successit
1678 3967 1784 4023 Da-

204 4051 322 4106 rius
333 4061 696 4122 cognomento
716 4052 943 4119 Notbus,
959 4057 1050 4126 qui
1075 4059 1320 4128 regnavit
1341 4060 1501 4114 annis
1524 4062 1709 4117 decem
1731 4069 1786 4115 et

203 4153 421 4194 novem.
455 4138 579 4193 Post
603 4156 760 4212 quem
776 4141 1102 4200 Artaxerxes
1129 4157 1484 4217 cognomento
1511 4147 1784 4219 Mnemon,

203 4230 356 4286 Darii
371 4243 426 4285 et
439 4230 754 4289 Parisatidis
776 4234 934 4303 ﬁlius,
958 4239 1204 4308 regnavit
1223 4240 1382 4314 annis
1403 4242 1784 4314 quadraginta,

203 4325 298 4392 qui
325 4324 394 4378 ab
422 4323 663 4380 Hebraeis
689 4325 957 4382 Assuerus
979 4310 1299 4400 appellatur,
1315 4331 1415 4387 sub
1442 4347 1550 4404 quo
1577 4310 1785 4390 Mardo-

203 4416 340 4468 (ιιιεεὶ
407 4423 465 4469 et
506 4414 701 4472 Esther
746 4427 1001 4475 narratur
1048 4420 1273 4477 historia
1299 4462 1312 4488 ,
1343 4424 1557 4494 quando
1609 4426 1785 4481 omnis

203 4507 439 4578 populus
497 4505 805 4565 Iudaeorum
855 4511 924 4567 de
990 4513 1182 4569 mortis
1235 4516 1477 4584 periculo
1523 4515 1786 4572 liberatus

205 4603 418 4671 recepit
463 4602 751 4672 pristinam
785 4603 1110 4662 libertatem.
1164 4606 1436 4679 Fiuntque
1485 4623 1517 4663 a
1545 4609 1781 4665 secundo

184 4706 352 4771 anno
405 4691 556 4748 Darii
600 4709 773 4764 usque
824 4695 895 4750 ad
961 4705 1267 4754 extremum
1315 4714 1515 4754 annum
1557 4699 1779 4756 Assueri

203 4786 332 4840 anni
383 4795 600 4841 centum
649 4787 1043 4859 quinquaginta
1094 4791 1358 4860 quinque,
1394 4805 1608 4847 menses
1654 4807 1782 4861 qua-

204 4887 351 4931 tuor.
388 4877 490 4944 Qui
518 4877 686 4932 additi
711 4880 1082 4948 superioribus
1108 4881 1266 4936 annis
1289 4881 1536 4938 ducentis
1563 4883 1783 4954 triginta

203 4977 476 5036 quatuor,
536 4966 745 5022 faciunt
785 4985 958 5025 annos
1028 4978 1300 5030 trecentos
1351 4973 1622 5042 octoginta
1683 4989 1784 5027 no-

202 5071 348 5120 vem,
379 5073 598 5113 menses
628 5067 880 5129 quatuor.
930 5061 1116 5117 Dextri
1151 5071 1330 5124 autem
1361 5062 1548 5118 lateris
1580 5064 1784 5119 dormi-

201 5149 306 5213 tio,
333 5148 386 5203 id
412 5156 517 5216 est,
541 5165 808 5207 annorum
829 5153 1212 5224 quadraginta,
1245 5153 1407 5207 facile
1434 5161 1784 5222 supputatur.

198 5238 336 5294 Post
357 5240 584 5296 Eliacim
610 5243 779 5308 enim,
807 5244 898 5312 qui
948 5244 1359 5316 cognominatus
1387 5252 1471 5299 est
1512 5242 1780 5310 Joacbim,

198 5332 456 5401 regnavit
499 5331 642 5389 ﬁlius
679 5334 799 5404 ejus
837 5333 1060 5392 Joachin
1106 5343 1463 5405 cognomento
1493 5333 1792 5392 Jeehonias

196 5423 485 5479 mensibus
504 5425 698 5491 tribus,
723 5442 830 5497 quo
849 5439 1105 5501 regnante
1127 5429 1488 5483 ascenderunt
1508 5430 1651 5484 servi
1684 5429 1787 5484 Na-

192 5515 623 5573 buchodonosor
653 5519 799 5598 regis
830 5518 1115 5589 Babylonis
1151 5519 1204 5572 in
1235 5517 1555 5586 Jerusalem,
1583 5530 1642 5577 et
1677 5523 1786 5578 cir-

191 5609 458 5663 cumdata
486 5617 572 5664 est
595 5612 724 5666 urbs
747 5611 1154 5677 munitionibus,
1176 5630 1196 5664 ι
1216 5613 1470 5683 venitque
1498 5613 1784 5671 Nabucho-

191 5698 442 5756 donosor
480 5715 570 5758 rex
593 5702 884 5775 Babylonis
909 5707 973 5760 ad
999 5706 1272 5761 civitatem
1292 5721 1417 5764 cum
1452 5707 1623 5762 servis
1647 5707 1779 5771 suis,

192 5801 272 5847 ut
313 5807 686 5869 oppugnarent
716 5814 855 5854 eam.
901 5798 967 5853 Et
1003 5815 1251 5869 egressus
1289 5807 1372 5856 est
1411 5799 1632 5856 Joacbin
1686 5816 1774 5855 rer

1882 3298 2027 3369 ginta
2041 3297 2190 3353 Judee
2203 3297 2510 3370 jungentes,
2529 3300 2731 3356 faciunt
2747 3317 2918 3360 annos
2934 3307 3353 3378 quadringentos
3367 3312 3466 3366 tri-

1883 3388 2050 3460 ginta.
2083 3389 2152 3443 Et
2169 3389 2356 3444 volunt
2384 3405 2476 3444 eos
2500 3391 2709 3460 impleri
2739 3408 2769 3446 a
2790 3395 3114 3465 baptismate
3139 3396 3454 3470 Salvatoris,

1883 3492 2052 3546 usque
2074 3477 2139 3532 ad
2162 3479 2681 3535 consummationem
2705 3482 2908 3537 mundi.
2934 3483 3036 3538 Alii
3061 3500 3190 3541 vero
3213 3496 3268 3541 et
3293 3492 3466 3544 maxi-

1881 3583 1968 3624 me
1988 3568 2155 3624 Iudzei
2180 3585 2208 3623 a
2237 3571 2473 3626 secundo
2514 3586 2661 3626 anno
2680 3572 3016 3643 Vespasiani,
3048 3578 3261 3645 quando
3305 3577 3462 3633 Jeru-

1883 3658 2049 3712 salem
2102 3674 2132 3713 a
2191 3659 2448 3716 Romanis
2491 3670 2669 3733 capta,
2720 3663 3085 3734 templumque
3138 3667 3459 3724 subversum

1881 3757 1983 3815 est,
2021 3751 2298 3819 supputari
2326 3751 2515 3806 volunt
2548 3753 2600 3806 in
2633 3753 2978 3810 tribulatione
3014 3764 3070 3810 et
3098 3758 3343 3827 angustia
3363 3800 3379 3826 ,
3409 3767 3465 3814 et

1883 3839 2213 3909 captivitatis
2255 3839 2384 3913 jugo
2425 3841 2606 3912 populi
2655 3843 2933 3900 constituti
2980 3861 3152 3901 annos
3201 3849 3462 3919 quadrin-

1884 3937 2073 4001 gentos
2099 3931 2316 4001 triginta
2340 3971 2355 3999 ,
2399 3939 2455 3987 et
2485 3932 2564 3988 sic
2592 3933 2770 3988 redire
2797 3934 3057 4004 populum
3082 3937 3148 3992 ad
3180 3938 3463 4005 pristinum

1883 4026 2102 4082 statum,
2129 4027 2190 4074 ut
2209 4022 2476 4091 quomodo
2501 4020 2596 4077 ﬁlii
2621 4023 2785 4079 Israel
2810 4013 3216 4100 quadringentis
3247 4032 3465 4102 triginta

1885 4110 2042 4165 annis
2079 4109 2298 4167 fuerunt
2336 4113 2391 4167 in
2424 4111 2682 4185 Egypto,
2721 4116 2801 4172 sic
2831 4125 2885 4173 et
2923 4118 2978 4172 in
3013 4121 3199 4175 eodem
3240 4138 3467 4180 numero

1886 4199 2105 4256 ﬁniatur
2161 4211 2406 4259 extrema
2467 4204 2775 4273 captivitas.
2811 4205 3224 4280 ‘Scriptumque
3276 4221 3358 4268 est
3410 4215 3466 4270 in

1885 4293 2071 4348 Exodo
2102 4313 2115 4349 :
2153 4313 2172 4346 ι
2213 4294 2484 4353 Habitatio
2509 4306 2694 4353 autem
2723 4299 3145 4359 ﬁliorumslsrael
3174 4318 3334 4372 quam
3369 4303 3466 4359 ba-

1887 4387 2192 4443 bitavemnt
2239 4389 2294 4442 in
2345 4397 2487 4445 terra
2518 4389 2737 4463 Aigypti
2781 4392 2907 4448 anni
2959 4387 3336 4466 quadringenti
3369 4397 3467 4450 tri-

1885 4479 2035 4550 ginta
2065 4480 2258 4552 (Exod.
2288 4481 2408 4553 xu).
2449 4499 2468 4535 ι
2500 4482 2569 4536 Et
2613 4482 2850 4538 iterum:
2889 4501 2908 4534 ‹
2945 4483 3184 4539 Factum.
3217 4495 3300 4541 est
3344 4495 3469 4558 post

1810 4556 2061 4626 Danaos
2113 4571 2536 4642 quadringentos
2597 4573 2815 4644 triginta
2862 4589 3112 4646 egressus
3150 4585 3233 4631 est
3290 4556 3467 4634 omnis

1887 4662 2160 4717 exercitus
2193 4663 2405 4717 Domini
2437 4671 2616 4718 nocte.
2652 4683 2671 4715 ι
2709 4662 2960 4736 Satisque
2992 4667 3185 4736 miror,
3225 4685 3325 4723 cur
3349 4669 3467 4723 vul-

1887 4763 2009 4826 gata
2049 4755 2379 4825 exemplaria
2416 4764 2631 4812 centum
2676 4758 2966 4828 nonaginta
3003 4775 3175 4817 annos
3209 4761 3463 4829 habeant,

1886 4855 1942 4902 et
1971 4847 2025 4900 in
2049 4846 2367 4916 quibusdam
2392 4848 2654 4917 scriptum
2677 4857 2760 4904 est
2805 4859 3019 4904 centum
3050 4853 3461 4924 quinquaginta,

1887 4951 2010 4990 eum
2038 4937 2319 5005 perspicue
2337 4945 2391 4992 et
2413 4937 2735 4994 Hebraicum
2761 4947 2816 4995 et
2834 4941 3052 5012 Aquila,
3077 4942 3468 5014 Symmachus-

1887 5041 1992 5095 que
2017 5026 2414 5082 ctTheodotion
2430 5035 2698 5085 trecentos
2720 5033 3010 5103 nonaginta
3032 5025 3204 5090 annos
3225 5042 3463 5102 teneant,

1885 5125 1941 5171 et
1965 5118 2104 5187 apud
2135 5113 2280 5188 ipsos
2309 5119 2684 5192 Septuaginta,
2721 5123 2813 5194 qui
2843 5131 3019 5180 tamen
3045 5141 3151 5182 non
3179 5137 3306 5183 sunt
3334 5129 3467 5184 scri-

1885 5214 2102 5278 ptorum
2127 5207 2260 5262 vitio
2297 5208 2605 5277 depravati,
2655 5210 2794 5266 idem
2835 5229 3092 5270 numerus
3137 5217 3460 5286 reperiatur.

1889 5299 2262 5356 Diiﬁcillimam
2315 5303 2666 5373 quazstionem
2717 5313 2771 5359 et
2818 5321 2887 5361 ne
2940 5307 3113 5362 dicam
3157 5307 3387 5377 superbe
3433 5325 3466 5362 a

1889 5391 2036 5446 nullo
2081 5392 2440 5461 explanatam,
2493 5410 2600 5450 non
2646 5402 2754 5449 tam
2795 5397 2964 5451 nostri
3013 5398 3257 5464 scientia,
3303 5412 3466 5476 quam

1891 5483 2104 5538 Domini
2153 5484 2324 5555 gratia
2385 5487 2700 5555 exposuisse
2753 5501 2850 5542 nos
2902 5487 3193 5555 credimus,
3245 5488 3466 5560 impleto

1890 5575 1982 5632 illo
2014 5578 2157 5646 quod
2197 5577 2289 5631 ille
2344 5577 2613 5648 pollicitus
2655 5588 2738 5634 est
2767 5598 2779 5632 :
2821 5598 2838 5629 ι
2874 5576 3108 5644 Quaerite
3137 5586 3191 5632 et
3221 5579 3459 5633 invenie-

1889 5669 1979 5729 tis,
2015 5670 2182 5738 petite
2229 5678 2284 5723 et
2323 5671 2620 5742 accipietis,
2667 5671 2875 5742 pulsate
2923 5679 2976 5724 et
3010 5669 3282 5739 aperietur
3311 5669 3461 5725 vobis

1890 5759 2102 5826 (Howe.
2131 5760 2246 5832 vn).
2275 5781 2294 5811 ι
2323 5761 2420 5828 Qui
2454 5771 2631 5817 autem
2664 5762 2890 5818 voluerit
2919 5770 3209 5834 supputare
3238 5777 3264 5814 a
3289 5762 3464 5830 prima
