3954 6182
469 369 579 427 595

1110 357 1172 410 Β.
1213 350 1463 408 MBAN!
1500 345 1721 404 HAURl
1761 336 2059 398 ARCHIEP

2168 330 2436 415 ἱΟϐῐξΝΤ.
2477 323 2762 387 OPERUM
2796 320 2979 383 PARS
3015 321 3078 377 ll.

3606 323 3707 381 596

469 430 925 552 ωωῆωοιφε
934 464 1282 547 “meum
1292 463 1573 519 mm
1586 458 1699 515 ωίο
1707 454 1901 520 ςαάίιε,
1914 466 2037 523 rege
2056 462 2116 524 Α
2141 442 2458 552 [δεὶιιηι,.ἰιίι
2475 450 2535 495 ut
2553 454 2691 540 unus
2704 436 2859 538 panis
2872 436 3057 491 decem
3072 432 3259 488 uncias
3270 433 3469 490 habere
3487 434 3712 504 dicatur,

471 543 762 638 Israehqui
789 543 1035 634 regmvit
1071 558 1125 614 in
1157 544 1403 611 samaria
1431 552 1616 632 decem
1640 546 1814 610 annis,
1828 543 2045 638 quando

474 658 625 715 venit
641 632 780 712 Phul
805 632 900 709 rex
921 647 1267 719 Assyriorum
1294 642 1351 700 in
1377 650 1576 698 terram
1609 637 1874 702 Israel,et
1900 632 2045 689 mille

475 750 678 807 talenta
723 742 931 815 accepit
969 736 1199 811 argenti.
1234 741 1291 791 et
1324 740 1447 806 post
1478 744 1602 788 eum
1630 728 1767 787 alios
1787 726 1923 783 duos
1944 738 2044 777 an-

472 854 574 897 nos
596 837 829 899 Phaoee,
859 830 955 905 qui
972 826 1218 901 regnavit
1245 826 1301 883 in
1324 821 1510 891 lsrael,
1542 820 1778 877 inveniet
1791 816 2046 873 vicesimo

472 938 665 989 octavo
694 940 839 981 anno
861 912 1081 980 Assueri
1110 918 1257 993 regis
1290 912 1563 986 compleri
1584 917 1855 969 trecentos
1881 920 2049 993 nona-

473 1020 622 1092 sima
635 1029 827 1081 annos,
839 1011 1055 1084 Quando
1064 1008 1261 1067 Esther
1280 1004 1450 1062 fertur
1464 999 1687 1063 historia
1697 994 1868 1092 ,quod
1881 992 2049 1092 credi.

472 1085 634 1167 bilius
645 1113 750 1174 est,
760 1119 937 1176 neque
948 1102 1092 1159 enim
1106 1100 1259 1156 finito
1266 1096 1495 1169 imperio
1507 1089 1750 1155 Assueri,
1765 1086 1859 1145 sed
1871 1085 2048 1176 adhuc

472 1205 809 1272 regnanteeo
821 1174 1181 1262 Israeljugum
1195 1185 1525 1260 gravissimae
1536 1178 1815 1239 servitutis
1828 1174 2043 1272 abiecit.

551 1267 573 1342 ὲ
614 1288 695 1345 Et.
722 1287 791 1343 ad
831 1282 1164 1341 obsidionem
1198 1275 1500 1335 Jerusalem
1528 1278 1814 1331 convertes
1850 1267 2048 1341 faciem

452 1447 459 1453 ι
479 1397 500 1427 ι
542 1388 691 1432 tuam
704 1383 760 1431 et
770 1372 1053 1431 brachium
1067 1378 1218 1431 tuum
1232 1367 1620 1422 eritexsertum
1636 1400 1654 1426 ,
1685 1367 1742 1415 et
1764 1356 2048 1429 propheta-

479 1488 499 1520 σ
538 1467 623 1527 bis
649 1467 909 1525 adversus
941 1478 1080 1519 eam.
1118 1481 1136 1513 ι
1169 1455 1570 1529 Pneparationc
1591 1450 1770 1507 vultus
1798 1465 1935 1521 opus
1966 1455 2049 1503 est

475 1572 541 1612 ac
576 1548 851 1615 robore'et
880 1550 1289 1608 confirmatione
1308 1543 1507 1603 exserti
1534 1538 1741 1609 brachii
1765 1550 2048 1610 atqucpu-

475 1645 611 1711 dati,
638 1651 700 1698 ut
733 1658 838 1699 non
864 1639 1035 1697 solum
1059 1652 1209 1704 voce,
1242 1635 1337 1693 sed
1366 1642 1423 1689 et
1445 1639 1599 1703 gestu
1623 1641 1679 1684 et
1701 1628 1888 1687 habitu
1919 1640 2047 1698 pro—

475 1731 752 1804 phetantis
782 1731 931 1789 urbis
957 1727 1166 1794 obsidio
1188 1725 1607 1782 demonstretur.

2143 552 2251 606 quo
2280 535 2512 591 trahitur
2540 530 2714 601 magis
2759 527 2936 580 anima
2979 539 3141 594 quam
3176 533 3531 591 sustentatur,
3560 530 3714 583 steri-

2146 628 2349 684 litatem
2375 625 2480 680 cibi
2509 638 2664 693 aquae
2694 628 2854 691 auget
2884 618 3167 681 sterilitas,
3190 626 3400 671 sextam
3425 619 3567 674 enim
3588 636 3711 691 par-

2147 732 2256 780 tem
2285 733 2552 777 mensura:
2572 716 2871 781 Hebraicm,
2898 727 3017 785 qua:
3038 710 3337 782 appellatur
3363 711 3479 779 hin,
3506 712 3719 784 jubctur

2143 827 2241 883 per
2255 808 2494 882 singulos
2516 808 2632 864 dies
2651 807 2856 867 bibere.
2876 805 3046 861 Porro
3070 803 3162 875 hin
3192 802 3327 858 duos
3339 803 3504 858 cboas
3516 803 3718 860 Atticos

2144 906 2293 969 facit,
2341 917 2480 974 quos
2503 915 2603 956 nos
2634 897 2909 970 appellare
2948 909 3236 968 possumus
3274 895 3408 951 duos
3457 896 3721 959 sextarios

2144 991 2379 1059 ltalioos,
2427 991 2504 1049 ita
2537 996 2598 1044 ut
2631 988 2728 1044 hin
2753 1000 3008 1043 mensura
3035 984 3108 1039 sit
3130 981 3339 1039 Iudaici
3364 984 3592 1043 sextarii
3627 1000 3720 1038 no-

2146 1084 2355 1153 strique
2371 1080 2686 1145 castrensis,
2710 1076 2869 1146 cujus
2882 1084 3035 1132 sexta
3055 1088 3181 1145 pars
3211 1074 3338 1135 facit
3359 1073 3577 1128 tertiam
3598 1089 3662 1144 pa
3671 1089 3721 1127 r-

2148 1183 2262 1229 tem
2300 1167 2747 1235 sextariiltalici.
2789 1165 2890 1235 Qui
2918 1166 3070 1221 cibus
3096 1173 3151 1219 et
3181 1172 3339 1234 potus
3363 1160 3523 1232 juxta
3557 1162 3721 1233 incly-

2148 1274 2263 1319 tum
2281 1269 2553 1323 oratorem
2570 1274 2677 1316 non
2690 1258 2837 1314 vires
2859 1255 3068 1323 tribuit,
3093 1255 3185 1310 sed
3211 1261 3438 1309 mortem
3456 1253 3717 1325 prohibet.

2147 1354 2302 1423 Quod
2328 1360 2508 1409 autem
2547 1338 2698 1416 dicit,
2732 1368 2751 1401 ι
2788 1364 2820 1403 a
2847 1357 3088 1423 tempore
3116 1360 3287 1415 usque
3309 1344 3376 1399 ad
3399 1353 3614 1414 tempus
3639 1358 3723 1398 co-

2150 1446 2331 1521 medes
2357 1442 2442 1500 vel
2466 1442 2619 1499 bibes
2630 1440 2783 1507 illud,
2812 1460 2831 1492 ι
2864 1455 2896 1494 a
2918 1424 3144 1508 vespere
3165 1451 3336 1521 usque
3355 1435 3422 1493 ad
3444 1448 3722 1507 vesperum

2149 1510 2438 1611 significat,
2469 1534 2601 1590 licet
2624 1504 2843 1604 quidam
2870 1504 3032 1586 male_
3049 1528 3118 1583 ab
3146 1504 3289 1582 nimo
3319 1539 3489 1596 usque
3522 1504 3590 1579 ad
3630 1540 3722 1578 an-

2150 1644 2276 1684 num
2300 1624 2523 1697 intelligi
2564 1631 2774 1695 putent.
2805 1619 3017 1695 ipsique
3039 1633 3208 1691 panes
3240 1617 3413 1672 instar
3442 1613 3722 1670 hordeacei

2150 1718 2303 1788 panis
2342 1712 2687 1772 subcinericii
2731 1710 2885 1767 fiunt.
2930 1710 3250 1779 Diciturque
3294 1707 3345 1764 ei
3380 1716 3446 1761 ut
3489 1707 3723 1762 humano

549 1842 569 1874 ι
613 1823 752 1878 Ecce
772 1818 1098 1877 circumdedi
1125 1828 1176 1874 te
1209 1815 1440 1871 vinculis
1464 1823 1521 1869 et
1543 1828 1653 1869 non
1684 1821 1737 1868 te
1763 1815 2050 1879 convertes
2075 1805 2125 1866 Β
2151 1820 2388 1866 stercore
2424 1805 2632 1878 operiat
2658 1819 2784 1869 eos,
2824 1816 2929 1856 non
2961 1800 3337 1873 ignorantibus
3363 1798 3453 1854 his
3505 1796 3603 1869 qui
3640 1812 3727 1851 co-

481 1931 502 1967 ι
535 1910 603 1969 de
623 1912 792 1968 latere
813 1910 981 1966 tuoin
1004 1908 1144 1965 latus
1169 1906 1421 1971 alterum,
1444 1904 1617 1961 donec
1636 1899 1908 1971 compleas
1935 1897 2052 1953 dies

485 2028 506 2061 ι
539 2008 838 2065 obsidionis
866 2003 974 2078 (vel
995 2000 1377 2074 conclusionis)
1398 2010 1553 2061 tuae.»
1571 1997 1819 2071 Sinistra:
1844 2002 2051 2066 partes,

479 2100 606 2171 quia
637 2099 755 2159 sine
787 2096 986 2168 templo
1014 2103 1071 2157 et
1113 2093 1305 2153 notitia
1333 2092 1426 2147 Dei
1463 2088 1678 2145 fuerant
1716 2087 1771 2141 in
1805 2084 2052 2147 Samaria

477 2189 793 2261 delegantur
821 2184 1007 2263 lsraeli
1036 2204 1048 2238 :
1087 2185 1290 2245 dextrae
1311 2179 1484 2247 Iudae,
1526 2181 1582 2236 in
1615 2194 1720 2251 qua
1748 2177 1845 2233 Dei
1878 2176 2054 2233 cultus

478 2284 535 2332 et
556 2272 770 2347 religio.
804 2266 874 2329 Et
899 2274 1195 2337 notandum
1214 2312 1230 2339 ,
1263 2270 1406 2342 quod
1434 2271 1490 2326 in
1520 2268 1693 2325 altero
1722 2266 1795 2327 sit
1826 2280 2054 2337 peccan-

479 2365 614 2441 tium
651 2378 832 2436 pozna,
882 2364 936 2419 in
965 2363 1136 2421 altero
1177 2362 1392 2417 virtutis
1424 2359 1760 2424 exercitatio,
1793 2371 1895 2412 nec
1919 2371 2052 2415 cou-

477 2454 642 2512 vertit
677 2471 737 2513 se
774 2456 841 2512 de
880 2455 1050 2511 altero
1077 2454 1131 2525 in
1169 2453 1395 2518 alterum
1436 2451 1612 2518 latus,
1654 2458 1713 2507 ut
1741 2449 1883 2507 nulla
1932 2462 2055 2509 cru-

478 2547 717 2604 ciatuum
758 2545 973 2616 requies
1012 2542 1301 2609 indicetur,
1347 2542 1515 2599 donec
1546 2540 1835 2611 impleatur
1860 2554 2052 2608 supra-

483 2637 754 2694 dictorum
777 2630 987 2693 dierum
1013 2635 1251 2708 perfecta
1286 2633 1577 2695 conclusio.
1606 2632 1757 2701 Quod
1791 2632 1909 2689 dies
1936 2644 2057 2702 pro—
2090 2698 2105 2710 ο

482 2728 699 2799 pheta,
745 2727 849 2782 hoc
877 2741 1056 2783 annus
1094 2736 1182 2784 est
1213 2725 1559 2797 patientibus.
1600 2724 1671 2779 Et
1708 2738 1846 2794 quos
1885 2736 2056 2778 annos

479 2818 704 2888 putabat
745 2816 953 2883 Laban,
993 2812 1160 2887 Iacob
1206 2825 1362 2881 erant
1387 2816 1542 2886 quasi
1569 2816 1726 2885 pauci
1762 2817 1877 2871 dies
1902 2812 2053 2886 (Gen.

483 2906 657 2978 xxix).
699 2904 817 2960 Non
863 2904 1036 2961 solum
1069 2914 1251 2960 autem
1288 2906 1340 2961 in
1383 2904 1658 2975 suppliciis
1686 2904 1918 2959 varietas
1953 2911 2053 2966 est,

480 3009 583 3065 pro
614 2994 927 3053 diversitate
956 2994 1270 3051 meritorum
1289 3033 1303 3060 ,
1346 2994 1439 3049 sed
1470 2993 1524 3049 in
1552 2994 1815 3052 bonorum
1844 3006 2059 3061 quoque

482 3084 839 3142 retributione
866 3084 1002 3155 Λευὶ
1027 3085 1080 3140 in
1107 3085 1345 3148 dextera,
1372 3083 1511 3141 haedi
1544 3090 1694 3138 stant
1727 3081 1782 3138 in
1814 3082 2055 3141 sinistra.

2153 1903 2378 1960 mestnri
2403 1907 2548 1966 sunt,
2581 1898 2721 1954 solet
2747 1897 2944 1969 quippe
2965 1910 3052 1950 res
3083 1894 3288 1948 incerta
3316 1890 3572 1947 miserias
3597 1900 3725 1944 tem-

2152 2010 2365 2066 perare,
2405 1993 2500 2049 sed
2529 1989 2836 2045 videntibus
2869 1996 2925 2042 et
2950 1982 3004 2041 in
3044 1984 3217 2041 oculis
3260 1998 3471 2049 eorum,
3516 1989 3578 2039 ut
3610 1990 3729 2036 ante

2153 2092 2406 2156 aspectus
2424 2082 2729 2143 horrorem,
2761 2092 2924 2151 quam
2953 2083 3142 2147 gustus
3162 2088 3416 2128 nauseam
3444 2071 3725 2145 sustineat.

2151 2176 2462 2234 Notandum
2491 2186 2703 2243 quoque
2740 2169 2883 2240 quod
2907 2169 3066 2239 juxta
3095 2180 3379 2223 numerum
3406 2157 3623 2239 dierum
3660 2161 3730 2217 si-

2152 2267 2309 2323 nistri
2358 2264 2544 2339 lateris
2578 2259 2803 2317 trecenti
2845 2257 3138 2330 nonaginta
3182 2244 3531 2313 subcinericii
3570 2265 3733 2329 panes

2151 2353 2446 2425 jubeantur
2476 2350 2595 2405 fieri
2624 2391 2640 2416 ,
2685 2356 2742 2404 et
2768 2363 2864 2419 per
2906 2344 3146 2417 singulos
3185 2343 3299 2399 dies
3329 2341 3561 2406 comedi,
3592 2351 3646 2396 et
3671 2340 3735 2395 de

2157 2441 2513 2513 quadraginta
2552 2439 2760 2497 dierum
2810 2436 2985 2499 dextri
3031 2434 3223 2513 lateris
3247 2432 3476 2504 panibus
3517 2431 3734 2488 omnino

2158 2508 2434 2598 taceatur,
2461 2540 2520 2587 ut
2547 2528 2759 2585 occulte
2793 2537 2981 2583 sancta
3011 2508 3291 2599 Scriptura
3325 2522 3601 2596 significet
3632 2538 3733 2578 non

2157 2623 2403 2679 eamdem
2445 2635 2658 2692 pmnam
2693 2632 2814 2674 esse
2865 2616 3046 2689 populi
3111 2616 3449 2687 peccatoris,
3479 2614 3529 2670 si
3564 2624 3732 2668 tamen

2159 2713 2408 2770 notitiam
2439 2710 2640 2766 habeat
2672 2709 2789 2776 Dei,
2822 2718 2876 2763 et
2907 2706 3025 2777 ejus
3042 2708 3135 2778 qui
3164 2722 3194 2760 a
3216 2705 3475 2777 religione
3499 2705 3617 2759 veri
3643 2700 3735 2758 Dei

2159 2802 2383 2859 omnino
2431 2800 2761 2856 discesserit.
2816 2798 3114 2853 Possumus
3158 2797 3248 2851 hic
3301 2804 3356 2850 et
3411 2795 3517 2849 hoc
3560 2794 3734 2849 dicere

2156 2895 2311 2964 juxta
2340 2891 2752 2961 intelligentiam
2772 2888 3088 2960 spiritalem,
3116 2886 3258 2957 quod
3280 2884 3542 2941 Iudaicus
3574 2898 3737 2954 popu-
3768 2894 3773 2897 λ

2162 2989 2247 3044 lus
2264 2997 2389 3058 post
2405 2986 2664 3042 offensam
2696 2984 2788 3040 Dei
2831 2998 3001 3053 usque
3032 2981 3191 3063 hodie
3220 2977 3613 3043 subcinericios
3641 2990 3733 3045 pa-

2160 3093 2259 3134 nes
2287 3077 2554 3143 comedat,
2570 3075 2770 3132 mixtos
2784 3072 3074 3138 frumento,
3096 3070 3322 3135 hordeo,
3341 3069 3460 3123 faba
3488 3083 3558 3122 ac
3581 3067 3736 3131 lente,

482 3174 613 3232 Inde
641 3174 781 3231 etin
813 3151 938 3233 alio—
952 3174 1073 3230 loco
1094 3174 1356 3245 scriptum
1383 3180 1466 3229 est
1494 3191 1507 3226 :
1538 3190 1557 3223 ι
1593 3172 1700 3229 Cor
1726 3171 1983 3241 sapientis
2005 3172 2057 3229 in
2087 3151 2132 3213 (ἶ
2162 3170 2316 3239 milio
2355 3178 2411 3225 et
2444 3184 2634 3225 avena.
2687 3167 2925 3236 Quorum
2959 3166 3099 3221 alter
3133 3163 3435 3227 hominum,
3479 3161 3623 3216 alter
3650 3159 3738 3230 ju-
3774 3194 3781 3205 ι

486 3267 706 3323 dextera
734 3264 874 3335 ejus,
902 3280 999 3323 cor
1025 3273 1205 3321 autem
1231 3263 1378 3341 stulti
1403 3264 1456 3318 in
1484 3263 1704 3319 sinistra
1726 3260 1844 3332 ejus
1867 3259 2057 3334 (Eccli.

485 3356 566 3432 ι).
614 3377 635 3412 ι
674 3356 795 3414 Alia
829 3365 959 3415 sunt
992 3357 1210 3417 Domini
1245 3355 1483 3421 vincula,
1519 3355 1715 3426 quibus
1747 3353 1980 3424 ligamur
2007 3352 2061 3407 in

486 3448 740 3515 salutem,
784 3448 889 3504 alia
938 3446 1173 3513 diaboli,
1203 3446 1397 3517 quibus
1427 3445 1614 3501 decem
1657 3452 1713 3499 et
1751 3453 1875 3498 octo
1910 3443 2065 3499 annis

490 3526 751 3611 ligaverat
778 3536 1057 3593 mulierem
1091 3535 1147 3591 in
1186 3532 1493 3605 Evangelio.
1530 3532 1681 3590 Unde
1711 3541 1765 3589 et
1799 3551 1816 3599 ς
1847 3531 2065 3586 funibus

491 3636 839 3699 peccatorum
852 3641 1074 3683 suorum
1097 3623 1464 3695 unusquisque
1488 3622 1926 3692 constringitur,»
1946 3636 2065 3691 quae

491 3721 655 3777 solvit
699 3720 959 3777 Dominus
1000 3732 1100 3787 per
1151 3724 1336 3788 typum
1383 3713 1576 3769 Lazari
1625 3712 1911 3775 suscitati,
1974 3711 2065 3779 qui

493 3806 736 3864 fasciolis
762 3817 819 3865 et
846 3807 1048 3863 institis
1073 3807 1287 3863 vinctus
1309 3806 1556 3878 jacuerat
1585 3805 1638 3858 in
1675 3803 1941 3872 sepulcro.

570 3916 590 3949 ι
635 3895 703 3951 Ει
731 3904 786 3952 tu
812 3912 964 3953 sume
990 3895 1090 3951 tibi
1131 3894 1455 3951 frumentum
1494 3904 1553 3950 ct
1586 3895 1869 3959 hordeum,
1906 3903 1961 3948 et
1992 3892 2068 3949 fa-

505 4006 525 4038 I
559 3988 686 4044 bam
728 3995 786 4045 et
817 3986 1014 4042 lentem
1043 3994 1099 4042 et
1145 3976 1351 4040 milium
1381 3995 1436 4040 ct
1460 3985 1676 4051 viciam,
1714 3995 1769 4041 ct
1798 3986 1977 4047 mittes
2008 4000 2071 4041 ea

513 4095 533 4127 ι
569 4077 623 4130 ln
644 4089 743 4132 vas
783 4087 975 4141 unum,
1010 4084 1067 4129 et
1093 4072 1262 4131 facles
1287 4074 1382 4129 tibi
1417 4090 1586 4145 panes
1612 4090 1835 4131 numero
1863 4075 2071 4133 dierum

516 4180 537 4221 c’
571 4166 769 4239 quibus
806 4165 1042 4224 dormies
1077 4180 1239 4236 super
1265 4165 1406 4222 latus
1432 4176 1580 4220 tuum
1611 4168 1865 4223 trecentis
1899 4182 2073 4221 nona-

510 4279 530 4312 c
566 4261 715 4334 ginta
755 4258 965 4326 diebus,
994 4250 1246 4318 comedas
1294 4255 1440 4312 illud.
1491 4257 1653 4312 Cibus
1702 4259 1883 4312 autem
1930 4266 2072 4322 tuus,

514 4374 536 4406 ι
568 4369 677 4427 quo
697 4352 1071 4420 vesceris,erit
1092 4351 1144 4406 in
1173 4350 1410 4422 pondere
1430 4349 1619 4420 viginti
1641 4359 1871 4409 statcres
1890 4352 1941 4405 in
1967 4351 2074 4413 die,

515 4465 534 4498 ι
570 4461 602 4501 a
641 4453 882 4517 tempore
921 4458 1099 4513 usque.
1145 4442 1215 4498 ad
1261 4451 1471 4513 tempus
1508 4442 1759 4496 conitcdcs
1809 4442 1972 4505 illud,
2024 4452 2077 4498 et

2165 3258 2482 3317 mentorum
2513 3259 2666 3315 cibus
2694 3267 2795 3315 est.
2826 3257 2884 3312 In
2926 3272 2991 3312 eo
3020 3255 3165 3312 enim
3184 3295 3200 3319 ,
3242 3254 3388 3324 quod
3414 3251 3666 3307 videntur
3690 3250 3741 3303 in

2166 3367 2333 3406 unum
2374 3340 2544 3405 Deum
2587 3349 2831 3413 credere,
2872 3347 3075 3402 habent
3121 3343 3324 3417 aliquid
3369 3351 3425 3398 et
3464 3340 3739 3396 frumenti.

2167 3442 2319 3510 Quod
2351 3449 2532 3495 autem
2570 3438 2741 3492 filium
2770 3442 3002 3509 negant,
3030 3434 3234 3491 hordeo
3259 3433 3633 3504 jumentorum
3654 3446 3744 3501 pa-

2128 3556 2133 3559 -
2174 3541 2416 3599 scuntur,
2444 3542 2499 3587 et
2524 3530 2695 3596 fabis,
2718 3531 2915 3602 quibus
2949 3528 3351 3585 comedentium
3374 3534 3569 3580 venter
3601 3520 3746 3578 infla-

2176 3639 2289 3693 tur,
2314 3635 2368 3681 et
2398 3640 2550 3680 mens
2577 3623 2809 3695 opprimi
2841 3622 3055 3681 diditur,
3087 3620 3141 3674 in
3174 3628 3378 3673 tantum
3407 3625 3466 3671 ut
3483 3616 3746 3688 pythago-

2173 3719 2302 3773 rmis
2324 3730 2541 3787 quoque
2580 3716 2736 3770 cibus
2766 3712 3100 3768 detestabilis
3139 3712 3231 3765 sit.
3276 3710 3507 3780 Propter
3548 3696 3747 3763 lentem

2172 3809 2315 3862 Esau
2365 3806 2723 3878 primogenita
2766 3802 3043 3875 perdidiu
3072 3800 3273 3855 Milium
3316 3798 3649 3853 rusticorum
3699 3802 3751 3848 et

2174 3899 2464 3967 agrestium
2488 3904 2537 3951 ct
2571 3895 2796 3950 altilium
2823 3895 2976 3949 cibus
3008 3901 3111 3947 est.
3147 3891 3332 3944 Avena
3370 3888 3485 3944 sive
3526 3887 3668 3941 vicia
3699 3892 3750 3938 et

2174 3991 2253 4061 of}
2266 4006 2324 4044 ra
2350 3992 2508 4045 bruta
2538 3997 2834 4060 pascuntur
2868 3984 3140 4040 animalia.
3169 3981 3322 4049 Quod
3355 3978 3539 4034 autem
3567 3975 3751 4031 scribi-

2176 4092 2265 4137 tur
2306 4081 2458 4150 juxta
2507 4079 2859 4151 Septuaginta
2914 4064 3059 4131 Elias
3109 4074 3320 4145 fugiens
3367 4070 3590 4128 Iezabel
3630 4065 3750 4136 (III

2185 4174 2311 4244 Reg.
2332 4173 2445 4244 xix)
2479 4173 2748 4228 invenisse
2777 4185 2968 4242 panem
2994 4170 3246 4241 ὁλγριτιξν,
3274 4164 3328 4220 id
3349 4174 3433 4220 est
3456 4159 3751 4219 subcineri-

2180 4266 2344 4327 cium,
2360 4263 2754 4334 persecutionis
2778 4270 2831 4315 et
2847 4258 3085 4330 penuria:
3110 4256 3317 4327 signum
3340 4261 3442 4309 est.
3476 4253 3636 4308 Unde
3651 4259 3699 4304 et
3721 4264 3749 4302 a

2181 4355 2359 4410 cervis
2375 4354 2635 4425 pascitur,
2653 4363 2713 4405 ut
2730 4352 2853 4420 quia
2876 4351 3053 4405 cibum
3070 4363 3173 4401 non
3194 4346 3474 4400 invenerat
3498 4344 3555 4397 in
3571 4341 3749 4405 lsrael,

2193 4445 2466 4499 nationum
2490 4458 2610 4513 qua-
2632 4441 2923 4496 immundze
2945 4448 3101 4493 erant
3123 4443 3438 4507 pasceretur
3461 4431 3751 4487 alimentis.

517 4557 537 4588 ι
579 4551 775 4607 aquam
813 4536 867 4590 in
905 4549 1158 4591 mensura
1201 4532 1371 4597 bibes,
1416 4540 1622 4588 sextam
1652 4542 1861 4602 partem
1890 4534 2001 4598 hin,
2048 4550 2078 4587 a
2112 4502 2159 4559 D
2184 4536 2294 4592 Lex
2324 4502 2552 4604 ,ηιιοηιξρ
2584 4535 2693 4603 ipsa
2713 4573 2728 4597 ,
2754 4502 3141 4602 quamatcgum-
3179 4530 3235 4582 et
3266 4538 3372 4580 non
3420 4523 3754 4593 intelligunt,

514 4645 534 4679 ι
569 4634 813 4698 tempore
856 4641 1026 4696 usque
1073 4625 1141 4681 ad
1181 4634 1393 4695 tempus
1437 4623 1591 4683 bibes
1637 4623 1802 4690 illud,
1844 4633 1900 4681 et
1927 4626 2083 4694 quasi

521 4734 540 4766 ς
575 4712 994 4775 subcinericium
1016 4715 1373 4771 bordeaceum
1406 4716 1655 4769 comedes
1683 4714 1834 4781 illud,
1861 4724 1916 4770 ct
1943 4724 2082 4770 ster-

523 4826 541 4859 ι
580 4820 707 4862 core
733 4805 971 4861 humano
993 4807 1206 4876 operies
1225 4806 1353 4861 illud
1376 4805 1428 4860 in
1449 4804 1619 4861 oculis
1642 4822 1850 4861 eorum.
1881 4827 1899 4858 ι
1934 4805 2080 4878 (Ilie-

516 4897 657 4970 ron.)
693 4896 922 4953 Iubetur
966 4906 1150 4957 autem
1196 4898 1461 4968 propheta
1513 4898 1710 4954 famem
1753 4898 1987 4955 futuram
2030 4909 2085 4955 et

518 4986 754 5057 inopiam
773 4984 955 5057 populi
980 4983 1142 5041 lsrael
1165 5000 1329 5057 opere
1350 4985 1741 5045 demonstrare.
1770 4986 1921 5042 Sicut
1943 4989 2086 5043 enim

519 5078 573 5131 in
610 5090 789 5137 rerum
817 5075 1059 5131 omnium
1093 5076 1321 5147 penuria
1362 5091 1468 5131 non
1506 5064 1821 5147 quaeruntur
1846 5079 2090 5134 ciborum

523 5164 872 5221 diversitates
895 5171 952 5220 et
991 5163 1216 5230 delicia,
1240 5164 1335 5219 sed
1360 5166 1629 5234 quomodo
1654 5176 1843 5222 venter
1872 5166 2093 5237 implea-

522 5266 630 5322 tur,
675 5255 754 5311 sic
792 5268 938 5312 nunc
977 5253 1239 5326 propheta
1262 5254 1587 5310 frumentum
1613 5264 1667 5309 et
1703 5256 1985 5321 hordeum,
2002 5238 2094 5310 ἰιι-

521 5346 669 5412 bam,
692 5341 893 5401 lentem
918 5351 976 5401 et
1011 5343 1221 5399 milium
1261 5358 1595 5413 avenamque
1639 5344 1807 5398 mittit
1846 5343 1899 5397 in
1930 5359 2082 5399 unun‘

523 5450 644 5505 vas,
668 5435 799 5493 facit
819 5445 1088 5493 trecentos
1112 5435 1398 5506 nonaginta
1425 5450 1614 5505 panes,
1636 5450 1773 5504 quos
1796 5451 1891 5506 per
1918 5437 2096 5506 singu-

523 5529 607 5587 los
627 5529 749 5586 dies
766 5530 1035 5597 omnedat,
1060 5529 1150 5598 qui
1176 5541 1346 5598 panes
1374 5525 1575 5583 habent
1593 5527 1812 5583 vicenos
1839 5526 2018 5589 siclos,
2044 5527 2097 5580 id

524 5631 887 5691 est,stateres.
911 5619 1087 5678 Siclus
1112 5627 1311 5683 autem,
1338 5617 1390 5672 id
1410 5627 1494 5672 est
1516 5625 1703 5683 stater,
1726 5617 1883 5672 habet
1907 5617 2098 5670 drach-

529 5730 645 5769 ntas
668 5723 918 5787 quatuor.
957 5709 1236 5768 Drachma:
1261 5718 1440 5763 autem
1475 5717 1597 5763 octo
1626 5709 1848 5762 latinam
1884 5709 2098 5764 unciam

2187 4626 2577 4682 subciucricius
2599 4624 2753 4694 panis
2776 4631 2880 4687 est,
2902 4627 2961 4675 ct
2989 4627 3208 4688 opertus
3235 4618 3467 4671 humano
3493 4623 3754 4668 stercore.

2186 4718 2548 4786 Quamobrem
2564 4724 2615 4782 et
2628 4712 2825 4769 Paulus
2836 4710 3108 4782 apostolus
3123 4710 3270 4763 lucra
3284 4707 3480 4778 legiset
3498 4704 3757 4775 pristina-
3796 4749 3803 4755 .

2186 4824 2305 4862 rum
2335 4806 2774 4862 ceremoniarum
2819 4800 3214 4857 observantiam
3243 4797 3376 4851 dicit
3419 4810 3481 4849 se
3501 4794 3759 4850 habuisse

2188 4900 2337 4969 quasi
2361 4909 2619 4960 stercora,
2644 4905 2705 4951 ut
2733 4895 3007 4952 Christum
3037 4889 3375 4946 lucrifaceret
3400 4880 3628 4958 (Philip.
3658 4882 3758 4950 ιιι).

2270 5009 2288 5040 ‹
2330 4991 2397 5045 Et
2421 4989 2551 5043 dixit
2582 4987 2845 5041 Dominus
2885 4999 2900 5038 :
2934 4983 3025 5039 S’ic
3054 4981 3337 5036 comedent
3366 4978 3461 5033 lilii
3484 4976 3653 5033 isne!
3674 4986 3762 5044 pa-

2201 5103 2216 5131 ι
2255 5090 2375 5134 nem
2406 5094 2559 5134 suum
2590 5077 2849 5147 pollutum
2886 5076 3027 5127 inter
3049 5080 3255 5141 gentes,
3286 5069 3355 5123 ad
3385 5083 3520 5138 quas
3548 5064 3759 5134 eiiciam

2201 5190 2219 5223 ι
2252 5186 2365 5226 eos.
2397 5170 2464 5225 Et
2490 5169 2599 5225 dixi
2626 5187 2638 5222 :
2662 5168 2744 5222 Ah
2773 5168 2841 5221 ah
2867 5166 2961 5230 ah,
2989 5163 3214 5217 Domine
3238 5161 3401 5223 Deus,
3429 5173 3558 5215 ecce
3586 5157 3761 5210 anima

2200 5281 2235 5312 (-
2256 5275 2374 5314 mea
2415 5276 2521 5313 non
2551 5267 2634 5313 est
2667 5256 2890 5328 polluta,
2921 5262 2975 5309 et
3005 5253 3347 5309 morticinum
3376 5260 3432 5305 et
3466 5250 3762 5304 laceratum

2202 5370 2218 5400 ‹
2258 5364 2287 5402 a
2319 5348 2507 5404 bestiis
2535 5362 2641 5401 non
2677 5346 2882 5401 comedi
2916 5344 2984 5398 ab
3011 5341 3234 5397 infantia
3267 5355 3384 5403 mea
3407 5351 3584 5408 usque
3602 5348 3762 5390 nunc.

2203 5455 2221 5488 Ι
2258 5437 2325 5492 Ει
2368 5454 2474 5491 non
2521 5444 2604 5491 est
2632 5437 2871 5505 ingressa
2912 5434 2967 5488 in
3004 5447 3068 5487 os
3097 5444 3274 5486 meum
3307 5428 3485 5484 omnis
3505 5440 3641 5481 caro
3655 5426 3762 5479 im-

2196 5540 2235 5577 r
2260 5528 2476 5582 munda.
2505 5526 2573 5581 Et
2588 5525 2722 5581 dixit
2744 5525 2813 5577 ad
2833 5539 2919 5579 me
2946 5513 2959 5578 ἑ
2986 5522 3123 5576 Ecce
3144 5520 3265 5575 dedi
3283 5518 3387 5573 tibi
3400 5517 3591 5572 fimum
3608 5516 3767 5569 boum

2205 5639 2222 5666 ι
2256 5632 2355 5685 pro
2383 5617 2716 5673 stercoribus
2736 5613 3013 5674 humanis,
3039 5618 3099 5664 et
3118 5609 3286 5664 facies
3310 5619 3504 5677 panem
3525 5613 3684 5657 tuum
3714 5602 3768 5655 in

2208 5729 2223 5757 ι
2261 5726 2345 5761 eo.
2392 5729 2409 5760 ι
2454 5706 2748 5775 Prophetas
2777 5703 2932 5774 juxta
2966 5700 3285 5756 Zachariam
3312 5699 3459 5753 viros
3490 5708 3621 5748 esse
3648 5707 3773 5762 por,
