3954 6182
207 353 322 414 591

1238 351 1589 409 COMMENT.
1627 352 1695 408 IN
1734 310 2183 409 EZECHIELEM.
2215 385 2286 395 --
2322 355 2449 411 us.
2488 351 2578 410 tv.

3370 361 3483 419 593

186 438 487 533 itentosos,
512 465 605 547 qui
646 465 760 529 suis
796 463 1052 547 operibus
1075 463 1251 520 futura
1277 467 1628 535 portendant,
1655 466 1804 522 etde
1832 468 1877 527 Α
1909 465 1965 521 in
1992 481 2098 535 qua
2128 467 2263 523 visio
2280 468 2433 538 pacis
2459 466 2722 534 cernitur,
2751 482 2911 537 quem
2933 470 3163 527 cuium-it
3190 471 3475 539 Dominus,

207 557 421 630 quibs
458 543 699 629 loquitur
744 543 891 613 Deus'
926 573 940 610 :
980 574 998 607 ι
1033 556 1094 611 In
1130 555 1379 613 manibus
1414 556 1801 626 prophetarum

207 647 555 705 assimilatus
598 662 721 703 sum
765 644 920 717 (Osee
951 645 1076 715 xu),
1108 665 1128 698 ι
1177 646 1230 700 in
1271 646 1455 701 multis
1508 645 1641 701 locis
1683 660 1802 701 cre-

210 738 726 809 berrimelegimus.
741 736 894 793 Sicut
914 737 1076 807 igitur
1087 736 1333 800 Ezechiel
1353 752 1549 809 panem
1568 737 1803 793 comedit

209 830 277 886 in
303 839 583 896 stercore,
614 828 695 889 sic
725 837 782 885 et
817 827 910 883 ﬁlii
942 827 1109 887 Israel
1140 828 1231 883 vel
1262 828 1439 885 omnis
1462 827 1688 898 populus
1710 826 1802 881 Ju-

211 919 491 985 daeerum,
515 918 653 985 sive,
683 926 747 973 ut
778 917 868 972 alii
898 925 1111 987 putant,
1126 917 1312 972 decem
1342 916 1515 972 tribus
1557 917 1802 977 comede-

212 1011 359 1067 bant
392 1025 590 1081 panem
608 1009 871 1080 pollutum
902 1010 959 1064 in
986 1008 1316 1073 nationibus,
1345 1008 1473 1064 licet
1504 1024 1611 1063 non
1643 1008 1715 1075 sit
1734 1008 1802 1063 ad

211 1118 318 1159 eos
358 1102 737 1166 comminatio,
766 1101 861 1172 qui
899 1099 1015 1170 jam
1064 1100 1225 1171 ejecti
1276 1107 1421 1167 sunt,
1453 1098 1551 1155 sed
1588 1098 1657 1153 ad
1706 1113 1803 1155 eos

213 1195 317 1265 qui
361 1193 615 1264 ejiciendi
655 1193 725 1249 de
770 1201 916 1253 terra
968 1191 1423 1262 repromissionis.
1469 1189 1643 1257 Quod‘
1674 1206 1801 1249 cum

212 1287 488 1357 propheta
508 1284 808 1350 didicisset,
832 1282 988 1352 juxta
1012 1283 1287 1355 Aquilam,
1314 1285 1475 1341 tertio
1503 1282 1800 1341 detestatus

210 1384 331 1442 est,
371 1394 391 1426 ι
423 1374 507 1430 Ah
532 1375 603 1429 ah
633 1374 723 1435 ah.
768 1393 790 1427 ι
831 1372 1071 1443 Denique
1116 1373 1370 1442 impetrat
1397 1372 1541 1441 quod
1567 1372 1799 1442 rogavit,

211 1474 278 1521 et
295 1464 582 1525 sententia:
599 1464 890 1527 austeritas
912 1462 1113 1518 mitiori
1129 1462 1357 1531 imperio
1376 1472 1674 1532 temperata
1694 1471 1798 1517 est.

211 1556 497 1623 (liuet-itur
530 1572 629 1613 erit
661 1554 912 1613 Ezechiel
957 1554 1202 1613 faciliora
1257 1555 1526 1629 renuerit,
1567 1564 1623 1613 et
1650 1554 1803 1613 Osca:

211 1655 412 1702 scorto
459 1647 641 1703 statim
684 1643 850 1701 fuerit
877 1645 1180 1716 copulatus,
1228 1659 1331 1701 nec
1376 1645 1797 1709 eontradixerit,

1903 556 2422 625 quando'irascitur,
2462 566 2518 614 et
2550 558 2799 633 indignos
2823 575 2922 623 nos
2951 575 3049 615 suo
3077 562 3286 631 iudicat
3308 580 3470 633 pane.

1900 645 2077 717 Atque
2096 647 2303 713 utinam
2324 648 2513 704 saltem
2545 648 2599 709 in
2619 651 2859 720 pondere
2885 664 3007 705 eum
3035 647 3093 707 et
3115 650 3489 711 sollicitudine-

1901 751 2206 799 mereamur
2232 739 2514 809 accipere,
2543 747 2600 793 et
2631 748 2874 796 arentem
2902 740 3140 811 linguam
3172 743 3341 797 nimia
3368 744 3480 807 sie-

1901 827 2095 894 citate,
2130 838 2406 897 extremus
2441 828 2633 884 Lazari
2657 830 2856 900 digitus
2891 830 3089 887 irroret
3127 830 3297 903 (Luc.
3326 835 3481 899 xvr).

1901 917 2195 974 Deﬁeiente
2228 927 2409 974 autem
2442 933 2581 988 pane
2605 926 2660 974 et
2692 934 2828 995 aqua
2853 920 3128 987 Ecclesiae,
3167 923 3373 979 corruit
3392 924 3476 981 vir

1900 1020 2086 1069 contra
2110 1012 2332 1067 fratrem
2355 1027 2543 1076 suum,
2580 1020 2635 1068 et
2661 1013 2861 1083 ubique
2890 1012 3160 1073 discordia
3178 1023 3293 1091 ‘est,
3327 1018 3476 1073 scin-

1900 1102 2149 1163 dentibus
2198 1102 2352 1158 nobis
2388 1102 2591 1159 Christi
2628 1104 2889 1166 tunicam,
2929 1120 3091 1174 quam
3131 1121 3231 1161 nec
3274 1106 3476 1163 milites

1900 1193 1955 1247 in
1984 1193 2242 1261 passione
2266 1191 2572 1249 Salvatoris
2596 1194 2845 1253 scindere
2873 1194 2991 1251 ausi
3016 1203 3176 1259 sunt,
3207 1204 3261 1257 et
3285 1205 3476 1251 conta-

1900 1282 2246 1343 bescentibus
2277 1282 2331 1337 in
2362 1283 2742 1352 iniquitatibus
2768 1288 3004 1354 nostris,
3040 1289 3167 1345 dum
3201 1289 3295 1344 Dei
3319 1289 3479 1357 justi-

1900 1373 2034 1431 tiam
2074 1387 2180 1429 non
2217 1372 2501 1431 habemus.
2533 1374 2806 1445 Scriptum
2833 1384 2919 1433 est
2951 1377 3006 1433 in
3047 1375 3306 1442 Jeremia,
3337 1382 3479 1450 quod

1906 1480 1925 1512 ι
1961 1462 2194 1531 parvuli,
2225 1481 2244 1516 ι
2280 1462 2329 1519 id
2353 1472 2459 1529 est,
2478 1465 2674 1536 vulgus
2702 1450 2982 1533 Ecclesite,
3025 1486 3044 1519 ι
3081 1468 3355 1537 petierunt
3386 1484 3480 1538 pa—

1902 1550 2046 1616 nem,
2086 1561 2140 1606 et
2171 1567 2277 1627 non
2308 1554 2473 1611 fuerit
2498 1555 2590 1627 qui
2630 1554 2710 1611 eis
2749 1555 3027 1626 frangeret
3062 1557 3279 1629 (Thren.
3319 1559 3414 1631 iv).
3455 1578 3475 1610 ι

1902 1644 2100 1705 Paulus
2140 1661 2298 1713 vero,
2333 1648 2428 1717 qui
2459 1649 2539 1704 vir
2568 1657 2715 1717 erat,
2754 1659 2812 1706 et
2849 1651 3055 1723 sciebat
3088 1651 3363 1708 Christum
3385 1667 3487 1722 pa-r

210 1738 341 1807 imo
361 1752 463 1794 nec
480 1737 821 1808 responderit
842 1746 1050 1793 castum
1072 1738 1275 1805 habere
1301 1751 1367 1792 se
1382 1752 1598 1807 corpus,
1629 1751 1804 1805 neque
1834 1815 1863 1817 Α
1905 1753 2002 1795 nes
2032 1738 2256 1811 fregisse
2278 1741 2498 1812 legales,
2529 1758 2594 1813 ac
2618 1744 2829 1800 dedisse
2851 1745 3129 1817 discipulis
3157 1747 3479 1816 erogandos,

211 1828 602 1891 commistione
648 1828 948 1885 meretricis
1002 1830 1221 1903 debere
1251 1830 1534 1898 maculari,
1591 1830 1802 1907 dicente
1831 1815 1879 1894 Β
1904 1831 2146 1902 loquitur
2197 1833 2532 1891 conﬁdenter

210 1918 488 1988 Apostolo
526 1936 542 1974 :
592 1938 611 1977 ι
654 1919 759 1988 Qui
798 1920 1040 1977 adhaeret
1078 1921 1374 1987 meretrici,
1409 1936 1575 1979 unum
1607 1935 1802 1991 corpus

210 2008 457 2067 eﬁcitur
477 2008 531 2082 (ι
558 2007 682 2065 Cor.
728 2009 828 2080 vr).
873 2029 892 2064 ι
952 2011 1033 2066 Ex
1075 2026 1185 2080 quo
1227 2011 1530 2068 ostenditur
1570 1996 1833 2083 ,ﬁguram‘

211 2099 396 2156 fuisse
424 2088 720 2173 Synagogse
749 2101 832 2157 vel
862 2100 1138 2171 Ecclesiae,
1176 2117 1283 2157 non
1321 2100 1466 2161 vere’
1466 2102 1623 2173 juxta
1652 2101 1797 2169 litte-

214 2204 347 2245 ram
395 2197 783 2263 perpetratae].
825 2190 977 2258 Quod
1006 2191 1181 2262 ipsum
1203 2201 1543 2263 exponentes
1568 2193 1802 2263 prophe-

214 2290 339 2343 tam
376 2281 591 2351 plenius
621 2282 995 2351 disseruimus.
1032 2281 1375 2342 Morticinum
1404 2283 1621 2351 dicitur,
1659 2282 1801 2354 quod
1834 2338 1839 2341 _

217 2371 438 2441 absque
460 2371 722 2449 ell'usione
762 2372 1041 2444 sanguinis
1069 2374 1270 2429 amittit
1298 2373 1487 2443 vitam,
1523 2383 1579 2429 et
1610 2374 1666 2428 in
1695 2387 1803 2445 quo

214 2464 462 2523 moritur
480 2463 680 2518 anima.
703 2462 1025 2519 Laceratum
1047 2480 1078 2519 a
1097 2465 1309 2533 bestiis,
1336 2466 1477 2535 quod
1502 2463 1687 2533 Grzepe
1710 2479 1799 2536 ap.

214 2552 458 2622 pellatur
494 2553 832 2629 Θηρωλώτον.
855 2541 1019 2622 Quod
1046 2561 1226 2623 autem
1262 2569 1361 2623 pro
1399 2555 1635 2610 humano
1664 2562 1803 2609 ster-

214 2657 359 2701 core
403 2642 564 2709 boum
608 2643 925 2709 conceditur
963 2642 1139 2713 ﬁmus,
1186 2642 1387 2717 leviora
1431 2642 1806 2714 signiﬁcantur

217 2732 372 2798 mala
392 2772 407 2798 ,
435 2732 562 2788 dum
587 2732 847 2809 iubentur
876 2733 1092 2804 quidem
1122 2740 1334 2791 coctum
1361 2732 1414 2785 in
1443 2731 1641 2810 bubulo
1668 2739 1803 2805 ster-

136 2890 145 2896 ‘
218 2834 361 2887 core
410 2821 694 2878 comedere
739 2837 955 2892 panem,
1010 2822 1105 2879 sed
1157 2823 1225 2876 ab
1275 2820 1497 2876 humani
1548 2821 1804 2876 stercoris

216 2910 390 2981 longe
413 2927 534 2968 esse
563 2899 932 2977 immunditia,
961 2900 1211 2982 et'usque
1233 2912 1392 2968 hodie
1414 2912 1469 2966 in
1494 2910 1691 2982 populo
1711 2911 1803 2967 lu-

2586 1855 2599 1890 :
2655 1854 2676 1890 t
2727 1836 2889 1893 Panis
2945 1851 3108 1907 quem
3152 1838 3477 1907 frangimus,

1906 1936 2087 1979 nonne
2123 1922 2545 1995 communicatio
2576 1926 2821 1995 corporis
2857 1926 3059 1987 Christi
3092 1929 3219 1986 est?
3259 1927 3312 1997 (I
3352 1928 3476 1983 Cor.

1905 2009 1984 2081 χ).
2037 2028 2056 2062 ι
2097 2010 2458 2081 Baenlumque
2484 2014 2567 2069 vel
2603 2013 2974 2073 tortitudinem
3005 2017 3163 2085 panis
3198 2018 3484 2075 comedere

1905 2114 2012 2161 non
2043 2108 2290 2170 possunt,
2321 2100 2418 2177 qui
2447 2101 2586 2157 lacte
2610 2102 2852 2166 infantiae
2882 2103 3152 2171 indigent,
3176 2119 3279 2163 nec
3302 2103 3482 2165 valent
3540 2140 3545 2153 τ

1904 2188 2151 2259 accipere
2178 2187 2412 2257 solidum
2434 2189 2642 2251 cibum.
2684 2190 2936 2260 Nihilque
2962 2191 3040 2247 ita
3059 2192 3328 2253 vescentis
3357 2192 3481 2246 ani-

1905 2295 2052 2347 mum
2082 2281 2323 2347 roborat,
2347 2281 2617 2351 quomodo
2637 2283 2793 2353 panis
2818 2282 2962 2350 vita),
2985 2284 3054 2341 de
3080 2298 3188 2354 quo
3217 2284 3479 2353 scriptum

1903 2379 2023 2441 est:
2063 2390 2082 2424 ι
2123 2371 2189 2427 Ει
2217 2372 2374 2442 panis
2394 2371 2679 2428 conﬁrmat
2697 2388 2792 2429 cor
2816 2373 3069 2455 hominis.
3096 2392 3118 2426 ι

2526 2480 2754 2539 CAPUT
2790 2481 2853 2535 ν.

1904 2568 1974 2625 In
1992 2573 2212 2626 cirsan'c
2237 2582 2286 2625 et
2316 2572 2706 2648 barba
2727 2573 2946 2648 judicia
2968 2576 3151 2648 pppuli
3180 2578 3481 2648 signiﬁcan-

2080 2651 2203 2707 tur;
2223 2652 2271 2705 et
2298 2643 2367 2696 de
2396 2642 2548 2701 malis
2570 2642 2765 2711 futuris
2798 2642 3297 2715 super'le'ruseler'u.

1979 2748 2002 2797 ς
2040 2731 2107 2787 Ει
2136 2740 2214 2797 tu,
2245 2732 2347 2787 Fili
2373 2732 2641 2797 hominis,
2672 2748 2824 2799 sums
2860 2735 3221 2806 tibigladiltm
3259 2746 3483 2800 acutum

1909 2837 1931 2872 ι
1968 2822 2244 2877 radentem
2296 2822 2454 2893 pilos,
2499 2831 2555 2891 et
2599 2825 2824 2889 extrahe
2869 2841 2970 2896 per
3017 2836 3178 2897 caput
3210 2838 3377 2889 tuum
3423 2839 3482 2889 et

1912 2932 1932 2966 ι
1970 2914 2194 2983 barbam
2224 2922 2368 2970 tuam
2389 2956 2403 2979 ,
2445 2918 2502 2975 et
2522 2931 2771 2975 assumes
2793 2917 2888 2974 tibi
2914 2926 3181 2981 stateram
3202 2922 3480 2992 ponderis,

218 3005 473 3073 dgeornm
517 3017 767 3062 servatur
813 3006 914 3063 ista
944 3004 1232 3087 sententia,
1276 3012 1347 3081 ut
1377 3019 1485 3059 non
1521 2984 1806 3058 comedant
1912 3023 1931 3055 ι
1980 3013 2037 3071 et
2060 3004 2265 3061 divides
2296 3020 2421 3075 eos,
2462 3007 2679 3075 tertiam
2707 3016 2927 3078 partem,
2945 3010 3071 3082 igne
3092 2984 3388 3073 [combures
3425 2984 3481 3068 in

218 3111 430 3169 panem
452 3113 607 3153 suum
630 3098 684 3153 in
711 3099 948 3153 humano
982 3106 1242 3162 stercore,
1277 3109 1451 3164 neque
1477 3094 1619 3149 enim
1644 3092 1802 3148 idolis
1826 3162 1833 3167 ν
1912 3115 1932 3149 α
1967 3096 2146 3152 medio
2163 3097 2419 3164 civitatis,
2434 3093 2593 3166 juxta
2610 3099 3021 3180 complctionem
3036 3102 3245 3167 dierum
3265 3105 3484 3173 conclu-

217 3188 505 3254 serviunt,
538 3203 638 3247 nec
670 3187 819 3243 varia
847 3188 1147 3247 daemonum
1179 3192 1425 3261 portenta
1455 3192 1802 3257 venerantur,
1830 3182 1875 3245 C
1912 3201 1932 3235 ι
1961 3185 2148 3251 sionis,
2174 3193 2229 3241 et
2251 3185 2686 3256 tertiampartem
2708 3188 2965 3263 concides
2981 3189 3161 3260 gladio
3177 3191 3231 3247 in
3247 3192 3478 3250 circuitu

216 3280 327 3339 sed
364 3280 420 3335 in
453 3278 581 3355 lituo
606 3278 806 3335 bubulo
827 3319 842 3346 ,
874 3279 999 3334 dum
1029 3277 1211 3335 omnia
1244 3286 1467 3359 propter
1499 3291 1718 3341 carnem
1748 3282 1803 3341 et

214 3379 501 3438 ventrem,
539 3379 594 3427 ct
622 3379 780 3429 terra:
804 3369 964 3438 hujus
990 3370 1129 3427 bona
1153 3379 1468 3443 operantur,
1506 3368 1802 3435 secundum

218 3461 382 3535 quod
429 3462 625 3518 dicitur
655 3480 669 3516 :
704 3479 723 3513 ι
753 3460 854 3529 Qui
886 3461 1076 3517 fecerit
1112 3476 1198 3526 ea,
1236 3461 1380 3515 vivet
1411 3460 1600 3526 ineis,
1646 3446 1805 3515 {nos

221 3560 417 3623 autem
450 3559 664 3608 terrena
690 3552 1109 3619 contemnimus,
1147 3558 1205 3607 et
1237 3562 1345 3606 non
1376 3537 1549 3606 solum
1580 3548 1804 3605 humani

218 3643 491 3699 stercoris
526 3644 798 3700 calcamus
830 3646 982 3701 cibos
1000 3684 1016 3711 ,
1041 3653 1098 3699 et
1131 3652 1375 3700 terrenas
1402 3643 1622 3701 delicias
1643 3652 1804 3714 puta-

216 3749 359 3791 mus
389 3748 506 3789 esse
531 3749 628 3804 pro
663 3734 845 3801 nihili,
877 3734 972 3790 sed
1020 3734 1353 3789 comedimus
1382 3747 1579 3802 panem
1611 3732 1702 3802 qui
1737 3733 1805 3789 de

217 3822 376 3878 crelo
393 3823 691 3889 deseendit,
704 3833 759 3878 et
780 3823 1012 3879 fruimur
1039 3824 1128 3879 illo
1147 3823 1269 3880 cibo
1311 3823 1377 3880 de
1399 3838 1506 3893 quo
1521 3821 1804 3878 Psalmista

214 3915 489 3969 decantat
518 3933 531 3967 :
564 3932 583 3966 ι
619 3914 816 3971 Panem
843 3914 1156 3987 angelorum
1181 3914 1416 3970 comedit
1439 3915 1600 3970 homo
1628 3912 1802 3986 (Paul.

213 4004 464 4075 Lxxvn),
480 4024 497 4055 ›
530 4020 869 4075 nequaquam
896 4004 1169 4077 Egyptiis
1189 4005 1463 4072 carnibus,
1479 4005 1573 4060 sed
1597 4020 1805 4065 manna:

217 4096 499 4152 tenuitate
521 4096 785 4152 viventes.

308 4203 331 4235 ι
368 4182 439 4239 Et
471 4184 605 4239 dixit
633 4184 699 4239 ad
742 4199 829 4240 me
854 4203 868 4239 :
896 4183 999 4241 Fili
1028 4185 1294 4252 hominis,
1344 4200 1471 4240 ecce
1499 4200 1598 4256 ego
1628 4192 1809 4239 conte-

220 4297 247 4329 ε
287 4292 412 4332 ram
453 4276 703 4333 baculum
735 4278 892 4347 panis
932 4278 986 4332 in
1030 4276 1385 4344 Hierusalem,
1432 4286 1488 4332 et
1526 4277 1808 4333 comedent

219 4392 245 4423 ι
285 4384 489 4443 panem
519 4368 573 4424 in
594 4360 852 4441 pondere,
889 4376 945 4423 et
972 4369 1025 4423 in
1049 4368 1430 4430 sollicitudine,
1457 4376 1511 4421 et
1537 4384 1730 4437 aquam
1753 4368 1807 4422 in

1908 3292 1928 3325 ‹
1959 3271 2097 3343 ejtis.
2112 3274 2349 3329 Tertiam
2386 3290 2517 3331 vero
2555 3276 2717 3331 aliain
2753 3276 3028 3349 disperges
3059 3279 3113 3334 in
3154 3288 3395 3345 ventum,
3427 3289 3484 3339 et
3554 3330 3559 3336 .

1909 3382 1929 3416 ι
1961 3363 2197 3441 gladium
2227 3365 2440 3427 nudabo
2465 3373 2588 3434 post
2627 3380 2739 3431 eos,
2784 3373 2842 3422 et
2874 3358 3071 3423 sumes.
3101 3369 3225 3424 inde
3249 3386 3481 3441 parvum

1908 3477 1927 3511 ‹
1960 3458 2336 3525 nume'rum,et
2359 3458 2548 3530 ligabis
2572 3472 2668 3514 eos
2687 3458 2743 3512 in
2764 3458 3078 3525 summitate
3102 3458 3247 3528 pallii
3282 3460 3381 3515 tui.
3413 3460 3483 3514 Et

1908 3569 1929 3603 ι
1959 3564 2028 3623 ex
2048 3550 2127 3605 eis
2149 3564 2364 3607 rursum
2396 3548 2573 3614 tolles,
2590 3556 2645 3605 et
2668 3548 2922 3622 projicies
2949 3549 3006 3605 in
3030 3550 3208 3621 medio
3234 3550 3393 3620 ignis,
3423 3560 3483 3605 ct

1908 3659 1927 3693 ι
1968 3640 2256 3701 combures
2313 3656 2404 3696 eos
2464 3640 2585 3710 igne
2614 3680 2629 3709 ,
2669 3649 2726 3705 et
2774 3655 2844 3695 ex
2898 3654 2965 3705 eo
2995 3641 3302 3711 egredietur
3337 3643 3479 3714 ignis

1908 3749 1927 3782 ι
1964 3730 2019 3793 in
2076 3746 2290 3791 omnem
2340 3731 2556 3787 domum
2604 3729 2793 3787 Israel.
2822 3749 2843 3782 ι
2891 3729 3183 3803 (Ηὶενοη.)
3236 3731 3295 3789 ln
3347 3746 3478 3788 eon-

1904 3823 2251 3897 seqnentibus
2295 3824 2522 3895 (enigma
2562 3823 2879 3892 capillorum
2922 3824 2977 3879 in
3016 3831 3127 3880 tres
3171 3832 3355 3894 partes
3395 3825 3480 3880 di-

1904 3914 2166 3979 visurum,
2204 3913 2318 3984 ipse
2355 3913 2615 3970 Dominus
2649 3913 2900 3970 edisserit
2924 3930 3025 3985 per
3053 3916 3370 3984 prophetam
3403 3916 3484 3970 di-

1906 4017 2036 4059 cens
2066 4021 2079 4056 :
2112 4022 2130 4057 ι
2160 4002 2342 4059 Tertia
2366 4003 2442 4058 tui
2470 4018 2597 4075 pars
2620 4012 2770 4072 peste
2795 4004 3081 4073 morietur,
3106 4014 3163 4060 et
3189 4005 3328 4062 fame
3347 4022 3481 4062 con-

1902 4102 2151 4163 sumetur
2186 4095 2238 4151 in
2270 4095 2446 4151 medio
2471 4094 2581 4161 tui;
2606 4115 2625 4147 ι
2657 4093 2853 4149 famem
2885 4104 2942 4151 et
2974 4096 3336 4165 pestilentiam
3362 4098 3483 4167 igne

1905 4196 2024 4238 esse
2055 4183 2384 4255 signiﬁcans.
2419 4202 2437 4237 ι
2473 4183 2541 4238 Et
2576 4185 2735 4240 tertia
2762 4184 2841 4239 tui
2873 4199 3001 4254 pars
3041 4184 3223 4258 gladio
3250 4186 3408 4251 cadet
3427 4187 3484 4242 in

1907 4272 2135 4328 circuitu
2182 4281 2295 4329 tuo.
2358 4292 2379 4327 ι
2431 4273 2588 4329 Foris
2642 4275 2816 4330 credes
2854 4289 2919 4330 ac
2969 4274 3109 4329 bella
3145 4275 3479 4332 describens.

1914 4348 2225 4421 r'Tertiam
2269 4378 2423 4430 vero,
2480 4365 2677 4435 inquit,
2731 4375 2945 4437 partem
2986 4374 3134 4421 tuam
3170 4367 3225 4421 in
3264 4383 3482 4423 onmem

222 4485 244 4515 ι
292 4474 591 4525 mensura,
631 4469 685 4514 et
715 4459 769 4515 in
798 4460 1043 4530 angustia
1085 4459 1301 4526 bibent,
1340 4469 1399 4514 ιιι
1437 4458 1809 4514 deﬁcientibus
1835 4522 1877 4530 _
1910 4461 2128 4507 ventum
2180 4452 2510 4524 dispergam.
2553 4473 2571 4506 ι
2629 4468 2724 4509 eos
2770 4468 2890 4509 esse
2937 4454 3332 4519 demonstrans,
3387 4456 3481 4527 qui

220 4572 245 4602 ι
284 4564 433 4622 pane
449 4558 502 4605 et
521 4522 659 4619 aqua
683 4522 902 4604 corruat
914 4522 1368 4617 unusquisque'ad
1392 4547 1611 4603 fratrem
1629 4562 1803 4613 suum,
1820 4522 1887 4595 .D
1910 4544 2140 4600 ducendi
2169 4522 2294 4601 sunt
2321 4522 2379 4605 in
2395 4544 2783 4613 captivitatem.
2819 4542 2943 4597 Post
2980 4557 3116 4613 quos
3142 4557 3202 4599 se
3229 4544 3361 4599 dicit
3380 4522 3493 4600 n'u-v

220 4664 244 4695 ι
291 4650 358 4698 et
388 4642 770 4697 contabescant
803 4640 857 4695 in
889 4640 1261 4710 iniquitatibus
1294 4640 1425 4695 suis.
1457 4659 1476 4691 ι
1510 4640 1696 4696 Omnis
1729 4641 1805 4694 si—

212 4733 392 4791 nistri
441 4738 495 4787 et
542 4731 715 4801 dextri
744 4729 930 4786 lateris
955 4730 1225 4794 dormitio,
1260 4737 1317 4785 et
1345 4728 1687 4805 subcinericii
1715 4744 1810 4799 pa-

210 4827 317 4883 nis
343 4864 361 4892 ,
406 4818 610 4893 sexque
645 4821 944 4893 specierum
992 4820 1254 4875 varietate
1309 4819 1579 4874 commisti
1622 4819 1807 4873 mundi

211 4898 379 4973 mala
422 4915 772 4987 signiﬁcans:
805 4913 900 4968 illo
934 4914 1123 4979 tendit,
1170 4920 1230 4967 ut
1279 4912 1513 4967 inediam
1567 4912 1809 4967 ciborum

212 5011 280 5081 in
322 5004 659 5061 Hierusalem
685 5012 742 5059 et
770 4998 922 5075 a’qum
959 5004 1239 5083 penuriam
1271 5001 1641 5058 incredibilem
1677 5018 1809 5072 pro-

210 5102 487 5152 testetur.
533 5111 554 5146 r
594 5093 675 5150 lta
711 5102 772 5149 ut
811 5092 1177 5163 unusquisque
1215 5101 1436 5159 corruat
1474 5092 1541 5147 ad
1586 5092 1814 5148 fratrem

210 5201 419 5245 suum.
457 5205 478 5239 ι
511 5183 596 5241 Ah
623 5184 731 5243 alio
768 5185 1028 5239 auxilium
1069 5198 1316 5252 sperans,
1349 5182 1493 5256 quod
1514 5184 1578 5237 in
1609 5199 1667 5238 se
1692 5197 1814 5239 esse

208 5264 351 5335 non
384 5276 665 5349 praevidet.
702 5274 905 5353 Natura
941 5276 1087 5330 enim
1118 5275 1398 5331 hominum
1436 5285 1552 5339 cst,
1597 5282 1656 5329 ut
1692 5288 1815 5342 pre-

208 5371 511 5430 mentibus
532 5370 691 5427 malis
732 5377 786 5426 et
806 5369 1173 5441 angustiarum
1200 5367 1460 5447 pondere,
1487 5367 1541 5421 in
1565 5365 1813 5437 proximo
1840 5436 1843 5439 λ

208 5463 411 5534 magis
450 5479 615 5535 quam
672 5462 726 5518 in
769 5477 831 5519 se
868 5462 1105 5535 habeant
1155 5450 1428 5515 ﬁduciam.
1488 5476 1507 5511 ι
1542 5456 1809 5515 Contube-

207 5562 503 5625 scnntqne
541 5554 603 5615 in,
631 5553 1004 5624 iniquitatibus
1033 5554 1164 5610 suis.
1201 5572 1221 5606 ι
1253 5553 1389 5609 Dum
1416 5568 1518 5624 pro
1560 5553 1812 5622 iniquita-

207 5646 380 5701 tibus
426 5653 625 5699 cuncta
666 5646 967 5716 patiuntur.
1018 5643 1329 5715 Vereorque
1379 5658 1447 5698 ne
1504 5643 1607 5699 ista
1659 5644 1813 5713 panis

206 5737 522 5801 contritio,
564 5744 619 5790 et
649 5736 762 5807 jam
794 5735 851 5790 in
891 5744 1075 5793 nostra
1107 5735 1415 5795 inveniatur
1447 5733 1806 5797 Hierusalem,

1912 4634 2043 4691 dare
2081 4634 2163 4690 vel
2184 4632 2460 4690 effundere
2494 4633 2732 4705 gladium
2754 4648 2929 4697 suum,
2963 4640 3025 4687 ut
3060 4648 3162 4712 nec
3190 4635 3481 4705 captivitas

1911 4727 2264 4783 novissimum
2289 4727 2361 4783 sit
2382 4724 2661 4789 malorum,
2681 4738 3001 4794 sumereque
3025 4725 3093 4781 de
3114 4725 3246 4797 ipsis
3271 4726 3482 4795 disper-

1911 4818 1987 4873 sis
2017 4826 2179 4886 atque
2210 4814 2460 4886 captivis,
2493 4823 2549 4868 et
2573 4812 2746 4884 ligare
2769 4812 2825 4866 in
2850 4813 3164 4869 summitate
3192 4814 3340 4884 pallii
3371 4816 3481 4881 sui,

1910 4924 2005 4965 eos
2043 4908 2134 4979 qui
2166 4908 2231 4963 de
2268 4905 2578 4976 captivitate
2611 4904 2835 4960 redituri
2864 4912 2995 4960 sunt
3022 4906 3078 4962 in
3117 4905 3478 4975 Hierusalem,

1908 5010 1965 5057 et
2006 5017 2093 5077 es
2115 5000 2248 5069 ipsis
2281 5013 2493 5071 quoque
2528 4996 2720 5053 tollere
2762 4996 3000 5068 aliquam
3039 5006 3250 5070 partem
3280 5008 3335 5054 et
3355 4999 3480 5071 igne

1908 5090 2231 5160 ﬂammaque
2266 5103 2607 5153 consumere,
2635 5088 2953 5160 signiﬁcans
2977 5089 3341 5156 Macedonius,
3381 5089 3483 5145 sub

1909 5182 2106 5253 quibus
2148 5181 2482 5256 habitatores
2516 5177 2688 5246 Judse,
2729 5187 2786 5236 et
2830 5180 3100 5252 prteeipue
3149 5180 3481 5236 Hierusalem

1910 5278 2043 5334 dura
2078 5276 2321 5348 perpessi
2357 5283 2500 5333 sunt.
2533 5275 2689 5343 Quod
2720 5283 2903 5339 autem
2923 5275 3074 5341 dicit,
3102 5290 3169 5330 ea:
3193 5290 3273 5339 eo,
3302 5272 3355 5327 id
3377 5280 3478 5325 est.

1916 5367 2112 5439 populo
2133 5365 2465 5430 Judazorum,
2503 5364 2616 5420 sive
2637 5361 2790 5432 juxta
2824 5362 3197 5436 Septuaginta,
3221 5376 3288 5415 ex
3312 5376 3395 5423 ea,
3424 5366 3486 5412 ut

1918 5458 2268 5514 subaudiatur
2330 5454 2467 5510 urbe
2532 5453 2850 5510 Jerusalem.
2914 5472 2934 5505 ‹
2978 5452 3297 5523 Egredietnr
3336 5448 3478 5518 ignis

1919 5552 1973 5607 in
2007 5564 2221 5604 omnem
2248 5548 2465 5602 domum
2491 5543 2676 5601 Israel.
2718 5564 2737 5597 ι
2782 5543 3208 5599 Machabaeorum
3249 5539 3475 5594 historia

1920 5646 2105 5697 narrat
2129 5636 2180 5709 (1
2211 5635 2387 5690 Much.
2413 5652 2488 5701 ιι,
2520 5651 2602 5700 ιιι,
2625 5632 2709 5710 ιν)
2742 5631 2883 5704 quod
2927 5629 3173 5701 qumdam
3215 5641 3342 5698 pars
3381 5623 3474 5678 1,..

1919 5732 2239 5791 ἀκοιυιιιεε
2277 5725 2558 5781 tradiderit
2582 5724 2847 5779 Antiocho
2873 5718 3136 5790 Epiphani
3170 5727 3223 5773 et
3256 5729 3379 5773 eum
3412 5723 3475 5768 at
