3954 6182
428 355 532 412 599

1061 352 1122 405 Β.
1164 349 1414 405 RABANI
1448 348 1668 405 MAURI
1704 346 2020 404 ARCHIEP.
2059 346 2370 405 MOGUNT.
2408 346 2690 404 OPEBUM
2726 345 2906 402 PARS
2944 346 3008 400 Il.
3094 416 3107 427 .

3579 344 3678 405 600

426 470 859 544 persecutionem
887 467 1067 543 populi
1095 466 1411 527 concitaret,
1444 474 1496 520 et
1526 463 1697 519 multa
1728 464 1854 528 alia,
1876 478 1998 532 qua:
2025 465 2073 523 Α
2102 462 2171 516 tis
2198 463 2430 532 cingitur
2475 462 2657 531 plaga,
2700 475 2820 529 qua:
2848 457 3147 530 appellatur
3172 457 3319 513 Asia.
3356 457 3401 513 Δ
3446 461 3687 529 partibus

431 563 485 617 in
509 561 695 617 eadem
728 559 1037 616 scribuntur
1058 557 1316 621 historia,
1355 563 1411 611 et
1444 556 1497 609 in
1528 553 1747 625 Josephi
1770 553 2001 608 volumi-

427 655 589 709 nibus
636 651 1010 721 praacipneque
1044 648 1379 702 dissensione
1410 646 1644 716 Hyrcani
1675 653 1730 700 ct
1767 644 2001 698 Alexan-

431 744 563 803 dri,
628 756 725 811 per
779 754 1007 809 quorum
1072 737 1411 793 occasionem
1462 736 1650 792 consul
1715 735 2001 804 Pompeius

429 830 722 887 Jerusalem
768 830 933 901 cepit,
959 838 1013 882 et
1062 827 1320 883 Romana
1372 826 1561 881 ditioni
1591 822 1849 891 subdidit,
1882 841 2002 896 qua;

430 927 616 988 postea
666 918 767 973 sub
815 918 939 972 Tito
990 927 1046 971 et
1076 916 1405 985 Vespasiano
1454 917 1583 969 urbs
1630 923 1811 985 capta,
1867 924 2004 970 tem-

428 1010 683 1080 plumque
707 1008 1044 1063 subversum.
1070 1010 1137 1062 Et
1157 1016 1278 1076 post
1297 1007 1684 1076 quinquaginta
1709 1021 1882 1061 annos
1903 1006 2004 1061 sub

427 1100 577 1155 Ailio
600 1100 838 1154 Adriano
862 1114 1035 1169 usque
1068 1100 1134 1153 ad
1158 1099 1330 1153 solum
1358 1099 1579 1153 incensa
1611 1098 1805 1153 civitas
1840 1105 2007 1166 atque

434 1191 608 1246 deleta
635 1198 717 1245 est
734 1231 749 1256 ,
778 1192 852 1245 ita
874 1199 933 1243 ut
955 1189 1243 1260 pristinum
1278 1204 1491 1260 quoque
1520 1204 1716 1243 nomen
1741 1188 2001 1243 amiserit.

430 1282 711 1349 Quomodo
740 1290 916 1334 autem
947 1281 1002 1334 in
1038 1279 1262 1335 cazsarie
1299 1290 1355 1333 et
1384 1278 1551 1333 barba
1589 1277 2007 1347 pulchritudinis

433 1389 497 1428 ac
519 1372 793 1425 virilitatis
812 1370 1066 1425 indicium
1096 1376 1201 1431 est,
1226 1383 1343 1437 qua:
1371 1368 1415 1421 si
1438 1368 1716 1431 radantur,
1742 1366 1886 1421 foeda
1910 1381 2008 1419 nu-

433 1464 576 1518 ditas
618 1469 865 1532 apparet,
917 1468 973 1515 et
1007 1459 1247 1513 universi
1299 1458 1545 1528 corporis
1574 1472 1699 1527 pars
1727 1464 1969 1510 extrema
1991 1495 2008 1521 ,

433 1562 598 1622 atque
624 1561 684 1606 ut
722 1552 795 1606 ita
827 1551 1004 1606 dicam
1026 1559 1274 1605 emortua
1310 1549 1362 1602 in
1390 1548 1599 1618 capillis
1624 1563 1691 1602 ac
1721 1547 1846 1616 pilis
1882 1554 1966 1600 est
1993 1564 2007 1600 :

412 1628 509 1699 ita
555 1643 853 1699 Jerusalem
890 1650 946 1697 et
995 1641 1224 1712 pepulus
1264 1639 1383 1709 ejus
1414 1649 1694 1694 emortuus
1729 1651 1785 1691 et
1821 1652 1852 1691 a
1889 1637 2013 1691 vivo

432 1737 526 1791 Dei
573 1752 803 1807 corpore
842 1743 1125 1805 separatus
1170 1733 1299 1787 fami
1331 1748 1396 1787 ac
1422 1731 1764 1801 pestilentia,
1787 1729 1919 1784 caedi
1959 1736 2014 1783 et

2097 552 2419 615 occidentis,
2451 551 2567 619 ejus
2598 567 2717 620 qua:
2763 558 2990 605 vocatur
3030 550 3263 617 Europa.
3301 548 3346 601 A
3383 549 3607 604 meridie
3632 560 3688 605 et

2099 655 2306 707 austro,
2321 643 2488 712 Libya
2502 650 2556 697 et
2571 642 2771 696 Africa.
2788 641 2831 695 A
2846 640 3230 710 septentrione,
3246 637 3483 712 Scythis,
3499 640 3690 696 Arme—

2060 799 2069 813 π
2099 732 2188 787 nia
2217 742 2377 801 atque
2398 731 2637 796 Perside,
2665 740 2720 786 et
2742 732 2949 785 cunctis
2970 732 3126 787 Ponti
3152 734 3476 787 nationibus.
3492 733 3548 787 In
3584 749 3698 787 me-

2101 824 2191 879 dio
2228 824 2391 891 igitur
2436 823 2674 892 gentium
2721 822 2897 891 posita
2926 833 3041 887 est,
3074 832 3135 878 ut
3162 824 3287 894 quia
3323 843 3341 875 ι
3379 834 3539 880 notus
3576 839 3697 880 erat

2102 914 2158 967 in
2200 910 2382 966 Iudaea
2428 914 2587 974 Deus,
2614 912 2666 966 in
2705 912 2865 966 Israel
2900 928 3153 983 magnum
3203 927 3400 967 nomen
3427 913 3543 981 ejus
3571 915 3692 977 (Ps.

2103 1000 2289 1070 Lxxv),
2310 1019 2329 1052 ι
2362 1016 2553 1055 omnes
2583 1002 2635 1055 in
2681 1002 2909 1056 circuitu
2958 1001 3206 1056 nationes
3233 1001 3377 1056 illius
3405 1017 3701 1071 sequeren-

2104 1100 2195 1145 tur
2220 1091 2487 1161 exempla,
2515 1107 2634 1160 quae
2660 1092 2898 1161 gentium
2921 1093 3067 1146 circa
3096 1106 3154 1146 se
3179 1093 3477 1161 positarum
3508 1094 3703 1163 impiea

2106 1189 2271 1237 tatem
2297 1188 2481 1236 secuta
2507 1181 2638 1235 vicit
2664 1182 2828 1234 etiam
2858 1182 3003 1249 ipsas
3029 1182 3082 1235 in
3110 1181 3315 1237 scelere
3342 1198 3459 1236 suo.

2183 1292 2203 1325 ι
2236 1272 2444 1328 Idcirco
2473 1274 2590 1328 haec
2613 1272 2746 1327 dicit
2772 1272 3033 1327 Dominus
3054 1272 3218 1337 Deus,
3242 1273 3367 1342 quia
3399 1272 3701 1341 superastis

2114 1380 2135 1415 ι
2179 1372 2387 1435 gentes,
2418 1378 2542 1434 quae
2587 1364 2643 1417 in
2669 1362 2900 1418 circuitu
2943 1371 3124 1418 vestro
3151 1372 3298 1428 sunt,
3332 1364 3385 1417 in
3416 1364 3703 1432 praeceptis

2116 1476 2135 1510 ι
2175 1457 2311 1511 meis
2341 1471 2449 1510 non
2478 1455 2796 1510 ambulastis
2814 1496 2827 1519 ,
2857 1464 2912 1509 et
2944 1452 3152 1522 judicia
3184 1469 3303 1508 mea
3336 1470 3440 1508 non
3469 1452 3699 1517 fecistis,

2117 1569 2137 1603 ι
2178 1559 2231 1607 et
2251 1549 2408 1619 juxta
2451 1549 2655 1620 judicia
2698 1548 2960 1619 gentium,
2997 1563 3116 1617 qua:
3162 1547 3213 1601 in
3257 1547 3486 1601 circuitu
3512 1555 3703 1601 vestro

2118 1661 2137 1694 ι
2180 1651 2325 1707 sunt,
2347 1656 2456 1696 non
2499 1640 2632 1696 estis
2675 1640 2905 1710 operati.
2953 1639 3078 1694 Ideo
3124 1640 3242 1695 haec
3280 1640 3409 1694 dicit
3438 1638 3703 1694 Dominus

2120 1754 2140 1788 ι
2185 1736 2324 1790 Dens
2341 1753 2354 1788 :
2371 1734 2512 1789 Ecce
2525 1748 2625 1804 ego
2649 1733 2716 1787 ad
2738 1740 2811 1797 te,
2829 1740 2884 1787 et
2902 1732 3017 1802 ipse
3028 1745 3128 1802 ego
3145 1730 3339 1785 faciam
3360 1730 3416 1797 in
3429 1731 3608 1785 medio
3630 1730 3709 1784 tui

433 1828 633 1899 gladio,
657 1826 967 1896 captivitati,
1007 1840 1072 1880 ac
1098 1822 1440 1892 dispersioni,
1489 1822 1740 1876 traditur.
1784 1820 1859 1874 De
1908 1833 2012 1889 qua
2044 1811 2090 1869 Β
2123 1847 2143 1881 ς
2182 1828 2386 1897 judicia
2424 1828 2476 1881 in
2517 1825 2687 1881 oculis
2728 1824 3002 1895 gentium,
3050 1834 3106 1877 et
3145 1822 3341 1878 faciam
3387 1822 3442 1876 in
3486 1831 3541 1877 te
3582 1837 3710 1891 qua:

434 1922 768 1990 dispersione
799 1919 899 1974 sub
925 1919 1095 1989 figura
1120 1916 1435 1987 capillorum
1461 1917 1639 1986 aliqua
1666 1930 1793 1984 pars
1820 1913 2020 1985 ligatur

436 2011 491 2065 in
518 2011 829 2065 summitate
853 2010 1001 2079 pallii
1027 2019 1088 2063 ut
1131 2009 1400 2064 modicum
1429 2008 1558 2079 quid
1586 2022 1803 2061 rursum
1834 2005 2018 2060 trada-

436 2111 528 2155 tur
547 2101 812 2155 incendio.
838 2100 914 2154 De
933 2115 1038 2169 quo
1060 2099 1270 2153 infinita
1291 2097 1507 2153 flamma
1527 2113 1590 2152 ae
1610 2111 1748 2167 pene
1770 2096 2020 2151 universa

439 2195 730 2249 devastans
752 2192 1027 2263 egreditur
1067 2192 1122 2245 in
1155 2204 1373 2246 omnem
1402 2191 1617 2245 domum
1651 2187 1833 2244 Israel.
1868 2186 2021 2255 Quod

432 2285 587 2356 juxta
621 2286 910 2356 mysticum
936 2298 1153 2339 sensum
1195 2282 1355 2338 aliter
1394 2282 1615 2353 intelligi
1643 2288 1841 2351 potest.
1887 2279 2021 2334 Nam

445 2380 502 2429 et
537 2374 590 2428 in
620 2372 722 2428 Job
764 2374 840 2428 ita
870 2374 1131 2443 scriptum
1158 2372 1356 2444 legitur
1377 2370 1553 2442 (Greg.
1586 2370 1803 2434 Moral.,
1835 2369 1925 2423 lib.
1960 2385 2020 2435 ιι,

440 2482 489 2518 c.
523 2464 612 2529 29,
640 2462 755 2535 50.)
790 2481 809 2515 ι
842 2464 907 2518 Ει
937 2471 1095 2518 tonso
1123 2464 1297 2533 capite
1324 2476 1584 2517 corruens
1624 2462 1678 2515 in
1706 2469 1852 2516 terra
1893 2460 2024 2515 ado-

438 2557 581 2611 ravit
627 2555 770 2627 (Job.
798 2554 863 2625 ι).
890 2574 910 2608 ι
943 2554 1083 2623 Quid
1128 2570 1227 2625 per
1266 2554 1477 2610 decisos
1525 2554 1778 2623 capillos,
1808 2551 1912 2609 nisi
1938 2567 2025 2608 sa-

440 2654 841 2702 cramentorum
879 2645 1183 2701 subtilitas?
1205 2645 1342 2712 Quid
1371 2660 1469 2715 per
1491 2652 1654 2713 caput
1677 2644 1783 2699 nisi
1814 2657 2025 2700 summa

439 2735 729 2791 sacerdotii
776 2734 1125 2805 designatur?
1173 2733 1327 2791 Unde
1356 2744 1414 2791 et
1439 2737 1507 2790 ad
1534 2735 1871 2791 Ezechielem
1901 2751 2026 2805 pro-

438 2827 658 2897 phetam
684 2825 917 2880 dicitur:
947 2842 968 2876 ι
1000 2824 1104 2890 Tu,
1130 2825 1205 2879 ﬁli
1226 2826 1653 2891 hominis,sume
1674 2826 1768 2880 tibi
1792 2824 2025 2895 gladium

441 2926 659 2973 acutum
706 2918 984 2972 radentem
1023 2918 1182 2987 pilos,
1209 2925 1266 2972 et
1303 2932 1548 2973 assumes
1594 2933 1738 2982 eum,
1770 2926 1825 2971 et
1863 2918 2027 2973 duces

439 3023 543 3078 per
577 3016 741 3077 caput
776 3016 925 3061 tuum
958 3016 1013 3062 et
1035 3007 1280 3063 barbam.
1324 3027 1343 3061 ι
1378 3008 1451 3065 Ut
1479 3008 1727 3064 videlicet
1749 3011 2026 3081 propheta:

442 3098 589 3153 facto
640 3098 904 3168 judicium
946 3098 1325 3168 Redemptoris
1370 3101 1726 3171 exprimatur.
1806 3100 1908 3168 Qui
1972 3102 2024 3156 in

443 3206 609 3247 carne
637 3205 905 3260 apparens
947 3199 1107 3261 caput
1133 3192 1285 3257 rasit,
1314 3191 1440 3262 quia
1490 3207 1710 3263 regnum
1752 3184 2024 3248 lSraelita-

432 3299 565 3338 rum
592 3283 864 3347 deserens,
889 3281 1140 3337 decorem
1160 3283 1376 3338 virtutis
1396 3283 1513 3354 ejus
1539 3285 1855 3354 amputavit.
1887 3284 2028 3352 Quid

443 3387 574 3428 vero
603 3373 705 3429 hoc
730 3374 849 3427 loco
876 3386 974 3441 per
1000 3380 1222 3437 terram,
1250 3374 1352 3428 nisi
1395 3381 1650 3444 peccator
1678 3374 2031 3444 exprimitur?

446 3466 630 3521 Primo
667 3467 863 3536 quippe
903 3466 1150 3535 peccanti
1179 3466 1382 3520 homini
1415 3466 1617 3521 dictum
1660 3474 1742 3522 est
1768 3485 1781 3520 :
1810 3486 1828 3518 ι
1862 3467 2030 3522 Terra

445 3572 527 3621 es,
556 3565 609 3611 et
638 3557 691 3610 in
718 3564 918 3611 terram
942 3556 1066 3612 ibis.
1092 3575 1111 3609 ι
1146 3556 1327 3611 Terra:
1356 3571 1485 3627 ergo
1512 3558 1731 3612 nomine
1759 3558 2031 3626 peccatrix

447 3646 717 3715 gentilitas
758 3646 1106 3718 designatur?
1150 3646 1285 3701 Nam
1328 3663 1452 3702 cum
1492 3646 1693 3716 justam
1741 3647 1923 3702 Judaea
1973 3663 2033 3703 se

447 3737 716 3802 crederet,
746 3745 959 3793 constat
987 3753 1150 3807 quam
1178 3739 1407 3808 reproba
1431 3740 1497 3795 de
1526 3740 1822 3812 gentilitate
1863 3724 2030 3795 senti-

448 3834 551 3880 ret.
583 3825 750 3880 Paulo
770 3834 1079 3891 attestante,
1113 3828 1208 3897 qui
1228 3830 1343 3883 ait:
1374 3849 1392 3881 ι
1428 3829 1537 3885 Nos
1564 3839 1756 3885 natura
1785 3828 1954 3886 Judaei
1978 3839 2034 3886 et

448 3931 557 3970 non
583 3931 650 3971 ex
675 3916 923 3986 gentibus
949 3927 1260 3986 peccatores
1298 3919 1440 3991 (Gal.
1470 3920 1552 3991 ιι).
1576 3940 1594 3974 ι
1632 3921 1893 3977 Mediator
1931 3938 2032 3978 no-

450 4018 562 4061 ster
602 4007 758 4077 quasi
801 4008 1025 4063 detonso
1066 4009 1245 4079 capite
1292 4011 1346 4067 in
1392 4019 1593 4066 terram
1629 4014 1835 4067 corruit
1866 4033 1879 4068 :
1907 4015 2033 4084 quia

456 4098 689 4155 Judazam
714 4097 971 4156 deserens
994 4100 1119 4155 dum
1142 4112 1480 4158 sacramenta
1510 4121 1604 4159 sua
1630 4105 1699 4160 ab
1717 4106 1836 4176 ejus
1858 4123 2037 4163 sacer-

450 4191 601 4245 dotio
631 4190 874 4257 abstulit,
900 4191 969 4247 ad
1015 4191 1262 4247 notitiam
1298 4195 1574 4263 gentilium
1606 4197 1789 4262 venit;
1815 4199 2037 4268 capillos

455 4281 599 4337 enim
626 4283 857 4352 acapite
906 4283 1060 4349 rasit,
1088 4283 1213 4353 quia
1258 4295 1597 4343 sacramenta
1647 4287 1781 4359 legis
1830 4290 1898 4343 ab
1945 4289 2035 4344 illo

454 4376 632 4445 primo
665 4389 763 4430 suo
801 4375 1104 4431 sacerdotio
1134 4375 1387 4431 sustulir:
1411 4386 1465 4432 et
1496 4378 1549 4432 in
1579 4386 1779 4433 terram
1805 4382 2033 4449 corruit,

454 4468 581 4536 quia
631 4467 903 4524 salvandis
951 4484 1010 4524 se
1047 4469 1420 4539 peccatoribus
1458 4470 1627 4536 dedit,
1679 4472 1912 4542 dumque
1939 4488 2034 4529 eos

456 4560 546 4628 qui
576 4559 677 4614 sibi
697 4558 828 4627 justi
849 4559 1170 4616 videbantur
1195 4560 1454 4626 deseruit,
1495 4561 1594 4617 hos
1615 4563 1787 4633 quise
1812 4564 2069 4642 injustos.‘

457 4657 513 4703 ct
544 4657 806 4704 noverant
828 4658 883 4704 et
909 4648 1217 4706 fatebantur
1239 4652 1548 4722 assumpsit.
1580 4653 1870 4724 Sequitur:

536 4756 555 4789 ι
590 4737 717 4792 Haec
763 4738 892 4792 dicit
932 4740 1190 4796 Dominus
1219 4741 1361 4797 Deus
1404 4759 1417 4796 :
1455 4742 1563 4798 Ista
1596 4752 1680 4799 est
1717 4742 2036 4809 Jerusalem,

467 4846 485 4878 ι
530 4827 586 4881 in
628 4827 805 4882 medio
853 4831 1091 4900 gentium
1134 4834 1287 4901 posui
1326 4848 1465 4899 eam,
1492 4844 1547 4889 et
1578 4835 1631 4889 in
1666 4835 1893 4890 circuitu
1922 4835 2039 4904 ejus

465 4937 484 4968 ι
530 4926 722 4983 terras,
744 4925 799 4972 et
834 4923 1159 4991 contempsit
1204 4921 1409 4990 judicia
1450 4941 1591 4992 mea,
1630 4935 1691 4981 ut
1735 4927 1855 4996 plus
1895 4937 2040 4982 esset

468 5032 488 5062 ε
528 5006 691 5076 impia
728 5023 892 5078 quam
918 5019 1124 5080 gentes,
1156 5020 1209 5065 ct
1250 5024 1517 5083 praecepta
1550 5032 1668 5070 mea
1696 5017 1836 5071 ultra
1879 5033 2038 5087 quam

461 5115 481 5147 ι
533 5105 711 5163 terrae,
739 5112 858 5168 qua:
878 5099 931 5153 in
957 5100 1183 5156 circuitu
1206 5104 1323 5174 ejus
1351 5113 1493 5160 sunt.
1523 5105 1730 5162 Judicia
1754 5109 1895 5162 enim
1924 5125 2041 5166 mea

472 5207 489 5238 ι
532 5186 891 5260 projecerunt,
924 5197 977 5244 et
1016 5190 1069 5244 in
1111 5194 1394 5262 praeceptis
1418 5196 1552 5249 meis
1588 5212 1695 5251 non
1732 5198 2040 5254 ambulave‘

470 5297 487 5329 ι
533 5287 678 5333 runt.
693 5298 711 5331 ι
731 5276 1002 5352 (Hierom)
1015 5277 1313 5336 Jerusalem
1327 5283 1381 5336 in
1396 5284 1572 5339 medio
1584 5286 1768 5339 mundi
1782 5287 1938 5341 sitam
1955 5287 2044 5344 hic

466 5370 604 5426 idem
621 5372 881 5442 propheta
899 5378 1144 5435 testatur,
1165 5374 1476 5429 umbilicum
1501 5383 1656 5431 terrm
1671 5392 1788 5431 eam
1811 5392 1931 5432 esse
1952 5378 2043 5433 de-

467 5471 793 5518 monstrans.
828 5462 894 5516 Et
929 5461 1212 5519 Psalmista
1243 5465 1575 5520 nativitatem
1605 5467 1912 5536 exprimens
1940 5468 2045 5523 Do-

467 5551 629 5606 mini:
663 5572 679 5603 ι
704 5551 939 5619 Veritas,
964 5553 1156 5624 inquit,
1176 5554 1239 5608 de
1262 5563 1402 5608 terra
1425 5564 1543 5610 orta
1563 5567 1647 5611 est
1664 5554 2004 5628 (Panum).
2021 5576 2038 5611 ι

469 5640 540 5696 Ac
571 5642 823 5715 deinceps
850 5645 1155 5714 passionem
1183 5663 1195 5697 :
1228 5664 1246 5698 ι
1280 5644 1545 5714 Operat-us
1566 5654 1667 5711 est,
1692 5648 1789 5713 ait,
1817 5649 2041 5702 salutem

474 5730 522 5783 in
555 5736 729 5789 medio
758 5746 911 5791 teme
935 5735 1047 5807 (Ps.
1080 5741 1289 5808 LXXIII).
1316 5758 1332 5791 ι
1357 5738 1399 5791 Α
1432 5740 1673 5807 partibus
1701 5740 1842 5796 enim
1868 5743 2045 5797 orien-

2125 1937 2146 1969 ι
2190 1934 2296 1974 non
2320 1918 2446 1982 feci,
2462 1926 2518 1972 et
2535 1916 2731 1986 quibus
2743 1914 2941 1969 similia
2962 1913 3104 1968 ultra
3120 1930 3225 1969 non
3249 1912 3463 1978 faciam,
3483 1922 3711 1982 propter

2126 2030 2146 2064 ι
2185 2024 2376 2066 omnes
2404 2008 2832 2065 abominationes
2875 2015 3017 2061 tuas.
3060 2024 3078 2056 ι
3110 2004 3270 2072 Quid,
3297 2004 3489 2074 inquit,
3517 2018 3716 2057 eauser

2121 2104 2265 2175 quod
2291 2104 2344 2158 in
2367 2101 2649 2174 praeceptis
2676 2099 2812 2154 meis
2837 2113 2945 2154 non
2972 2096 3399 2163 ambularet-itis,
3429 2105 3485 2152 et
3503 2096 3715 2167 judicia

2121 2208 2241 2249 mea
2267 2208 2375 2248 non
2403 2191 2663 2256 feceritis,
2691 2205 2813 2246 cum
2840 2189 3006 2244 etiam
3031 2203 3221 2244 omnes
3249 2189 3301 2243 in
3344 2188 3577 2243 circuitu
3611 2204 3716 2243 na~

2124 2287 2300 2341 tiones
2326 2284 2569 2340 viceritis
2600 2282 2804 2338 scelere
2831 2289 3036 2346 vestro,
3066 2289 3122 2335 et
3159 2295 3265 2335 non
3310 2278 3550 2335 feceritis
3593 2294 3720 2349 qua:

2124 2378 2201 2432 illi
2238 2376 2469 2432 naturali
2496 2375 2612 2446 lege
2650 2374 2851 2443 scripta
2879 2372 2934 2427 in
2967 2372 3219 2427 cordibus
3254 2372 3366 2426 suis
3402 2385 3543 2440 smpe
3572 2368 3721 2424 fece-

2124 2467 2294 2523 runt?
2341 2466 2549 2523 Idcirco
2592 2481 2700 2521 non
2745 2479 2844 2535 per
2870 2462 3110 2533 angelos,
3159 2477 3335 2531 neque
3367 2476 3465 2532 per
3508 2460 3723 2530 aliquos

2126 2559 2429 2623 ninistros,
2456 2556 2551 2612 sed
2584 2557 2700 2627 ipse
2725 2570 2826 2627 ego
2854 2555 2908 2609 in
2943 2562 2995 2609 te
3034 2552 3232 2607 faciam
3259 2552 3461 2623 judicia
3488 2567 3610 2606 mea
3637 2551 3720 2605 vi-

2128 2649 2379 2705 dentibus
2422 2648 2655 2711 cunctis,
2685 2662 2805 2717 qua:
2850 2653 2978 2699 ante
3029 2659 3137 2699 non
3182 2643 3284 2698 feci
3330 2651 3385 2696 et
3426 2642 3567 2697 ultra
3614 2659 3724 2697 non

2126 2740 2343 2796 faciam.
2381 2740 2578 2795 Dicens
2606 2746 2787 2792 autem
2810 2736 3014 2808 judicia
3051 2736 3287 2791 ostendit
3315 2736 3599 2790 sentcntiae
3625 2750 3725 2790 ve-

2128 2829 2366 2895 ritatem,
2390 2844 2459 2884 ne
2489 2828 2568 2883 ira
2601 2841 2910 2882 mensuram
2948 2841 3230 2896 poenarum
3271 2825 3517 2880 videatur
3559 2840 3726 2880 exce-

2129 2920 2277 2975 dere.
2309 2918 2420 2975 Nec
2446 2918 2574 2975 fecit
2616 2918 2671 2973 in
2717 2916 2827 2972 ulla
2857 2918 3075 2973 natione
3106 2917 3255 2983 talia,
3282 2917 3460 2987 qualia
3503 2917 3639 2972 fecit
3670 2918 3727 2972 in

2127 3011 2425 3069 Jerusalem
2449 3029 2465 3067 :
2494 3033 2512 3065 ι
2540 3012 2676 3080 Quia
2698 3029 2886 3069 servus
2913 3054 2928 3080 ,
2954 3013 3046 3084 qui
3080 3014 3226 3069 novit
3252 3014 3582 3068 voluntatem
3627 3014 3728 3069 do-

2130 3104 2262 3159 mini
2284 3104 2388 3169 sui,
2415 3112 2471 3159 et
2491 3120 2598 3159 non
2624 3104 2753 3159 facit
2777 3118 2918 3169 eam,
2935 3102 3209 3173 vapulabit
3235 3103 3417 3157 multis
3430 3101 3581 3172 (Luc.
3599 3101 3727 3171 xu);

2131 3204 2483 3267 potentesque
2520 3204 2767 3267 potenter
2797 3204 3063 3252 tormenta
3092 3197 3370 3267 patientur
3397 3194 3549 3266 (Sap.
3574 3182 3679 3266 vi).
3707 3215 3727 3248 ι

2207 3305 2226 3340 ι
2260 3289 2329 3344 Et
2365 3290 2581 3354 similia,
2622 3289 2816 3360 inquit,
2847 3289 2989 3344 ultra
3035 3306 3141 3345 non
3192 3289 3412 3345 faciam.
3445 3309 3462 3342 ι
3494 3289 3735 3344 Pulchre

2131 3378 2267 3433 dixit
2296 3398 2314 3431 ι
2347 3379 2545 3434 similia
2574 3395 2679 3435 non
2710 3379 2927 3435 faciam.
2951 3400 2970 3432 ι
2999 3379 3163 3434 Multo
3205 3380 3351 3434 enim
3393 3390 3515 3450 post
3558 3380 3737 3435 inter-

2132 3468 2421 3526 fectionem
2463 3470 2697 3535 Christi,
2726 3470 2945 3525 duriora
2994 3469 3234 3525 facturus
3280 3479 3382 3525 est.
3428 3470 3595 3525 ‘Aliud
3650 3479 3735 3525 est

2133 3562 2277 3615 enim
2308 3562 2576 3616 interdum
2606 3560 2836 3615 coluisse
2875 3560 3039 3624 idola,
3066 3568 3289 3629 propter
3320 3574 3441 3631 quae
3468 3569 3597 3615 ante
3624 3576 3734 3629 pu-

2133 3652 2231 3705 niti
2257 3660 2410 3717 sunt;
2439 3660 2494 3706 et
2521 3652 2664 3706 aliud
2690 3651 2785 3705 Dei
2815 3650 3011 3706 Filium
3040 3652 3363 3706 trucidasse.

2210 3761 2229 3791 ι
2264 3741 2471 3797 Idcirco
2497 3751 2684 3811 patres
2727 3740 3013 3797 comedent
3058 3741 3198 3796 ﬁlios
3235 3742 3288 3796 in
3333 3742 3512 3798 medio
3544 3744 3651 3807 tui,
3679 3753 3736 3799 et

2141 3848 2160 3881 ι
2204 3831 2298 3886 lilii
2337 3831 2621 3887 comedent
2657 3841 2839 3902 patres
2885 3848 3044 3898 suos,
3092 3842 3147 3888 et
3186 3832 3380 3888 faciam
3422 3834 3475 3888 in
3505 3844 3559 3890 te
3578 3835 3734 3904 judi-

2141 3941 2159 3974 ι
2206 3924 2309 3978 cia.
2359 3924 2426 3978 Et
2472 3924 2741 3980 ventilabo
2767 3925 3045 3980 universas
3076 3925 3334 3995 reliquias
3372 3935 3489 3981 tuas
3521 3927 3573 4003 ip
3609 3944 3735 3983 om-

2143 4037 2161 4068 ι
2203 4032 2328 4072 nem
2358 4026 2597 4072 ventum.
2622 4036 2639 4068 ι
2671 4017 2754 4073 Ad
2792 4018 2845 4072 id
2872 4019 3015 4087 quod
3054 4034 3215 4088 supra
3249 4019 3494 4072 dixerat:
3528 4037 3547 4069 ‹
3583 4019 3730 4086 Quia

2136 4114 2430 4185 superastis
2455 4123 2661 4186 gentes,
2677 4130 2795 4182 qua),
2816 4114 2869 4169 in
2894 4114 3121 4169 circuitu
3149 4124 3330 4169 vestro
3353 4124 3495 4180 sunt,
3512 4116 3567 4169 in
3585 4109 3733 4184 prin-

2136 4206 2306 4274 ceptis
2328 4205 2462 4261 meis
2493 4221 2597 4259 non
2623 4205 2960 4271 ambulastis,
2987 4215 3041 4260 et
3055 4205 3258 4274 judicia
3287 4222 3406 4261 mea
3435 4222 3541 4260 non
3565 4206 3735 4262 fecis-

2138 4296 2229 4361 tis,
2252 4316 2269 4347 ι
2301 4299 2460 4351 tertio
2485 4297 2666 4352 retulit
2688 4299 2822 4352 ideo.
2846 4298 3087 4353 Primum
3114 4299 3184 4353 ita
3213 4317 3226 4353 ε
3260 4318 3277 4350 ι
3304 4300 3429 4354 Ideo
3451 4299 3565 4354 haec
3593 4300 3737 4354 dicit

2138 4388 2396 4442 Dominus
2440 4389 2580 4443 Dens
2607 4406 2620 4441 :
2645 4388 2786 4443 Ecce
2824 4403 2924 4458 ego
2965 4388 3030 4442 ad
3063 4396 3147 4453 te,
3177 4390 3290 4458 ipse
3317 4404 3415 4459 ego
3447 4387 3649 4443 faciam
3679 4390 3736 4445 in

2141 4477 2317 4531 medio
2366 4477 2439 4530 tui
2483 4476 2705 4545 judicia.
2730 4498 2749 4530 ι
2785 4477 3069 4532 Secundo:
3102 4496 3121 4529 ‹
3155 4478 3277 4533 Ideo
3323 4485 3506 4548 patres
3548 4493 3738 4538 come-

2142 4564 2269 4619 dent
2312 4564 2448 4620 filios
2494 4566 2547 4619 in
2594 4566 2773 4621 medio
2796 4566 2893 4621 tui.
2919 4586 2935 4617 υ
2967 4566 3191 4621 Tertio:
3223 4586 3240 4617 ι
3268 4567 3393 4623 Ideo
3436 4568 3557 4622 vivo
3600 4583 3732 4639 ego,

2142 4656 2271 4710 dicit
2296 4655 2552 4710 Dominus
2574 4657 2734 4720 Deus,
2762 4657 2862 4711 nisi
2887 4673 2982 4727 pro
3002 4673 3087 4722 eo,
3111 4658 3254 4727 quod
3278 4667 3519 4712 sanetum
3547 4674 3737 4713 meum

2142 4744 2351 4799 violasti
2398 4746 2450 4799 in
2481 4746 2730 4801 omnibus
2758 4745 3143 4801 oil‘ensionibns
3187 4749 3311 4812 tuis,
3360 4768 3377 4800 ι
3417 4758 3471 4802 et
3497 4748 3733 4817 reliqua.

2143 4837 2395 4891 Attamen
2425 4838 2720 4892 notandum
2745 4838 2887 4906 quod
2932 4838 3022 4891 ubi
3052 4836 3246 4892 decora
3270 4848 3394 4892 sunt
3419 4848 3473 4892 et
3496 4838 3733 4894 honesta

2145 4942 2208 4981 ac
2236 4942 2334 4996 pro
2362 4927 2551 4981 merito
2578 4941 2764 4981 eorum
2810 4928 2903 4997 qui
2928 4944 2989 4981 ca
3020 4930 3322 4991 sustinent,
3352 4945 3410 4984 sc
3438 4930 3614 5000 ipsum
3647 4929 3734 4983 fa-

2147 5032 2271 5073 cere
2311 5017 2452 5071 Deus
2496 5016 2799 5086 profitetur.
2837 5018 2937 5074 Ubi
2965 5028 3143 5073 autem
3174 5021 3349 5073 tristia
3384 5029 3439 5075 et
3476 5036 3583 5091 non
3618 5021 3734 5076 Deo

2146 5108 2325 5178 digna,
2349 5107 2478 5161 dicit
2500 5107 2713 5176 quidem
2732 5107 2872 5172 fleri,
2894 5108 2992 5181 sed
3023 5125 3127 5162 non
3151 5124 3181 5162 a
3203 5125 3262 5164 se
3283 5118 3343 5164 ut
3365 5110 3415 5163 in
3440 5111 3731 5181 prmsenti:

2150 5219 2169 5252 ι
2206 5200 2331 5255 Ideo
2376 5210 2558 5270 patres
2606 5178 3060 5257 comedenffilios
3098 5201 3150 5255 in
3202 5202 3379 5257 medio
3421 5178 3515 5263 tui,
3548 5210 3603 5255 et
3634 5200 3733 5255 ﬁlii

2145 5287 2429 5343 comedent
2452 5297 2636 5358 patres
2666 5302 2813 5342 suos.
2837 5306 2855 5338 ι
2891 5287 3005 5343 Non
3035 5292 3175 5344 enim
3207 5292 3364 5355 dixit,
3391 5292 3501 5361 Ego
3534 5291 3735 5345 faciam

2145 5388 2204 5434 ut
2250 5388 2435 5449 patres
2480 5380 2768 5436 comedent
2817 5380 2957 5435 ﬁlios
2988 5397 3113 5437 suos
3142 5382 3197 5435 in
3225 5383 3401 5437 medio
3432 5384 3528 5449 tui,
3553 5391 3605 5438 et
3637 5383 3737 5437 lilii

2145 5470 2430 5525 comedent
2476 5478 2661 5539 patres
2708 5485 2855 5525 suos.
2902 5470 3054 5537 Quod
3092 5480 3272 5526 autem
3301 5471 3737 5539 decorumerat,

2146 5574 2247 5614 nec
2280 5558 2373 5613 Dei
2401 5559 2680 5625 majestate
2709 5560 2991 5615 videbatur
3030 5562 3337 5631 indignum,
3368 5564 3541 5633 ipsum
3567 5577 3622 5615 se
3652 5564 3741 5618 die

2147 5651 2218 5705 cit
2252 5650 2451 5706 facere.
2483 5650 2741 5721 Sequitur
2768 5653 2911 5706 enim
2940 5670 2952 5705 :
2988 5672 3006 5702 ι
3040 5653 3106 5706 Et
3127 5653 3317 5709 faciam
3349 5654 3403 5707 in
3435 5664 3485 5707 te
3504 5654 3736 5723 judicia,

2148 5754 2201 5799 et
2228 5744 2495 5799 ventilabo
2525 5744 2806 5798 universas
2840 5743 3093 5812 reliquias
3123 5752 3242 5799 tuas
3272 5742 3323 5799 iu
3356 5760 3569 5800 omnem
3593 5758 3737 5797 ven-
