3954 6182
379 330 484 386 ϐἿΙ

1275 319 1278 322 ’
1351 331 1704 392 COMMENT.
1745 336 1812 392 IN
1855 335 2308 395 EZEClllELEll.
2347 372 2420 382 -
2455 341 2583 398 LIB.
2625 342 2710 400 IV.

3561 348 3665 404 602

380 446 524 496 tum.
555 460 575 493 ι
603 439 735 501 Tale
770 441 896 510 quid
935 450 990 496 et
1028 441 1082 497 in
1113 443 1413 502 maledictis
1444 445 1844 502 Deuteronomii
1888 450 1970 502 in-
2001 455 2050 513 Α
2077 450 2219 518 quod
2259 451 2398 505 lanis
2441 453 2621 509 ovium
2656 456 2990 525 operiantur,
3018 464 3070 512 et
3116 457 3255 514 lacte
3299 467 3586 513 vescantur
3613 471 3667 514 ct

382 531 573 585 venire
600 532 920 600 poterimus,
949 541 1002 587 et
1031 534 1300 604 praecipue
1338 536 1392 590 in
1425 537 1516 593 illo
1563 538 1680 606 loco
1706 558 1718 592 ε
1753 559 1771 590 ι
1801 537 1978 595 Glori-

380 619 614 676 licantes
663 637 750 676 me
801 621 1126 694 gloriﬁcabo.
1173 623 1273 693 Qui
1322 634 1501 681 autem
1548 627 1878 698 despiciunt,
1911 641 1977 685 ad

379 711 616 767 nihilum
638 713 974 769 deducentur
998 713 1178 786 (Deut.
1205 718 1419 792 xxvttt).
1451 739 1470 772 ι
1502 719 1608 776 Eos
1629 722 1772 776 enim
1797 722 1886 791 qui
1918 739 1976 779 se

375 801 713 871 gloriﬁcant,
738 804 854 873 ipse
879 804 1163 875 gloriﬁcat.
1197 807 1297 877 Qui
1322 818 1501 865 autem
1527 826 1650 865 eum
1672 811 1976 883 despiciunt

379 908 495 946 non
528 912 559 948 a
589 894 818 949 Domino
855 897 1240 966 despicientur,
1271 901 1352 954 vel
1382 901 1713 957 deducentur
1737 903 1804 958 ad
1836 904 1975 958 nihi-

381 983 498 1038 lum
531 984 656 1056 (hoc
682 986 826 1040 enim
856 988 1186 1057 sequebatur
1223 999 1282 1044 ut
1317 991 1575 1066 diceret),
1605 995 1699 1048 sed
1726 995 1973 1051 absolute

374 1075 727 1130 deducentur
754 1078 820 1131 ad
853 1079 1100 1143 nihilum,
1132 1097 1237 1135 non
1265 1097 1294 1136 a
1339 1083 1470 1147 Deo,
1502 1085 1596 1138 sed
1634 1101 1734 1155 pro
1762 1086 1972 1141 meritis

376 1167 502 1221 suis
550 1176 711 1237 atque
759 1171 1019 1238 peccatis.
1059 1171 1310 1242 Legimus
1344 1173 1398 1226 in
1446 1173 1653 1244 Regum
1701 1176 1974 1232 volumine

377 1256 440 1328 (1
459 1255 498 1308 γ
520 1255 645 1329 Reg.
666 1259 743 1331 vt)
767 1259 924 1315 famis
952 1263 1273 1318 necessitate
1293 1273 1582 1336 cogente,a
1607 1275 1777 1322 matre
1803 1267 1972 1322 lilium

374 1347 724 1403 devoratum.
776 1350 1042 1422 Josephus
1085 1367 1298 1424 quoque
1345 1356 1399 1410 in
1443 1356 1719 1412 obsidione
1755 1357 1974 1414 Jerusa-

372 1435 515 1502 lem,
546 1439 713 1492 multa
742 1439 1111 1508 hujuscemodi
1139 1441 1279 1497 facta
1304 1455 1711 1502 commemorat.
1747 1448 1974 1515 Quando

371 1535 566 1581 autem
593 1539 774 1598 patres
801 1531 1153 1586 comederunt
1182 1531 1341 1598 ﬁlios,
1365 1534 1449 1588 vel
1479 1535 1570 1590 lilii
1598 1547 1802 1604 patres,
1825 1540 1971 1594 nulla

372 1628 573 1672 narrat
600 1619 847 1685 historia,
874 1621 974 1676 nisi
999 1620 1136 1678 forte
1160 1623 1213 1678 in
1239 1624 1420 1680 multis
1447 1628 1788 1684 necessitatis
1816 1631 1972 1686 malis

368 1709 548 1762 etiam
578 1709 691 1763 haec
711 1709 850 1764 facta
869 1725 992 1766 esse
1015 1713 1338 1769 credendum
1355 1715 1444 1770 sit.
1466 1715 1650 1772 Potest
1671 1720 1774 1775 hoc
1796 1721 1969 1791 ipsum

372 1804 600 1870 referri,
626 1813 680 1860 et
701 1806 769 1860 ad
808 1815 1046 1862 nostram
1090 1806 1413 1878 Jerusalem,
1451 1813 1667 1882 quando
1690 1817 1968 1888 magistri,
1999 1792 2046 1851 Β

370 1903 576 1949 contra
608 1894 918 1967 discipulos,
949 1897 1002 1953 id
1027 1905 1111 1953 est
1137 1906 1324 1970 patres
1349 1910 1534 1956 contra
1561 1901 1718 1970 ﬁlios,
1744 1913 1800 1960 et
1817 1907 1972 1962 disci-

369 1988 496 2058 puli
539 1999 727 2044 eontra
757 1992 1067 2064 magistros,
1110 1994 1163 2050 id
1201 2005 1284 2050 est
1320 1995 1413 2053 lilii
1445 1998 1728 2056 adversum
1764 2012 1967 2072 patres,

372 2082 649 2139 seditione
686 2093 870 2138 mutua
902 2087 1262 2144 concitantur.
1298 2089 1363 2144 Et
1385 2084 1644 2162 impletur
1671 2093 1800 2150 illud
1827 2098 1971 2166 quod

371 2189 482 2244 per
517 2175 828 2244 Apostolum
872 2177 1072 2232 dicitur
1098 2197 1111 2234 :
1141 2200 1158 2232 ε
1193 2179 1248 2236 Si
1279 2190 1459 2238 autem
1491 2183 1722 2240 invicem
1752 2190 1970 2244 morde-

372 2265 459 2319 tis
486 2273 542 2318 et
565 2265 834 2321 accusatis
853 2306 869 2332 ,
897 2266 1076 2323 videte
1106 2285 1173 2326 ne
1202 2271 1270 2326 ab
1302 2271 1530 2328 invicem
1576 2279 1970 2334 consumamini

377 2355 533 2425 (Cal.
567 2355 642 2426 v).
675 2375 693 2407 ι
725 2354 877 2411 Unde
905 2368 962 2412 et
997 2361 1258 2429 propheta
1293 2365 1521 2433 mystico
1563 2381 1814 2423 sermone
1841 2383 1971 2424 can-

373 2447 576 2501 tabat:
605 2467 624 2499 ς
655 2447 788 2503 Cum
835 2453 1327 2522 appropinquarent
1369 2455 1655 2511 adversum
1705 2473 1829 2523 me,
1875 2459 1968 2528 qui

373 2536 625 2608 allligunt
646 2554 752 2604 me,
775 2547 833 2594 ut
853 2541 1197 2598 comederent
1224 2559 1417 2601 carnes
1445 2563 1592 2603 meas
1615 2548 1730 2619 (Ps.
1757 2549 1962 2620 xxvr).:

374 2629 453 2682 Et
501 2626 600 2684 Job
642 2629 815 2685 simile
850 2632 977 2701 quid
1021 2632 1298 2703 loquitur:
1328 2655 1346 2688 ‹
1387 2636 1468 2692 Si.
1493 2648 1672 2694 autem
1713 2640 1971 2697 dixerunt

373 2722 594 2778 ancilla:
622 2739 773 2788 meae,
802 2724 933 2792 Quis
963 2727 1051 2780 det
1081 2728 1235 2782 nobis
1264 2737 1321 2783 ut
1346 2731 1412 2784 de
1438 2732 1694 2786 carnibus
1721 2733 1840 2803 ejus
1875 2723 1970 2788 eo?

372 2813 665 2870 medamus
690 2814 829 2887 (Job.
864 2817 1038 2889 xxxi).
1061 2838 1079 2870 ›
1107 2818 1176 2873 Et
1197 2836 1361 2891 super
1380 2824 1672 2894 magistris,
1699 2827 1790 2895 qui
1817 2826 1968 2881 lucra

371 2913 658 2960 sectantur
693 2906 758 2961 de
789 2907 1066 2979 discipulis
1086 2909 1382 2981 salutisque
1423 2927 1612 2969 eorum
1640 2916 1838 2974 nullam
1869 2933 1968 2974 cu-

373 3010 502 3050 ram
532 3005 724 3067 gerunt
746 2997 981 3053 dicitur:
1014 3019 1033 3050 ‹
1071 2999 1170 3067 Qui
1215 3001 1471 3058 devorant
1499 3005 1754 3076 populum
1785 3024 1966 3065 meum

370 3087 522 3141 sicut
539 3087 716 3142 cibum
743 3089 897 3158 panis
919 3087 1036 3162 (Ps.
1063 3091 1181 3160 LII).
1206 3111 1224 3143 ι
1253 3091 1328 3147 De
1347 3093 1543 3162 quibus
1561 3105 1617 3151 et
1634 3098 1925 3167 Apostolus
1947 3117 1961 3154 :

2075 553 2256 607 caseo,
2283 550 2339 597 et
2379 543 2612 600 fractum
2656 561 2820 616 pecus
2868 563 2934 603 ac
2979 550 3283 604 morbidum
3329 565 3436 605 non
3480 551 3665 621 requi-

2081 641 2225 689 rant.

2153 743 2173 776 ‹
2209 725 2389 783 Tertia
2419 722 2493 784 tui
2525 747 2651 801 pars
2672 744 2821 803 peste
2849 734 3112 790 morietur
3132 741 3186 790 et
3219 734 3358 792 fame
3384 751 3669 792 consume-

2081 836 2100 868 ‹
2145 813 2230 872 tur
2256 819 2309 874 in
2338 822 2517 876 medio
2549 823 2644 877 tui.
2678 824 2743 878 Et
2773 826 2932 880 tertia
2963 827 3038 880 tui
3065 843 3193 897 pars
3223 827 3400 899 gladio
3427 830 3584 884 cadet
3611 830 3665 883 in

2081 926 2101 959 ο
2145 909 2373 965 circuitu
2402 920 2512 966 tuo.
2544 912 2782 968 Tertiam
2805 931 2935 971 vero
2959 925 3164 986 partem
3189 927 3338 972 tuam
3365 919 3418 972 in
3448 933 3665 973 omnem

2081 1016 2098 1048 ‹
2144 1008 2360 1054 ventum
2391 1002 2718 1072 dispergam,
2741 1012 2794 1059 et
2818 993 3050 1076 gladium
3079 1007 3374 1078 evaginabo
3402 1017 3525 1077 post
3550 1022 3662 1071 eos,

2081 1106 2100 1138 α
2146 1097 2202 1143 et
2247 1090 2480 1161 implebo
2528 1091 2767 1149 furorem
2800 1111 2980 1150 meum
3008 1104 3062 1150 et
3089 1097 3428 1166 requiescere
3467 1098 3661 1153 faciam

2082 1198 2100 1230 ‹
2149 1179 2572 1251 indignationem
2621 1200 2796 1239 meam
2851 1186 2902 1240 in
2949 1187 3059 1251 eis,
3107 1195 3162 1242 et
3207 1188 3555 1253 consolabor,
3613 1199 3667 1243 et

2080 1290 2099 1321 ς
2144 1272 2316 1326 scient
2343 1273 2467 1343 quia
2509 1291 2608 1346 ego
2630 1277 2889 1332 Dominus
2912 1277 3122 1334 locutus
3150 1294 3268 1334 sum
3293 1280 3345 1332 in
3376 1279 3491 1334 zelo
3519 1296 3658 1342 meo,

2081 1379 2100 1410 ς
2143 1376 2265 1416 cum
2297 1362 2588 1432 implevero
2619 1364 3042 1436 indignationem
3077 1382 3256 1423 meam
3302 1369 3357 1423 in
3403 1368 3502 1424 eis.
3533 1387 3551 1422 ι
3586 1369 3662 1424 De

2075 1465 2183 1520 quo
2209 1453 2461 1522 capitulo,
2487 1455 2612 1524 quia
2659 1471 2820 1526 supra
2859 1458 3092 1513 diximus
3123 1475 3267 1514 nunc
3303 1453 3661 1515 omittendum

2071 1542 2304 1598 videtur.
2353 1543 2467 1601 Hoc
2503 1555 2684 1602 autem
2717 1533 2912 1603 addam
2955 1550 3099 1618 quod
3147 1551 3516 1606 necessarium
3554 1560 3660 1618 est,

2073 1632 2128 1687 in
2159 1643 2234 1689 eo”
2253 1635 2395 1704 quod
2438 1636 2551 1690 ait:
2581 1656 2599 1688 ι
2637 1637 2874 1708 implebo
2923 1628 3164 1695 furorem
3209 1656 3420 1707 meum,
3475 1648 3531 1696 et
3577 1657 3664 1696 re-

2072 1726 2353 1795 quiescere
2375 1725 2569 1783 faciam
2595 1729 3018 1801 indignationem
3043 1746 3219 1787 meam
3246 1731 3302 1787 in
3324 1732 3426 1794 eis,
3449 1740 3504 1788 et
3533 1748 3664 1788 con-

2076 1818 2310 1884 solabor,
2344 1829 2400 1877 et
2425 1821 2602 1876 scient
2629 1823 2757 1892 quia
2801 1838 2900 1894 ego
2928 1823 3192 1878 Dominus
3218 1823 3430 1879 locutus
3458 1839 3578 1880 sum
3605 1825 3662 1878 in

2075 1909 2191 1964 zelo
2237 1925 2378 1976 meo,
2406 1925 2527 1964 cum
2578 1911 2872 1980 implevero
2922 1911 3346 1982 indignationem
3392 1928 3567 1968 meam
3606 1914 3662 1968 in

2073 1997 2175 2063 eis,
2205 2016 2225 2050 ι
2258 1998 2527 2068 quomodo
2557 1999 2870 2055 sentiendus
2897 2000 2968 2054 sit
3003 1999 3158 2054 furor
3194 2011 3249 2055 et
3283 2002 3581 2071 indignatio
3609 2009 3666 2056 ct

2073 2087 2221 2143 zelus
2245 2087 2362 2153 Dei,
2395 2103 2537 2158 saepe
2561 2089 2931 2158 exposuimus,
2965 2089 3110 2159 quod
3137 2090 3387 2145 humanis
3410 2090 3552 2145 Deus
3583 2090 3666 2144 lo-

2072 2187 2270 2250 quatur
2295 2178 2688 2245 affectionibus,
2716 2195 2824 2235 non
2845 2195 2954 2251 quo
2983 2181 3098 2250 ipse
3118 2181 3404 2245 irascatur,
3435 2181 3529 2237 sed
3555 2195 3663 2251 quo

2071 2284 2171 2325 nos
2196 2283 2296 2338 per
2323 2284 2513 2339 poenas
2543 2277 2704 2340 atque
2728 2271 3001 2326 cruciatus
3026 2270 3195 2325 Deum
3224 2270 3520 2326 sentiamus
3547 2270 3662 2325 ira-

2071 2367 2206 2413 tum.
2253 2358 2412 2414 Zelus
2455 2367 2635 2414 autem
2663 2360 2766 2416 sub
2797 2360 3114 2430 metaphora
3141 2360 3243 2414 viri
3275 2369 3332 2416 et
3361 2361 3546 2416 uxoris
3567 2375 3661 2415 ac—

2069 2449 2368 2520 cipiendus,
2395 2450 2487 2519 qui
2513 2449 2752 2520 quandiu
2781 2465 3005 2507 uxorem
3034 2450 3212 2520 diligit
3248 2451 3523 2522 zelotypus
3554 2459 3662 2516 est,

2069 2541 2115 2597 si
2132 2541 2446 2613 neglexerit,
2460 2540 2594 2598 dicit
2608 2539 2735 2598 illud
2749 2544 2894 2614 quod
2908 2543 2962 2597 in
2987 2541 3444 2613 consequentibus
3463 2541 3663 2598 dicturi

2069 2648 2299 2690 sumus:
2330 2653 2350 2686 ι
2385 2633 2545 2690 Zelus
2593 2649 2746 2691 meus
2801 2635 3019 2692 recedet
3058 2651 3088 2689 a
3135 2644 3206 2699 te,
3252 2643 3310 2691 et
3355 2633 3498 2691 ultra
3550 2650 3661 2690 non

2069 2723 2278 2780 irascar
2306 2726 2435 2791 tibi;
2471 2745 2488 2778 ι
2523 2727 2776 2796 quodque
2801 2725 3138 2799 injungitur:
3174 2747 3193 2780 ι
3229 2727 3298 2783 Et
3333 2728 3508 2783 scient
3533 2729 3662 2798 quia

2067 2831 2170 2888 ego
2215 2817 2473 2873 Dominus
2518 2817 2731 2874 locutus
2775 2833 2894 2873 sum
2941 2819 2996 2872 in
3029 2818 3148 2874 zelo
3191 2835 3336 2885 meo,
3381 2837 3400 2872 ι
3435 2835 3542 2874 non
3583 2819 3662 2874 illi

2069 2907 2160 2978 qui
2190 2907 2492 2976 consumpti
2520 2916 2648 2962 sunt
2690 2907 2835 2964 fame
2857 2916 2912 2963 et
2936 2909 3267 2980 pestilentia,
3301 2923 3402 2964 nec
3426 2910 3516 2979 qui
3544 2909 3662 2980 gla-

2068 2999 2158 3055 dio
2199 2999 2512 3054 ceciderunt
2565 2999 2620 3054 in
2671 2999 2904 3056 circuitu
2953 3001 3224 3067 civitatis,
3277 3001 3370 3056 sed
3440 3000 3516 3056 illi
3566 3001 3662 3071 qui

2069 3089 2448 3160 dispergentur
2477 3089 2532 3146 in
2569 3105 2788 3146 omnem
2823 3099 3045 3147 ventum
3093 3093 3325 3148 aliorum
3372 3093 3659 3160 mortibus,

377 3196 400 3228 ι
443 3177 510 3231 Et
535 3147 840 3244 comedunt,
873 3147 1067 3250 in‘quit,
1098 3147 1289 3238 domos
1316 3147 1597 3241 viduarum
1626 3147 1777 3258 (Lruc.
1802 3192 1916 3261 xx).
1939 3210 1957 3242 ι
1991 3147 2036 3210 C
2066 3183 2286 3252 suisque
2335 3181 2572 3237 miseriis
2619 3183 2853 3238 sentient
2901 3183 3097 3239 iratum
3146 3183 3335 3251 Deum,
3367 3200 3526 3255 quem
3551 3184 3663 3241 cle-

368 3268 674 3325 Possumus
695 3279 877 3340 patres
901 3273 993 3342 qui
1036 3274 1373 3330 comederint
1401 3274 1564 3343 ﬁlios,
1594 3287 1647 3332 et
1689 3278 1826 3334 lllios
1872 3281 1964 3351 qui

369 3361 714 3416 comederint
746 3373 946 3432 patres,
976 3381 1081 3418 non
1105 3366 1276 3420 solum
1306 3367 1359 3422 in
1383 3367 1694 3439 Babylonia,
1724 3370 1816 3425 sed
1831 3380 1887 3426 et
1911 3373 1963 3426 in

371 3453 624 3507 Romana
646 3453 926 3510 obsidione
949 3457 1267 3529 intelligere.
1290 3458 1424 3514 illud
1455 3467 1637 3514 autem
1662 3462 1803 3530 quod
1827 3462 1962 3517 dici-

379 3561 399 3592 ς
435 3541 554 3596 tui:
581 3543 648 3597 Et
667 3545 941 3602 ventilabo
964 3547 1246 3603 universas
1263 3548 1520 3620 reliquias
1534 3561 1654 3605 tuas
1674 3551 1726 3605 in
1746 3568 1962 3608 omnem

366 3645 620 3702 ventum,
642 3656 659 3687 ι
695 3639 865 3709 magis
892 3639 958 3692 ad
986 3636 1284 3696 Romanam
1313 3643 1552 3714 pertinet
1573 3645 1962 3715 captivitatem,

367 3728 594 3796 quando
625 3729 677 3783 in
714 3739 826 3784 toto
871 3730 1001 3786 orbe
1042 3733 1271 3803 dispersi
1314 3743 1459 3789 sunt.
1509 3735 1576 3790 Et
1622 3737 1738 3792 haec
1781 3746 1865 3792 est
1909 3739 1962 3793 in

365 3835 594 3875 omnem
627 3830 842 3876 ventum
873 3822 1186 3892 capillorum
1215 3823 1503 3894 barbaraque
1533 3827 1816 3898 dispersio.

454 3929 473 3963 ι
518 3912 724 3988 idcirco
763 3913 886 3968 vivo
923 3930 1043 3986 ego,
1081 3915 1213 3970 dicit
1241 3915 1502 3971 Dominus
1533 3917 1704 3981 Deus,
1731 3917 1835 3972 nisi
1866 3933 1964 3987 pro

375 4021 400 4054 ε
443 4015 510 4056 eo
533 4003 672 4072 quod
702 4015 948 4059 sanctum
975 4021 1155 4061 meum
1181 4005 1394 4062 violasti
1425 4006 1480 4060 in
1509 4008 1759 4063 omnibus
1789 4008 1962 4064 oll'en-

375 4114 399 4144 ι
445 4095 684 4151 sionibus
727 4097 852 4161 tuis,
887 4104 944 4151 et
975 4097 1028 4151 in
1057 4098 1269 4153 cunctis
1310 4098 1804 4155 abominationibus
1833 4101 1958 4166 tuis,

373 4207 400 4238 ς
445 4202 545 4256 ego
585 4203 796 4258 quoque
839 4174 1174 4263 confringam
1225 4200 1301 4257 te,
1328 4200 1518 4246 etnon
1547 4201 1733 4263 parcet
1773 4195 1963 4251 oculus

373 4297 399 4330 α
446 4295 617 4346 meus,
650 4290 705 4335 et
740 4298 846 4337 non
901 4283 1218 4339 miserebor.
1247 4305 1265 4337 ι
1302 4283 1524 4354 Proprie
1565 4285 1669 4340 hoc
1699 4285 1767 4340 ad
1807 4286 1965 4351 Jerus

364 4367 542 4424 salem
570 4370 784 4437 dicitur,
810 4372 936 4443 quia
963 4384 1147 4430 sancta
1179 4390 1299 4430 mea
1328 4376 1542 4432 violasti
1568 4391 1656 4432 me
1683 4377 1958 4443 deserens,

2067 3283 2305 3329 mentem
2337 3274 2546 3330 sentire
2574 3274 2885 3330 noluerunt.

2141 3382 2161 3415 ι
2195 3357 2261 3418 Et
2288 3363 2427 3418 dabo
2458 3364 2585 3418 tein
2613 3364 2887 3418 desertum
2917 3364 2969 3418 in
3001 3373 3290 3433 conspectu
3321 3366 3500 3421 omnis
3525 3381 3661 3436 pra:-

2070 3475 2090 3508 ‹
2134 3455 2413 3510 tereuntis.
2436 3473 2454 3506 ι
2492 3454 2720 3510 Prodest
2748 3462 2930 3509 autem
2957 3453 3254 3510 Jerusalem
3284 3458 3466 3512 omnia
3509 3459 3562 3512 in
3588 3474 3654 3514 ea

2063 3546 2193 3601 vitia
2220 3541 2471 3612 desolarl,
2499 3555 2556 3602 et
2583 3545 2650 3601 ad
2676 3547 2950 3602 desertum
2985 3547 3177 3619 redigi,
3206 3557 3261 3603 et
3289 3555 3388 3603 sua
3423 3563 3542 3603 eam
3569 3564 3661 3606 co-

2063 3653 2326 3708 gnoscere
2350 3645 2596 3708 peccata,
2626 3645 2689 3692 ut
2710 3651 2830 3708 quae
2857 3638 3073 3692 caneris
3114 3637 3364 3709 gentibus
3391 3638 3446 3693 in
3473 3653 3662 3694 exem-

2063 3732 2208 3803 plum
2248 3731 2508 3786 virtutum
2545 3746 2666 3787 esse
2707 3731 2990 3795 debuerat,
3020 3731 3092 3784 sit
3135 3731 3442 3800 exemplum
3491 3732 3658 3787 mise-

2063 3824 2288 3878 riarum.
2317 3822 2484 3877 Filias
2528 3830 2707 3877 autem
2734 3821 2851 3892 ejus
2879 3822 3044 3877 urbes
3086 3821 3169 3876 vel
3193 3823 3404 3879 viculos
3450 3823 3652 3879 intelli-

2062 3929 2189 3983 gere
2212 3929 2517 3982 possumus,
2542 3913 2655 3969 sive
2680 3913 2939 3969 ecclesias
2975 3913 3028 3968 in
3058 3922 3171 3970 toto
3199 3915 3331 3970 orbe
3359 3915 3654 3986 dispersas,

2061 4013 2121 4057 ut
2164 4005 2470 4075 quicunque
2514 4005 2672 4076 hujus
2712 4005 3036 4076 peregrinus
3083 4014 3168 4061 est
3210 4007 3416 4072 sreculi,
3444 4015 3498 4061 et
3527 4008 3658 4064 dicit

2061 4110 2183 4149 cum
2228 4095 2514 4151 Psalmista
2540 4114 2552 4150 :
2584 4115 2602 4147 ι
2633 4095 2852 4150 Advena
2901 4105 3019 4152 sum
3067 4105 3122 4151 et
3151 4098 3486 4169 peregrinus,
3518 4099 3658 4154 sicut

2061 4201 2250 4242 omnes
2275 4197 2458 4256 patres
2484 4187 2587 4244 mei
2619 4187 2735 4259 (Ps.
2765 4188 3018 4256 xxxviii).
3047 4208 3064 4240 ι
3101 4189 3174 4243 Et
3191 4191 3258 4243 de
3281 4206 3389 4259 quo
3415 4191 3614 4245 dicitur
3640 4208 3651 4247 τ

2067 4293 2086 4326 ι
2117 4274 2238 4330 Non
2289 4276 2582 4341 dixerunt,
2634 4277 2725 4346 qui
2776 4277 3506 4348 prmteribantzBenedictio
3549 4280 3655 4335 Do-

2061 4366 2192 4420 mini
2239 4381 2403 4438 super
2429 4383 2524 4424 vos
2571 4366 2688 4440 (Ps.
2717 4367 2969 4438 cxan),
3023 4387 3042 4418 ι
3075 4369 3256 4422 videat
3298 4369 3647 4438 opprobrium

363 4471 430 4515 et
459 4462 515 4516 in
545 4463 744 4532 templo
765 4479 886 4520 meo
913 4465 1054 4520 idola
1077 4465 1313 4532 coluisti,
1341 4481 1440 4536 ego
1470 4482 1687 4538 quoque
1717 4467 1959 4523 confriu-
1989 4492 2038 4551 υ
2063 4456 2180 4526 eius
2196 4467 2265 4551 fl
2292 4459 2486 4551 doleat-

362 4569 500 4624 gam
529 4555 708 4609 omnia
755 4556 894 4611 idola
927 4567 1036 4622 tua,
1064 4567 1118 4613 et
1151 4571 1428 4615 conteram
1455 4567 1621 4629 atque
1651 4561 1953 4626 concidam,

363 4644 491 4698 sive
519 4644 786 4714 abjiciam,
815 4647 942 4716 quia
967 4647 1118 4717 prius
1137 4648 1383 4720 abjeeisti
1407 4661 1509 4703 me.
1544 4649 1608 4704 Et
1639 4664 1747 4704 non
1769 4658 1958 4719 parcet

361 4734 563 4789 oculus
588 4750 738 4790 meus
781 4751 904 4792 cum
948 4746 999 4792 te
1027 4738 1233 4805 videro,
1261 4739 1407 4804 fami,
1454 4738 1652 4810 gladio,
1684 4741 1954 4807 servituti,

355 4825 512 4880 colla
544 4825 886 4894 submittere,
908 4844 1009 4884 nec
1036 4831 1350 4897 miserebor,
1375 4832 1500 4901 quia
1528 4832 1955 4888 miscricordiam

363 4932 551 4972 meam
578 4932 682 4972 non
715 4920 956 4974 mereris.
991 4918 1263 4990 Scriptum
1291 4930 1376 4976 est
1411 4922 1592 4976 enim:
1624 4939 1644 4972 ‹
1676 4921 1826 4976 Beati
1855 4923 1957 4977 mi-

2141 4569 2159 4601 ε
2194 4549 2261 4604 Et
2285 4550 2394 4604 eris
2427 4550 2772 4619 opprobrium
2803 4559 2859 4605 et
2887 4550 3238 4621 blasphemia,
3263 4551 3567 4622 exemplum
3595 4563 3652 4610 et

2069 4658 2088 4692 ‹
2133 4649 2322 4709 stupor
2347 4639 2401 4693 in
2427 4639 2705 4709 gentibus,
2734 4656 2857 4710 quae
2884 4641 2938 4694 in
2968 4642 3192 4698 circuitu
3225 4651 3316 4697 tuo
3343 4649 3490 4708 sunt,
3523 4657 3646 4698 cum

2068 4747 2088 4781 ι
2134 4729 2314 4785 fecero
2357 4729 2409 4784 in
2440 4737 2488 4784 te
2501 4727 2704 4798 judicia
2750 4730 2804 4785 in
2834 4731 3034 4795 lurore,
3058 4739 3114 4786 et
3156 4732 3210 4786 in
3258 4732 3643 4804 indignatione,

2070 4843 2090 4876 ‹
2131 4833 2188 4880 et
2227 4823 2684 4894 increpationibus
2719 4825 2832 4889 irtc,
2860 4825 2985 4894 quia
3018 4838 3119 4894 ego
3150 4823 3407 4880 Dominus
3432 4826 3643 4884 locutus

2069 4936 2091 4968 ‹
2135 4931 2272 4972 sum.
2317 4934 2336 4968 ι
2390 4913 2604 4971 Gemitu
2654 4923 2835 4969 autem
2898 4917 3114 4986 dignam
3164 4915 3461 4973 Jerusalem
3517 4934 3640 4977 cum

361 5010 692 5072 δεήσοι-ἀρε,
729 5003 981 5081 quoniam
1013 5012 1110 5083 ipsi
1141 5013 1568 5070 misericordiam
1610 5029 1953 5085 consequcn-
2056 5007 2342 5064 oll‘enderit
2381 5007 2571 5073 Deum,
2599 5014 2660 5060 ut
2706 5005 2908 5062 faceret
2939 5008 2992 5061 in
3023 5023 3086 5062 ea
3129 5008 3328 5078 judicia
3363 5011 3413 5064 in
3459 5010 3641 5066 furore

363 5113 465 5159 tur
494 5101 708 5174 (Matth.
736 5102 810 5176 v).
842 5123 862 5155 ι
894 5101 1007 5158 Hoc
1051 5104 1192 5159 idem
1217 5114 1272 5160 et
1298 5106 1351 5159 in
1384 5104 1623 5161 Ecclesia
1655 5106 1956 5177 intelligen-

363 5193 502 5250 dum
532 5203 653 5258 est;
678 5195 818 5264 quod
848 5194 1120 5265 magistris
1145 5204 1201 5250 et
1225 5196 1595 5252 sacerdotibus
1624 5197 1717 5268 qui
1745 5197 1958 5268 egerint

364 5282 723 5353 negligenter,
750 5283 916 5354 possit
942 5283 1083 5338 Deus
1104 5285 1339 5353 quotidie
1363 5285 1580 5341 dicere:
1615 5303 1633 5336 ι
1668 5284 1806 5354 Quia
1832 5302 1958 5340 san-

365 5382 463 5432 cta
488 5389 606 5429 mea
635 5375 895 5441 violastis,
928 5374 982 5428 in
1007 5375 1218 5430 cunctis
1249 5375 1636 5432 offensionibus
1664 5377 1878 5443 vestris,
1905 5385 1962 5432 et

365 5467 430 5521 in
457 5466 728 5522 universis
754 5466 1244 5523 abominationibus
1283 5482 1404 5537 quae
1444 5468 1652 5538 egistis,
1684 5483 1786 5538 ego
1825 5483 1960 5537 quo-

368 5574 480 5628 que
507 5573 604 5614 vos
646 5567 920 5615 conteram
963 5567 1126 5628 atque
1166 5559 1522 5629 confringam.
1557 5579 1576 5610 ι
1612 5559 1960 5629 Rcddamque

368 5663 472 5718 per
496 5663 586 5704 me
612 5650 756 5720 quod
780 5650 835 5706 in
866 5666 1043 5705 meum
1068 5649 1318 5721 populum
1349 5651 1702 5721 perpetrastis
1725 5665 1738 5703 :
1763 5651 1829 5705 de
1851 5666 1959 5720 quo

370 5749 564 5796 contra
592 5749 840 5812 pastores
867 5742 956 5798 hic
988 5742 1127 5797 idem
1171 5741 1431 5811 propheta
1459 5740 1668 5800 plenius
1697 5741 1954 5828 loquitur,

2058 5108 2113 5154 et
2143 5099 2195 5155 in
2224 5098 2612 5169 indignatione,
2641 5106 2872 5152 testatur
2897 5097 3114 5162 Paulus,
3144 5099 3235 5168 qui
3263 5101 3391 5154 dicit
3417 5118 3430 5154 :
3462 5119 3480 5152 ι
3511 5101 3641 5155 Era-

2061 5205 2181 5247 mus
2222 5199 2412 5245 natura
2441 5190 2534 5244 lilii
2560 5190 2673 5254 irze,
2705 5190 2845 5245 sicut
2871 5199 2925 5245 et
2950 5192 3130 5248 ueteri
3161 5189 3373 5262 (Ep/tes.
3404 5195 3486 5262 ιι).
3519 5211 3537 5244 ι
3575 5194 3642 5248 Et

2062 5283 2294 5338 iterum:
2325 5301 2343 5334 ‹
2383 5281 2484 5348 Qui
2525 5297 2711 5336 sumus
2753 5281 2807 5335 in
2855 5280 3200 5338 tabernaculo
3238 5283 3639 5352 ingemiscimus

2063 5375 2337 5447 aggravati
2374 5372 2458 5444 (ll
2498 5372 2620 5427 Cor.
2650 5372 2727 5445 v),
2759 5392 2776 5423 ι
2831 5372 3207 5441 quuimurque
3254 5387 3376 5426 cum
3419 5371 3640 5428 Jerusa-

2061 5467 2188 5522 lem.
2216 5467 2354 5521 Iram
2385 5465 2594 5520 Domini
2623 5465 2920 5528 sustinebo,
2947 5465 3074 5534 quia
3103 5464 3318 5533 peccavi
3349 5461 3418 5516 ei.

2138 5577 2157 5609 ‹
2192 5558 2419 5630 Quando
2466 5557 2666 5612 misero
2715 5556 2938 5626 sagittas
2985 5553 3145 5610 famis
3186 5555 3470 5624 pessimas,
3515 5568 3639 5624 qua:

2068 5669 2086 5700 ι
2129 5656 2287 5703 erunt
2309 5647 2618 5711 mortiferae,
2641 5656 2696 5700 et
2715 5660 2851 5717 quas
2875 5645 3084 5700 mittam
3111 5655 3168 5699 ut
3189 5646 3494 5716 disperdam
3518 5661 3634 5701 vos.

2067 5761 2082 5793 ι
2129 5741 2192 5796 Et
2234 5741 2430 5798 fatuem
2461 5740 2799 5810 congregabo
2848 5753 3008 5810 super
3034 5752 3126 5793 vos
3147 5778 3162 5804 ,
3191 5747 3245 5792 et
3275 5748 3548 5796 conteram
3580 5741 3636 5795 in
