3954 6182
429 297 533 352 605

1063 299 1122 353 D.
1166 299 1413 353 RABANI
1454 299 1670 356 MAURI
1710 302 2023 356 .illtlliilil‘.
2065 303 2369 358 λὶΟϐϋΝΤ.
2408 303 2690 362 OPERUM
2728 305 2904 363 PARS
2937 309 3000 362 ll.

3571 315 3661 370 (illi

433 428 460 460 ι.
497 406 649 464 vobis
675 406 927 464 baculum
955 409 1132 478 panis.
1164 428 1183 462 ι
1217 408 1488 480 (Ηὶετοη.)
1519 409 1736 475 Famem
1766 421 1819 466 et
1845 413 2002 482 pesti-
2028 419 2080 476 Α
2105 428 2210 466 non
2247 415 2485 480 auribus,
2517 417 2608 472 sed
2634 417 2860 486 imperio
2883 427 2939 473 et
2968 420 3205 487 potentia
3230 423 3492 476 creatoris
3518 435 3668 479 suum

423 499 646 553 lentiam
682 506 738 553 et
767 498 968 554 bestias
998 497 1294 567 pessimas,
1324 508 1380 554 et
1406 500 1664 571 quidquid
1703 501 1846 556 aliud
1884 518 2000 556 ma-

423 590 600 643 lorum
651 588 974 642 sustinemus
1003 589 1055 642 in
1086 589 1283 644 sarculo
1314 599 1535 660 propter
1579 602 1760 646 nostra
1813 593 1999 646 venire

422 686 640 750 peccata
690 676 1030 733 manifestum
1060 687 1162 733 est.
1220 678 1371 734 Unde
1413 688 1468 734 et
1517 680 1689 736 fames
1736 681 1852 744 illa,
1881 697 1998 749 quae

419 773 562 826 facta
602 777 930 824 memoratur
966 769 1021 824 in
1062 769 1206 824 Ruth
1237 769 1419 840 (Ruth.
1452 770 1490 843 ι)
1521 780 1573 826 et
1599 772 1800 844 Regum
1846 773 1998 828 volu-

420 864 562 916 mine
593 859 712 933 (III
740 859 867 931 Reg.
903 861 1060 933 xvn),
1091 861 1189 916 sub
1219 861 1356 929 Elia,
1385 864 1600 933 quando
1642 865 1810 919 tribus
1843 865 1998 919 annis

416 967 472 1011 et
503 973 596 1012 sex
641 957 913 1011 mensibus
955 955 1151 1010 ccelum
1181 956 1420 1013 clausum
1460 965 1560 1022 est,
1610 969 1665 1011 et
1691 958 1789 1028 sub
1821 957 1996 1011 Eliseo

417 1045 524 1114 (IV
556 1045 683 1117 Reg.
705 1048 802 1119 vr),
831 1049 984 1120 cujus
1022 1048 1389 1105 incredibilem
1437 1049 1670 1118 inopiam
1716 1050 1994 1119 repentina

416 1138 743 1194 abundantia
773 1126 1156 1211 compensavit,
1191 1141 1284 1196 Dei
1305 1141 1508 1212 judicio
1538 1142 1700 1197 missa
1725 1151 1822 1196 est.
1842 1140 1995 1208 Quod

419 1243 525 1282 non
559 1230 729 1285 solum
763 1240 898 1303 tunc,
924 1233 976 1287 in
1018 1231 1314 1287 Jerusalem
1362 1231 1561 1287 factum
1593 1242 1697 1297 est,
1734 1235 1828 1288 sed
1858 1243 1912 1287 et
1940 1233 1991 1287 in

417 1329 603 1374 nostra
649 1320 708 1375 fit
751 1321 1069 1388 Jerusalem,
1101 1323 1152 1376 in
1190 1339 1294 1393 qua
1327 1332 1545 1392 propter
1575 1325 1993 1395 magnitudinem

413 1419 760 1477 peccatorum
792 1413 1024 1482 primum
1058 1412 1228 1469 fames
1257 1415 1488 1468 mittitur
1515 1415 1764 1474 audiendi
1795 1432 1996 1473 sermo-

414 1516 537 1554 nem
578 1501 691 1556 Dei.
727 1503 924 1558 Deinde
967 1503 1160 1558 famem
1192 1519 1338 1558 mors
1367 1505 1642 1572 sequitur,
1674 1515 1732 1560 ut
1768 1507 1858 1576 qui
1889 1523 1991 1562 non

414 1591 756 1654 audivinms:
788 1613 805 1643 ι
838 1593 1064 1648 Gnstate
1091 1603 1146 1648 et
1177 1593 1348 1648 videte
1394 1595 1646 1662 quoniam
1691 1597 1872 1651 suavis
1910 1606 1993 1653 est

413 1683 671 1738 Dominus
725 1683 839 1755 (Ps.
864 1684 1081 1759 xxxrtt),
1105 1706 1122 1736 ι
1172 1696 1358 1756 postea
1409 1689 1710 1744 sentiamus
1753 1707 1764 1743 :
1800 1710 1816 1740 ι
1849 1688 1990 1743 Mors

411 1786 752 1842 peccatorum
799 1755 1046 1847 pessima
1068 1787 1152 1832 est
1172 1755 1230 1849 (1
1237 1779 1389 1852 bid.).
1412 1801 1430 1833 ι
1469 1781 1541 1836 De
1569 1782 1905 1838 firmamento
1935 1791 1990 1838 et
2019 1755 2064 1813 Β

414 1866 604 1920 baculo
630 1867 783 1938 panis
816 1883 976 1937 supra
1006 1868 1242 1923 diximus
1267 1885 1279 1923 :

489 1975 508 2007 α
542 1959 609 2012 Εῑ
637 1959 920 2013 immittam
949 1959 1002 2013 in
1034 1974 1129 2014 vos
1161 1959 1370 2020 famem
1414 1969 1468 2015 et
1495 1959 1698 2016 bestias
1726 1962 1988 2032 pessimas

415 2067 434 2100 ι
481 2062 653 2118 usque
685 2050 750 2102 ad
794 2049 1238 2112 internecionem.
1270 2051 1336 2104 Et
1362 2051 1667 2122 pestilentia
1693 2061 1748 2104 et
1771 2054 1988 2122 sanguis

418 2157 436 2192 ι
485 2139 788 2194 transibunt
814 2153 912 2208 per
951 2147 1021 2206 te,
1050 2147 1104 2193 et
1142 2139 1380 2212 gladium
1411 2141 1657 2196 inducam
1705 2156 1865 2210 super
1915 2150 1984 2206 te,

419 2246 438 2286 ‹
485 2227 594 2298 Ego
623 2227 880 2284 Dominus
906 2227 1115 2283 locutus
1144 2243 1282 2284 sum.
1309 2248 1326 2280 ι
1362 2229 1571 2284 Bestias
1601 2229 1861 2298 pessimos
1907 2230 1987 2284 in—

411 2322 531 2378 duci
554 2338 716 2392 super
739 2332 935 2378 terram
961 2323 1286 2390 solitudinis,
1303 2339 1422 2394 qua:
1447 2322 1608 2389 fa'me,
1625 2323 1818 2394 gladio,
1836 2334 1987 2394 peste

408 2429 617 2480 vastata
660 2430 761 2484 est,
810 2422 1094 2491 praesentia
1139 2436 1352 2490 quoque
1394 2421 1686 2476 ostendunt
1719 2429 1984 2489 tempora,

407 2513 623 2584 quando
649 2513 912 2569 familiare
939 2512 1138 2571 animal
1165 2512 1316 2568 canis
1342 2512 1395 2567 in
1424 2513 1763 2568 dominorum
1795 2528 1987 2568 carnes

408 2603 559 2658 rabie
599 2604 922 2669 concitatur,
952 2611 1006 2666 et
1043 2603 1186 2658 ursis
1227 2618 1292 2657 ac
1334 2602 1472 2672 lupis
1513 2603 1827 2672 cunctisque
1869 2603 1987 2658 aliis

407 2693 690 2764 generibus
711 2692 1004 2750 bestiarum
1027 2704 1167 2748 terra
1190 2693 1988 2763 completur,pestilentiamque

407 2793 463 2838 et
487 2783 806 2852 sanguinem
833 2782 1063 2836 transire
1087 2798 1184 2852 per
1208 2798 1348 2847 eam,
1375 2785 1621 2838 morbum
1645 2781 1987 2852 gladiumque

409 2872 698 2942 significat.
739 2867 844 2924 Sed
895 2879 952 2926 et
986 2871 1041 2924 in
1089 2880 1328 2926 nostram
1370 2870 1667 2926 Jerusalem
1703 2871 1988 2926 mittuntur

405 2962 597 3030 hestize
625 2963 890 3033 pessimze,
917 2963 1133 3032 quando
1165 2964 1424 3018 tradimur
1449 2964 1502 3018 in
1530 2963 1812 3032 passiones
1837 2964 1988 3034 igno-

408 3052 606 3115 miniae,
633 3061 689 3107 et
717 3054 771 3106 in
804 3052 1086 3122 reprobqu
1111 3068 1349 3119 sensum,
1372 3062 1424 3108 et
1449 3054 1834 3108 conscientiam
1861 3070 1986 3125 pee-

408 3152 671 3209 catorum,
701 3159 821 3213 qua:
855 3145 1169 3200 excruciant
1205 3156 1366 3215 atque
1402 3145 1700 3202 dilacerant
1743 3147 1984 3202 animum
2011 3121 2057 3185 Ο

408 3245 675 3302 nostrum,
725 3237 1104 3301 dissensiones,
1132 3237 1381 3301 haereses,
1415 3239 1727 3306 schismata,
1760 3239 1983 3294 aemula-

409 3326 619 3392 tiones,
667 3327 908 3394 invidia),
961 3328 1216 3396 tristitize,
1270 3330 1668 3398 detractiones,
1716 3333 1983 3389 desideria

407 3417 596 3482 multa,
628 3419 872 3482 avaritia,
903 3436 1025 3490 quae
1073 3429 1159 3476 est
1211 3423 1365 3478 radix
1411 3424 1674 3480 malorum
1717 3426 1980 3492 omnium,

406 3509 592 3566 bestia:
610 3511 856 3580 pessima:
885 3521 1030 3576 sunt,
1054 3527 1174 3583 qua:
1201 3528 1324 3568 cum
1358 3513 1559 3570 fuerint
1582 3515 1635 3588 in
1666 3515 1835 3580 nobis,
1870 3532 1982 3570 me-

407 3615 590 3658 remur
611 3602 796 3658 audire
825 3621 838 3657 :
869 3622 887 3654 ι
920 3603 1163 3677 Corriget
1211 3613 1264 3660 te
1286 3606 1660 3676 pmvaricatio
1683 3615 1794 3660 tua.
1819 3627 1836 3659 ι
1858 3607 1982 3662 Pre-

406 3697 697 3762 camurque
737 3703 793 3749 et
843 3694 1107 3762 dicimus:
1135 3715 1154 3750 ι
1186 3696 1266 3752 Ne
1315 3697 1496 3754 tradas
1544 3697 1731 3754 bestiis
1773 3697 1982 3754 animas

406 3784 726 3844 confitcntes
759 3788 873 3843 tibi.
896 3808 914 3842 ι

1013 3880 1238 3937 CAPUT
1277 3882 1368 3938 Vl.

408 3963 667 4036 Propheta
705 3968 924 4022 ostendit
955 3970 1406 4043 populumplagis
1436 3990 1739 4041 percussum
1775 3983 1983 4043 propter

877 4051 1141 4108 peccatum
1169 4041 1499 4096 idololatriw.

485 4167 502 4199 ι
541 4146 605 4200 Et
649 4146 824 4202 factus
850 4157 934 4202 est
961 4163 1138 4204 sermo
1176 4149 1386 4204 Domini
1418 4150 1485 4204 ad
1517 4166 1602 4205 me
1630 4152 1813 4206 dicens
1839 4171 1850 4204 :
1878 4133 1976 4206 Fili

410 4255 428 4288 ι
475 4237 728 4302 hominis,
760 4253 898 4307 pone
944 4237 1136 4294 faciem
1183 4248 1330 4294 tuam
1368 4241 1437 4295 azl
1467 4250 1677 4296 montes
1723 4241 1885 4296 Israel
1925 4252 1982 4298 et

409 4350 426 4381 ε
471 4331 816 4402 prophetabis
844 4331 909 4385 ad
943 4345 1037 4386 eos
1065 4340 1120 4386 et
1145 4332 1314 4396 dices,
1345 4331 1550 4387 Montes
1592 4333 1752 4386 lsrael
1799 4335 1979 4388 audite

409 4438 428 4470 ε
475 4420 702 4474 verbum
726 4421 974 4475 Domini:
1003 4419 1124 4477 Haec
1161 4421 1293 4476 dicit
1320 4422 1577 4476 Dominus
1608 4424 1750 4478 Deus
1784 4425 1979 4477 monti-

407 4531 425 4564 ι
469 4512 590 4577 bus,
621 4521 675 4568 et
719 4513 962 4577 collibus,
993 4515 1214 4582 rupibus
1256 4523 1309 4568 et
1351 4513 1635 4579 vallibus,»
1669 4524 1774 4570 etc.
1827 4515 1980 4583 Quod

403 4619 542 4672 saape
577 4604 630 4658 in
663 4605 765 4673 hoc
791 4606 1050 4675 propheta
1083 4605 1283 4662 dicitur
1310 4625 1320 4658 :
1353 4623 1372 4655 ι
1409 4607 1612 4660 Adonai
1640 4606 1919 4672 Dominus,
1953 4627 1973 4658 ι

400 4703 622 4764 propter
645 4693 862 4750 Grteeos
883 4705 939 4749 et
963 4694 1203 4762 Latinos,
1226 4699 1316 4767 qui
1345 4697 1618 4760 llebraica:
1647 4697 1841 4768 linguas
1873 4714 1978 4752 non

400 4787 603 4844 habent
655 4786 977 4852 scientiam,
1026 4789 1265 4843 breviter
1305 4789 1680 4858 exponendum
1742 4790 1975 4844 videtur.

398 4877 605 4934 Adonai
637 4891 799 4932 unum
839 4893 1032 4932 nomen
1059 4881 1228 4934 estde
1251 4879 1435 4933 decem
1473 4881 1747 4934 vocabulis
1776 4880 1892 4946 Dei,
1923 4891 1979 4937 et

400 4970 666 5041 significat
681 4968 985 5034 Dominum,
1003 4985 1109 5039 quo
1131 4987 1268 5041 saepe
1283 4972 1406 5026 etin
1425 4973 1728 5030 hominibus
1751 4974 1974 5028 utimur.

399 5060 641 5129 Denique
679 5069 734 5112 et
765 5057 896 5113 Sara
937 5074 1136 5114 vocans
1182 5061 1452 5117 Abraham
1501 5063 1777 5118 dominum
1821 5080 1977 5118 suum

400 5151 554 5222 (Gen.
584 5149 762 5221 mu),
814 5151 916 5204 hoc
949 5144 1176 5206 Vocabat
1222 5155 1456 5208 nomine.
1491 5155 1557 5208 Et
1596 5155 1686 5209 ubi
1733 5154 1973 5218 dicitur:

404 5261 420 5293 ι
454 5242 678 5296 Domine
723 5243 791 5295 mi
827 5257 944 5306 rex,
987 5242 1191 5296 Adouai
1237 5263 1254 5294 ι
1299 5244 1557 5312 scriptum
1600 5253 1702 5300 est.
1752 5246 1976 5312 Quando

402 5333 566 5404 igitur
607 5331 715 5386 duo
754 5332 962 5386 Domini
1013 5341 1067 5385 et
1115 5333 1324 5385 Domini
1365 5333 1548 5402 juncta
1580 5335 1705 5389 sunt
1731 5336 1972 5399 nomina,

400 5426 550 5494 prius
581 5440 777 5479 nomen
808 5440 1096 5480 commune
1119 5434 1219 5488 est,
1268 5427 1557 5480 secundum
1605 5429 1820 5497 proprie
1855 5427 1972 5492 Dei,

400 5516 553 5587 quasi
602 5515 896 5581 ineffabile,
939 5526 994 5571 et
1042 5517 1186 5585 quod
1232 5519 1491 5585 scriptum
1543 5517 1642 5572 fuit
1677 5517 1729 5570 in
1773 5517 1974 5571 lamina

402 5622 564 5661 aurea
591 5620 709 5677 qua:
749 5616 868 5662 erat
918 5608 971 5662 in
1020 5604 1196 5662 fronte
1227 5608 1510 5678 pontificis.
1561 5608 1766 5664 Montes
1795 5618 1974 5661 autem

401 5697 704 5771 les.tel,qui
751 5698 1052 5755 simulacris
1097 5699 1395 5756 dminounzn
1445 5701 1654 5752 fuerant
1707 5698 1974 5768 utcupuli,

2103 506 2328 559 audiunt
2367 516 2421 560 et
2468 507 2769 579 intelligunt
2820 509 3149 564 Creatorem.
3194 511 3472 578 Quomodo
3525 533 3668 571 mare

2100 596 2231 650 vidit
2278 606 2332 650 et
2377 597 2542 666 fugit,
2608 597 2856 654 Iordanis
2907 616 3200 656 conversus
3243 611 3325 657 est
3375 612 3664 662 retrorsum

2101 682 2217 753 (Ps.
2247 685 2423 756 exuit).
2450 705 2467 737 ι
2501 686 2616 742 Non
2660 688 2843 758 utique
2887 689 3068 747 carnis
3111 690 3282 745 oculis
3323 693 3518 763 quibus
3562 712 3664 750 non

2099 776 2330 830 videbat.
2385 777 2449 830 Et
2496 777 2562 830 ad
2604 793 2756 832 mare
2798 777 2996 834 dicitur
3025 797 3039 832 :
3071 799 3088 832 ο
3130 779 3273 835 Tace
3298 821 3314 847 ,
3359 783 3665 840 obmutesce

2099 863 2117 933 (
2127 863 2177 917 Μ
2185 882 2292 917 are.
2313 865 2385 935 tv)
2405 883 2449 932 ;ι
2476 879 2528 920 et
2555 877 2832 922 ventorum
2854 866 3067 924 ﬂatibus
3091 868 3405 940 imperatur,
3426 873 3657 940 jubetur-

2096 970 2199 1022 que
2225 957 2412 1022 vermi,
2430 957 2519 1026 qui
2541 957 2689 1012 J0me
2708 959 2971 1027 percussit
3001 961 3367 1015 umbraeulum
3391 962 3536 1034 (Jan.
3567 965 3658 1035 tv).

2096 1045 2160 1098 Et
2188 1045 2252 1098 de
2280 1047 2464 1100 eadem
2497 1055 2636 1101 terra
2671 1051 2925 1119 scriptum
2954 1062 3075 1106 est:
3110 1071 3127 1103 (
3153 1051 3251 1120 Qui
3294 1056 3512 1124 respicit
3553 1065 3660 1111 ter-

2097 1155 2212 1191 ram
2243 1147 2295 1192 ct
2319 1137 2449 1193 facit
2476 1154 2592 1193 eam
2627 1149 2854 1196 tremere
2889 1141 3003 1214 (Ps.
3027 1143 3161 1216 cm).
3189 1165 3206 1196 ι
3239 1145 3320 1200 Ad
3365 1162 3502 1216 quos
3539 1163 3659 1216 pro-

2095 1231 2253 1298 pheta
2300 1229 2564 1300 loquitur,
2601 1233 2840 1289 indicans
2890 1235 3031 1288 idola
3079 1236 3420 1303 destruenda,
3455 1249 3507 1293 et
3542 1256 3659 1294 aras

2096 1321 2477 1390 universasque
2521 1324 2888 1390 ceremonias,
2915 1325 3110 1394 quibus
3153 1326 3304 1395 prius
3349 1327 3504 1381 idolis
3552 1345 3658 1382 ser-

2092 1412 2327 1476 vierunt,
2346 1413 2715 1469 conterendas.
2741 1413 3032 1470 Possumus
3056 1410 3264 1471 montes
3281 1418 3524 1488 accipere
3547 1436 3654 1484 eos,

2092 1502 2183 1568 qui
2217 1502 2452 1571 potentia
2482 1503 2849 1572 sapientiaque
2875 1515 2927 1559 et
2958 1506 3180 1559 scicntia
3212 1523 3274 1560 ac
3299 1508 3496 1560 divitiis
3527 1527 3654 1578 ιιι-ςυο

2092 1590 2371 1645 ecllebant.
2406 1592 2470 1646 Et.
2511 1594 2608 1646 hoc.
2658 1595 3186 1650 animadvertendum
3237 1601 3376 1666 quod
3409 1602 3653 1652 obfirma-

2093 1688 2179 1733 tur
2213 1680 2429 1749 quidem
2468 1676 2655 1740 facies,
2701 1683 2755 1729 et
2797 1675 3017 1741 ponitur
3069 1687 3254 1729 contra
3293 1689 3521 1737 ιιιοιιιίιε,
3560 1681 3652 1731 snt

2093 1749 2435 1842 nequaquam
2473 1768 2602 1824 solis
2628 1767 2928 1828 montibus,
2965 1767 3056 1821 sed
3099 1777 3151 1819 et
3204 1768 3435 1820 collibus
3490 1769 3655 1837 Impu-

2094 1882 2180 1926 tur
2205 1878 2260 1923 et
2289 1869 2510 1939 rupibus
2536 1878 2590 1923 et
2620 1869 2873 1936 vallibus,
2898 1871 2948 1923 in
2981 1871 3175 1939 quibus
3218 1871 3443 1925 inferior
3489 1871 3651 1943 digni-

2091 1970 2173 2011 tas
2224 1966 2280 2011 ct
2328 1961 2528 2028 gradus
2567 1959 2864 2028 prudentiae
2912 1960 3255 2030 scientiaeque
3298 1962 3648 2032 cognoscitur.

2088 2050 2348 2103 Videntur
2379 2049 2509 2104 mihi
2545 2057 2751 2104 montes
2783 2051 3107 2121 tropologice
3133 2066 3273 2118 esse,
3306 2053 3398 2121 qui
3443 2054 3510 2108 ad
3533 2069 3651 2123 per-

2087 2139 2282 2194 fectam
2313 2141 2590 2195 scientiam
2619 2151 2998 2210 pervenerunt.
3046 2139 3242 2206 Colles,
3273 2143 3363 2212 qui
3392 2145 3550 2212 paulo
3577 2145 3648 2197 in-

2089 2233 2311 2290 feriores
2337 2243 2478 2288 sunt.
2513 2234 2691 2306 Rupes
2729 2237 2819 2306 qui
2845 2235 3053 2296 nullam
3071 2237 3331 2295 habentes
3356 2239 3649 2306 scientiam,

2086 2333 2141 2377 et
2183 2333 2387 2377 tantum
2437 2323 2486 2377 in
2537 2326 2943 2380 conversatione
2992 2326 3214 2382 fidentes
3242 2327 3419 2400 aliqua
3452 2329 3550 2385 sibi
3588 2332 3648 2386 de

2089 2412 2489 2483 Seripturarum
2522 2416 2960 2485 interpretatione
3003 2429 3365 2486 praesumunt,
3401 2405 3432 2470 ἰ
3463 2421 3648 2474 haben-

2089 2513 2168 2559 tes
2192 2524 2208 2554 ›
2249 2505 2403 2576 juxta
2439 2504 2769 2574 Apostolum,
2799 2524 2815 2555 ι
2844 2506 3026 2561 zelum’
3049 2507 3176 2573 Dei,
3209 2509 3301 2563 sed
3349 2526 3456 2563 non
3498 2511 3646 2580 juxta

2088 2594 2365 2648 scientiam
2397 2594 2573 2665 (Rom.
2605 2600 2723 2665 ιω.)
2753 2595 2930 2652 Valles
2952 2606 3126 2651 autem
3153 2598 3408 2672 appellari
3439 2595 3652 2655 novissi-

2087 2700 2205 2739 mos
2233 2685 2286 2738 in
2329 2683 2588 2749 Ecclesia,
2616 2687 2704 2755 qui
2751 2695 2805 2739 et
2847 2687 2954 2740 vita
2999 2696 3053 2741 et
3096 2688 3319 2742 scientia
3352 2687 3646 2755 inferiores,

2089 2784 2268 2830 tamen
2304 2776 2367 2830 de
2392 2786 2657 2831 conventu
2693 2777 2970 2851 Dominico
2998 2793 3102 2832 non
3133 2778 3407 2844 recedunt,
3434 2781 3523 2849 qui
3548 2798 3650 2834 om-

2089 2881 2185 2920 nes
2225 2867 2449 2920 verbum
2500 2867 2593 2920 Dei
2629 2866 2887 2936 julientur
2930 2867 3136 2931 audire,
3184 2876 3243 2921 ut
3294 2871 3649 2938 illiust-lui:qu

2089 2973 2188 3027 pro
2237 2972 2333 3011 suo
2376 2957 2588 3012 modulo
2625 2967 2678 3011 et
2709 2971 2866 3011 sensu
2918 2956 3177 3026 intelligat
3229 2957 3356 3026 quid
3403 2959 3648 3011 Dominus

2089 3048 2248 3118 prmci
2257 3049 2380 3118 piat.

2163 3159 2182 3191 ί
2213 3140 2350 3194 Ecce
2379 3155 2476 3209 ego
2509 3139 2754 3194 inducant
2785 3155 2944 3210 super
2974 3155 3068 3194 vos
3094 3139 3353 3208 gladium,
3380 3145 3433 3191 ct.
3461 3138 3648 3206 diSper—

2091 3251 2110 3283 ‹
2149 3231 2272 3285 dam
2320 3232 2530 3287 excelsa
2563 3242 2764 3295 vestra,
2792 3240 2846 3284 et
2889 3230 3148 3284 demoliar
3192 3246 3313 3284 aras
3352 3240 3573 3288 vestras.
3599 3239 3650 3282 et

2091 3343 2109 3376 ι
2149 3322 2554 3394 confringentnr
2581 3321 2869 3376 simulacra
2896 3330 3096 3385 vestra,
3131 3329 3185 3374 et
3211 3317 3455 3388 dejiciam
3487 3321 3650 3372 inter-

2091 3435 2109 3467 ‹
2151 3415 2322 3469 fectos
2357 3424 2565 3468 vestros
2606 3421 2729 3467 ante
2759 3411 2899 3466 idola
2923 3421 3123 3474 vestra,
3149 3419 3203 3464 et
3229 3411 3364 3465 dabo
3394 3411 3650 3464 cadavera

2091 3523 2108 3555 ‹
2150 3503 2382 3558 filiorum
2415 3501 2577 3585 lsrael
2607 3511 2733 3556 ante
2765 3501 2952 3556 faciem
3005 3501 3416 3555 simulacrorum
3457 3509 3652 3555 vestro-

2091 3617 2108 3648 ι
2152 3613 2290 3660 rum,
2318 3604 2372 3652 et
2396 3597 2701 3666 dispergam
2731 3611 2852 3649 ossa
2890 3603 3068 3649 vestra
3104 3595 3246 3648 circa
3284 3610 3406 3647 aras
3446 3603 3652 3647 vestras

2090 3708 2108 3739 ι
2151 3689 2203 3742 in
2258 3688 2508 3741 omnibus
2549 3686 2914 3741 liabitiouibus
2955 3687 3210 3739 vestris.»
3257 3684 3524 3738 Montibus
3574 3685 3649 3737 di-

2084 3777 2158 3831 cit
2185 3777 2347 3831 lsrael
2393 3776 2535 3846 quod
2585 3776 2856 3844 (li-perdat
2882 3776 3139 3830 Dominus
3181 3775 3387 3829 excelsa
3441 3789 3646 3837 eorum,

2086 3867 2137 3921 in
2183 3867 2377 3936 quibus
2418 3866 2713 3920 adorabant
2758 3867 3004 3919 homines
3051 3866 3203 3919 ﬁctos
3244 3866 3388 3926 deos,
3429 3872 3482 3917 et
3531 3879 3649 3917 aras

2084 3959 2477 4028 simulacraque
2507 3958 2808 4027 confringat
2844 3966 2897 4013 et
2939 3957 3174 4012 cultores
3219 3972 3405 4010 eorum
3447 3957 3500 4009 in
3531 3971 3648 4009 con.

2083 4059 2268 4121 specto
2301 4050 2545 4104 fanorum
2590 4050 2818 4102 interfici
2863 4048 3042 4111 faciat,
3075 4047 3366 4115 utjaccant
3392 4049 3648 4102 cadavera

2086 4151 2418 4195 mortuorum
2449 4139 2537 4194 tibi
2568 4140 2718 4209 prius
2737 4139 2989 4207 jaecbant
3017 4138 3225 4203 hostia),
3251 4147 3305 4192 ct
3341 4138 3649 4208 dispergan-

2087 4243 2170 4287 tur
2200 4249 2321 4287 ossa
2370 4249 2475 4285 non
2518 4233 2802 4297 montium,
2828 4231 2920 4286 sed
2962 4246 3146 4285 eorum
3186 4230 3276 4300 qui
3318 4229 3574 4298 jacebant
3599 4230 3649 4282 iu

2086 4330 2357 4382 montibus
2385 4328 2436 4382 in
2464 4329 2691 4382 circuitu
2728 4343 2959 4381 ararum.
2993 4335 3046 4381 et
3091 4327 3142 4380 in
3183 4327 3389 4380 cunctis
3433 4327 3654 4380 urbibus

2085 4423 2377 4491 viridisque
2407 4421 2592 4476 lsracl.
2619 4420 2895 4490 llocjuxta
2927 4421 3184 4482 litteram,
3214 4420 3452 4490 alioquin
3480 4427 3535 4472 et
3568 4435 3654 4471 su-

2084 4531 2180 4583 per
2223 4529 2315 4567 eos
2366 4516 2454 4582 qui
2501 4515 2780 4581 eriguntur
2823 4513 2875 4565 in
2925 4511 3328 4582 superbiam,et
3357 4511 3420 4563 de
3463 4510 3656 4578 quibus

2081 4601 2370 4672 Apostolus
2417 4604 2653 4674 loquitur
2681 4602 2732 4675 (1
2775 4601 2893 4657 Cor.
2938 4601 3056 4671 vm)
3085 4620 3097 4655 :
3129 4621 3147 4652 ι
3184 4601 3422 4656 Scientia
3473 4600 3657 4660 inﬂat.

2082 4695 2315 4750 cbaritas
2337 4694 2584 4750 aedificat.
2612 4713 2629 4745 ι
2659 4685 2932 4748 lnducitur
2952 4693 3156 4764 gladius
3181 4691 3440 4745 utomnia
3466 4705 3657 4744 eorum

2015 4783 2026 4795 ⁸
2082 4786 2391 4846 simulacra,
2416 4801 2533 4853 qua:
2559 4784 2624 4837 de
2647 4799 2746 4838 suo
2776 4783 3047 4837 finxerunt
3069 4783 3250 4838 animo
3282 4789 3654 4842 conterantur,

2083 4888 2135 4931 ct
2186 4876 2451 4932 interfecti
2495 4867 2744 4944 jaceant,
2777 4884 2832 4930 ct
2865 4885 3104 4930 mortuos
3144 4890 3264 4929 esse
3303 4887 3361 4929 se
3393 4874 3656 4932 sentiant.

2085 4967 2217 5022 nihil
2265 4967 2365 5022 sibi
2413 4967 2702 5020 simulacra
2742 4981 2836 5019 sua
2889 4976 3050 5040 atque
3106 4964 3358 5036 figmenta
3403 4962 3662 5032 prodesse

2084 5073 2383 5118 cernentes.
2405 5063 2664 5132 Quodque
2681 5063 2986 5133 dispergere
3015 5077 3072 5117 se
3098 5062 3224 5116 dicit
3241 5076 3364 5115 ossa
3391 5060 3657 5113 montium

2082 5155 2226 5209 circa
2263 5170 2404 5220 aras,
2432 5154 2755 5208 fortissimos
2803 5168 3044 5223 quosque
3077 5167 3263 5206 eorum
3311 5167 3340 5203 a
3379 5165 3436 5204 se
3467 5159 3662 5204 mutuo

2084 5247 2282 5300 indicat
2321 5246 2664 5316 separandos.
2699 5245 2925 5300 Prodest
2953 5243 3094 5297 enim
3129 5257 3394 5312 perversze
3420 5240 3662 5295 scientiae
3689 5308 3710 5318 δ

2081 5335 2253 5391 malos
2282 5352 2310 5389 a
2336 5337 2491 5390 malis
2511 5336 2672 5389 dividi
2699 5351 2712 5399 ;
2740 5342 2793 5388 et
2820 5343 2876 5386 ut
2901 5333 2975 5386 illi
3009 5332 3098 5400 qui
3127 5345 3390 5384 consensu
3418 5329 3664 5398 pessimo

2077 5425 2413 5481 arditieabant
2461 5434 2664 5479 turrem
2710 5440 2806 5493 pro
2852 5423 3082 5476 utilitate
3129 5421 3381 5490 propria,
3414 5418 3662 5487 dissipati

2079 5525 2226 5580 sunt,
2255 5517 2546 5585 diviszequc
2584 5515 2779 5584 linguae
2823 5528 3029 5577 eorum,
3055 5528 3122 5566 ne
3151 5526 3447 5566 consensus
3488 5524 3666 5578 pessi-

2082 5625 2199 5662 mus
2229 5606 2436 5676 pejores
2477 5623 2568 5660 eos
2598 5605 2796 5659 faceret
2824 5603 2974 5674 (Cen.
3007 5603 3104 5670 vi),
3139 5603 3208 5656 ita
3243 5617 3367 5655 ossa
3396 5600 3663 5654 montium

2084 5699 2458 5768 ιῐὶλξξίὲτέεξηιιιι*
2491 5705 2542 5750 ut
2577 5711 2741 5749 vanos
2775 5703 2999 5749 conatus
3028 5709 3152 5748 suos
3195 5693 3512 5762 intelligant.
3545 5688 3668 5742 lluc
