3954 6182
270 303 375 362 διε
636 376 641 379 τ
1100 326 1105 331 ·
1142 306 1149 310 ‘
1233 304 1587 375 couunxr.
1629 306 1694 361 lN
1730 308 1840 363 εει

1941 308 2182 366 [ΙΕΙιΕΜ.
2218 342 2293 353 -
2330 310 2456 369 LIB.
2499 256 2593 369 1V:
3429 324 3529 379 (ιωά

269 413 415 488 quod
461 429 563 470 nos
598 414 917 486 posuimus:
948 433 968 467 ι
1002 414 1073 471 Ει
1119 415 1257 473 dabo
1305 418 1566 478 cadavera
1615 417 1848 481 filiorum
1875 428 1923 485 Α
1948 436 2115 490 opere
2147 414 2558 491 demonstravit,
2594 426 2709 481 sive
2738 428 2995 483 contrivit
3030 436 3088 487 ut
3131 430 3411 493 fornicatus
3433 450 3527 487 cur

267 505 435 562 Israel
478 513 613 561 ante
651 503 849 560 faciem
899 504 1311 563 simnlacrorum
1358 516 1692 573 vestrorum,
1723 527 1744 560 ο
1793 508 1850 562 in
1951 521 2007 566 et
2027 514 2330 570 recedensa
2351 514 2482 583 Deo,
2503 532 2692 575 eorum
2714 517 2779 573 de
2812 518 3009 588 quibus
3028 535 3125 592 per
3145 520 3341 576 Oscam
3362 522 3531 592 loqui-

268 598 627 670 Scptuaginta
656 612 763 654 non
790 597 1041 653 habetur.

336 708 359 743 ι
396 689 585 751 .Urbes
606 688 838 745 deserta:
861 696 1042 755 erunt,
1062 697 1119 744 et
1144 690 1357 747 excelsa
1383 691 1765 767 demolientur,
1792 699 1850 749 et

271 800 291 834 ι
331 778 742 849 dissipabuntur
779 786 837 835 et
873 779 1177 837 interibunt
1219 796 1329 839 arte
1368 791 1567 838 vestrae
1607 793 1665 840 et
1710 799 1845 841 eon-

268 889 289 923 ι
334 871 644 940 fringentur
667 876 725 925 et
751 868 1044 927 cessabunt
1070 871 1213 929 idola
1243 882 1449 938 vestra,
1482 880 1539 930 et
1562 882 1847 933 conteren-

268 982 287 1014 ι
328 961 668 1023 tut-delubra
695 968 900 1027 vestra,
930 969 988 1018 et
1009 962 1329 1021 delebantur
1365 964 1531 1036 'opera
1560 974 1761 1029 vestra,
1790 973 1846 1020 et

268 1072 287 1105 ι
325 1050 489 1109 cadet
522 1048 846 1107 interfectus
874 1050 933 1113 in
963 1052 1141 1107 medio
1174 1054 1374 1121 vestri,
1406 1062 1460 1110 et
1488 1054 1675 1111 scietis
1708 1070 1843 1126 quo-

264 1162 285 1195 ι
325 1142 477 1199 niam
518 1130 618 1213 ego
657 1141 938 1201 Dominus.
980 1161 1001 1195 ι
1034 1141 1306 1215 (Hieron)
1350 1142 1523 1219 Causa
1553 1145 1847 1219 perspicua,

258 1249 361 1289 cur
395 1232 560 1288 urbes
598 1231 864 1287 montium
908 1231 1219 1293 deserenda:
1254 1232 1394 1300 sint,
1422 1233 1629 1293 scilicet
1657 1242 1718 1293 ut
1756 1234 1843 1293 de-

260 1324 555 1394 moliantur
585 1321 829 1389 excelsa,
865 1337 1084 1395 ermque
1113 1332 1171 1379 et
1215 1324 1351 1380 idola
1378 1326 1761 1393 destruantur,
1788 1335 1842 1381 et

257 1413 487 1473 delubra
528 1422 780 1485 pereant,
837 1421 892 1469 et
933 1415 1116 1474 omnis
1162 1414 1575 1475 simulacrorum
1626 1416 1839 1471 cultura

257 1508 515 1573 desistat,
542 1506 847 1577 cadentque
873 1505 1146 1567 interfecti
1177 1506 1232 1565 in
1263 1507 1441 1567 medio
1468 1508 1756 1573 montium,
1786 1515 1842 1563 et

256 1598 438 1657 sciant
481 1598 610 1667 quia
630 1598 746 1669 ipse
771 1598 844 1654 sit
866 1597 1145 1665 Dominus.
1173 1597 1277 1657 Per
1296 1614 1417 1668 qua:
1441 1599 1660 1655 occasio
1682 1599 1840 1655 nobis

256 1687 419 1745 datur
441 1687 740 1757 spiritalem
769 1687 942 1759 magis
964 1686 1372 1758 intelligentiam
1401 1676 1576 1759 sequi,
1600 1696 1662 1742 ut
1676 1688 1839 1745 urbes

1950 609 2078 656 tur:
2111 620 2130 653 ι
2164 601 2373 673 Spiritu
2404 604 2780 665 fornicationis
2814 608 3023 663 seducti
3043 619 3169 664 sunt
3198 608 3343 681 (Ore.
3369 610 3464 684 tv).
3502 630 3523 665 ι

1954 707 1974 741 ι
1999 690 2086 761 ⁶Ει
2127 690 2310 749 oculos
2347 692 2677 751 fornicantes
2717 705 2841 765 post
2878 697 3042 754 idola.
3085 718 3105 750 ι
3153 698 3261 757 Per
3295 717 3529 775 quorum

1946 778 2212 836 fenestras
2256 796 2403 837 mors
2436 783 2671 839 intrasse
2710 787 3061 856 perhibetur,
3099 805 3261 858 quam
3302 791 3372 845 ob
3401 807 3528 846 cau-

1945 883 2060 925 sam
2096 879 2152 926 et
2186 872 2240 927 in
2271 871 2493 928 Daniele
2549 872 2712 945 (Dan.
2756 879 2877 946 xm)
2911 877 3019 934 duo
3050 881 3355 953 presbyteri
3385 898 3523 952 pra:-

1944 969 2204 1032 ceperunt
2241 960 2470 1017 revelari
2496 959 2824 1029 Susannam,
2852 975 2911 1020 ut
2934 967 3121 1031 nudati
3151 966 3393 1041 corporis
3428 956 3523 1023 dc-

1943 1063 2070 1113 core
2116 1048 2445 1107 fruerentur.
2491 1049 2604 1106 Nec
2648 1051 2843 1109 frustra
2881 1053 3095 1110 locutus
3137 1065 3221 1111 est
3262 1056 3524 1111 Dominus

1943 1137 2229 1199 misceret
2248 1141 2451 1209 malum
2477 1142 2563 1197 vel
2592 1143 2759 1211 mala,
2792 1146 3010 1214 quando
3046 1148 3112 1201 ad
3145 1140 3522 1203 comminatio—

1942 1245 2067 1287 nem
2100 1230 2236 1300 ejus,
2271 1242 2438 1304 agunt
2470 1235 2872 1304 paenitentiam,
2903 1237 2994 1305 qui
3037 1238 3319 1293 sententit'e
3344 1240 3525 1308 subju-

1942 1320 2153 1377 cebant.
2195 1320 2289 1377 Sin
2328 1332 2513 1378 autem
2539 1340 2633 1385 cor
2658 1325 2851 1379 durum
2891 1325 2962 1379 sit
2989 1334 3045 1379 et
3078 1325 3421 1393 indomabile,
3452 1345 3520 1383 ne

1941 1426 2040 1481 per
2056 1427 2245 1483 pcenas
2267 1413 2482 1482 quidem
2499 1416 2738 1481 sentiens
2752 1415 3010 1471 beneficia
3027 1418 3373 1488 corrigentis,
3388 1420 3518 1474 dici-

1944 1511 2033 1563 tur
2057 1505 2123 1559 ad
2150 1519 2277 1560 eos:
2307 1504 2435 1560 Sine
2460 1520 2625 1577 causa
2652 1507 2894 1577 percussi
2922 1506 3062 1564 filios
3094 1518 3326 1575 vestros,
3360 1510 3522 1566 disci-

1939 1593 2141 1666 plinam
2167 1611 2272 1652 non
2291 1598 2587 1666 recepistis.
2610 1597 2835 1653 Prodest
2870 1608 3050 1654 autem
3080 1608 3134 1655 et
3174 1599 3440 1654 haereticis
3463 1610 3521 1653 ut

1941 1693 2257 1755 conteratur
2298 1702 2395 1741 cor
2429 1702 2652 1753 eorum,
2685 1688 2971 1743 thesaurus
2997 1690 3264 1759 pessimus
3293 1690 3520 1761 dogma-

259 1778 807 1852 ﬂtereticorum,qum
827 1779 1256 1850 interpretantur
1273 1779 1530 1835 Ecclesize
1549 1788 1603 1835 et
1625 1780 1840 1837 excelsa
1867 1797 1917 1857 Β
1940 1786 2054 1835 tum
2095 1795 2496 1853 perversorum,
2527 1782 2652 1849 quia
2692 1780 2918 1836 recessit
2948 1797 2977 1836 a
3006 1782 3256 1837 Domino.
3298 1782 3365 1837 Et
3403 1783 3521 1836 for-

257 1869 528 1938 superbiae
570 1883 798 1936 eorum,
842 1877 897 1925 et
930 1884 1044 1936 ara:
1091 1885 1474 1942 perversorum
1522 1872 1834 1943 dogmatmn

254 1960 703 2032 confringantur,
743 1969 800 2017 et
846 1960 985 2018 idola
1021 1969 1288 2033 pereant,
1329 1976 1451 2032 qua:
1490 1962 1558 2017 de
1593 1978 1693 2018 suo
1733 1963 1836 2019 sibi

255 2052 423 2108 corde
459 2050 777 2131 simularant
795 2090 814 2117 ,
838 2059 899 2106 et
925 2059 1276 2107 conterantur
1301 2052 1522 2107 delubra
1557 2068 1667 2108 non
1695 2059 1836 2109 tem-
1866 2094 1867 2099 η

252 2143 369 2212 pla,
389 2157 513 2213 qua
536 2148 727 2199 contra
756 2142 1015 2213 templum
1042 2142 1256 2199 Domini
1284 2151 1650 2211 sur-rexerant,
1672 2141 1836 2201 Grac-

251 2245 432 2301 coque
457 2246 710 2293 sermone
729 2231 1068 2302 appellantur
1088 2234 1291 2305 τέμνῃ,
1306 2233 1360 2288 id
1387 2242 1489 2298 est,
1507 2232 1645 2291 fana
1673 2243 1838 2305 atque

246 2320 487 2379 delubra
521 2327 579 2375 et
610 2321 794 2381 omnia
821 2337 988 2391 cpera
1013 2323 1275 2389 montium
1299 2322 1837 2392 conterantur,,quia

254 2427 367 2469 lien
390 2426 559 2483 opera
584 2412 681 2468 Dei
709 2423 856 2481 sunt,
883 2415 979 2473 sed
1005 2414 1387 2484 magistrorum
1408 2414 1554 2471 falsre
1575 2416 1835 2470 scientiae.
1874 2478 1891 2489 κ

254 2507 506 2581 Cumque
525 2505 906 2573 ceciderintin
935 2506 1116 2567 medio
1144 2508 1429 2575 montium,
1465 2507 1550 2561 vel
1572 2523 1709 2583 quos
1734 2507 1836 2578 ipsi

178 2658 186 2665 ,
252 2604 471 2655 montes
513 2594 899 2655 interfecerant
943 2597 1028 2653 vel
1065 2596 1425 2654 ecclesiastici
1444 2599 1569 2671 viri,
1600 2596 1695 2671 qui
1742 2611 1838 2653 eos

254 2686 403 2742 male
425 2687 671 2745 viventes
701 2688 754 2743 in
773 2689 999 2745 salutem
1022 2704 1177 2751 suam
1197 2689 1529 2754 occiderant,
1556 2697 1683 2745 tunc
1711 2689 1860 2744 finiso

251 2778 363 2831 erit
390 2778 659 2833 montium
693 2779 1047 2848 superborum
1066 2820 1082 2845 ,
1112 2788 1175 2835 ut
1198 2788 1529 2850 cognoscant
1553 2780 1697 2849 quod
1721 2779 1838 2850 ipse

251 2867 328 2921 sit
363 2867 649 2924 Dominus.
689 2868 875 2925 Potest
920 2878 1102 2927 autem
1143 2869 1261 2933 ﬁeri
1299 2878 1359 2924 ut
1393 2869 1460 2924 de
1496 2885 1601 2925 uno
1638 2870 1838 2940 populo

251 2960 539 3027 montium,
556 2958 748 3028 Israel,
778 2961 899 3023 aliis
924 2962 1225 3021 interfectis
1250 2970 1552 3034 agnoscant
1579 2962 1670 3019 alii
1696 2980 1708 3016 :
1733 2963 1835 3017 Pe-

250 3051 477 3107 stilente
498 3051 645 3107 enim
670 3050 936 3124 ﬂagellato
961 3053 1159 3110 stultus
1182 3053 1410 3109 astutior
1437 3054 1561 3110 erit.

1941 1871 2187 1925 nicantes
2228 1870 2368 1941 oculi
2417 1879 2540 1942 post
2587 1872 3001 1928 adinventiones
3041 1889 3202 1938 suas,
3257 1874 3347 1942 qui
3395 1889 3518 1941 cum

1938 1959 2149 2025 Domini
2193 1959 2396 2021 fuerint
2434 1952 2743 2032 recordati,
2774 1963 3134 2034 displicebunt
3164 1963 3267 2017 sibi
3297 1962 3350 2016 in
3396 1963 3515 2017 uni-

1936 2051 2109 2117 versis
2150 2052 2638 2113 abominationibus
2683 2054 2827 2120 suis,
2876 2062 2930 2109 et
2961 2053 3322 2123 intelligentes
3378 2070 3521 2108 verre

1937 2138 2064 2196 fidei
2094 2139 2412 2203 veritatem,
2448 2141 2621 2197 scient
2665 2142 2789 2213 quia
2844 2143 2957 2212 ipse
2986 2142 3059 2198 sit
3099 2141 3376 2198 Dominus.
3417 2144 3519 2209 Qui

1938 2232 2142 2289 idcirco
2174 2248 2316 2302 srcpe
2357 2231 2522 2288 infert
2562 2232 2996 2300 tribulationem,
3037 2249 3157 2303 quae
3191 2234 3520 2303 patientibus

1934 2323 2240 2399 perniciosa
2288 2322 2501 2380 videtur
2524 2332 2581 2380 et
2618 2324 2875 2393 pessima,
2909 2332 2968 2379 ut
3007 2326 3074 2379 ad
3119 2318 3513 2396 pmnitudincm

1935 2420 2347 2477 convertantur.

2012 2522 2030 2556 ι
2076 2504 2203 2563 Haec
2257 2504 2388 2585 dicit
2439 2504 2700 2561 Dominus
2747 2507 2890 2562 Deus
2940 2523 2957 2561 :
3008 2504 3239 2563 Percute
3296 2523 3516 2562 manum

1942 2617 1961 2650 ι
2004 2606 2180 2665 tuam,
2219 2606 2274 2654 et
2321 2598 2483 2657 aliide
2525 2600 2716 2669 pedem
2771 2607 2952 2663 tuum,
2986 2607 3041 2655 et
3091 2600 3200 2665 die,
3246 2597 3393 2655 ﬂeti!
3445 2602 3512 2654 ad

1942 2702 2192 2761 (omnes
2239 2674 2670 2744 abominationes
2710 2676 2978 2749 malorum
3023 2688 3216 2745 domus
3264 2689 3448 2745 lsrael.
3492 2711 3509 2742 ι

1937 2777 2360 2850 Magnitudinem
2411 2787 2757 2851 peccatorum
2782 2776 3030 2860 ‘jubetur
3084 2779 3349 2849 propheta
3400 2796 3511 2833 ma—

1936 2870 2098 2927 nibus
2136 2868 2471 2939 pedibusque
2509 2884 2573 2925 ac
2602 2883 2853 2929 sermone
2896 2878 3226 2934 monstrare,
3260 2878 3318 2924 ut
3364 2880 3518 2941 gestu

1937 2960 2182 3030 corporis
2206 2968 2262 3014 et
2291 2959 2641 3017 inclinatione
2677 2958 2826 3013 vocis
2852 2957 3096 3013 habitum
3124 2959 3389 3029 stupentis
3416 2959 3519 3013 mi—

1937 3052 2217 3122 rantisque
2244 3059 2301 3106 et
2347 3050 2611 3121 plorantis
2649 3049 2917 3106 ostendat.
2960 3048 3242 3117 Quomodo
3282 3051 3427 3105 enim
3474 3050 3519 3103 si

332 3161 352 3193 ι
397 3142 466 3198 Et
492 3142 796 3217 relinquam
818 3144 874 3197 in
901 3144 1053 3209 vobis
1082 3159 1198 3210 eos,
1223 3142 1316 3214 qui
1339 3143 1576 3216 fugerint
1599 3142 1835 3214 gladium
1863 3144 1909 3208 C
1940 3143 2156 3217 quando
2199 3157 2398 3200 novum
2440 3141 2644 3211 aliquid
2679 3140 3096 3212 mirandumque
3133 3140 3518 3211 conspicimus,

257 3253 281 3287 ι
318 3233 659 3304 ingentibus
677 3247 801 3289 cum
823 3234 1131 3304 dispersere
1150 3250 1247 3290 vos
1267 3235 1322 3291 in
1347 3244 1539 3291 terras.
1571 3236 1637 3290 Et
1659 3249 1840 3291 recor-

258 3341 281 3375 ι
326 3324 603 3385 dabuntur
624 3324 731 3379 mei
760 3324 972 3380 liberati
1009 3326 1177 3396 vestri
1211 3325 1265 3380 in
1304 3326 1576 3396 gentibus,
1603 3325 1671 3380 ad
1700 3340 1837 3396 quas

257 3432 279 3466 ι
320 3413 525 3484 captivi
580 3413 728 3469 ducti
768 3422 913 3469 sunt.
956 3434 976 3467 ι
1033 3414 1167 3470 illud
1234 3416 1381 3486 quod
1434 3416 1695 3471 Dominus
1757 3415 1838 3471 lo—
1884 3440 1891 3449 ι

251 3506 443 3577 quimr
488 3506 554 3562 ad
599 3506 771 3562 Eliam
798 3524 811 3560 :
842 3525 861 3559 ι
888 3505 1100 3577 Reliqui
1124 3507 1259 3562 mihi
1279 3516 1483 3579 septem
1507 3508 1672 3561 millia
1693 3508 1838 3564 viro-

251 3611 397 3659 rum,
411 3594 504 3665 qui
528 3610 633 3649 non
657 3606 1017 3652 curvaverunt
1032 3610 1171 3667 genu
1193 3604 1319 3651 ante
1338 3595 1522 3653 Baal.»
1547 3598 1615 3652 Et
1639 3597 1837 3653 Paulus

251 3687 534 3758 apostolus
569 3687 758 3743 scribit
793 3705 807 3741 :
842 3704 861 3757 ι
913 3687 982 3742 Et
1025 3702 1170 3744 nunc
1213 3687 1268 3743 in
1299 3688 1404 3744 hoc
1432 3696 1675 3760 tempore
1712 3689 1840 3743 reli-

257 3801 277 3841 ι
312 3783 461 3853 quia:
480 3782 775 3839 secundum
797 3782 1111 3839 electionem
1147 3783 1335 3853 gratiae
1355 3782 1515 3837 salvm
1535 3782 1690 3837 factre
1713 3790 1839 3838 sunt

256 3892 277 3928 ι
319 3872 649 3950 (Βοηιηιι).
695 3892 716 3927 ι
763 3871 947 3929 Potest
989 3872 1116 3928 huic
1143 3870 1377 3943 capitulo
1420 3872 1731 3927 convenire.
1770 3871 1837 3926 Et

251 3962 488 4033 apostoli
525 3962 693 4028 enim,
735 3962 825 4031 qui
866 3969 1026 4016 erant
1069 3962 1134 4017 de
1169 3962 1375 4019 semine
1421 3960 1605 4027 lsrael,
1641 3970 1695 4016 et
1725 3961 1835 4033 gla-

251 4044 716 4123 dium‘fugerant,
755 4052 959 4106 idcirco
1010 4059 1138 4107 sunt
1175 4051 1435 4107 reservati
1466 4059 1525 4105 ut
1554 4046 1832 4122 disperge-

250 4150 450 4200 rentur
470 4143 526 4198 in
552 4142 823 4214 gentibus,
837 4151 892 4199 et
920 4143 989 4203 in
1006 4143 1167 4205 terris
1191 4142 1538 4214 Evangelium
1562 4142 1833 4215 prmdica-

248 4241 400 4301 rent,
438 4249 505 4288 ac
550 4233 966 4289 recordarentur
1006 4233 1060 4286 in
1097 4232 1343 4303 gentibus
1378 4232 1503 4298 Dei,
1546 4233 1600 4287 in
1637 4234 1833 4302 quibus

247 4323 589 4395 captivitatis
629 4331 870 4394 tempore
904 4324 1280 4379 versabantur.
1330 4321 1515 4379 Potest
1550 4333 1732 4380 autem
1778 4332 1834 4381 et

245 4414 358 4468 hoc
381 4411 512 4476 dici,
540 4412 682 4480 quod
707 4411 827 4467 ideo
852 4408 1015 4481 aliqui
1042 4413 1107 4467 de
1134 4412 1446 4481 captivitate
1466 4410 1708 4476 Judaica,
1748 4428 1831 4467 re-

1942 3243 2054 3290 tam
2099 3249 2341 3306 corpore,
2383 3248 2544 3304 quam
2584 3233 2767 3288 animo
2805 3233 3299 3301 perhorrescimus,
3342 3232 3417 3287 ita
3461 3240 3521 3285 ut

1938 3323 2341 3395 complodamus
2356 3338 2548 3379 manus
2569 3330 2623 3377 et
2641 3322 2806 3393 pedes
2824 3322 3111 3378 allidamus
3130 3321 3198 3377 ad
3221 3333 3440 3388 terram,
3466 3332 3520 3376 et

1936 3431 2125 3473 vocem
2163 3413 2491 3476 .inch’aemus
2542 3412 2611 3467 ad
2660 3410 2844 3467 fletum
2891 3429 2905 3465 :
2948 3412 3027 3468 sic
3066 3427 3209 3466 nunc
3247 3413 3514 3484 propheta

1938 3521 2164 3569 cernens
2195 3505 2367 3563 oculis
2405 3490 2573 3563 animi
2606 3504 2789 3567 futura
2821 3503 3082 3577 supplicia
3124 3504 3191 3558 ad
3231 3504 3515 3559 universas

1936 3596 2370 3669 abominationes
2422 3596 2689 3652 malorum
2732 3593 2993 3661 Dominus
3034 3593 3197 3650 l'srael
3239 3594 3516 3665 loquitur,

1936 3704 2057 3762 quae
2079 3698 2397 3761 sequuntur.
2422 3688 2765 3745 Percutimur
2793 3687 2918 3757 spiri
2930 3685 3106 3740 taliter
3118 3672 3277 3738 manu
3301 3684 3520 3754 quando

1935 3794 1968 3835 a
1994 3778 2151 3835 malis
2189 3794 2287 3836 nos
2312 3778 2566 3849 operibus
2608 3791 2944 3846 separamus.
2984 3774 3267 3830 Allidimus
3292 3775 3514 3845 pedem,
3602 3770 3615 3782 '

1935 3870 2151 3940 quando
2191 3882 2297 3925 non
2346 3867 2622 3940 gradimur
2661 3868 2856 3925 itinere
2885 3856 3254 3939 peccatorum.
3296 3864 3514 3938 Plangi-

1935 3976 2057 4028 mus
2092 3968 2256 4031 atque
2281 3942 2579 4029 ploramus,
2608 3957 2823 4028 quando
2863 3957 3020 4013 nobis
3054 3956 3363 4028 displicent,
3392 3973 3513 4028 quae

1935 4058 2215 4122 geruntur.
2241 4049 2369 4104 llaec
2391 4038 2473 4104 est
2501 4056 2680 4103 autem
2709 4062 2868 4104 causa
2902 4047 3210 4119 plangendi,
3237 4046 3382 4118 quod
3417 4032 3529 4102 ha-I

1933 4143 2194 4219 bitatores
2215 4143 2479 4198 montium
2501 4153 2557 4196 et
2584 4158 2820 4205 ararum,
2856 4143 3227 4212 idolorumque
3250 4132 3508 4207 cultores,

1933 4218 2305 4303 gladioJanie,
2330 4224 2505 4302 peste,
2534 4230 2728 4288 ruituri
2755 4242 2900 4298 sunt,
2927 4232 3016 4303 qui
3046 4232 3213 4299 variis
3238 4231 3511 4288 ducuntur

1931 4322 2323 4387 erroribus,.et
2347 4322 2585 4393 quotidie
2610 4331 2819 4377 mutant
2848 4323 3005 4377 fidem
3031 4322 3512 4376 circumferuntur-

1934 4428 2039 4483 que
2077 4413 2223 4468 omni
2261 4421 2421 4468 vento
2445 4412 2723 4476 doctrinm,
2773 4411 2858 4465 isti
2888 4411 3165 4465 caeduntur
3204 4411 3413 4481 gladio,
3456 4420 3513 4466 et

245 4502 506 4563 servandi
533 4512 676 4569 sunt,
709 4512 767 4557 ut
795 4503 849 4559 in
875 4504 1122 4575 gentibus
1147 4504 1567 4558 recordarentur
1594 4504 1827 4558 nominis
1848 4490 1907 4550 θ
1930 4506 2244 4561 dividuntur
2266 4506 2321 4559 in
2350 4512 2532 4575 partes
2553 4504 2807 4557 unitatcir
2838 4500 3221 4559 ecclesiasticm
3253 4501 3377 4555 fidei
3416 4516 3507 4557 re-

245 4596 395 4673 ejus,
429 4580 678 4665 illiusque
705 4594 997 4667 potentiam
1024 4590 1402 4664 praedicarent.
1437 4592 1514 4648 De
1553 4593 1833 4648 hmreti'coc
1927 4593 2256 4664 linquentes.
2296 4591 2404 4659 Qui
2457 4604 2589 4645 vero
2637 4589 2910 4661 spiritales
2956 4604 3064 4644 non
3113 4590 3278 4647 habet
3323 4590 3506 4654 cibus,

246 4703 623 4759 rumquoquc
643 4687 877 4759 populis,
899 4688 990 4758 qui
1020 4684 1249 4741 evadere
1275 4685 1550 4756 potuerint
1572 4683 1831 4757 gladium,

244 4778 577 4856 perditionis
602 4791 813 4843 eorum,
839 4784 895 4832 et
916 4768 1203 4847 pessimam
1227 4774 1539 4839 factionem,
1564 4787 1682 4843 qua:
1704 4787 1837 4828 con-

248 4880 339 4926 tra
397 4869 565 4923 Deum
613 4865 789 4923 fuerat
835 4866 1104 4922 concitata
1163 4866 1270 4921 huc
1312 4864 1548 4934 illucque
1600 4863 1830 4932 dispersi

248 4956 686 5016 recordabuntur
706 4955 938 5011 nominis
963 4955 1079 5021 Dei,
1103 4964 1327 5027 agentes
1346 4952 1743 5025 pmnitentiam,
1774 4964 1831 5009 et

246 5057 443 5121 captos
469 5062 527 5102 se
551 5062 583 5101 a
604 5047 734 5117 viris
756 5045 1134 5102 ecclesiasticis
1157 5046 1523 5100 exSultabunt.

330 5160 351 5192 ι
397 5139 534 5207 Quia
576 5138 808 5194 contrivi
837 5154 933 5199 cor
963 5152 1148 5202 eorum
1181 5137 1458 5194 fornicans
1477 5147 1532 5193 et
1569 5139 1830 5194 recedens

255 5249 275 5282 ι
317 5245 348 5283 a
381 5244 487 5283 me.
516 5228 586 5284 Et
610 5228 797 5284 oculos
825 5242 1014 5283 eorum
1043 5213 1375 5284 fornicantes
1393 5237 1518 5299 post
1538 5229 1677 5283 idola
1706 5243 1825 5294 sua,

256 5338 275 5371 ι
320 5328 379 5373 et
400 5317 758 5389 displicebant
788 5318 1006 5375 sibimet
1048 5316 1401 5387 super’malis
1437 5335 1555 5389 qure
1588 5318 1834 5373 fecerant

256 5429 277 5465 ι
326 5411 382 5465 in
414 5410 682 5473 universis
707 5398 1199 5467 abominationlbus
1223 5410 1353 5464 suis.
1395 5409 1459 5463 Et
1482 5409 1676 5473 scient,
1703 5409 1831 5479 quia

258 5518 279 5550 ι
323 5514 425 5572 ego
451 5498 710 5556 Dominus
739 5514 856 5554 non.
879 5498 1080 5554 frustra
1108 5499 1319 5555 locutus
1341 5513 1483 5563 sum,
1507 5508 1566 5554 ut
1596 5497 1831 5553 facerem

257 5614 278 5644 ι
322 5591 404 5648 eis
422 5589 623 5646 malum
644 5592 768 5647 hoc.
793 5611 810 5644 ι
839 5589 1107 5664 (meram)
1127 5589 1334 5646 Iuravit
1353 5598 1532 5646 autem
1549 5591 1830 5655 Deminus,

250 5687 405 5756 juxta
446 5682 622 5753 LXX,
667 5690 828 5753 atque
868 5684 1110 5739 decrevit
1142 5696 1199 5738 se
1229 5681 1494 5737 facturum
1525 5696 1676 5746 esse,
1711 5694 1832 5749 quae

1927 4684 2071 4740 fame
2100 4683 2330 4739 moritur
2370 4682 2617 4737 nesciens
2650 4694 2796 4747 eum,
2830 4680 2922 4749 qui
2962 4680 3096 4739 dixit
3126 4695 3143 4735 :
3179 4699 3201 4734 ι
3238 4680 3353 4752 Ego
3386 4697 3513 4737 sum

1936 4792 1957 4825 ε
1994 4774 2106 4828 vita
2134 4771 2317 4844 (Ioan.
2342 4771 2477 4844 xiv).
2522 4789 2544 4824 ι
2572 4770 2765 4836 Porro,
2784 4770 2885 4841 qui
2908 4769 2994 4826 vel
3022 4771 3252 4842 singulis
3276 4772 3361 4831 vel
3389 4772 3512 4843 plu-

1935 4864 2093 4927 ribus
2113 4863 2323 4918 deditus
2342 4863 2495 4918 vitiis
2520 4861 2589 4917 ab
2614 4862 2695 4917 eis
2718 4877 2824 4917 non
2846 4870 3027 4933 potest
3061 4863 3325 4933 separari,
3349 4864 3506 4933 quasi

1935 4957 2166 5030 quadam
2186 4955 2397 5010 uterina
2424 4954 2731 5025 pestilentia
2760 4954 2985 5019 corruit.
3437 5002 3442 5007 .

2010 5069 2029 5101 ι
2074 5049 2173 5115 Qui
2199 5048 2352 5118 longe
2373 5055 2479 5111 est,
2508 5055 2658 5116 peste
2678 5047 2963 5101 morietur.
3007 5044 3107 5113 Qui
3136 5054 3314 5101 autem
3339 5059 3504 5114 prope

1941 5156 1962 5189 ι
2006 5146 2090 5193 est
2117 5136 2293 5207 gladio
2312 5144 2548 5200 corruet,
2583 5143 2637 5190 et
2664 5135 2756 5205 qui
2780 5134 3002 5191 relictus
3028 5133 3504 5202 fueritatquecir—

1940 5236 1961 5278 r
2003 5226 2317 5291 etmtdatus,
2342 5224 2492 5284 fame
2523 5225 2801 5290 morietur,
2834 5234 2890 5281 et
2917 5224 3153 5294 implebo
3187 5223 3506 5292 indignatioo

1938 5336 1956 5371 ι
2002 5332 2125 5372 nem
2153 5331 2327 5371 meam
2352 5316 2407 5375 in
2430 5315 2531 5371 eis.
2570 5333 2591 5366 ι
2622 5315 2723 5382 Qui
2742 5315 3086 5371 obsidionem
3124 5312 3280 5371 umis
3301 5310 3503 5381 eﬂ‘uge-

1934 5409 2043 5476 rit,
2067 5416 2127 5470 et
2160 5407 2226 5463 ad
2271 5407 2484 5462 deserta
2514 5405 2858 5477 migraverit,
2904 5413 3058 5479 peste
3099 5403 3381 5467 morietur,
3409 5402 3501 5471 qui
3549 5403 3555 5409 ’

1932 5513 2099 5569 prope
2151 5497 2313 5555 fuerit
2360 5496 2516 5554 cadet
2558 5496 2793 5553 hostium
2845 5495 3060 5567 gladio;
3112 5508 3270 5565 quem
3319 5500 3502 5558 autem

1934 5587 2350 5645 circumdederit
2400 5586 2613 5641 hostilis
2659 5586 2952 5648 exercitus.
2989 5583 3130 5639 fame
3165 5582 3411 5639 interibit
3448 5593 3502 5637 et

1931 5678 2174 5749 penuria.
2221 5677 2279 5732 ln
2321 5677 2514 5746 hisque
2560 5676 2810 5731 omnibus
2855 5672 3161 5742 implebitur
3204 5670 3502 5742 irdignatiu
