3954 6182
399 343 504 398 607

404 551 681 606 Dominus.
715 547 815 614 Qui
839 545 906 598 ab
933 543 1173 598 Ecclesia
1204 555 1416 610 quoque
1437 539 1743 603 recesserit,
1791 537 1974 591 statim

402 648 555 708 peste
585 638 859 692 morietur.
895 633 996 702 Qui
1040 633 1238 686 sciolus
1279 631 1378 685 sibi
1408 631 1620 683 videtur
1652 636 1706 682 et
1749 628 1976 698 diligens

402 731 508 785 nisi
553 729 774 791 caverit,
822 726 998 797 gladio
1045 723 1272 778 ferietur
1321 722 1544 776 inimici.
1595 719 1697 787 Qui
1742 717 1979 790 simplici

402 826 690 872 contentus
717 816 842 885 ﬁde,
891 815 1063 868 instar
1090 814 1370 867 brutorum
1401 811 1758 864 animantium
1794 825 1979 864 versa-

404 919 490 960 tur
535 906 750 976 quidem
801 905 852 958 in
894 905 1172 967 Ecclesia;
1207 902 1300 958 sed
1348 909 1528 955 tamen
1568 901 1624 955 in
1665 899 1812 956 nullo
1837 900 1979 955 bono

398 1012 560 1065 opere
605 994 837 1066 prolicit,
887 1009 987 1048 nec
1031 992 1273 1047 iniitator
1320 999 1405 1047 est
1453 990 1711 1054 formicre,
1755 1005 1874 1060 qua:
1921 991 1977 1044 in

398 1101 575 1141 messe
598 1094 866 1155 prmparat
888 1085 1036 1139 cibos
1059 1084 1160 1138 sibi
1185 1093 1346 1151 atque
1367 1091 1685 1152 comportat.
1710 1083 1816 1137 Iste
1838 1082 1981 1136 fame

401 1177 684 1240 morietur,
725 1185 779 1230 et
808 1175 859 1229 in
892 1175 1141 1229 omnibus
1168 1173 1254 1227 his
1286 1173 1596 1242 implebitur
1626 1173 1704 1226 ira
1741 1172 1976 1226 Domini.

476 1284 495 1316 ‹
538 1267 605 1319 Et
647 1265 830 1319 scietis
852 1265 974 1334 quia
999 1281 1097 1335 ego
1129 1264 1407 1328 Dominus,
1442 1278 1562 1317 cum
1596 1261 1791 1318 fuerint
1815 1263 1984 1317 inter-

404 1376 423 1407 ι
474 1356 598 1412 fecti
626 1357 791 1411 vestri
822 1356 873 1410 in
898 1356 1074 1410 medio
1103 1353 1369 1408 idolorum
1395 1363 1724 1416 vestrorum,
1747 1369 1846 1423 per
1871 1353 1978 1408 cir-

406 1466 424 1499 ι
471 1451 672 1502 cuitum
716 1462 936 1501 ararum.
975 1457 1278 1501 vestrarum
1319 1445 1372 1499 in
1409 1445 1554 1499 omni
1586 1444 1722 1499 colle
1764 1444 1980 1500 excelso

405 1559 422 1586 ε
471 1547 525 1593 et
556 1539 610 1593 in
649 1538 860 1592 cunctis
906 1535 1308 1591 summitatibus
1355 1536 1652 1600 montium,
1695 1544 1752 1590 et
1792 1536 1980 1592 subter

409 1647 426 1678 ι
472 1643 632 1682 omne
680 1628 882 1698 lignum
932 1641 1295 1690 nemorosum,
1336 1633 1392 1680 ct
1437 1626 1627 1680 subter
1668 1625 1980 1681 universam

406 1737 425 1768 ι
475 1734 732 1788 quercum
757 1717 1088 1783 frondosam,
1107 1716 1282 1771 locum
1313 1717 1404 1771 ubi
1434 1717 1798 1773 accenderunt
1821 1719 1979 1773 thura

941 383 948 387 .
1034 338 1093 392 Β.
1134 335 1386 392 RABANI
1422 333 1642 391 MAURI
1677 331 1993 389 ARCHIEP.
2037 331 2342 388 MOGUNT.
2384 330 2668 389 OPERUM
2705 326 2886 387 PARS
2918 330 2981 386 ll.
3549 330 3642 388 608

401 455 517 526 _Dei.
557 454 632 510 Ut
672 457 1017 523 cognoscant,
1048 449 1139 517 qui
1186 446 1571 510 remanserint,
1600 445 1726 514 qtiia
1757 445 1870 513 ipse
1905 445 1976 498 sit
2006 453 2053 510 Α

2157 463 2177 496 α
2220 445 2284 497 Et
2305 445 2593 499 extendam
2623 459 2844 499 manum
2867 459 3040 498 meam
3071 457 3234 514 super
3261 455 3354 498 eos
3375 452 3430 497 et
3458 443 3646 501 faciam

2089 554 2108 587 ι
2155 544 2353 589 terram
2383 534 2694 598 desolatam,
2724 543 2782 588 et
2812 535 3130 588 destitutam
3164 548 3194 587 a
3222 535 3437 588 deserto
3466 535 3648 590 Debla-

2089 647 2108 680 ‹
2152 632 2240 684 tha
2290 630 2345 683 in
2388 629 2639 684 omnibus
2677 626 3106 682 habitationibus
3137 642 3348 682 eorum.
3393 626 3460 680 Et
3485 629 3651 684 scient

2090 740 2109 772 ι
2154 722 2277 791 quia
2306 736 2405 788 ego
2428 720 2687 774 Dominus
2707 717 2977 790 (Ηὶενοη.)
3014 719 3058 775 0
3091 727 3303 773 montes
3322 717 3508 783 Israel,
3532 734 3650 774 cum

2084 812 2355 868 interfecti
2395 813 2563 867 vestri
2591 811 2902 867 ceciderunt
2939 812 2996 864 in
3021 810 3197 864 medio
3225 824 3445 862 ararum
3481 809 3648 865 idolo-

2084 921 2315 974 rumque
2341 912 2665 967 vestrorum,
2683 903 2736 956 in
2759 903 2906 956 omni
2931 901 3066 957 colle
3091 902 3327 966 excelso,
3366 902 3419 954 in
3445 902 3650 956 cunctis

2084 996 2347 1050 montium
2395 995 2824 1057 summitatibus,
2868 994 3312 1062 compleveroque
3355 993 3506 1048 lucos
3563 1008 3650 1050 ve-

2085 1095 2226 1142 stros
2264 1086 2618 1141 cadaveribus
2660 1094 3016 1146 mortuorum,
3062 1083 3115 1136 in
3164 1083 3359 1152 quibus
3387 1085 3652 1152 quondam

2084 1177 2446 1232 accenderunt
2477 1176 2632 1230 idolis
2653 1176 2765 1230 suis
2792 1176 2949 1229 thura
2973 1175 3288 1238 redolentia,
3320 1185 3447 1230 tunc
3470 1186 3648 1232 exten-

2084 1271 2208 1326 dam
2249 1283 2468 1323 manum
2512 1281 2690 1322 meam
2721 1267 2787 1320 ad
2827 1266 3108 1329 ultionem,
3159 1281 3279 1335 qum
3325 1265 3504 1320 fuerat
3553 1268 3653 1321 huc

2083 1376 2255 1431 usque
2270 1367 2570 1424 contracta,
2598 1368 2654 1414 et
2679 1359 2915 1429 redigam
2935 1358 3240 1412 universam
3265 1365 3467 1411 terram
3495 1358 3654 1411 Israel

2085 1455 2138 1508 in
2161 1452 2505 1510 solitudinem
2533 1468 2564 1506 a
2602 1453 2816 1506 deserto
2846 1448 3128 1513 Deblatha,
3160 1465 3281 1518 quae
3305 1457 3388 1504 est
3418 1450 3471 1504 in
3511 1460 3653 1503 terra

2085 1545 2312 1608 Ematb,
2354 1559 2475 1613 qua:
2517 1544 2676 1598 hodie
2718 1550 2942 1598 vocatur
2983 1541 3255 1613 Ἐπιφανια
3297 1540 3484 1610 Syriae.
3531 1559 3550 1590 ι
3605 1540 3658 1594 la

2085 1637 2294 1692 cunctis
2340 1635 2762 1690 habitationibus
2811 1649 3020 1690 eorum.
3079 1653 3098 1686 ι
3147 1631 3220 1686 Ut
3263 1632 3514 1687 omnibus
3569 1647 3658 1700 pa-

2089 1736 2202 1781 teat
2227 1725 2360 1780 nihil
2389 1740 2510 1780 esse
2541 1725 2684 1779 inter
2717 1724 3060 1779 solitudinem
3088 1738 3145 1780 et
3195 1738 3346 1777 mare
3386 1721 3655 1793 Magnum,

408 1829 424 1859 ε
476 1809 766 1864 redolentia
808 1808 1076 1864 universis
1110 1807 1264 1862 idolis
1292 1808 1424 1862 suis.
1464 1827 1483 1860 ι
1519 1807 1866 1877 Perspicuum
1899 1817 1983 1862 est
2015 1797 2059 1856 Β
2088 1817 2233 1886 quod
2264 1831 2369 1869 ηοη
2399 1815 2612 1870 hostilis
2648 1829 2836 1869 mucro
2861 1813 3274 1883 consumpserit,
3302 1811 3449 1866 Μυιιί
3472 1821 3661 1880 pum“

397 1899 550 1967 juxta
591 1899 847 1964 litteram,
877 1907 932 1953 et
968 1898 1411 1966 interpretatione
1446 1913 1550 1952 non
1582 1899 1805 1968 indiget,
1836 1899 1979 1967 quod

408 1991 461 2044 in
489 1991 761 2044 montibus
798 1989 984 2054 Israel,
1015 1989 1142 2044 etin
1179 1989 1410 2044 excelsis
1429 1989 1658 2044 collibus
1692 1989 1836 2045 inter
1865 1991 1979 2060 ipsa

406 2083 673 2138 idolorum
722 2083 913 2137 altaria
969 2083 1257 2152 lucosque,
1313 2082 1404 2152 qui
1450 2081 1790 2151 appellantur
1837 2082 1982 2154 ligna

403 2161 708 2236 nemordsa,
756 2172 1082 2228 lsraeliticus
1124 2173 1196 2227 sit
1243 2187 1416 2228 cmsus
1454 2172 1746 2238 exercitus,
1787 2181 1849 2226 ut
1888 2174 1978 2227 ubi

403 2272 782 2334 peccaverant,
811 2264 886 2318 ibi
908 2265 1251 2334 punirentur.
1293 2261 1452 2316 Juxta
1483 2277 1756 2333 anagogen
1787 2277 1982 2332 sequa-

404 2373 528 2412 mur
561 2357 803 2413 ordinem
828 2357 1163 2428 propositum
1189 2356 1405 2426 quando
1434 2355 1675 2426 magistri
1703 2355 1984 2410 haeretico—

403 2463 522 2502 rum
545 2449 614 2502 ah
637 2447 1023 2503 ecclesiasticis
1042 2447 1194 2513 viris,
1219 2446 1311 2517 qui
1329 2455 1454 2501 sunt
1477 2445 1728 2501 instructi
1755 2445 1983 2500 scientia

405 2536 805 2608 Scripturarum
833 2536 1049 2591 contriti
1085 2536 1288 2593 fuerint
1323 2544 1486 2604 atque
1527 2535 1796 2606 superati,
1834 2535 1986 2590 vide-

403 2644 524 2684 mus
551 2627 864 2684 interfectos
891 2641 1270 2699 perversorum
1293 2627 1603 2697 dogmatum
1629 2625 1813 2696 jacere
1839 2625 1985 2680 inter

403 2717 714 2782 simulacra,
747 2733 867 2787 qua:
902 2716 1190 2781 tinxerant,
1233 2725 1288 2771 et
1322 2731 1416 2771 eos
1444 2755 1458 2781 ,
1491 2715 1583 2784 qui
1621 2725 1678 2769 se
1703 2713 1986 2769 elevabant

403 2817 593 2862 contra
629 2807 911 2862 scientiam
949 2806 1065 2871 Dei,
1093 2812 1296 2861 stratos
1329 2806 1382 2859 in
1417 2805 1690 2858 montibus
1721 2803 1986 2858 collibus-

407 2913 512 2967 que
553 2898 747 2951 subtus
774 2912 933 2952 omne
969 2896 1170 2965 lignum
1210 2895 1686 2963 nemorosum,qui
1716 2894 1989 2949 habebant

405 2990 572 3044 verba
627 2989 930 3060 pompatica
957 3029 972 3053 ,
1022 2988 1378 3056 umbramque
1424 2985 1696 3052 foliorum,
1740 2993 1795 3040 ct
1829 2999 1986 3055 poma

405 3081 671 3135 bonorum
700 3093 921 3150 operum
956 3093 1062 3132 non
1091 3077 1382 3142 habebant,
1409 3076 1502 3145 qui
1525 3083 1681 3130 erant
1705 3069 1986 3130 suh'omni

2087 1907 2334 1962 eumdem
2357 1922 2478 1962 esse
2500 1906 2698 1971 locum,
2715 1905 2780 1960 de
2803 1920 2909 1975 quo
2933 1904 2986 1957 in
3008 1901 3244 1958 Jercmia
3269 1902 3530 1971 scriptum
3550 1910 3659 1956 est:

2087 1999 2157 2054 Et
2194 1999 2665 2070 apprehenderunt
2691 1996 3010 2051 Sedechiam
3047 1996 3104 2049 in
3143 1995 3379 2058 deserto,
3407 1993 3553 2062 quod
3585 2001 3664 2047 est

2080 2089 2234 2160 juxta
2273 2087 2513 2152 Jericho,
2554 2095 2608 2141 et
2656 2086 2834 2141 omnis
2871 2085 3162 2139 comitatus
3205 2083 3324 2154 ejus
3352 2080 3567 2152 diffugit
3599 2083 3664 2135 ab

2084 2190 2172 2232 eo.
2233 2173 2477 2244 Cumque
2537 2170 3073 2240 comprehendissent
3146 2183 3359 2238 regem,
3423 2168 3662 2222 adduxe-

2088 2275 2214 2321 runt
2241 2279 2365 2319 eum
2389 2265 2456 2318 ad
2486 2277 2666 2333 regem
2694 2260 2984 2331 Babylonis
3013 2260 3066 2313 in
3103 2259 3391 2322 lteblatha,
3433 2271 3557 2328 quae
3585 2265 3669 2312 est

2087 2359 2143 2414 in
2175 2366 2322 2412 terra
2357 2355 2576 2421 Ematb,
2625 2363 2680 2410 et
2727 2355 2797 2410 ob
2841 2352 3074 2408 vicinam
3113 2352 3221 2406 imo
3253 2349 3662 2404 similitudinem

2087 2449 2277 2505 Daleth
2321 2457 2376 2504 et
2420 2463 2509 2503 res
2551 2446 2943 2501 Hebraicarum
2974 2444 3302 2506 litterarum,
3345 2455 3465 2510 qua:
3489 2454 3664 2510 parvo

2090 2543 2242 2612 apice
2269 2540 2698 2611 distinguuntur,
2723 2537 2805 2592 vel
2821 2535 3081 2591 Deblatha
3105 2534 3186 2588 vel
3205 2532 3464 2587 Reblatha
3485 2532 3670 2601 appel-

2090 2630 2402 2686 lari.‘Juxta
2427 2629 2684 2700 mysticos
2705 2636 2884 2682 autem
2921 2625 3256 2688 intellectus,
3294 2621 3542 2677 extendit
3569 2622 3669 2674 Do-
3752 2672 3764 2681 ,

2090 2721 2270 2775 minus
2293 2735 2510 2774 manum
2527 2733 2679 2772 suam
2694 2731 2855 2785 super
2877 2729 3068 2770 omnes
3091 2715 3182 2784 qui
3198 2713 3454 2768 hmretico
3469 2711 3668 2765 fuerint

2091 2827 2278 2868 errore
2305 2812 2534 2880 decepti,
2565 2819 2622 2864 ut
2647 2818 2849 2864 terram
2885 2823 3104 2871 eorum,
3133 2822 3252 2876 qua:
3275 2807 3668 2874 interpretatur

2093 2904 2353 2967 Ecclesia,
2385 2902 2548 2956 faciat
2580 2900 2875 2955 desolatam
2904 2915 2935 2952 a
2958 2899 3173 2953 deserto
3200 2896 3486 2960 Deblatha,
3525 2895 3668 2966 quod

2091 2999 2146 3050 in
2176 2994 2355 3065 lingua
2380 3000 2563 3048 nostra
2596 3006 2831 3047 massam
2863 2989 3088 3046 ﬁcorum
3121 2997 3298 3055 sonat,
3333 2989 3671 3043 caricarum-

2091 3101 2197 3157 que
2229 3086 2370 3139 inter
2399 3099 2457 3138 se
2483 3089 2908 3152 compactarum,
2933 3087 2991 3133 ut
3013 3088 3296 3149 postquam
3329 3079 3382 3132 in
3414 3078 3670 3133 simulata

407 3187 610 3240 quercu
637 3169 908 3233 frondosa,
937 3185 1057 3240 qua:
1093 3185 1197 3225 non
1235 3168 1392 3223 alfert
1425 3167 1634 3223 fructus
1683 3157 1983 3232 hominum,

2092 3149 2394 3240 dulcedine,
2425 3189 2546 3244 qua:
2575 3149 2680 3228 non
2707 3180 2828 3227 erat
2853 3181 3013 3225 terrae
3036 3170 3213 3235 cultaa,
3243 3169 3338 3224 sed
3363 3169 3672 3224 solitudinis

409 3262 504 3316 sed
531 3276 836 3332 porcorum.
854 3261 954 3317 Ubi
982 3261 1341 3316 accenderunt
1359 3260 1514 3314 thura
1544 3258 1862 3324 redolentia,
1877 3273 1986 3312 non

408 3351 544 3416 Deo,
592 3352 687 3407 sed
731 3351 888 3406 idolis
935 3352 1069 3406 suis.
1103 3350 1214 3406 Nec
1243 3350 1424 3406 dicere
1459 3357 1710 3419 poterant
1748 3349 1892 3418 quod
1920 3348 1988 3403 de

408 3442 521 3500 Noe
547 3445 808 3516 scriptum
835 3451 920 3499 est
948 3461 960 3497 :
1007 3461 1026 3495 ι
1061 3442 1332 3499 Odoratus
1360 3452 1443 3497 est
1474 3441 1734 3495 Dominus
1761 3441 1984 3495 odorem

407 3541 558 3615 bona?
608 3535 919 3607 fragrantia:
966 3533 1116 3608 (Gen.
1153 3535 1292 3607 Vill).
1330 3554 1348 3587 ι
1402 3534 1470 3588 Et
1506 3533 1559 3588 id
1597 3532 1738 3601 quod
1781 3530 1982 3585 Paulus

407 3625 909 3694 loquitur,-Christi
958 3625 1135 3680 bonus
1185 3624 1320 3680 odor
1357 3636 1545 3677 sumus
1584 3622 1693 3675 Deo
1733 3621 1785 3674 in
1834 3619 1981 3675 omni

408 3715 546 3770 loco.
575 3715 855 3782 Quomodo
886 3723 1064 3770 autem
1096 3722 1316 3770 sanctus
1347 3713 1402 3766 in
1441 3712 1605 3766 odore
1629 3726 1727 3766 suo
1752 3709 1985 3764 delectat

409 3807 604 3874 Deum,
652 3808 732 3862 sic
772 3814 1027 3876 peccator
1068 3819 1137 3860 ex
1174 3804 1326 3876 cujus
1357 3819 1588 3874 persona
1626 3800 1864 3872 psalmus
1900 3799 1988 3856 illc

410 3899 625 3954 canitur
649 3915 662 3951 :
698 3916 717 3948 ι
751 3897 1231 3966 Computruerunt,
1255 3905 1309 3950 ct
1327 3904 1595 3964 corruptae
1620 3902 1747 3948 sunt
1773 3892 1990 3947 cicatri-

409 4004 502 4044 ces
551 4002 706 4053 meae,
733 4003 764 4041 a
798 3987 936 4042 facie
977 3987 1297 4056 insipientia
1344 3984 1668 4057 me:e(Psal.
1693 3982 1922 4055 xxxvu).
1962 4001 1982 4036 ι

413 4078 662 4135 accendit
693 4077 850 4132 idolis
876 4077 987 4132 suis
1015 4076 1171 4130 thura
1194 4075 1434 4130 fetentia.

2092 3267 2505 3322 amaritudinem
2531 3265 2849 3332 repererint,
2877 3271 3006 3318 tunc
3027 3271 3356 3332 cognoscant
3399 3262 3530 3330 quia
3561 3261 3675 3331 ipse

2091 3359 2163 3414 sit
2190 3359 2531 3413 'Dominus.'t
2561 3355 2662 3409 Mel
2689 3356 2830 3409 enim
2863 3354 3090 3410 distillat
3120 3354 3184 3408 de
3218 3353 3377 3407 labiis
3421 3343 3672 3408 mulieris

2092 3448 2424 3512 meretricis,
2473 3461 2592 3517 qua:
2639 3446 2708 3500 ad
2757 3455 2964 3513 tempus
2995 3445 3291 3515 impinguat
3328 3445 3667 3498 vescentium

2087 3533 2292 3603 fauces,
2320 3547 2374 3594 et
2393 3547 2578 3608 postea
2603 3525 2841 3590 amarius
2869 3535 2988 3590 felle
3011 3537 3296 3605 reperitur.
3322 3553 3341 3585 ι
3366 3534 3479 3589 Hoc
3500 3535 3674 3606 signi-

2088 3632 2254 3688 ficant
2278 3640 2334 3687 et
2355 3631 2460 3686 duo
2481 3629 2677 3685 calathi
2707 3629 2954 3694 ficorum,
2987 3629 3077 3698 qui
3101 3627 3259 3698 positi
3288 3635 3416 3682 sunt
3442 3627 3494 3682 iu
3521 3626 3674 3682 Jere-

2090 3725 2198 3779 mia
2230 3731 2419 3779 contra
2447 3721 2640 3776 faciem
2669 3719 2850 3789 templi
2889 3719 3021 3792 (Jer.
3055 3719 3228 3790 xxiv).
3260 3718 3414 3774 Unus
3445 3719 3674 3772 ficorum

2091 3818 2441 3888 Optimarum,
2486 3823 2542 3870 et
2569 3830 2708 3870 unus
2733 3815 3087 3885 pessimarum
3119 3831 3131 3866 :
3165 3828 3396 3882 quorum
3431 3811 3580 3889 alter
3610 3811 3676 3865 ad

2091 3912 2392 3969 Ecclesiam
2426 3909 2625 3966 Christi
2678 3909 2943 3974 refertur,
3003 3907 3140 3963 alter
3189 3907 3258 3962 ad
3297 3905 3677 3975 congregatio-

2091 4020 2217 4060 nem
2247 4002 2679 4073 malignantium.

424 4192 3682 4235 M-

1606 4354 1907 4434 LIBER
1977 4346 2447 4444 QUINTUS

2209 4512 2245 4531 ς

484 4588 642 4644 Juxta
663 4549 825 4643 finem
853 4581 1206 4656 praecedentis
1232 4580 1360 4637 libri
1396 4579 1647 4636 meritam
1674 4592 1894 4652 prunam
1921 4593 1989 4633 ex
2016 4579 2068 4638 D
2099 4595 2118 4629 ς
2164 4574 2239 4628 ﬁli
2265 4570 2524 4635 hominis,
2549 4568 2666 4624 hinc
2686 4563 2816 4620 dicit
2838 4560 3098 4617 Dominus
3123 4559 3264 4656 DeUS
3297 4567 3458 4613 terra:
3480 4555 3677 4622 Israel,

411 4669 660 4737 sermone
684 4678 898 4732 Domini
935 4674 1184 4746 praedixit
1213 4673 1475 4744 propheta
1507 4672 1594 4727 his
1618 4671 1710 4742 qui
1745 4671 1799 4726 in
1826 4684 1985 4724 mon-

415 4773 559 4825 tibus
586 4767 751 4823 lsrael
780 4775 836 4823 et
863 4767 918 4822 in
940 4765 1170 4822 excelsis
1199 4764 1360 4820 idolis
1388 4763 1728 4828 serviebant;
1757 4767 1812 4814 et
1831 4759 1986 4830 juxta

413 4861 702 4932 mysticum
727 4872 968 4922 sensum,
1003 4856 1288 4912 haereticos
1321 4862 1470 4910 recta
1503 4851 1773 4909 sententia
1795 4865 1992 4920 percu-

411 4954 497 5016 lit,
530 4951 621 5021 qui
645 4951 698 5004 in
727 4949 999 5004 montibus
1017 4947 1284 5017 superbiae
1302 4960 1553 5002 errorum
1573 4958 1796 5000 suorum
1821 4935 1991 4996 simu-

413 5043 559 5098 lacra
595 5039 864 5095 colebant.
905 5035 1058 5093 Nunc
1095 5037 1394 5093 similitudo
1427 5035 1668 5090 minatur
1699 5032 1780 5088 eis
1822 5022 1989 5084 inter-

413 5133 550 5190 itum
569 5138 625 5186 et
644 5127 986 5184 alllictionem
1006 5127 1328 5198 praenuntiat
1349 5125 1618 5194 finemque
1641 5122 1906 5184 debitum,
1931 5126 1992 5174 ut

417 5223 720 5279 sustineant
742 5219 838 5275 ira;
862 5218 1074 5276 Domini
1099 5218 1391 5274 vindictam
1414 5225 1469 5270 et
1489 5215 1792 5286 percipiant
1810 5210 1992 5282 operis

417 5316 501 5371 sui
526 5313 829 5372 mercedem
851 5312 1192 5384 condignam.
1224 5309 1379 5368 Unde
1403 5315 1459 5363 et
1487 5307 1752 5377 sequitur.

1009 5422 1236 5481 CAPUT
1275 5421 1384 5477 Vl].

418 5523 494 5581 De
516 5523 731 5580 instanti
759 5532 807 5578 et
844 5517 1323 5590 longapcaptivitqle
1357 5511 1668 5590 etejrtsde‘m
1701 5515 1990 5590 causa;_et

489 5596 708 5675 populus
734 5610 838 5648 non
858 5580 1111 5645 refellant
1136 5585 1344 5658 proficit
1371 5580 1578 5636 divitias
1609 5580 1761 5649 longe
1779 5586 1992 5648 propter

491 5674 689 5736 fugam.

498 5792 517 5827 ‹
562 5775 627 5832 Et
653 5777 826 5832 factus
847 5783 928 5831 est
949 5788 1127 5832 sermo
1149 5769 1357 5826 Domini
1381 5768 1446 5824 ad
1473 5782 1555 5822 me
1579 5764 1794 5818 dicens;
1824 5761 1887 5816 Et
1913 5770 1989 5827 tu,

2098 4686 2117 4738 ς
2161 4665 2311 4720 Finis
2336 4661 2503 4726 venit,
2534 4659 2657 4714 linis
2690 4669 2852 4727 super
2885 4662 3115 4726 quatuor
3149 4650 3264 4704 alas
3295 4659 3474 4715 terras,
3500 4659 3614 4705 etc.
3654 4668 3673 4700 ι

2089 4754 2362 4829 (Ηὶενοη.)
2387 4754 2534 4821 Quas
2559 4764 2658 4805 nos
2678 4748 2863 4818 plagas
2887 4745 3070 4800 mundi
3095 4740 3434 4811 interpretati
3461 4756 3676 4806 sumus,

2088 4848 2353 4902 orientem
2368 4841 2620 4897 videlicet
2632 4849 2687 4895 et
2706 4835 3062 4899 occidentem,
3081 4834 3358 4888 meridiem
3373 4841 3430 4886 et
3456 4842 3680 4902 septen-

2091 4937 2342 4994 trionem.
2364 4934 2440 4988 De
2461 4930 2656 5002 quibus
2675 4928 2776 4983 alis
2795 4935 2851 4983 et
2875 4925 3040 4981 Isaias
3061 4923 3296 4993 loquitur
3321 4940 3334 4975 :
3367 4941 3385 4974 ι
3417 4922 3678 4988 Domine,

2093 5031 2162 5085 ab
2175 5028 2274 5083 alis
2298 5027 2410 5082 sive
2429 5041 2460 5079 a
2480 5023 2676 5079 ﬁnibus
2689 5030 2867 5084 terrae,
2888 5025 3137 5088 portenta
3158 5013 3487 5079 audivimus,
3513 5033 3533 5064 ι
3555 5028 3678 5082 qua:

2091 5121 2146 5175 in
2177 5127 2289 5175 toto
2316 5117 2447 5172 orbe
2474 5129 2571 5184 per
2609 5110 2878 5182 apostolos
2903 5106 3246 5180 gerebantur.
3275 5104 3343 5158 Et
3373 5104 3442 5158 de
3465 5104 3680 5158 sanctis

2090 5210 2348 5280 scriptum
2385 5213 2491 5271 est,
2523 5223 2541 5256 ε
2579 5202 2637 5258 Si
2673 5199 3007 5258 dormieritis
3043 5199 3185 5254 inter
3230 5194 3436 5250 medios
3471 5195 3676 5255 cleros,

2092 5317 2281 5374 penna:
2301 5297 2560 5356 columba:
2583 5297 2964 5364 deargentataa,
2982 5297 3036 5346 et
3058 5287 3360 5360 posteriora
3387 5286 3533 5341 dorsi
3559 5282 3682 5351 ejus

2101 5393 2152 5447 in
2186 5390 2391 5460 pallore
2417 5386 2532 5440 auri
2557 5382 2730 5456 (Psal.
2753 5382 2946 5450 vau).
2980 5379 3135 5436 Unde
3165 5387 3219 5432 et
3247 5375 3512 5430 Dominus
3547 5390 3677 5428 cum

2099 5480 2583 5552 appropinquasset
2625 5483 2682 5530 ct
2736 5472 2968 5528 vidisset
3003 5468 3301 5538 Jerusalem
3365 5466 3549 5532 ﬂevit,
3625 5474 3682 5520 ct

2099 5573 2276 5627 dixit:
2312 5589 2331 5623 ε
2381 5569 2603 5636 Quoties
2633 5566 2776 5621 volui
2827 5578 3158 5636 congregare
3187 5561 3325 5618 ﬁlios
3353 5571 3493 5625 tuos,
3531 5559 3685 5614 sicut

2101 5665 2293 5736 gallina
2340 5668 2630 5730 congregat
2669 5657 2842 5728 pullos
2869 5672 2994 5716 suos
3020 5655 3118 5710 sub
3158 5653 3272 5708 alas
3306 5667 3456 5715 suas,
3480 5658 3540 5702 et
3575 5660 3684 5702 no-

2100 5755 2244 5812 luisti
2280 5752 2494 5824 (Matth.
2523 5750 2702 5821 um).
2746 5769 2762 5801 ι
2798 5750 2902 5804 Istc
2925 5758 3027 5812 est,
3059 5748 3147 5817 qui
3182 5748 3233 5800 in
3267 5740 3684 5800 Dcuteronumii
