3954 6182
312 359 417 416 609

1271 354 1627 413 COMMENT.
1665 354 1732 410 IN
1771 353 2230 412 EZECHIELEM.
2269 385 2334 398 -—
2375 355 2504 410 LIB.
2547 354 2610 410 V.

3472 360 3580 420 6H)

315 475 526 530 cantico
561 471 738 544 (Deut.
773 468 968 543 xxvii),
1002 471 1316 540 expandens
1345 471 1463 538 alas
1499 485 1626 526 suas
1653 470 1889 538 suscepit
1918 475 1967 533 Α
1993 485 2097 540 que
2123 470 2226 524 hoc
2270 469 2464 525 fecerit
2502 469 2782 535 Dominus,
2821 469 2996 525 scient
3035 472 3129 542 qui
3167 472 3393 528 cruciati
3434 485 3584 542 sunt,

313 576 365 621 et
399 563 694 633 assumpsit
715 576 810 616 eos
847 561 902 615 in
933 561 1174 615 humeris
1203 561 1337 615 suis.
1366 560 1597 628 Quidam
1625 557 1895 629 spiritales

312 655 427 709 alas
453 664 614 708 terrae
642 650 836 720 quibus
872 649 939 704 ad
982 650 1225 704 caelestia
1269 648 1616 704 subvolamus
1659 654 1896 716 quatuor

313 747 462 816 ponit
492 759 691 815 genera
712 742 1075 808 credentium,
1107 741 1326 797 domum
1358 741 1561 804 Aaron,
1593 748 1649 797 et
1674 739 1894 795 domum

312 835 467 900 Levi,
497 844 553 890 et
588 834 808 889 domum
849 829 1037 896 Israel,
1071 840 1128 885 et
1169 831 1421 886 timentes
1463 830 1782 895 Dominum;
1829 829 1897 884 de

309 927 512 996 quibus
534 923 821 979 I’salmista
843 923 990 976 canit
1022 939 1035 974 :
1074 939 1092 971 ς
1135 920 1338 975 Domus
1373 919 1558 984 Israel,
1593 918 1898 974 benedicite

311 1018 624 1080 Dominum;
643 1016 832 1068 domus
848 1013 1051 1079 Aaron,
1068 1012 1370 1068 benedicite
1385 1011 1690 1077 Dominum;
1707 1011 1898 1066 domus

311 1109 471 1173 Levi,
510 1107 808 1162 benedicite
845 1105 1130 1160 Dominum
1174 1123 1184 1157 :
1224 1103 1325 1171 Qui
1356 1104 1558 1158 timetis
1585 1102 1897 1167 Dominum,

314 1198 618 1255 benedicite
634 1196 918 1251 Dominum
934 1193 1108 1266 (Psat.
1125 1193 1370 1266 cxxxrv).
1397 1213 1415 1246 ι
1442 1195 1500 1248 In
1519 1192 1702 1248 Aaron
1722 1208 1901 1248 sacer-

315 1291 551 1354 dotium,
577 1290 632 1344 in
661 1289 793 1343 Levi
821 1289 1054 1343 aedituos
1075 1296 1130 1342 et
1152 1287 1452 1351 ministros,
1488 1287 1543 1342 in
1564 1284 1733 1341 Israel
1768 1301 1903 1341 cun—

312 1395 469 1440 ctum
509 1383 766 1456 populum
809 1383 864 1436 in
892 1383 1204 1438 timentibus
1243 1381 1546 1452 proselytos
1575 1380 1898 1452 intelligens.

315 1476 434 1532 Nos
457 1484 637 1531 autem
667 1474 988 1544 simpliciter
1019 1473 1419 1544 explanandum
1455 1480 1727 1543 putamus,
1758 1474 1903 1540 quod

313 1577 448 1638 post
471 1566 952 1622 comminationem
980 1567 1244 1621 montium
1269 1565 1433 1620 Israel
1455 1564 1521 1618 ad
1548 1579 1764 1619 omnem
1795 1573 1905 1618 ter-

316 1677 442 1716 ram
481 1659 676 1722 Israel,
735 1657 849 1712 sive
899 1657 1119 1722 decem,
1164 1657 1279 1712 sive
1329 1655 1612 1712 duodecim
1667 1654 1905 1709 tribuum

316 1767 506 1807 sermo
527 1750 876 1821 propheticus
896 1748 1182 1818 dirigatur,
1203 1755 1258 1802 et
1278 1761 1619 1818 nequaquam
1641 1746 1905 1818 propheta

1997 562 2140 630 quod
2187 562 2305 632 ipse
2341 562 2414 616 sit
2454 562 2737 616 Dominus.
2764 561 2878 616 Hoc
2916 563 3091 632 ipsum
3133 573 3312 630 sonat,
3357 574 3414 620 et
3451 567 3585 622 illud

1997 652 2370 707 testimonium
2405 669 2418 706 :
2454 672 2472 724 g
2513 652 2754 708 Ulciscar
2779 651 2946 709 Jacob
2973 655 3266 710 secundum
3291 657 3408 712 vias
3434 673 3582 725 suas,

1995 751 2051 797 et
2069 740 2228 810 juxta
2252 743 2664 798 adinventiones
2694 742 2811 811 ejus
2835 744 3058 800 reddam
3092 746 3165 799 illi
3197 747 3372 818 (Osee.
3403 749 3524 820 xu).
3564 769 3584 802 ι

2074 851 2091 882 ι
2139 831 2267 887 Haec
2293 833 2428 887 dicit
2454 833 2716 888 Dominus
2735 833 2876 889 Deus
2910 852 2924 887 :
2953 833 3184 892 Alﬂictio
3217 852 3344 903 una,
3368 838 3588 892 alllictio

2004 944 2022 976 ι
2051 939 2178 979 ecce
2193 925 2668 988 venit,venitlinis,
2685 927 2834 980 venit
2851 925 2991 980 ﬁnis.
3007 927 3292 997 Evigilavit
3307 929 3593 988 adversum

2005 1033 2024 1066 ι
2055 1030 2269 1079 te,ecce
2285 1014 2450 1069 venit.
2472 1013 2957 1087 Venitcontractio
2975 1033 3137 1086 super
3155 1025 3228 1084 te,
3257 1019 3347 1087 qui
3381 1019 3594 1075 habitas

2007 1124 2026 1156 ι
2054 1107 2108 1162 in
2126 1114 2290 1160 terra.
2316 1126 2334 1158 ι
2363 1106 2504 1160 Dicit
2532 1116 2712 1161 autem
2737 1107 2880 1176 quod
2910 1085 3212 1162 eitremum
3244 1085 3592 1179 peccatorum

2004 1207 2163 1254 terrae
2187 1199 2353 1253 Israel
2396 1207 2611 1269 tempus
2637 1198 2940 1264 advenerit,
2979 1208 3037 1253 ut
3069 1199 3182 1270 jam
3230 1216 3335 1254 non
3369 1201 3590 1273 emigiat

2003 1290 2327 1345 sententiam
2371 1289 2486 1355 Dei,
2511 1304 2673 1358 quam
2703 1288 2864 1360 longo
2889 1297 3128 1358 tempore
3160 1291 3491 1347 merebatur.
3528 1293 3595 1346 Et

2004 1384 2130 1452 quia
2148 1383 2379 1437 necdum
2393 1381 2757 1452 compleverat
2772 1391 2992 1450 peccata
3005 1397 3122 1448 sua,
3141 1392 3426 1453 propterea
3441 1384 3595 1439 dill‘e-

2006 1475 2227 1529 rebatur
2257 1474 2606 1544 supplicium,
2639 1475 2936 1531 secundum
2971 1475 3101 1528 illud
3138 1478 3280 1544 quod
3324 1478 3588 1545 scriptum

2006 1576 2128 1623 est:
2165 1587 2183 1618 ι
2219 1567 2457 1622 Necdum
2479 1570 2624 1624 enim
2667 1570 2934 1640 completa
2977 1582 3106 1625 sunt
3152 1580 3374 1641 peccata
3400 1570 3592 1624 Amor-

2007 1659 2276 1714 rltaeorum
2304 1657 2458 1730 (Gen.
2485 1660 2597 1732 xv).
2637 1679 2655 1712 ι
2692 1660 2844 1716 Unde
2865 1668 2919 1716 et
2951 1647 3210 1716 Dominus
3241 1661 3308 1715 ad
3337 1659 3548 1715 Iudaeos
3578 1678 3592 1712 :

2015 1768 2033 1801 ‹
2061 1749 2131 1803 Et
2157 1765 2274 1815 vos,
2305 1751 2403 1816 ait,
2442 1751 2660 1820 implete
2697 1767 3006 1806 mensuram
3044 1761 3256 1822 patrum
3289 1762 3592 1806 vestrorum

314 1853 550 1900 ventura
574 1841 917 1913 praenuntiet,
957 1842 1052 1896 sed
1093 1841 1208 1912 jam
1238 1841 1578 1912 ingruentem
1610 1839 1793 1894 videat
1816 1854 1910 1894 ca-
1937 1826 1984 1885 Β
2015 1839 2228 1912 (Matth.
2264 1842 2442 1914 χχιιι).
2476 1863 2494 1895 ι
2527 1844 2684 1900 Venit
2707 1845 2801 1899 tibi
2826 1860 2958 1913 ergo
2998 1846 3238 1910 miseria,
3270 1847 3419 1900 venit
3462 1845 3596 1900 aﬂli-

316 1934 652 2003 ptivitatem.
685 1931 885 1999 Quinto
923 1932 1066 1986 enim
1093 1946 1235 1986 anno
1272 1930 1552 1987 Sedechia:
1581 1931 1746 2000 erepit
1778 1930 1908 1984 Eze—

316 2022 466 2078 chiel
489 2023 544 2077 in
579 2021 850 2093 Babylone
874 2021 1202 2092 prophetare
1235 2021 1577 2092 captivis.-Et
1598 2036 1741 2076 anno
1769 2035 1910 2076 nono

316 2113 477 2167 venit
513 2111 1024 2175 Nabuchodonosor,
1052 2119 1108 2166 et
1153 2111 1367 2166 obsedit
1404 2110 1725 2186 Jerusalem,
1749 2111 1913 2182 cepit-

318 2219 434 2276 que
460 2221 581 2260 eam
607 2220 750 2260 anno
779 2205 1068 2275 undecimo
1112 2203 1411 2260 Sedechiae.
1443 2204 1521 2259 Ex
1548 2205 1746 2274 quibus
1787 2219 1910 2276 per-

319 2297 572 2366 spicuum
601 2278 704 2351 est.
730 2295 944 2350 venisse
989 2294 1152 2350 linem
1187 2305 1242 2350 et
1289 2296 1757 2366 appropinquasse
1800 2310 1910 2350 non

319 2400 492 2454 super
525 2395 736 2440 montes
759 2393 813 2439 et
837 2385 1004 2440 colles
1036 2399 1302 2456 rupesque
1329 2394 1383 2440 et
1407 2386 1598 2452 valles,
1629 2386 1722 2441 sed
1748 2401 1913 2457 super

319 2468 562 2545 quatitur
606 2474 790 2545 plagas
839 2483 1018 2540 terrae,
1057 2489 1121 2529 ex
1171 2475 1324 2530 omni
1363 2485 1518 2547 parte
1567 2475 1768 2541 Israel,
1802 2491 1912 2531 non

320 2567 507 2622 omnis
533 2575 710 2622 terrae.
744 2565 895 2633 Quod
935 2567 983 2621 si
1013 2567 1256 2633 dixisset,
1289 2568 1356 2623 de
1386 2575 1498 2622 toto
1527 2568 1728 2623 mundo
1763 2568 1911 2624 credi

320 2668 564 2730 poterat,
593 2659 688 2714 sed
719 2667 876 2714 terrae
906 2658 1244 2728 simpliciter,
1274 2658 1418 2728 quod
1444 2658 1712 2730 signiﬁcat
1737 2660 1911 2715 Israe-

322 2753 417 2808 lis.
449 2751 541 2808 Sic
577 2753 722 2807 enim
765 2763 1007 2822 coeperat
1038 2770 1051 2805 :
1097 2773 1114 2804 ι
1143 2751 1272 2808 Haec
1296 2753 1428 2808 dicit
1478 2752 1740 2811 Dominus
1769 2756 1913 2811 Deus

325 2855 490 2899 terrae
522 2843 706 2910 Israel,
738 2844 887 2900 Finis
906 2845 1076 2910 venit,
1109 2843 1230 2898 linis
1259 2859 1423 2915 super
1448 2853 1686 2916 quatuor
1720 2845 1913 2918 plagas

326 2944 510 2990 terra).
537 2954 556 2987 ι

406 3054 424 3086 ε
471 3034 626 3091 Nunc
655 3036 779 3090 ﬁnis
807 3051 971 3106 super
995 3046 1077 3102 te,
1114 3044 1166 3091 et
1197 3036 1406 3091 mittam
1448 3035 1687 3094 furorem
1729 3053 1913 3094 meum

330 3148 349 3180 ι
399 3126 453 3182 in
501 3136 573 3194 te,
610 3137 665 3183 et
700 3127 955 3197 judicabo
997 3137 1050 3184 te
1087 3126 1243 3197 juxta
1281 3131 1402 3185 vias
1431 3139 1586 3197 tuas,
1629 3139 1684 3185 et
1710 3145 1910 3200 ponam

329 3234 350 3268 ι
396 3225 588 3272 contra
628 3227 680 3272 te
699 3233 888 3272 omnes
916 3219 1350 3274 abominationes
1378 3227 1518 3274 tuas.
1549 3219 1616 3274 Et
1643 3234 1750 3274 non
1777 3233 1907 3290 par-

330 3326 352 3359 ι
399 3315 488 3363 cet
514 3307 700 3395 oculus
740 3324 891 3364 meus
930 3324 1096 3380 super
1134 3317 1207 3373 te,
1239 3320 1294 3367 et
1346 3311 1779 3368 abominationes
1806 3320 1913 3368 tua

330 3417 352 3450 ι
404 3398 458 3453 in
484 3399 661 3455 medio
689 3399 763 3454 tui
790 3407 948 3455 erunt
979 3417 993 3454 :
1021 3409 1076 3456 et
1099 3401 1285 3458 scietis
1305 3403 1433 3472 quia
1454 3419 1553 3473 ego
1581 3403 1860 3460 Dominus.
1886 3423 1905 3456 ι

321 3493 413 3547 Ad
478 3500 683 3548 terram
734 3492 900 3564 igitur
951 3492 1117 3549 Israel
1185 3510 1366 3550 sermo
1416 3495 1699 3566 dirigitur,
1767 3495 1912 3566 quod

322 3583 544 3641 venerit
565 3597 727 3654 super
760 3597 880 3638 eam
915 3583 1056 3649 ﬁnis,
1088 3593 1144 3640 et
1168 3587 1586 3652 consummatio,
1614 3597 1669 3643 et
1698 3589 1914 3643 emittat

323 3671 590 3728 Dominus
632 3671 871 3728 furorem
918 3689 1076 3729 suum
1121 3675 1175 3730 in
1223 3691 1343 3730 eam
1385 3693 1493 3732 non
1530 3677 1826 3748 injustam,
1856 3689 1914 3736 ct

324 3774 540 3821 tantum
563 3766 630 3821 de
653 3766 1019 3836 indignatione
1039 3768 1366 3835 venientem,
1389 3771 1481 3826 sed
1505 3771 1720 3841 plenum
1743 3773 1913 3844 aequi-

325 3856 457 3911 tatis
485 3865 648 3928 atque
684 3857 947 3922 rationis,
983 3868 1046 3912 ut
1067 3856 1274 3928 judicet
1303 3850 1424 3915 eam
1471 3863 1769 3917 secundum
1794 3865 1910 3920 vias

253 4016 256 4018 η
322 3960 476 4013 suas,
509 3959 564 4002 et
594 3949 846 4004 ostendat
881 3948 957 4003 illi
992 3964 1182 4004 omnes
1211 3949 1642 4009 abominationes
1673 3968 1820 4020 suas,
1853 3964 1912 4009 ut

323 4042 649 4096 recordetur
685 4055 910 4110 operum
952 4057 1172 4098 suorum
1215 4053 1270 4098 et
1304 4044 1569 4116 intelligat
1609 4047 1738 4118 quid
1779 4047 1908 4104 mali

323 4130 573 4200 gesserit.
619 4130 772 4198 Quod
817 4140 996 4188 autem
1037 4131 1210 4188 dicit:
1255 4152 1274 4184 ι
1328 4133 1446 4189 Non
1489 4145 1675 4204 parcet
1717 4137 1908 4193 oculus

323 4237 482 4278 meus
510 4237 671 4292 super
713 4231 785 4286 te,
825 4230 880 4277 et
921 4239 1029 4278 non
1062 4225 1381 4290 miserebor,
1424 4245 1442 4277 ι
1476 4227 1626 4296 quasi
1671 4228 1907 4284 clemen-

323 4314 572 4369 tissimus
607 4314 851 4371 medicus
888 4314 1128 4388 incidere
1164 4316 1386 4386 cupiens
1422 4317 1667 4387 putridas
1688 4333 1901 4383 carnes,

321 4413 378 4458 et
408 4405 616 4458 cariosa
647 4405 867 4459 vulnera
915 4406 1147 4461 adurere
1179 4408 1439 4472 cauterio,
1483 4423 1588 4463 non
1618 4409 1810 4478 parcit,
1848 4419 1907 4464 ut

2011 1933 2140 1998 ctio,
2193 1934 2448 2002 venitque
2482 1935 2798 2003 captivitas,
2849 1945 2904 1990 et
2957 1951 3021 1990 ne
3053 1946 3206 2007 putes
3252 1952 3338 1992 me
3383 1953 3598 1992 rursum

2011 2027 2192 2082 futura
2241 2028 2512 2092 minitari,
2566 2029 2793 2083 ostendo
2839 2029 3004 2099 digito
3057 2039 3220 2098 atque
3263 2030 3596 2084 demonstro.

2019 2141 2037 2174 ι
2085 2121 2224 2176 Ecce
2265 2120 2388 2176 ﬁnis
2417 2121 2584 2186 venit,
2609 2123 2757 2176 venit
2786 2123 2930 2176 linis.
2978 2142 2997 2174 ›
3037 2122 3136 2190 Qui
3165 2122 3446 2192 hucusque
3477 2124 3600 2178 dor-

2013 2215 2205 2270 mitare
2234 2213 2518 2270 videbatur
2556 2214 2649 2269 tibi
2686 2223 2742 2270 et
2769 2215 3074 2284 quiescere,
3105 2215 3378 2286 evigilavit
3411 2224 3600 2270 contra

2013 2314 2068 2361 te
2097 2313 2318 2375 repente
2347 2314 2508 2374 atque
2535 2306 2817 2373 surrexit:
2849 2325 2868 2358 ι
2914 2305 3075 2361 Venit
3095 2307 3371 2370 contritio,
3411 2326 3429 2358 ι
3475 2322 3596 2375 qtae

2014 2395 2068 2449 in
2082 2393 2348 2451 Hebraico
2367 2396 2560 2450 dicitur
2571 2397 2868 2467 sepltplu'ra.
2885 2396 3057 2463 Quam
3072 2413 3286 2467 semper
3297 2398 3487 2466 pavida
3505 2397 3600 2451 tibi

2011 2486 2198 2541 venire
2242 2487 2539 2552 metuebas,
2592 2488 2645 2542 id
2685 2495 2786 2554 est,
2820 2490 2952 2543 ordo
2993 2498 3387 2560 contextusque
3437 2489 3603 2543 malo-

2013 2590 2134 2645 rum
2166 2575 2426 2630 omnium.
2480 2575 2652 2630 Porro
2681 2579 2823 2646 quod
2865 2577 3063 2632 dicitur
3095 2595 3108 2631 :
3159 2598 3176 2628 ι
3207 2594 3368 2649 super
3403 2587 3474 2644 te,
3507 2582 3600 2649 qui

2010 2667 2226 2724 habitas
2258 2668 2312 2723 in
2353 2677 2520 2734 terra,
2565 2689 2586 2722 ι
2625 2669 2780 2740 juxta
2811 2669 2939 2724 illud
2980 2670 3334 2742 Apocalypsis
3372 2669 3600 2727 Joannis

2010 2760 2271 2817 debemus
2303 2761 2550 2830 accipere
2578 2779 2593 2815 :
2628 2779 2647 2811 ι
2681 2759 2775 2816 Vae
2799 2775 2962 2830 super
2983 2775 3192 2827 omnes,
3214 2762 3304 2830 qui
3343 2761 3596 2824 habitant

2014 2854 2068 2909 in
2099 2862 2246 2908 terra
2278 2850 2459 2926 (Apoc.
2494 2852 2650 2925 vni);
2698 2871 2717 2903 ι
2751 2860 2973 2907 sanctus
2997 2852 3144 2907 enim
3182 2868 3288 2907 non
3331 2861 3415 2908 est
3441 2853 3598 2908 habi-

2020 2949 2158 3001 tator
2184 2954 2364 3009 terrae,
2403 2943 2497 3000 sed
2533 2944 2742 2999 advena
2789 2951 2953 3013 atque
2982 2944 3322 3015 peregrinus,
3361 2944 3600 3014 dicitque

2013 3035 2222 3091 advena
2263 3051 2384 3092 sum
2411 3043 2465 3090 et
2495 3033 2834 3105 peregrinus,
2863 3033 3004 3089 sicut
3028 3047 3217 3087 omnes
3264 3039 3448 3103 patres
3473 3032 3602 3088 mei.

2015 3126 2450 3194 Quamobrem'et
2466 3124 2742 3180 Abraham
2770 3105 3051 3189 Hebraeus,
3077 3124 3128 3178 id
3156 3132 3267 3188 est,’
3289 3123 3606 3194 peregrinus

2012 3219 2380 3288 transitorque
2422 3224 2776 3282 memoratur,
2813 3217 2880 3271 de
2907 3217 3158 3288 praesenti
3188 3215 3384 3278 sacculo
3421 3215 3488 3270 ad
3517 3215 3603 3270 fu-

2013 3319 2136 3366 tura
2183 3307 2414 3364 transire
2463 3305 2746 3363 festinans.
2796 3305 3091 3361 Possumus
3141 3306 3285 3360 hunc
3321 3305 3500 3360 locum
3545 3314 3602 3358 et

2014 3400 2332 3473 spiritaliter
2377 3396 2726 3470 interpretari
2761 3404 2950 3451 contra
2993 3394 3249 3466 p0pulum
3288 3393 3598 3450 Iudaeorum

2013 3486 2174 3564 super
2195 3505 2356 3562 quem
2375 3490 2524 3546 venit
2544 3489 2666 3544 linis
2689 3497 2746 3544 et
2769 3487 3183 3550 consummatio,
3209 3503 3231 3558 ἢ(
3266 3501 3294 3538 a
3325 3486 3587 3556 sanguine

2011 3585 2148 3644 Abel
2169 3584 2300 3654 justi
2334 3598 2504 3654 usque
2543 3582 2612 3637 ad
2652 3582 2972 3652 sanguinem
3003 3577 3277 3632 Zachariae
3313 3574 3407 3632 ﬁlii
3430 3576 3598 3630 Bara-

2013 3677 2169 3741 ehiae,
2209 3690 2370 3746 quem
2418 3670 2810 3729 interfecerunt
2853 3671 2998 3725 inter
3023 3667 3300 3738 templum
3342 3676 3397 3721 ct
3427 3667 3599 3721 altare

2012 3767 2228 3840 (Matth.
2261 3764 2437 3837 χχιιι).
2470 3786 2488 3818 ι
2519 3763 2768 3831 Quandiu
2794 3762 2939 3817 enim
2970 3776 3074 3816 non
3112 3759 3377 3814 miserunt
3405 3774 3598 3814 manus

2011 3858 2065 3912 in
2117 3857 2283 3911 ﬁlium
2319 3855 2448 3920 Dei,
2487 3852 2796 3909 dormitavit
2839 3851 2918 3906 eis
2965 3849 3179 3906 Domini
3231 3849 3495 3905 sententia
3541 3858 3598 3905 et

2009 3935 2174 4002 dilata
2217 3953 2318 4001 est.
2357 3942 2584 4012 Quando
2621 3956 2751 3996 vero
2791 3938 3180 3996 interfecerunt
3219 3939 3510 4005 haeredcm,
3541 3947 3600 3994 ut

2007 4038 2208 4110 periret
2235 4029 2543 4101 haereditas,
2571 4042 2695 4088 tunc
2715 4032 2990 4102 evigilavit
3015 4031 3297 4086 adversum
3320 4045 3414 4086 eos
3435 4038 3598 4100 atque

2007 4126 2246 4184 surrexit
2273 4127 2451 4182 oumis
2486 4125 2620 4180 ordo
2662 4123 3008 4180 miseriarum
3047 4131 3102 4178 et
3129 4121 3428 4194 perplexio,
3466 4118 3598 4190 quia

2006 4237 2112 4276 non
2149 4220 2484 4292 quaesierunt
2522 4218 2789 4285 cmlestia,
2838 4217 2930 4274 sed
2964 4225 3124 4272 terra:
3165 4216 3373 4271 haerere
3414 4217 3599 4287 cupie-

2006 4322 2155 4368 runt.

2080 4424 2099 4456 r
2122 4404 2283 4460 Venit
2311 4412 2540 4472 tempus,
2567 4407 2736 4472 prope
2761 4408 2846 4455 est
2877 4400 2992 4454 dies
3039 4398 3349 4462 occisidms,
3393 4405 3449 4451 et
3489 4412 3599 4452 non

319 4503 530 4565 parcat,
553 4512 658 4549 non
689 4495 997 4561 miseretur,
1026 4505 1083 4552 ut
1113 4499 1434 4553 misereatur
1459 4499 1649 4569 magis,
1684 4517 1750 4556 ne
1771 4502 1901 4570 quid
1927 4527 1980 4587 D
2011 4517 2030 4550 ι
2058 4496 2242 4568 gloriae
2267 4497 2548 4550 montium.
2583 4513 2602 4546 ι
2631 4491 2930 4548 Occisionis
2970 4497 3150 4543 autem
3194 4499 3406 4558 tempus
3435 4496 3490 4544 et
3519 4487 3599 4542 fa-

320 4574 599 4655 putridum
642 4585 899 4656 vivasque
931 4603 1126 4642 carnes
1169 4589 1249 4643 sui
1285 4590 1482 4646 vicinia
1522 4600 1899 4660 corrupturum

325 4687 608 4732 remaneat
657 4679 709 4733 in
751 4694 978 4751 corpore
1015 4699 1028 4734 :
1075 4699 1093 4732 ‹
1141 4679 1385 4738 Percutit
1423 4695 1600 4738 autem
1643 4684 1902 4738 Dominus

322 4785 485 4839 quem
521 4768 712 4836 diligit,
743 4779 797 4824 et
821 4771 1050 4840 castigat
1071 4785 1285 4825 omnem
1323 4769 1489 4826 ﬁlium
1520 4787 1679 4841 quem
1713 4773 1903 4842 recipit

319 4860 514 4932 (Hebr.
561 4860 680 4931 xu).
718 4880 737 4912 ι
773 4859 936 4929 Cujus
967 4861 1336 4934 intelligentiae
1381 4862 1514 4917 illud
1547 4872 1632 4917 est
1664 4882 1678 4918 :
1725 4883 1744 4916 ι
1789 4863 1901 4935 Ego

317 4968 482 5023 percu
493 4952 644 5016 tiam,
667 4960 831 5022 etcgo
856 4954 1060 5007 satiabo
1087 4952 1266 5025 (Deut.
1292 4954 1486 5023 xxx").
1508 4973 1525 5004 ι
1547 4954 1736 5031 Omnis
1755 4956 1899 5011 enim

318 5044 591 5098 medicina
623 5044 784 5098 habet
819 5044 889 5098 ad
923 5053 1136 5113 tempus
1161 5044 1599 5108 amaritudinem,
1627 5046 1719 5100 sed
1746 5055 1898 5115 post-

315 5148 380 5187 ea
413 5133 623 5188 fructus
647 5133 848 5189 doloris
871 5133 1108 5188 sanitate
1144 5141 1500 5188 monstratur.
1535 5132 1666 5188 Tale
1692 5135 1819 5203 quid
1847 5142 1901 5189 et

318 5238 416 5293 per
437 5223 605 5277 Amos
628 5223 770 5278 Deus
793 5222 1068 5292 loquitur:
1103 5240 1122 5274 ί
1165 5221 1432 5289 Quoniam
1462 5237 1559 5277 vos
1580 5223 1807 5293 cognovi
1835 5223 1900 5278 de

322 5311 590 5366 universis
617 5311 863 5366 tribubus
897 5321 1073 5376 terrae,
1107 5311 1310 5366 idcirco
1342 5311 1576 5366 ulciscar
1601 5327 1764 5381 super
1784 5328 1900 5366 om-

324 5403 408 5457 nia
430 5413 655 5474 peceata
682 5415 859 5460 vestra
883 5405 1182 5478 (Amastri).
1206 5424 1226 5457 ι
1253 5423 1269 5456 ι
1293 5403 1452 5462 Novit
1473 5406 1616 5460 enim
1642 5406 1900 5462 Dominus

322 5509 414 5551 eos
465 5495 732 5564 qui‘sunt
758 5497 893 5566 ejus.
939 5517 958 5548 ι
999 5497 1067 5552 Et
1109 5497 1246 5563 vias,
1279 5496 1472 5568 inquit,
1509 5497 1659 5554 illius
1710 5499 1899 5554 totius-

317 5602 424 5657 que
446 5588 575 5643 vitae
599 5603 848 5659 gressum
876 5589 1434 5658 abominationesque,
1466 5599 1520 5644 et
1555 5604 1750 5660 ponam
1791 5605 1902 5646 ma-

317 5679 469 5734 culas
495 5680 545 5733 in
574 5679 749 5734 medio
780 5679 918 5748 ejus,
942 5689 1002 5734 ut
1029 5687 1156 5734 ante
1181 5679 1369 5735 oculos
1404 5680 1745 5750 peccatricis,
1777 5697 1896 5752 quae

317 5786 415 5842 pro
429 5771 664 5827 sanitate
683 5773 921 5842 partitur,
942 5772 1169 5843 pristina
1191 5781 1407 5842 peccata
1423 5780 1710 5842 ponantur.
1735 5774 1894 5830 Cum—

2008 4591 2132 4653 mis,
2161 4603 2306 4642 nunc
2338 4601 2552 4656 quoque
2590 4585 2643 4638 in
2673 4582 2897 4638 Iudaico
2964 4579 3161 4652 p0pulo
3213 4577 3598 4649 comprobatur

2007 4697 2114 4737 non
2143 4679 2375 4735 habente
2408 4678 2696 4748 prophetas
2726 4690 2827 4728 nec
2856 4674 3078 4729 verbum
3107 4674 3221 4737 Dei,
3265 4689 3372 4744 quo
3414 4675 3595 4730 anima

2007 4771 2340 4826 credentium
2368 4769 2607 4838 pascitur
2631 4784 2642 4820 :
2673 4765 2880 4820 Montes
2903 4773 3081 4842 autem
3123 4765 3410 4834 magistros
3436 4765 3598 4821 intel-

2005 4860 2111 4931 Iige
2137 4901 2153 4925 ,
2203 4861 2294 4929 qui
2337 4859 2538 4914 habent
2579 4856 2826 4912 notitiam
2879 4854 3304 4925 Scripturarum.
3359 4855 3435 4911 De
3479 4856 3599 4927 qui-

2005 4938 2182 5006 bus'et
2217 4951 2270 5004 in
2306 4949 2412 5004 alio
2437 4949 2554 5004 loco
2576 4948 2774 5003 dicitur
2816 4965 2830 5002 :
2867 4966 2886 4999 ι
2935 4946 3252 5004 Illuminans
3289 4957 3343 5003 tu
3375 4947 3600 5003 mirabi-

2005 5039 2130 5094 liter
2149 5056 2180 5094 a
2205 5040 2476 5094 montibus
2501 5037 2716 5093 aeternis
2739 5034 2911 5108 (Psal.
2937 5038 3122 5110 Lxxv).
3145 5057 3164 5090 ι
3183 5038 3352 5094 Porro
3369 5037 3598 5108 Septua-

2007 5131 2155 5200 ginta
2201 5130 2294 5200 qui
2343 5131 2620 5195 dixerunt,
2683 5146 2701 5178 ‹
2731 5144 2840 5183 non
2887 5144 3011 5183 cum
3061 5129 3487 5198 perturbatione,
3540 5137 3595 5183 et

2005 5240 2114 5280 non
2145 5239 2267 5279 cum
2295 5224 2588 5290 doloribus,
2635 5244 2652 5277 ι
2684 5224 2812 5280 illud
2842 5225 3170 5296 signiﬁcant,
3211 5227 3352 5296 quod
3384 5236 3590 5280 tantam

2005 5318 2282 5373 habebant
2325 5317 2683 5387 ignorantiam
2732 5317 2850 5384 Dei,
2889 5326 2946 5374 et
2977 5318 3142 5374 animi
3165 5318 3492 5388 caecitatem,
3532 5325 3594 5374 ut

2006 5423 2107 5462 nec
2137 5407 2418 5462 turbentur
2441 5407 2492 5462 in
2516 5407 2810 5464 sceleribus
2836 5409 2971 5475 suis,
2999 5425 3100 5464 nec
3137 5407 3471 5480 [paenitentiae
3496 5408 3594 5464 do-

2005 5497 2121 5552 lore
2170 5498 2500 5553 crucientur.

2078 5607 2097 5640 ι
2127 5587 2279 5643 Nunc
2305 5589 2370 5644 de
2394 5588 2696 5661 propinquo
2725 5585 2996 5642 eIIundam
3030 5588 3164 5642 iram
3213 5602 3390 5646 meam
3428 5603 3590 5660 super

2007 5700 2026 5732 ‹
2055 5691 2128 5748 te,
2154 5690 2207 5736 et
2230 5680 2500 5755 replicabo
2527 5679 2762 5736 furorem
2788 5694 2986 5744 meum,
3011 5688 3066 5734 et
3086 5678 3342 5748 judicabo
3363 5689 3415 5735 te
3427 5678 3588 5750 juxta

2007 5792 2023 5825 ι
2054 5773 2174 5828 vias
2224 5782 2360 5829 tuas.
2399 5773 2461 5827 Et
2495 5770 2609 5842 jam
2658 5786 2855 5843 ponam
2894 5769 3032 5844 (sive
3062 5769 3224 5842 dabo)
3274 5769 3369 5827 tibi
3399 5760 3590 5830 omnes
