3940 6180
336 2974 385 2988 ἡ

508 344 610 404 6H

1142 348 1218 403 κΒ.
1261 345 1513 402 RABANI
1556 345 1778 404 MAURI
1814 346 2138 402 AliCHlEP.
2183 348 2493 407 MOGUNT.
2536 350 2818 408 OPEliUM
2860 352 3040 409 PARS
3072 353 3142 417 Il.
3617 366 3698 423 sta

514 482 530 513 ι
562 462 988 520 alxmiiuatianes
1034 470 1172 514 tuas.
1211 476 1230 510 ι
1271 457 1329 514 Si
1373 474 1402 513 ιι
1448 458 1640 530 quinto
1671 474 1812 513 anno
1830 460 2100 513 ‘transmi‘
2130 468 2175 524 Λ
2207 460 2502 518 clamarent
2523 470 2578 517 et
2602 461 2880 518 dicerent:
2914 461 3242 535 «Crucillge!
3270 470 3492 542 crucillge
3518 475 3693 533 talem!»

507 556 769 623 grationis
800 555 945 624 regni
974 549 1246 607 Jechonia:
1271 564 1440 629 usque
1469 551 1537 605 ad
1565 566 1764 607 nonum
1793 566 1990 606 annum
2017 567 2103 608 re-
2144 597 2156 610 .

506 644 923 718 gni‘Scde‘chiae,
965 646 1180 714 quando
1220 645 1368 699 venit
1392 642 1894 725 Nabuchodonosor
1919 655 1973 701 et
2005 646 2101 704 0b-

505 741 644 795 sedit
685 736 1017 803 Jerusalem,
1066 746 1361 809 supputare
1404 738 1769 803 voluerimus,
1814 747 1925 795 tres
1971 741 2098 796 anni

503 810 673 885 υι-ιιηῖ
688 829 870 889 medii.
900 828 1053 884 Unde
1103 841 1249 885 recte
1290 829 1509 883 dicitur.
1544 847 1563 880 ι
1604 828 1757 885 Nunc
1782 830 1847 885 de
1873 831 2097 901 propin-

502 934 608 989 quo
645 917 917 973 ell‘undam
956 919 1092 973 iram
1143 934 1319 973 meam
1371 918 1424 972 iu
1456 926 1510 973 te
1553 915 1685 991 (vel
1737 934 1901 989 super
1938 918 2036 991 te).
2069 939 2090 972 ι

501 1013 851 1083 Nequaquam
894 1011 988 1067 tibi
1017 1007 1244 1066 ventura
1294 1011 1607 1082 praidieam,
1650 1027 1752 1067 nec
1800 1013 2098 1067 commina-

499 1106 616 1166 lior,
657 1121 777 1174 qua:
805 1105 961 1173 longe
996 1113 1119 1173 post
1152 1101 1334 1157 futura
1363 1110 1508 1158 sunt.
1543 1100 1699 1157 Nunc
1728 1101 2012 1172 complebo
2038 1103 2096 1158 in

499 1206 550 1250 te
581 1195 818 1251 furorem
850 1212 1049 1250 meum.
1094 1194 1196 1261 Qui
1231 1193 1383 1249 furor
1402 1201 1456 1249 et.
1500 1192 1579 1248 ira
1624 1210 1732 1250 non
1782 1193 2096 1265 absqnej‘u-

498 1287 640 1342 dieio
670 1296 769 1342 est.
800 1286 907 1369 Sed
934 1295 993 1341 ut
1034 1284 1221 1342 reddat
1249 1285 1371 1341 vias
1400 1283 1520 1341 tuas
1560 1285 1613 1339 in
1646 1295 1806 1354 caput
1838 1290 2011 1349 tuum,
2038 1295 2094 1342 et

464 1432 476 1443 ί
496 1392 687 1432 omues
730 1378 1157 1433 abominationcs
1184 1384 1307 1433 tuas
1335 1378 1536 1433 sentire
1585 1384 1637 1433 te
1667 1377 1850 1455 facint.
1891 1377 2094 1434 Possu-

499 1484 617 1522 mus
647 1477 827 1522 autem
859 1477 914 1522 et
947 1468 1012 1522 de
1048 1476 1293 1523 extrema
1339 1468 1653 1540 captivitate
1696 1470 1897 1549 dicere,
1949 1472 2092 1539 quod

495 1569 618 1629 post
650 1558 1079 1614 interfectionem
1109 1557 1331 1626 Christi,
1355 1561 1571 1630 Quando
1598 1561 1746 1615 venit
1768 1561 1848 1616 eis
1878 1560 2001 1616 finis
2035 1571 2093 1617 et

494 1649 768 1720 evigilavit
793 1650 1079 1704 adversum
1108 1665 1203 1705 eos
1252 1658 1554 1719 peécatum,
1600 1650 1878 1721 impletum
1907 1660 1991 1706 est
2026 1652 2091 1707 ll-

494 1744 584 1797 lud
624 1745 765 1812 quod
805 1744 1065 1814 scriptum
1115 1750 1235 1800 est:
1275 1764 1292 1796 ι
1350 1743 1506 1798 Nunc
1530 1746 1779 1814 pervenit
1810 1745 1865 1798 in
1893 1759 1987 1799 eos
2008 1747 2088 1800 ira

2204 548 2357 627 Unde
2399 564 2504 607 non
2537 553 2617 608 eis
2643 554 2755 608 erit
2798 555 3034 624 requies,
3081 556 3176 635 sed
3223 567 3403 614 mterna
3448 565 3696 634 captivitas.

2199 642 2370 703 Porro
2397 646 2741 719 Septuaginta
2763 646 2917 716 juxta
2953 647 3103 703 illum
3132 664 3336 705 sensum
3360 650 3410 706 in
3434 668 3527 724 quo
3548 659 3695 714 scribi.

2200 746 2290 792 tur
2314 757 2327 792 :
2364 756 2382 790 ι
2424 728 2607 809 Neque
2633 739 2775 793 enim
2807 739 2959 794 scitis
2978 739 3107 809 quid
3129 750 3344 797 ventura
3367 738 3470 801 dies
3489 748 3655 816 pariat,
3681 771 3695 804 ι

2198 826 2489 885 dixerunt:
2526 848 2546 882 ι
2592 829 2733 885 Ecce
2759 829 2874 885 dies
2901 831 3066 902 parit,
3103 833 3244 902 quod
3286 828 3441 889 multo
3477 844 3582 891 ante
3604 853 3702 892 con-

2196 926 2448 989 ceperat;
2486 920 2782 991 tvenitque
2812 919 2956 985 finis,
2979 928 3035 975 et
3059 935 3272 993 egressa
3293 931 3369 978 est
3393 925 3664 995 complexio,
3680 948 3696 980 ι

2196 1026 2316 1081 quae
2340 1010 2478 1065 m‘ala
2504 1019 2686 1067 vestra
2715 1011 2895 1067 omnia
2919 1010 3301 1082 complectatur
3321 1023 3373 1068 et
3391 1023 3564 1071 teneat.
3588 1017 3633 1071 ln
3651 1032 3701 1074 eo

2196 1111 2396 1171 autem,
2433 1104 2577 1174 quod
2598 1111 2655 1160 et
2684 1105 2786 1175 ipsi
2823 1103 3073 1160 similiter
3103 1106 3488 1173 transtulerunt,
3516 1129 3531 1161 ι
3559 1108 3702 1166 ﬂoruit

2195 1194 2368 1265 virga,
2399 1213 2418 1245 ι
2451 1193 2541 1248 illo
2590 1194 2901 1249 testimonio
2929 1194 3008 1250 uti
3038 1181 3340 1266 possumus.
3375 1214 3394 1249 ι
3421 1194 3491 1252 Ne
3531 1198 3703 1257 auferas

2194 1284 2403 1356 virgam
2427 1299 2456 1339 a
2487 1284 2594 1340 lilio
2620 1294 2709 1341 tuo
2739 1283 2922 1359 (Prov.
2951 1286 3127 1360 Xlll).)
3153 1288 3220 1342 Et
3248 1286 3541 1358 Apostolus:
3572 1290 3703 1359 «Quid

2174 1378 2391 1433 ‘vultis?
2413 1379 2463 1431 in
2486 1368 2635 1449 virga
2659 1378 2871 1434 veniam
2894 1380 2960 1435 ad
2984 1396 3099 1446 vos,
3128 1396 3196 1435 an
3226 1381 3278 1437 in
3301 1382 3538 1440 charitate
3559 1394 3602 1439 et
3619 1387 3704 1459 spi-

2192 1469 2300 1522 ritu
2332 1460 2759 1528 mansuetudinis
2802 1470 2856 1545 (1
2897 1470 3019 1527 Cor.
3072 1472 3189 1545 tv)?
3228 1493 3246 1525 ›
3286 1471 3384 1529 Sed
3407 1485 3456 1530 et
3496 1474 3704 1533 Deusore

2184 1556 2489 1615 Psalmista:
2536 1572 2792 1616 resonat:
2826 1581 2845 1613 ι
2880 1558 3126 1619 Visitabo
3167 1564 3222 1618 in
3269 1565 3410 1637 virga
3450 1564 3705 1637 iniquitates

2191 1664 2403 1717 eorum,
2451 1660 2508 1706 et
2562 1652 2613 1707 in
2664 1652 2890 1725 ﬂagellis
2946 1666 3169 1725 peccata
3211 1672 3407 1712 eorum.
3457 1656 3703 1713 Misericor-

2192 1742 2336 1798 diam
2378 1751 2558 1799 autem
2608 1760 2782 1799 meam
2836 1762 2942 1800 non
2998 1746 3304 1819 dispergam
3354 1748 3418 1803 ab
3463 1749 3532 1804 eis
3571 1739 3704 1821 (ρεηι.

494 1835 587 1888 Dei
618 1836 668 1888 in
704 1835 884 1889 linem.
922 1855 939 1886 ι
971 1834 1196 1902 Quando
1241 1850 1273 1889 ει
1300 1835 1423 1890 Tito
1470 1844 1525 1890 et
1555 1833 1890 1905 Vespasiano
1933 1834 2091 1892 Jeru-
2120 1821 2163 1880 Β
2191 1834 2477 1906 Lxxxvm).
2523 1856 2542 1888 ι
2567 1834 2692 1892 Ideo
2723 1850 2854 1909 ergo
2900 1834 3163 1894 Dominus
3204 1840 3376 1895 visitat
3417 1849 3468 1896 et
3504 1842 3705 1910 percutit.

492 1926 659 1979 salem
699 1926 1031 1982 circumdata
1071 1937 1174 1992 est,
1221 1937 1277 1984 et
1296 1927 1515 1982 advenit
1566 1929 1831 1985 desolatio
1859 1929 1998 2001 ejus,
2032 1941 2090 1988 et

492 2016 770 2087 impletum
812 2028 933 2073 est:
969 2039 987 2071 ι
1026 2020 1170 2077 Ecce
1215 2022 1554 2092 relinquetur
1582 2024 1739 2080 vobis
1774 2018 1968 2082 domus
1995 2041 2088 2082 ve-

493 2117 605 2161 stra
655 2108 865 2162 deserta
913 2108 1125 2181 (Matth.
1186 2109 1366 2182 χχιιι).
1415 2130 1433 2163 ι
1489 2111 1641 2169 Tunc
1675 2114 1907 2185 judicati
1960 2124 2087 2172 sunt

472 2198 645 2268 juxta
695 2202 813 2256 vias
859 2217 987 2257 suas
1023 2213 1079 2257 et
1128 2202 1497 2274 blasphemias
1551 2206 1749 2278 quibus
1799 2209 2085 2266 Dominum

490 2300 845 2362 negaverunt,
882 2301 936 2347 et
962 2281 1523 2351 senserunt-furorem
1555 2297 1671 2363 Dei,
1719 2308 1773 2356 et
1800 2301 1976 2357 omnis
2003 2302 2087 2356 in-

489 2382 732 2452 dignatio
769 2381 885 2452 ejus
914 2399 1079 2455 super
1127 2384 1253 2441 illos
1287 2385 1456 2444 effusa
1500 2398 1604 2456 est,
1658 2400 2084 2464 receperuntque

487 2472 692 2527 scelera
723 2489 820 2528 sua
845 2484 903 2529 ut
932 2485 1253 2545 permaneat
1295 2477 1558 2535 desolatio
1596 2482 1781 2554 templi
1815 2500 1987 2555 usque
2010 2488 2082 2542 ad

488 2566 1035 2622 consummationem.
1334 2556 1341 2567 ’
2034 2638 2039 2645 1

562 2673 582 2706 ι
611 2654 679 2709 Et
700 2670 803 2710 non
833 2666 1017 2726 parcet
1039 2658 1229 2750 oculus
1258 2674 1410 2717 meus
1435 2676 1613 2732 neque
1637 2672 1958 2731 miserebor,
1984 2665 2081 2721 sed

494 2762 513 2796 ι
543 2745 661 2801 vias
708 2757 829 2802 tuas
876 2745 1153 2819 imponam
1187 2750 1283 2807 tibi
1330 2761 1385 2807 et
1430 2754 1860 2812 abominationes
1891 2766 1993 2813 tua:
2025 2756 2078 2813 in

489 2854 510 2887 ε
537 2835 714 2891 medio
739 2837 815 2892 tui
853 2846 1031 2905 erunt,
1060 2844 1115 2895 et
1139 2842 1325 2897 scietis
1374 2845 1501 2914 quia
1529 2860 1628 2917 ego
1659 2845 1919 2903 Dominus
1948 2860 2077 2920 per-

489 2946 509 2979 ι
537 2927 765 2984 cutiens.
798 2948 817 2983 ι
853 2928 1061 2988 Causas
1101 2935 1407 2990 severitatis
1451 2947 1509 2992 et
1553 2940 1909 3005 austeritatis,
1964 2942 2079 2999 sive

480 3028 544 3073 ut
570 3018 810 3077 haeretici
848 3032 1041 3094 putant
1082 3026 1421 3084 crudelitatis
1458 3028 1577 3098 Dei,
1625 3032 1770 3101 quod
1807 3049 1915 3088 non
1946 3042 2075 3106 par—

484 3118 573 3164 eat
601 3111 791 3167 oculus
829 3112 946 3183 ejus
1001 3129 1104 3169 nec
1159 3116 1503 3185 misereatur,
1560 3120 1791 3192 subjecit
1838 3122 2070 3181 dicens:

490 3222 507 3252 ι
545 3201 669 3259 Vias
700 3213 821 3262 tuas
862 3206 1002 3262 dabo
1030 3206 1149 3275 tibi,
1179 3215 1233 3264 et
1272 3184 1708 3269 abominationes
1735 3224 1840 3272 tute
1868 3218 1920 3273 in
1961 3233 2075 3297 me-
2102 3184 2146 3246 Ο

485 3295 575 3351 dio
601 3298 676 3353 tui
724 3309 902 3356 erunt.
940 3321 960 3355 ι
1004 3302 1076 3358 Ut
1127 3305 1328 3361 sentias
1370 3322 1490 3377 qua:
1521 3303 1735 3378 fecisti,
1783 3313 1837 3367 et
1884 3312 2074 3371 videns

485 3388 917 3450 abominationcs
944 3402 1064 3451 tuas
1084 3396 1169 3451 vel
1206 3398 1259 3473 in
1294 3409 1587 3471 conspectu
1620 3410 1729 3469 tuo,
1767 3405 1851 3460 vel
1872 3405 1927 3460 in
1954 3421 2071 3462 me-

483 3484 572 3538 dio
617 3485 856 3541 omnium
905 3488 1111 3560 positas
1152 3493 1408 3548 emendes
1437 3508 1679 3551 errorem
1712 3499 2070 3567 ptenitudiae,

394 3574 401 3581 ’
483 3586 538 3629 et
562 3577 821 3633 recedens
849 3595 881 3634 a
923 3581 1171 3657 pristinis
1199 3584 1476 3655 operibus,
1527 3602 1652 3642 cum
1701 3589 1904 3656 oderis,
1952 3605 2073 3661 qua:

482 3664 678 3733 fecisti,
705 3676 830 3725 tunc
859 3669 1064 3728 sentias
1092 3674 1236 3744 quod
1267 3674 1391 3744 ipse.
1410 3677 1480 3731 sit
1508 3676 1787 3745 Dominus,
1821 3680 1911 3750 qui
1950 3680 2074 3736 ideo

480 3759 714 3826 percutit
739 3770 798 3815 ut
820 3763 1092 3832 emendet,
1115 3775 1170 3822 et
1199 3761 1673 3837 castigat‘onmem
1704 3770 1872 3827 filium
1908 3788 2068 3843 quem

483 3851 675 3922 recipit
703 3851 893 3925 (Hebr.
928 3857 1053 3927 an).

559 3962 576 3995 ι
609 3944 749 4000 Ecce
775 3947 909 4013 dies,
959 3965 1087 4006 ecce
1132 3948 1302 4019 venit,
1349 3970 1567 4027 egressa
1594 3966 1695 4013 »ρει
1746 3949 2067 4029 contractio,

488 4053 505 4083 ι
537 4032 715 4089 ﬂoruit
743 4036 914 4108 virga,
958 4042 1279 4111 germinavit
1326 4048 1602 4115 superbia,
1644 4048 1903 4121 iniquitas
1949 4064 2069 4105 sur-

487 4144 505 4177 ι
536 4127 675 4181 rexit
698 4125 753 4182 in
778 4129 931 4202 virga
969 4130 1281 4207 impietatis,
1316 4152 1421 4189 non
1448 4153 1514 4192 ex
1539 4138 1641 4203 eis,
1671 4148 1728 4193 et
1753 4156 1858 4194 non
1888 4156 1956 4195 ex
1978 4156 2073 4211 po-

487 4233 504 4266 ι
537 4215 679 4286 pulo,
708 4234 884 4290 neque
914 4236 983 4277 ex
1023 4223 1201 4278 sonitu
1237 4242 1450 4292 eorum,
1482 4237 1536 4282 et
1579 4244 1685 4282 non
1715 4230 1820 4284 erit
1853 4232 2071 4302 requies

486 4326 503 4355 ι
534 4299 630 4361 eis.
666 4309 822 4366 Venit
852 4318 1091 4383 tempus,
1124 4315 1573 4387 appropinquavit
1613 4317 1749 4372 dies.
1781 4319 1882 4386 Qui
1914 4299 2067 4387 emit,

485 4419 502 4450 ι
535 4395 639 4454 non
668 4394 909 4469 laetetur;
952 4410 1006 4458 ct
1047 4404 1140 4475 qui
1175 4406 1376 4472 vendit,
1400 4421 1514 4485 non
1554 4405 1772 4479 lugeat:
1819 4409 1944 4479 quia
1987 4412 2068 4466 ira

485 4509 502 4540 ι
535 4506 696 4560 super
721 4508 937 4549 omnem
964 4491 1219 4566 populum
1242 4495 1377 4567 ejus.
1405 4495 1540 4564 Quia
1567 4498 1657 4566 qui
1687 4498 1893 4564 vendit,
1923 4499 1990 4553 ad
2014 4496 2068 4555 id

2192 1932 2251 1977 ut
2272 1924 2534 1980 moriatur
2555 1934 2609 1980 et
2637 1935 2821 1998 pateat
2842 1929 3019 1985 omnis
3059 1930 3332 2002 superbia,
3358 1946 3468 2002 qua:
3490 1931 3566 1987 diu
3595 1929 3708 2000 jace-

2187 2016 2283 2072 bat
2308 2018 2537 2086 inclusa,
2569 2028 2624 2075 et
2673 2021 2966 2076 suscitetur
3016 2022 3219 2095 injuria
3264 2010 3443 2079 contra
3488 2033 3634 2078 ortam
3666 2033 3709 2079 et

2188 2110 2581 2179 germinantem
2642 2113 2949 2183 superbiam
2976 2155 2990 2180 ,
3042 2122 3456 2186 conteraturque
3504 2114 3710 2170 fortitudo

2187 2198 2378 2269 iniqui,
2409 2216 2515 2256 non
2570 2214 2694 2257 cum
2746 2198 3177 2274 perturbatione,
3233 2221 3400 2277 neque
3434 2223 3542 2262 cum
3590 2205 3710 2263 fess-

2185 2290 2426 2347 natione.
2460 2291 2611 2349 Finis
2635 2294 2780 2350 enim
2809 2292 3052 2352 ﬂorentis
3077 2298 3247 2369 virga:
3274 2297 3466 2354 sanitas
3491 2304 3562 2353 est
3581 2306 3709 2368 atque

2185 2385 2476 2455 correptio,
2502 2402 2621 2458 qua:
2647 2404 2751 2443 non
2801 2402 2987 2444 eorum
3030 2392 3231 2447 merito
3259 2391 3421 2456 venit,
3451 2392 3532 2461 qui
3573 2390 3708 2445 corri-

2184 2473 2423 2542 piuntur,
2458 2480 2557 2530 nec
2588 2475 3009 2546 pulchritmline,
3035 2496 3203 2559 quam
3239 2481 3290 2535 in
3330 2496 3385 2536 se
3411 2496 3506 2534 non
3534 2477 3710 2553 habent,

2187 2567 2276 2621 sed
2330 2568 2697 2626 misericordia
2746 2572 2980 2628 Domini.
3035 2572 3214 2629 Locus
3256 2572 3472 2630 dillieilis
3515 2580 3561 2627 et
3604 2571 3714 2626 inter

2183 2655 2508 2715 Hebraieum
2537 2671 2592 2718 et
2635 2661 2984 2735 Septuaginta
3016 2664 3249 2720 multum
3281 2665 3585 2734 discrepans,
3619 2661 3712 2732 uui-

2181 2749 2283 2805 bus
2308 2752 2562 2825 pleraque
2592 2757 2659 2810 de
2687 2756 3075 2812 Theodotionis
3117 2758 3356 2814 editione
3400 2757 3561 2812 addita
3596 2761 3710 2815 sunt,

2180 2855 2241 2903 ut
2258 2845 2501 2916 aliquam
2529 2846 2731 2902 habere
2755 2842 3205 2919 consequentiam
3235 2849 3561 2906 viderentur:
3590 2865 3605 2898 ι
3631 2842 3713 2899 Ve-

2179 2939 2261 2994 nit
2310 2946 2545 3009 tempus,
2601 2940 3052 3010 apprOpinquavit
3096 2942 3238 2998 dies.
3276 2963 3295 2996 »
3348 2941 3457 2997 Non
3494 2939 3638 2997 solum
3661 2937 3713 2990 ad

2177 3026 2479 3086 Jerusalem
2537 3030 2763 3098 dicitur,
2786 3033 2930 3103 quod
2971 3037 3182 3089 venerit
3214 3037 3261 3091 ei
3298 3046 3494 3105 tempus
3536 3028 3716 3101 captivi.

2179 3122 2327 3187 tatis,
2368 3124 2424 3178 et
2456 3124 2974 3195 appropinqua‘verit
3017 3125 3134 3181 dies
3188 3142 3297 3197 quo
3352 3123 3618 3197 Babylonio
3661 3120 3716 3174 sit

2178 3214 2429 3269 vallanda
2458 3215 2722 3281 exercitu,
2749 3214 2844 3270 sed
2874 3224 2929 3271 et
2955 3216 3027 3281 ei,
3053 3218 3148 3286 qui
3174 3216 3461 3273 exstructis
3485 3222 3534 3268 et
3562 3206 3716 3267 dilata-

2176 3304 2248 3360 tis
2278 3303 2490 3359 horrcis
2517 3306 2846 3371 exsultabat,
2889 3304 3148 3361 Dominus
3199 3307 3473 3376 loquitur:
3510 3325 3526 3355 ι
3560 3292 3717 3362 Stulte,

2177 3393 2278 3449 hac
2312 3402 2471 3448 nocte
2495 3392 2770 3448 auferetur
2811 3410 2842 3448 a
2890 3404 2943 3450 te
3006 3396 3190 3451 anima
3255 3405 3365 3451 tua.
3414 3392 3532 3462 Qua:
3575 3400 3720 3468 autem

2172 3484 2490 3553 praeparasti
2533 3484 2688 3554 cujus
2724 3495 2884 3541 erunt
2910 3484 3062 3558 (Luc.
3090 3484 3210 3559 xi)?
3232 3509 3250 3540 ι
3286 3485 3438 3543 Unde
3462 3493 3511 3540 et
3528 3482 3716 3553 Aposto-

2174 3574 2294 3629 lus:
2333 3593 2353 3626 ι
2405 3573 2665 3644 Tempus,
2717 3576 2814 3642 ait,
2868 3575 3246 3633 abbreviatum
3273 3585 3376 3633 est.
3410 3597 3429 3628 ι
3461 3576 3523 3631 Et
3559 3575 3606 3628 in
3637 3569 3721 3626 alio

2174 3671 2334 3726 loco:
2369 3684 2388 3716 ι
2440 3662 2689 3720 Praeterit
2735 3666 2880 3721 enim
2932 3667 3102 3739 ﬁgura
3138 3667 3305 3739 hujus
3353 3665 3528 3723 mundi
3554 3660 3599 3737 (Ι
3623 3658 3720 3744 Cor.

2173 3758 2292 3830 vn).
2327 3776 2347 3809 ι
2381 3756 2798 3829 Notandnmque
2821 3761 2966 3830 quod
2993 3774 3099 3816 non
3122 3761 3180 3816 in
3205 3761 3448 3816 futurum
3476 3754 3720 3815 distulerit,

2173 3849 2269 3906 sed
2297 3852 2362 3905 de
2391 3850 2643 3919 praesenti
2683 3850 2904 3917 dixerit,
2956 3853 3225 3922 przeterit.
3257 3852 3327 3908 Et
3364 3846 3587 3923 quotidie
3622 3842 3724 3898 labi-

2174 3949 2263 3996 tur
2288 3930 2460 4012 figura
2523 3940 2729 3995 mundi.
2781 3938 3068 4011 Nunquam
3100 3943 3251 3997 enim
3294 3942 3352 3996 in
3393 3942 3570 3995 eodem
3608 3939 3724 3988 statu

2170 4039 2472 4104 permanet,
2515 4031 2609 4087 sed
2634 4046 2847 4103 semper
2868 4031 3236 4089 crescentinm
3258 4040 3315 4088 et
3337 4022 3723 4088 decrescentium

2171 4122 2341 4196 ﬁgura
2370 4114 2711 4195 prtetervolat
2743 4128 2799 4181 et
2836 4134 3111 4182 mutatur.
3171 4125 3327 4182 Unde
3365 4130 3419 4180 e't
3460 4119 3720 4178 Dominus:

2170 4215 2391 4280 coelum,
2437 4216 2632 4285 inquit,
2676 4227 2732 4271 et
2766 4223 2912 4272 terra
2951 4219 3276 4288 praeteribit.
3315 4215 3415 4272 Sin
3440 4220 3606 4268 autem
3633 4207 3725 4261 lucc

2171 4305 2365 4376 quibus
2415 4305 2624 4369 omnia,
2670 4319 2789 4375 qua:
2846 4305 2899 4362 in
2957 4305 3159 4362 mundo
3230 4314 3362 4362 sunt
3432 4300 3728 4357 continenter

2167 4405 2517 4467 praetereunt,
2542 4394 2715 4469 atque;
2745 4404 3150 4467 pertranseunt,
3188 4392 3325 4466 quid
3371 4398 3544 4466 potest
3569 4391 3616 4444 in
3647 4385 3727 4439 hu-

2169 4488 2344 4543 manis
2369 4486 2531 4543 rehus
2559 4502 2678 4543 esse
2706 4490 3070 4559 perpetuum?
3110 4509 3128 4540 ι
3164 4489 3267 4557 Qui
3296 4489 3449 4553 emit,
3480 4499 3580 4539 non
3611 4480 3728 4533 laete-

486 4572 506 4633 ι’
534 4583 677 4650 quod
703 4586 945 4641 vendidit
973 4602 1079 4642 non
1110 4600 1435 4656 revertetur,
1480 4599 1536 4645 et
1566 4590 1743 4646 adlmc
1796 4592 1849 4646 in
1882 4592 2067 4647 viven-

2180 4585 2294 4643 tur;
2329 4588 2385 4632 et
2424 4579 2515 4648 qui
2559 4551 2766 4644 vendit,
2796 4551 2904 4635 non
2946 4580 3146 4652 lugeat.
3200 4600 3220 4632 ›
3266 4577 3526 4634 Naturale
3568 4578 3643 4628 est
3684 4568 3728 4621 in

488 4694 506 4724 ι
536 4677 680 4731 tibus
700 4679 809 4732 vita
852 4694 1059 4734 eorum.
1095 4679 1245 4738 Visio
1271 4682 1417 4737 enim
1466 4683 1535 4737 ad
1579 4700 1792 4739 omnem
1821 4685 2066 4740 multitu-

490 4782 507 4811 ι
541 4760 720 4818 dinem
763 4765 878 4835 ejus
908 4783 1015 4823 non
1054 4771 1408 4841 regredietnr.
1435 4771 1503 4827 Et
1546 4774 1629 4827 vir
1680 4774 1733 4827 in
1784 4774 2068 4844 iniquitate

488 4872 506 4903 ι
537 4856 659 4909 vitae
687 4871 798 4911 suae
828 4873 933 4912 non
980 4859 1394 4917 confortabitur.
1429 4882 1447 4915 ι
1478 4861 1746 4936 (Ηὶενοη.)
1777 4863 2068 4921 Contracta

483 4953 589 5009 est,
642 4945 836 5017 inquit,
886 4948 1022 5015 dies,
1070 4960 1126 5006 et
1177 4953 1514 5019 abbreviata,
1569 4954 1840 5027 instatque
1893 4958 2069 5021 vicina

483 5037 791 5106 captivitas,
837 5037 1124 5111 ﬂoruitque
1165 5044 1337 5116 virga,
1385 5062 1506 5116 qua:
1550 5047 1719 5102 multo
1746 5047 1900 5104 vobis
1930 5058 2070 5104 tem-

482 5134 615 5198 pore
635 5129 963 5197 minabatur,
1003 5141 1057 5187 et
1085 5134 1150 5189 de
1187 5114 1317 5191 ﬂore
1353 5114 1589 5193 frifctum
1625 5139 1909 5209 plagarum
1944 5154 2071 5210 par-

484 5222 636 5283 turit,
673 5223 924 5293 superbia
948 5234 1131 5280 vestra
1155 5216 1500 5296 germinavit;
1527 5232 1666 5300 quod
1692 5233 2067 5299 merebamiui,

481 5321 544 5365 ut
571 5327 733 5383 super
760 5314 910 5385 virga
956 5315 1249 5386 impietatis
1275 5329 1490 5385 vestrm,
1531 5337 1638 5392 qua
1677 5322 1948 5391 subjectos
1976 5340 2071 5379 vos

485 5403 649 5474 impie
692 5406 1001 5474 caadebatis,
1047 5420 1337 5481 consurgat
1373 5413 1645 5483 iniquitas,
1700 5433 1820 5486 qua:
1849 5434 1956 5472 non
1989 5429 2073 5473 est

483 5506 549 5547 ex
580 5493 872 5551 miserabili
891 5496 1090 5568 populo
1115 5514 1292 5570 neque
1344 5515 1410 5555 ex
1443 5502 1528 5557 his
1566 5504 1656 5574 qui
1688 5505 1859 5585 insue:
1880 5507 2069 5560 bruto-

483 5596 603 5635 rum
653 5582 1009 5641 animantium
1056 5588 1313 5644 dicuntur
1359 5608 1389 5646 ιι
1433 5596 1725 5667 magistris,
1778 5582 1955 5668 neque
1999 5613 2067 5654 ex

487 5671 720 5727 clamore
760 5689 946 5730 eorum
984 5685 1039 5732 et
1067 5678 1245 5733 sonitu
1274 5696 1383 5752 quo
1410 5680 1611 5741 frustra
1646 5684 2013 5744 vociferantur
2035 5704 2066 5744 a

484 5758 857 5820 s-ccrdotibus
899 5767 1290 5842 PharisaeisQue
1339 5776 1545 5832 seducti
1570 5786 1626 5832 ut
1668 5795 1903 5838 consona
1933 5798 2063 5839 voce

2167 4666 2574 4737 possessionum
2604 4669 2877 4740 emptione
2920 4670 3110 4736 lauari,
3145 4670 3199 4724 in
3223 4662 3536 4724 venditione
3561 4665 3728 4733 lugere-

2174 4757 2518 4813 Cum‘autem
2552 4758 2720 4814 instet
2745 4760 2979 4815 servitus
3003 4769 3166 4830 atque
3204 4759 3519 4830 captivitas,
3552 4763 3601 4809 et
3621 4762 3728 4822 gau-

2177 4848 2324 4903 dium
2356 4858 2411 4904 et
2447 4849 2690 4915 tristitia,
2732 4850 2788 4904 in
2834 4858 3068 4921 utroque
3120 4860 3250 4906 sunt
3300 4863 3460 4904 vana.
3514 4842 3653 4903 Unde
3690 4843 3735 4889 cl

2176 4938 2500 5009 Apostolus:
2542 4958 2561 4991 ι
2598 4936 2832 5011 Tempus
2868 4932 3252 4996 abbreviated]
3280 4946 3387 4994 est.
3435 4936 3509 4992 De
3546 4938 3730 4988 caetero,

2178 5033 2268 5102 qui
2300 5030 2503 5089 habent
2543 5047 2740 5090 uxores
2780 5033 2863 5089 sic
2890 5033 3020 5099 sint,
3067 5033 3225 5104 quasi
3271 5048 3386 5087 non
3419 5029 3663 5086 habeant.
3691 5025 3736 5071 ει

2177 5126 2269 5197 qui
2304 5124 2450 5190 ﬂent,
2484 5136 2739 5198 tanquam
2767 5143 2872 5182 non
2904 5126 3083 5183 ﬂeant.
3124 5126 3189 5182 Et
3233 5126 3329 5197 qui
3365 5123 3610 5197 gaudent,
3636 5122 3733 5168 tan-

2178 5230 2342 5285 quam
2380 5233 2486 5270 non
2514 5218 2796 5288 gaudeant.
2827 5217 2894 5272 Et
2919 5218 3011 5288 Qui
3051 5227 3263 5281 emunt,
3311 5214 3470 5287 quasi
3516 5227 3613 5267 non
3635 5216 3737 5277 pos:

2176 5306 2417 5375 sideant;
2472 5318 2528 5364 et
2577 5310 2668 5380 qui
2715 5318 2941 5364 utuntur
2996 5310 3194 5364 mundo
3255 5309 3405 5373 isto,
3459 5301 3604 5376 quasi
3647 5308 3733 5350 non

2177 5405 2398 5469 utantur
2426 5397 2476 5470 (Ι
2500 5398 2623 5454 Cor.
2651 5400 2769 5474 vn).
2803 5420 2821 5452 ι
2867 5399 3000 5455 Nam
3031 5410 3085 5457 et
3110 5399 3378 5455 diluvium
3409 5402 3639 5476 ementes
3661 5396 3738 5488 0p-

2170 5487 2386 5555 prcssit,
2439 5498 2603 5559 atque
2649 5491 2968 5557 vendentes,
3014 5501 3077 5547 ut
3123 5491 3393 5546 Dominus
3436 5486 3659 5557 loquitur
3692 5486 3736 5530 in

2170 5574 2461 5649 Evangelio
2490 5599 2503 5634 :
2543 5596 2560 5632 ι
2599 5581 2736 5648 Quia
2767 5582 2844 5638 ira
2876 5598 3039 5653 super
3063 5597 3282 5638 omnem
3309 5580 3565 5652 populum
3592 5573 3735 5643 eius"

2166 5664 2283 5722 Hoc
2326 5669 2377 5722 in
2423 5667 2776 5743 Septuaginta
2820 5688 2926 5728 non
2952 5675 3198 5737 habetur,
3237 5688 3341 5744 pro
3367 5670 3563 5742 populo
3588 5665 3740 5736 potest

2167 5761 2450 5819 multitudo
2496 5774 2550 5821 et
2598 5767 2753 5823 turba
2794 5768 2949 5838 juxta
3011 5767 3359 5825 llebraicum:
3394 5761 3584 5834 accipi.
3645 5752 3743 5810 ῐὶοο
