3954 6182
304 328 452 382 ιϐιδ

1288 325 1652 384 ευθΜΜΕΝΤ.
1696 328 1759 382 ΙΝ
1800 326 2254 385 EZEClllELEM.
2298 362 2364 370 --
2402 328 2532 388 LlB.
2575 330 2639 386 ν.

3510 336 3616 393 σει

336 445 485 497 enim
515 439 783 512 signiﬁcat
806 455 1020 496 amona.
1050 441 1332 511 Causaque
1352 445 1634 514 perspicua
1660 443 1924 513 est,qno.l
1954 450 2003 506 Α
2028 434 2153 513 geli,
2183 452 2238 500 et
2262 445 2315 499 in
2347 446 2472 500 tuba
2503 446 2595 501 Dei
2622 445 2911 501 descendet
2935 447 3003 502 de
3029 426 3169 504 cutio
3199 446 3250 520 (1
3278 444 3458 504 Thess.
3479 448 3570 518 tv).
3588 473 3606 503 ι

338 535 545 591 ideirco
586 533 679 604 qui
712 534 866 597 emit,
893 533 1128 604 gaudere
1152 548 1262 587 non
1295 534 1510 599 debeat,
1535 540 1596 589 'et
1618 535 1711 603 qui
1740 534 1925 590 vendit

334 634 385 687 tu
397 638 525 695 gere
548 625 798 689 desistat,
822 625 956 694 quia
981 625 1059 679 ira
1091 625 1184 681 Dei
1212 625 1265 679 in
1293 624 1443 679 brevi
1466 634 1696 681 ventura
1726 626 1809 681 sit
1826 640 1924 681 su-

336 731 438 782 per
482 730 697 773 omnem
735 716 1133 771 multitudinem
1182 723 1343 771 terra:
1367 713 1587 780 Iudaee,
1613 718 1728 772 sive
1769 716 1924 773 Jeru-

333 808 528 861 salem.
561 807 635 861 Ex
665 807 1036 876 superioribus
1081 808 1223 862 enim
1268 807 1588 878 intelligitur
1629 809 1681 864 in
1726 810 1921 880 quibus

332 900 600 967 scriptum
627 905 746 954 est:

414 1007 435 1039 ι
466 988 588 1042 Haec
612 986 743 1042 dicit
775 985 1038 1042 Dominus
1082 984 1220 1042 Deus
1246 988 1429 1042 Israel.
1479 988 1583 1054 Qui
1612 989 1816 1052 vendit,
1852 992 1921 1049 ad

339 1097 358 1128 ε
380 1080 449 1133 'id
473 1079 617 1141 quod
659 1079 899 1133 vendidit
936 1084 1043 1132 non
1089 1091 1409 1135 revertetur.
1447 1101 1466 1132 ι
1497 1080 1657 1137 Juxta
1689 1081 1912 1136 Hebrai-

330 1186 463 1223 cnm
488 1185 695 1224 morem
713 1169 976 1238 loquitur.
1005 1169 1196 1225 Onniis
1231 1172 1376 1225 enim
1403 1172 1606 1240 emptio
1635 1173 1700 1225 ad
1731 1172 1917 1226 vendi-

333 1269 513 1315 torem
547 1246 1398 1331 revertebaturquinquagesimo
1419 1277 1561 1317 atnto
1589 1262 1922 1325 omissionis,

333 1354 429 1424 qui
454 1352 593 1422 apud
628 1352 746 1406 illos
761 1344 1268 1423 vocaturjubibeus.
1296 1351 1436 1407 Ante
1458 1353 1620 1423 igitur
1644 1366 1809 1421 quam
1830 1366 1919 1405 an-

333 1458 443 1498 nus
455 1442 787 1497 remissionis
796 1443 1064 1507 adveniat,
1080 1441 1301 1512 quando
1318 1432 1685 1512 possessiones
1699 1443 1765 1497 ad
1779 1443 1918 1512 prio-

333 1548 428 1589 res
453 1534 698 1589 dominos
713 1542 1078 1598 revertuntur,
1106 1534 1319 1606 ingruet
1340 1533 1647 1603 captivitas,
1665 1548 1786 1604 quae
1805 1546 1920 1589 om-

337 1642 469 1683 nem
496 1626 647 1683 nrbis
681 1625 890 1681 auferet
918 1627 1384 1682 mansuetudinem.
1417 1626 1589 1682 Porro
1633 1626 1777 1696 quod
1823 1624 1924 1681 Se-

334 1721 617 1791 ptuagiqu
638 1718 1050 1782 transtulerunt,
1069 1702 1191 1788 quia
1215 1719 1306 1790 qui
1321 1725 1485 1784 emet,
1502 1719 1570 1774 ad
1586 1717 1920 1773 venditorem

2026 534 2094 589 Et
2134 535 2190 589 in
2226 534 2552 606 Evangelia:
2592 555 2611 590 ι
2663 536 2840 593 Nolite
2887 539 3013 594 tuba
3066 539 3317 611 clangere
3360 550 3491 599 ante
3515 558 3611 600 vos

2026 625 2363 697 (Malm-vr).
2403 647 2420 678 ι
2462 624 2528 681 Ει
2559 628 2715 683 tubas
2744 629 2974 684 ductiles
2999 637 3160 699 atque
3186 640 3467 700 argenteas
3497 630 3611 687 Nu-

2024 730 2301 771 merorum
2350 725 2536 771 narrat
2584 717 2813 774 historia
2861 719 3049 790 (Num.
3082 722 3163 793 x),
3209 737 3329 792 qua:
3375 725 3615 779 sermoni
3695 708 3699 713 ’

2024 809 2338 880 prophetico
2412 823 2797 880 comparantur
2853 821 2907 868 et
2965 814 3227 869 doctrinm
3282 816 3611 886 apostolicm.

2023 898 2441 970 Pra‘cipiturque
2469 917 2630 966 nunc,
2664 910 2721 956 ut
2750 918 2939 959 omnes
2974 906 3040 960 ad
3087 895 3297 976 signum
3340 906 3606 978 claugoris

2022 1004 2075 1048 et
2099 994 2339 1071 buccinat
2378 1004 2752 1063 praeparentur
2783 996 2848 1050 ad
2889 996 3052 1053 bella.
3098 998 3259 1071 Juxta
3288 1007 3609 1069 praesentem

2022 1092 2201 1137 autem
2235 1098 2450 1139 sensum
2479 1085 2736 1155 jubentur
2764 1102 2861 1157 per
2888 1088 3136 1152 ironiam,
3166 1090 3222 1144 bi
3249 1091 3337 1160 qui
3370 1090 3496 1145 huic
3522 1089 3612 1145 of-

2022 1176 2145 1231 ﬁcio
2174 1177 2462 1245 utancipati
2499 1186 2646 1242 sunt,
2680 1179 2805 1233 tuba
2835 1180 3107 1251 clangere,
3155 1190 3214 1236 ut
3252 1198 3441 1238 onmcs
3472 1198 3611 1238 con-

2022 1273 2104 1318 tra
2134 1265 2483 1339 Babylonium
2527 1279 2787 1336 parentur
2825 1272 3142 1325 exercitum.

2011 1390 2015 1396 ι
2099 1355 2212 1413 «Et
2262 1371 2368 1410 non
2415 1365 2519 1423 est,
2544 1358 2634 1427 qui
2684 1360 2846 1415 vadat
2896 1358 2967 1415 ad
3029 1360 3295 1430 praelium.
3324 1361 3408 1416 Ira
3458 1363 3607 1418 enim

2028 1463 2048 1498 ί
2078 1454 2197 1503 mea
2250 1463 2410 1517 super
2440 1464 2656 1504 omnem
2704 1450 3103 1505 multitudinem
3152 1451 3289 1523 ejus.
3326 1473 3346 1505 ι
3384 1453 3450 1507 Et
3493 1454 3608 1509 haec

2022 1538 2076 1592 in
2124 1537 2475 1610 Septuaginta
2509 1556 2614 1595 non
2661 1542 2950 1597 habentur.
2992 1542 3328 1624 Praeceperat
3371 1542 3513 1599 Deus
3548 1554 3607 1598 ut

2024 1628 2151 1683 tuba
2179 1639 2438 1684 canerent
2475 1630 2542 1684 ad
2578 1631 2878 1685 exercitum
2916 1631 3349 1701 prazparandum,
3378 1631 3470 1702 qui
3497 1631 3603 1686 Ba—

2020 1717 2360 1790 byloniorum
2406 1730 2589 1790 posset
2650 1722 2906 1777 resistere
2959 1721 3285 1795 fortitudini.
3325 1722 3421 1778 sed
3472 1723 3605 1778 nihil

330 1828 447 1866 non
486 1818 808 1877 revertetur,
845 1825 968 1865 cum
1014 1808 1169 1879 juxta
1216 1810 1499 1866 historiam
1546 1809 1761 1880 penitus
1810 1823 1917 1863 non
1950 1802 1993 1861 Β
2020 1811 2223 1881 profuit
2261 1813 2582 1883 imperasse,
2620 1827 2745 1869 cum
2790 1830 2897 1870 non
2944 1815 3013 1869 sit
3057 1815 3111 1869 in
3148 1815 3363 1885 populo,
3389 1815 3482 1885 qui
3512 1830 3609 1869 au-

330 1903 627 1967 cohzereat,
663 1900 819 1970 juxta
863 1907 1145 1972 anagogen
1180 1901 1324 1956 hunc
1351 1914 1569 1955 sensum
1598 1899 1799 1954 habere
1822 1912 1921 1969 po-

332 2003 469 2059 test,
496 2002 556 2048 ut
581 1994 826 2049 dicamus
873 2008 1031 2059 eum,
1077 1993 1171 2062 qui
1217 1991 1470 2047 haeretica
1512 1989 1692 2045 fuerat
1733 2002 1919 2045 errore

322 2086 611 2156 deceptus,
652 2101 781 2140 cum
826 2084 1151 2141 intellexerit
1188 2083 1432 2155 magistri
1476 2080 1914 2147 fraudulentiam,

327 2190 676 2247 nequaquam
702 2175 902 2231 reverti
942 2175 1010 2230 ad
1036 2174 1393 2239 venditorem,
1423 2173 1479 2227 id
1520 2181 1626 2237 est,
1654 2172 1722 2226 ad
1751 2170 1918 2242 magi-

324 2278 528 2335 strum,
559 2268 655 2323 sed
695 2282 820 2323 eum
866 2266 1145 2338 despicere
1194 2273 1356 2336 atque
1393 2270 1762 2321 eantemnere.
1796 2280 1816 2313 ι
1855 2262 1918 2317 Ει

326 2361 512 2416 adhuc
536 2360 591 2414 in
611 2359 918 2415 viventibus
932 2359 1041 2413 vita
1067 2368 1277 2422 eorum,
1295 2355 1421 2426 quia
1442 2354 1582 2410 visio
1606 2354 1674 2408 ad
1698 2360 1915 2408 omnem

328 2451 747 2506 multitudinem
792 2448 910 2519 ejus
984 2464 1091 2504 non
1140 2448 1497 2519 regredietur.
1554 2466 1574 2499 ι
1637 2444 1917 2512 Quomddb

324 2545 602 2614 possessio
664 2558 773 2599 non
842 2550 1147 2599 revertetur
1193 2542 1261 2597 ad
1313 2541 1553 2610 priorem
1605 2538 1912 2605 dominum,

322 2639 615 2693 eversione
668 2636 817 2691 urbis
862 2636 1115 2699 instante,
1170 2635 1250 2689 sic
1295 2633 1433 2688 visio
1478 2642 1535 2688 et
1569 2631 1916 2709 comminatio

323 2731 678 2803 prophetalis,
711 2743 833 2802 qua)
856 2731 923 2786 ad
948 2743 1163 2784 omnem
1188 2725 1760 2782 multitudinemurbis
1791 2722 1919 2778 diti-

324 2823 501 2892 gitur,
547 2828 891 2893 nequaquam
938 2819 1300 2890 regredietur,
1344 2826 1399 2873 et
1449 2817 1603 2871 irrita
1650 2815 1772 2879 fiet,
1822 2814 1917 2869 sed

322 2912 497 2967 rebus
524 2911 827 2982 explebitur
849 2909 1153 2966 viventibus
1182 2908 1359 2964 adhuc
1386 2910 1472 2985 his
1523 2908 1590 2963 ad
1618 2922 1754 2976 quos
1792 2918 1918 2976 pro-

320 3001 567 3073 phetalis
593 3015 775 3057 sermo
803 3000 1070 3071 dirigitur.
1102 2997 1219 3054 Hoc
1245 3007 1424 3053 autem
1462 2998 1558 3064 ait,
1587 3005 1647 3051 ut
1671 2992 1917 3051 ostendat

322 3092 705 3148 imminentem
731 3090 1115 3161 captivitatem,
1147 3101 1214 3144 ne
1238 3089 1534 3144 secundum
1564 3084 1935 3143 consuetudl-u

2020 1905 2145 1960 deat
2188 1905 2253 1959 ad
2297 1902 2435 1958 bella
2480 1891 2792 1976 procedere.
2839 1904 3046 1960 Idcirco
3095 1914 3274 1961 autem
3316 1916 3606 1961 enervatus

2019 2006 2102 2053 est
2127 1996 2376 2067 populus,
2403 2003 2458 2051 et
2482 2003 2633 2051 caret
2672 1995 2881 2050 viribus
2912 1995 3213 2066 praeliaudi,
3262 1995 3389 2066 quia
3429 1996 3607 2051 omnis

2020 2090 2097 2143 ira
2132 2088 2225 2143 Dei
2265 2103 2430 2158 super
2458 2101 2674 2143 omnem
2710 2087 3111 2143 multitudinem
3155 2087 3297 2158 ejus,
3343 2086 3604 2143 subaudi-

2019 2188 2125 2245 tur,
2159 2179 2694 2255 lIierusalemurbis,
2725 2179 2839 2253 sive
2870 2187 3030 2234 terrm
3066 2178 3282 2235 Juthae.
3322 2178 3430 2234 Sed
3454 2188 3510 2234 et
3547 2179 3606 2233 in

2018 2277 2204 2323 nostra
2244 2277 2388 2323 terra
2417 2276 2473 2324 et
2516 2268 2877 2333 Hierusalem,
2914 2268 3131 2339 quando
3163 2285 3264 2326 nos
3294 2270 3378 2325 vel
3421 2286 3607 2341 perse-

2018 2360 2163 2414 cutio
2187 2359 2421 2430 publica,
2452 2359 2536 2413 vel
2569 2359 2846 2415 variorum
2877 2359 3146 2415 incentiva
3170 2360 3423 2414 vitiorum
3445 2375 3608 2430 supe-

2018 2467 2142 2508 rare
2170 2452 2441 2517 uituntu’r,
2471 2450 2674 2508 frustra
2705 2450 2946 2523 magistri
2978 2461 3181 2508 canunt
3215 2450 3341 2507 tuba
3368 2460 3423 2507 ct
3465 2468 3606 2522 prin-

2015 2558 2211 2615 parare
2240 2558 2338 2600 nos
2367 2542 2434 2596 ad
2477 2543 2617 2599 bella
2656 2542 2937 2608 festinant,
2980 2528 3282 2617 cumnnlla
3308 2543 3387 2598 'sit
3424 2544 3477 2597 in
3510 2559 3607 2614 po-

2017 2634 2144 2705 pulo
2169 2632 2445 2696 fortitudo,
2473 2648 2592 2704 qua:
2615 2632 2822 2688 idcirco
2857 2634 3135 2701 subtracta
3164 2640 3269 2699 est,
3299 2634 3423 2704 quia
3464 2635 3602 2689 imm

2017 2724 2229 2779 Domini
2262 2725 2551 2795 praesentia
2580 2739 2829 2779 meruere
2865 2732 3106 2793 peccata.
3184 2764 3188 2769 .

2092 2834 2110 2867 ι
2139 2813 2361 2871 Gladius
2391 2813 2545 2881 forts,
2566 2800 2742 2885 pestis
2770 2822 2825 2868 et
2845 2814 3015 2869 fames
3043 2814 3387 2870 intrinsecus.
3421 2812 3523 2882 Qui
3548 2815 3605 2871 iu

2021 2927 2041 2961 (
2071 2923 2201 2980 agro
2229 2915 2333 2973 est,
2367 2905 2546 2979 gladio
2573 2907 2866 2972 morietur;
2901 2916 2957 2960 et
2996 2906 3088 2977 qui
3124 2907 3179 2959 in
3222 2906 3463 2970 civitate,
3509 2912 3600 2977 pe-

2002 3006 2040 3052 ⁷«
2068 3000 2305 3057 stilentia
2341 3007 2397 3054 et
2424 2999 2567 3053 fame
2617 2998 3038 3054 devorabuntur.
3071 2997 3136 3052 Et
3162 2996 3296 3052 salvi
3324 3007 3484 3052 erunt
3508 3002 3602 3066 qui

2025 3111 2044 3146 ι
2076 3092 2310 3163 fugerint
2338 3106 2403 3145 ex
2428 3092 2528 3146 eis.
2562 3091 2839 3161 Erantque
2882 3088 2934 3144 in
2976 3088 3270 3156 montibus,
3317 3090 3470 3158 quasi
3514 3106 3603 3145 co-

320 3199 459 3240 netn
484 3185 746 3248 dicerent,
778 3181 929 3237 Visio
952 3183 1072 3237 haec
1112 3181 1165 3235 in
1193 3181 1381 3250 longos
1408 3179 1524 3234 dies
1548 3179 1669 3243 erit,
1713 3166 1767 3233 et
1794 3187 1917 3247 post
1943 3154 1987 3216 (ἶ
2027 3206 2044 3237 α
2072 3154 2270 3240 lambat
2310 3183 2635 3240 convallium
2679 3154 2868 3237 omnes
2913 3182 3105 3251 trepidi
3153 3154 3522 3251 unusquisque
3553 3183 3605 3236 in

323 3285 577 3346 teatpora
601 3274 768 3329 multa
788 3272 1163 3343 complebitur.
1191 3270 1485 3326 Possumus
1512 3279 1565 3325 et
1589 3269 1692 3324 hoc
1716 3270 1914 3333 dicere,

318 3365 800 3437 quod’postquam
849 3362 1137 3419 recesserit
1170 3377 1201 3417 a
1240 3359 1439 3416 Judacis
1467 3361 1604 3416 visio
1630 3360 1919 3432 propheta-

321 3457 422 3512 lis.
452 3474 472 3508 ι
508 3457 614 3511 Lex
655 3456 799 3510 enim
827 3462 885 3510 et
908 3455 1184 3524 prophetae
1223 3466 1395 3524 usque
1421 3453 1489 3507 ad
1519 3450 1779 3508 Joannem
1809 3452 1918 3507 Ba-

321 3551 555 3621 ptistam
582 3546 795 3621 (Matth.
826 3548 925 3620 an),
962 3568 983 3601 ι
1038 3548 1162 3618 post
1203 3547 1632 3602 interfectionem
1673 3544 1919 3600 Salvato-

326 3645 416 3699 ris
439 3659 777 3714 nequaquam
809 3644 1141 3716 regrediatur
1173 3643 1241 3698 ad
1261 3656 1378 3709 eos,
1409 3657 1510 3698 nec
1539 3642 1683 3697 ultra
1715 3642 1918 3697 habere

322 3724 645 3793 mereantur
685 3737 996 3808 prophetas,
1053 3734 1527 3806 significanterque
1575 3732 1642 3787 ad
1675 3746 1913 3799 onmem,

326 3826 536 3896 inquit,
581 3826 977 3881 multitudinem
1021 3825 1157 3881 visio
1203 3840 1312 3879 non
1369 3823 1724 3894 regredletur.
1779 3822 1919 3893 Ergo

326 3918 675 3989 regredietur
724 3918 792 3973 ad
819 3932 917 3974 eos
955 3918 1046 3988 qui
1070 3916 1136 3973 ex
1175 3914 1374 3971 Judreis
1415 3914 1642 3970 Domino
1670 3913 1915 3969 credide-

326 4017 490 4073 runt,
526 4008 808 4079 Apostolus
834 4007 1105 4073 videlicet,
1128 4015 1183 4063 et
1204 4007 1460 4076 reliquias
1480 4005 1660 4077 populi
1681 3999 1916 4070 Judaici,

318 4117 461 4175 qua:
503 4114 567 4157 ex
608 4100 773 4157 Israel
817 4100 979 4156 salvae
1012 4098 1169 4154 factae
1194 4107 1337 4155 sunt.
1389 4097 1495 4153 Sed
1544 4112 1646 4152 nec
1693 4096 1781 4150 isti
1813 4096 1918 4150 duo

324 4208 532 4250 versus
577 4192 847 4249 habentur
894 4192 951 4247 in
997 4189 1346 4262 Septuaginta
1372 4189 1609 4246 editione
1639 4206 1652 4242 :
1689 4207 1707 4241 ‹
1742 4187 1808 4243 Et
1835 4188 1919 4242 vir

323 4288 396 4341 in
426 4285 707 4356 iniquitate
731 4285 856 4339 vitat
885 4292 998 4338 suae
1033 4297 1141 4339 non
1173 4279 1586 4336 confortabitur.
1629 4298 1647 4332 ι
1685 4277 1918 4349 Septua—

316 4378 525 4448 ginta:
560 4376 658 4431 «Et
692 4376 854 4430 homo
879 4374 934 4428 in
968 4372 1140 4429 oculis
1158 4373 1281 4427 vitm
1313 4384 1424 4427 suae
1449 4386 1556 4425 non
1594 4371 1909 4425 obtinebit.»

320 4469 409 4526 Et
431 4476 513 4524 est
558 4481 748 4522 sensus
791 4466 945 4537 juxta
989 4462 1314 4520 Hebraicum
1349 4482 1361 4518 :
1394 4462 1508 4518 Non
1537 4463 1779 4534 proderit
1813 4464 1913 4519 ho-
1947 4512 1959 4537 ,

320 4557 474 4616 mini
500 4556 755 4626 iniquitas
782 4570 907 4620 sua,
935 4570 1035 4610 nec
1062 4554 1113 4609 ei
1148 4553 1407 4625 praebebit
1444 4554 1677 4625 aliquam
1706 4554 1917 4626 fortitu-

321 4652 538 4709 dinem.
592 4647 754 4704 Juxta
800 4647 1153 4719 Septunginta
1207 4666 1221 4700 :
1279 4646 1345 4702 Et
1399 4647 1561 4702 homo
1599 4647 1744 4717 quod
1775 4648 1919 4704 desi-

320 4740 569 4807 deravit,
601 4741 824 4811 quodin
852 4739 1051 4794 mundo
1078 4747 1288 4808 putavit
1315 4753 1435 4794 esse
1461 4738 1780 4810 pretiosum,
1811 4755 1916 4796 non
1952 4726 1959 4733 ’

318 4834 621 4899 obtinebit,
667 4832 762 4888 sed
806 4830 1058 4886 libertate
1097 4839 1391 4910 pereunte,
1438 4829 1716 4884 amittetur
1756 4845 1918 4885 onme

318 4926 480 4997 quod
506 4923 794 4997 pulchrum
835 4931 937 4978 est.
975 4921 1314 4993 Ambignitas
1374 4929 1554 4977 autem
1610 4921 1916 4978 litterarum

324 5016 722 5075 {Iehraicarum
755 5015 842 5071 iod
870 5010 927 5070 et
968 5022 1093 5079 va‘u,
1139 5029 1258 5085 qua:
1303 4998 1511 5069 tantum
1548 5013 1921 5085 magnitudine

324 5114 737 5175 discernuntur,
792 5107 921 5167 fecit
966 5107 1099 5163 alios
1140 5107 1505 5176 iniquitatem,
1556 5105 1697 5173 alios
1736 5105 1922 5161 oculos

325 5201 700 5275 interpretari.
867 5202 877 5211 ’

411 5314 429 5347 ι
463 5295 657 5351 Canite
689 5293 838 5360 tuba,
868 5299 1240 5365 prteparcntur
1264 5304 1473 5345 omnes.
1512 5310 1529 5342 ι
1564 5289 1641 5344 De
1667 5299 1919 5344 tuoarum

330 5389 596 5461 clangore
627 5394 683 5440 et
710 5384 890 5440 sonitu
932 5384 987 5437 in
1017 5382 1199 5437 multis
1244 5380 1377 5437 locis
1423 5379 1669 5452 legimus,
1702 5388 1760 5434 ut
1803 5380 1876 5435 ibi
1904 5397 1917 5434 :

337 5496 359 5529 ι
390 5476 552 5532 Sicut
595 5475 743 5541 tuba,
774 5474 950 5530 exaltu
997 5490 1184 5530 vocem
1236 5482 1384 5528 tuam
1431 5471 1566 5543 (lsa.
1601 5472 1786 5543 LVNI);
1822 5492 1840 5525 ›
1868 5480 1925 5528 et

336 5568 464 5624 alibi
501 5588 516 5623 :
546 5585 567 5620 ι
604 5567 846 5640 Clangite
873 5568 927 5622 in
953 5568 1236 5623 neomenia
1262 5567 1388 5622 tuba
1411 5565 1466 5620 in
1497 5566 1691 5637 insigni
1724 5565 1809 5620 die
1838 5579 1925 5619 so-

339 5648 876 5717 lemnitatislvestraa
903 5657 1074 5731 (Psal.
1122 5657 1314 5730 Lxxx);
1367 5679 1387 5710 ι
1432 5659 1575 5713 etin
1620 5651 1919 5733 Apostho:

349 5771 369 5803 ι
402 5750 670 5821 Quoniam
710 5753 825 5823 ipse
867 5751 1125 5808 Dominus
1157 5752 1209 5806 in
1239 5752 1414 5822 jussu.
1449 5751 1503 5805 in
1533 5764 1663 5807 voce
1689 5751 1920 5805 archan-

2026 3297 2044 3330 ‹
2073 3278 2356 3347 iniquitate
2383 3292 2500 3331 sua.
2534 3297 2551 3328 ι
2589 3274 2723 3331 Tres
2774 3284 2953 3343 autem
2999 3281 3183 3343 partes
3228 3273 3478 3334 aliorum.
3513 3273 3603 3343 qui

2018 3371 2074 3426 in
2110 3364 2244 3426 urbe
2286 3364 2595 3441 pestilentia
2633 3377 2689 3425 et
2733 3367 2873 3422 fame
2924 3366 3254 3430 moriantur,
3282 3374 3339 3419 et
3373 3364 3604 3427 aliorum

2018 3478 2153 3537 quos
2170 3461 2386 3535 gladius
2418 3459 2551 3515 foris
2588 3458 2898 3523 interﬁciet,
2930 3464 2985 3512 et
3022 3471 3235 3516 eorum,
3259 3457 3351 3524 qui
3380 3454 3581 3523 captivi

2019 3562 2184 3609 tatem
2228 3552 2349 3621 fuga
2393 3551 2684 3614 evaserint,
2730 3564 2891 3619 supra
2924 3546 3169 3620 legimus.
3205 3545 3468 3612 Quorum,
3512 3540 3601 3613 qui

2018 3644 2197 3700 salvus
2229 3642 2392 3698 fuerit
2439 3641 2688 3697 transibit
2719 3639 2786 3695 ad
2832 3647 3068 3703 montes,
3118 3644 3174 3691 et
3207 3636 3381 3691 instar
3410 3634 3610 3695 mussi-

2020 3736 2248 3791 tantium
2273 3722 2647 3790 columbarum
2675 3748 2774 3790 sua
2826 3731 3069 3805 trepidus
3115 3733 3338 3798 peccata
3368 3723 3606 3780 deﬂevit.

2020 3822 2372 3897 Tropologicc
2420 3840 2548 3880 vero
2591 3825 2671 3879 sic
2721 3822 3129 3893 intelligendum
3171 3838 3185 3875 :
3224 3820 3371 3891 quod
3398 3820 3492 3892 qui
3550 3820 3605 3875 iu

2017 3934 2148 3991 agro
2178 3927 2232 3974 et
2273 3932 2468 3988 campo
2509 3925 2624 3983 est,
2659 3924 2815 3971 extra
2840 3914 2974 3971 ﬁnes
3004 3913 3297 3968 Dominica:
3348 3911 3605 3973 civitatis.

2017 4027 2138 4082 qu
2193 4011 2582 4082 interpretatur
2638 4006 2885 4064 Ecclesia
2916 4048 2931 4071 ,
3000 4004 3296 4061 adversarii
3348 4020 3606 4060 mucrone

2010 4094 2284 4158 feriatum.
2310 4101 2413 4170 Qui
2455 4110 2636 4183 autem
2680 4100 2733 4155 in
2777 4100 2999 4155 civitate
3054 4098 3225 4169 egerit
3275 4096 3605 4173 negligenter

2017 4209 2119 4249 nec
2190 4193 2579 4265 praeparaverit
2627 4192 2731 4248 sibi
2777 4191 2948 4256 cibos,
2999 4188 3068 4244 de
3108 4188 3304 4257 quibus
3355 4185 3409 4239 in
3471 4185 3602 4239 Piu-

2015 4283 2215 4340 verbiis
2244 4284 2504 4355 scriptum
2534 4292 2617 4337 est
2654 4299 2667 4335 :
2714 4300 2732 4333 ι
2756 4280 2857 4348 Qui
2899 4286 3155 4350 operatur
3195 4285 3397 4330 terram
3451 4289 3603 4328 suam

2015 4377 2349 4434 saturabitur
2375 4370 2656 4448 panibus,»
2685 4374 2785 4429 iste
2812 4372 2954 4427 fame
2979 4370 3238 4425 morietur
3265 4374 3321 4421 et
3352 4364 3609 4436 pestilen-

2020 4471 2117 4528 tia.
2148 4469 2311 4525 Pauci
2343 4469 2399 4524 1ιὶ
2426 4468 2518 4537 qui
2539 4465 2622 4521 vel
2651 4466 3027 4521 haereticorum
3056 4459 3314 4531 gladium,
3343 4457 3428 4512 vel
3461 4456 3605 4513 desi-

2023 4563 2126 4618 dia:
2161 4576 2274 4617 suae
2300 4559 2496 4614 famem
2540 4564 2874 4623 mortemque
2912 4548 3232 4614 vitaverint,
3269 4562 3377 4604 non
3419 4547 3599 4607 salu-

2023 4653 2225 4707 buntur
2246 4650 2350 4707 nisi
2375 4650 2428 4703 in
2450 4646 2722 4715 montibus
2746 4652 2802 4698 et
2821 4642 2927 4697 nisi
2957 4637 3351 4709 assumpserint
3371 4637 3487 4694 alas
3513 4650 3607 4693 co-

2023 4741 2240 4807 lumbae,
2264 4749 2321 4796 et
2346 4736 2682 4821 evolaverint
2725 4741 2781 4790 et
2814 4730 3200 4801 requieveriut.
3236 4728 3367 4797 Quae
3399 4727 3609 4783 colum-

2022 4834 2106 4890 ba:
2135 4831 2371 4903 quandiu
2402 4816 2458 4884 in
2491 4827 2721 4882 vallibus
2753 4833 2880 4880 sunt
2903 4820 3193 4893 trepidant,
3214 4828 3272 4875 et
3298 4820 3369 4875 ad
3393 4816 3605 4891 singula

2024 4923 2398 4987 reformidant,
2441 4933 2671 4990 quarum
2716 4911 3300 4990 prmeipimurjmitari
3344 4910 3605 4967 innocen-

2030 5015 2179 5068 tiam.
2214 5012 2280 5067 Et
2310 4996 2375 5067 de
2418 4988 2612 5079 quibus
2654 5007 2707 5062 in
2759 5004 2965 5076 psalmo
3007 4988 3272 5072 scriptum
3299 5007 3426 5057 est:
3470 5019 3492 5056 ι
3543 4997 3606 5057 Si

2028 5103 2306 5158 dormiatis
2335 5101 2476 5156 inter
2517 5098 2725 5154 medios
2757 5096 2953 5162 clerus,
2982 5108 3178 5166 pennae
3224 5092 3487 5150 columba:
3513 5090 3605 5147 de-

2028 5201 2349 5266 argentataa,
2380 5199 2435 5246 et
2459 5190 2757 5261 posteriora
2794 5187 2939 5245 dorsi
2982 5185 3102 5255 ejus
3143 5186 3201 5240 in
3237 5184 3443 5255 pallore
3484 5183 3603 5238 auri

2028 5283 2204 5359 (Psal.
2229 5283 2418 5355 uvn).
2447 5283 2505 5338 In
2526 5279 2679 5349 cujus
2700 5280 2880 5351 specie
2909 5276 3190 5334 descendit
3221 5274 3453 5344 Spiritus
3472 5288 3601 5329 san-

2028 5384 2148 5431 ctus
2175 5383 2230 5429 et
2257 5372 2456 5428 mansit
2485 5386 2649 5441 super
2676 5370 2960 5425 Dominum
2992 5366 3347 5422 Salvatorem.

2101 5488 2119 5521 ‹
2146 5467 2346 5524 Omnes
2400 5480 2594 5520 manus
2660 5463 3023 5543 dissolventur
3074 5468 3131 5516 et
3178 5455 3363 5513 omnia
3424 5466 3602 5525 genua

2030 5582 2049 5617 ι
2080 5562 2246 5618 ﬂuent
2281 5559 2465 5629 aquis,
2504 5566 2561 5613 et
2602 5542 2889 5626 aeeingent
2932 5570 2995 5611 se
3037 5550 3245 5610 ciliciis,
3293 5555 3350 5603 et
3398 5544 3608 5616 opes-iet

2030 5678 2049 5711 ‹
2075 5674 2169 5715 eos
2198 5655 2446 5713 formido.
2480 5674 2501 5707 ι
2551 5653 2660 5709 Pro
2704 5653 2935 5723 genibus
2968 5649 3123 5717 aquis
3169 5644 3459 5701 ﬂuentibus
3508 5640 3608 5697 Se—

2024 5728 2307 5820 ptuaginta
2355 5725 2809 5802 transtulerunt}
2848 5760 2865 5793 α
2896 5740 3098 5795 feruora
3143 5735 3453 5801 polluantur
3502 5732 3607 5789 lin-
