3954 6182
440 347 546 402 615

1117 333 1180 388 Β.
1216 330 1465 388 ΒΑΒΑΝΙ
1501 327 1723 385 ωυω
1760 323 2036 382 ARCHIEI

2143 320 2418 377 [OGUNT.
2451 315 2732 376 OPERUM
2769 313 2947 371 PARS
2982 313 3047 369 ll.

3516 329 3518 332 ν
3577 307 3672 362 616

442 475 612 517 more.
638 479 656 510 ι
682 458 816 513 Cum
838 462 1016 510 autem
1040 463 1228 505 omnes
1255 445 1658 516 trepidaverint,
1689 453 1743 498 et
1771 443 1837 497 ad
1862 457 2016 496 mon-
2041 445 2089 500 A
2117 436 2446 506 contemptui
2475 435 2598 490 erit.
2645 433 2794 513 Fuga
2833 441 2888 486 et
2924 430 3239 499 captivitate
3277 438 3519 517 cogente
3553 425 3682 479 divi-

445 566 570 607 tana
616 547 983 618 confugerint,
1021 556 1212 598 manus
1257 540 1494 597 omnium
1539 537 1920 600 dissolventur,
1961 543 2016 589 et

445 640 622 695 nullus
668 645 856 692 contra
908 635 1090 689 hostes
1146 629 1348 700 poterit
1390 628 1666 693 resistere,
1696 625 2016 693 pavorisque

447 725 809 799 magnitudine
838 722 992 777 urina
1035 720 1239 791 polluet
1275 733 1474 788 genua,
1508 731 1609 772 nec
1649 715 1848 770 valebit
1891 728 2015 783 pro-

445 818 668 872 ﬂuentes
697 829 862 883 aquas
887 811 1064 866 vesica
1093 808 1365 878 cohibere.
1397 806 1693 875 Accingent
1734 819 1792 858 se
1827 801 2016 858 ciliciis

445 917 500 961 et
538 913 739 961 tremor
773 902 950 958 omnia
992 898 1306 971 possidebit.
1346 897 1460 952 Hoc
1491 897 1546 951 in
1595 896 1687 950 illo
1713 893 1908 965 populo
1939 892 2018 947 fa-

447 1006 594 1052 ctum
628 1003 731 1058 est,
766 1008 872 1048 non
902 989 1074 1047 solum
1103 989 1204 1046 sub
1226 987 1552 1059 Babyloniis,
1582 986 1676 1042 sed
1707 995 1763 1042 et
1787 987 1888 1041 sub
1911 984 2017 1039 Ro—

447 1086 645 1149 manis,
685 1083 898 1154 quando
929 1083 1171 1153 pervenit
1198 1081 1250 1134 in
1297 1095 1390 1135 eos
1425 1095 1594 1149 usque
1637 1079 1705 1133 ad
1735 1078 1894 1132 linem
1937 1077 2018 1131 ira

447 1174 562 1227 Dei.
593 1172 856 1228 Cmterum
876 1181 930 1226 et
957 1171 1010 1224 in
1039 1179 1221 1225 nostra
1244 1167 1448 1234 Judzea,
1481 1168 1534 1222 in
1562 1183 1668 1238 qua
1695 1177 1777 1222 est
1805 1165 2018 1220 Domini

449 1261 739 1327 confessio,
785 1261 998 1332 quando
1033 1259 1399 1330 multiplicata:
1441 1257 1644 1313 fuerint
1686 1257 2015 1328 iniquitates,

449 1363 505 1409 et
541 1354 814 1409 refrixerit
857 1353 1094 1408 charitas
1135 1351 1448 1416 multorum,
1487 1365 1676 1406 omnes
1703 1365 1896 1406 manus
1927 1351 2021 1405 bo-

451 1463 643 1503 norum
668 1462 890 1516 operum
933 1445 1309 1506 dissolventur,
1360 1451 1416 1498 et
1457 1451 1649 1498 cuncta
1698 1457 1868 1512 genua
1909 1442 2023 1498 sive

455 1538 661 1593 femora
710 1535 878 1591 ﬂuent
935 1535 1090 1604 aquis
1150 1549 1337 1588 eorum
1385 1533 1475 1602 qui
1540 1533 1755 1588 illicitos
1798 1533 2022 1604 quresie-

457 1638 584 1680 runt
612 1625 943 1687 concubitus,
965 1632 1026 1679 et
1049 1638 1183 1692 quos
1207 1623 1262 1677 in
1288 1623 1404 1694 lege
1427 1623 1628 1678 ﬂuxum
1652 1625 1874 1679 seminis
1900 1640 2023 1679 sus—

456 1716 688 1769 tinentes
717 1723 770 1768 et
799 1709 1101 1767 immundos
1147 1711 1426 1781 Scriptura
1462 1714 1820 1783 cognominat.
1873 1713 2023 1777 Unde

2119 531 2241 594 tias;
2269 539 2325 583 et
2347 528 2466 582 auri
2489 525 2802 596 argentique
2829 521 3066 593 pondera
3090 519 3377 590 projicient
3397 519 3450 572 in
3473 516 3679 587 plateis,

2115 639 2242 679 suas
2267 632 2476 678 tantum
2510 621 2720 675 animas
2745 632 2962 674 servare
2991 615 3292 685 cupientes,
3330 623 3400 664 ne
3422 607 3531 662 sint
3550 621 3682 675 pon-

2116 716 2230 771 deri
2259 731 2379 784 qua:
2405 714 2557 784 prius
2584 712 2733 768 fuere
2765 711 3008 765 luxuriae.
3047 705 3301 776 Alioquin
3325 712 3379 758 et
3410 703 3564 772 juxta
3594 716 3685 754 an-

2115 821 2319 876 agogen
2343 803 2678 874 captivorum
2718 809 2880 870 atque
2915 799 3232 870 fugientium
3259 797 3327 850 de
3367 793 3682 849 Jerusalem.

2116 893 2288 950 Omne
2339 902 2625 964 argentum
2674 889 2991 962 projicietur
3039 889 3094 943 in
3146 885 3362 957 plateis,
3408 885 3463 940 in
3505 883 3612 937 lata
3637 892 3688 938 et

2117 985 2351 1054 spatiosa
2376 984 2482 1048 via,
2522 997 2642 1053 quae
2667 982 2818 1037 ducit
2856 981 2925 1035 ad
2969 987 3217 1044 mortem,
3250 978 3377 1048 quia
3409 983 3686 1046 angustam

2117 1075 2307 1130 salutis
2351 1073 2602 1130 semitam
2647 1071 3001 1142 reliquerunt.
3037 1067 3146 1124 Sed
3193 1075 3250 1122 et
3293 1080 3454 1122 omne
3501 1079 3687 1118 aurum

2118 1165 2224 1220 erit
2251 1163 2602 1232 contemptui,
2639 1161 2723 1224 vel
2762 1162 2816 1215 in
2846 1158 3247 1228 sterquilinium
3283 1167 3444 1226 atque
3469 1156 3691 1209 immun-

2119 1255 2308 1310 ditiam
2337 1253 2692 1322 reputabitur,
2727 1267 2832 1306 non
2861 1251 3005 1305 enim
3034 1258 3212 1319 potest
3238 1249 3437 1304 habere
3475 1247 3688 1301 mundi-

2121 1345 2252 1400 tiam
2269 1384 2284 1407 ,
2311 1343 2454 1413 quod
2484 1351 2636 1397 extra
2666 1341 2881 1396 Domini
2907 1339 3206 1396 Ecclesiam
3232 1347 3335 1394 est.

2197 1453 2216 1484 ι
2263 1431 2556 1502 Argentum
2581 1445 2768 1486 eorum
2805 1437 2860 1486 et
2900 1444 3091 1484 aurum
3116 1443 3306 1484 eorum
3345 1428 3461 1482 hon
3502 1427 3693 1482 valebit

2123 1524 2354 1579 liberare
2381 1538 2473 1578 eos
2499 1523 2552 1576 in
2582 1521 2669 1576 die
2690 1520 2893 1576 furoris
2929 1520 3166 1576 Domii.
3213 1539 3234 1572 ι
3267 1518 3409 1574 Nulli
3428 1519 3577 1573 enim
3604 1520 3695 1572 du-

2123 1613 2270 1668 bium
2310 1613 2437 1682 quin
2482 1612 2780 1668 obsidionis
2827 1619 2883 1668 et
2927 1611 3086 1666 famis
3129 1619 3391 1681 tempore,
3421 1627 3616 1665 aurum
3643 1620 3694 1665 et

2125 1712 2404 1776 argentum
2431 1703 2730 1758 esurientes
2774 1718 2880 1757 non
2909 1702 3122 1768 liberet,
3160 1711 3214 1757 et
3253 1701 3379 1756 illisi
3416 1700 3695 1771 pretiosis-

457 1804 544 1874 qni
574 1804 709 1858 tales
748 1811 872 1857 sunt
907 1800 1105 1856 debent
1139 1815 1196 1856 se
1235 1801 1516 1872 accingere
1550 1801 1738 1858 ciliciis
1764 1785 2034 1871 pmnitcn-i
2056 1787 2101 1845 Β
2130 1796 2266 1850 simo
2299 1794 2514 1849 metallo
2542 1794 2732 1849 dentes
2773 1794 2944 1848 instar
2969 1794 3243 1849 durissimi
3285 1793 3478 1864 lapidis
3521 1802 3693 1848 retun-

457 1895 547 1949 tize
574 1903 627 1948 et
652 1901 936 1948 venturum
963 1891 1222 1962 judicium
1253 1890 1569 1956 formidare,
1601 1891 1742 1962 quod
1774 1892 1864 1960 qui
1891 1891 2032 1946 fece-

461 1989 531 2042 rit
558 1985 852 2041 merebitur
879 1984 1073 2038 Isaiam
1113 1983 1321 2049 audire,
1359 1983 1622 2038 dicentem
1653 2001 1664 2034 2
1699 2001 1717 2034 ε
1755 1983 2036 2036 Conforta-

459 2076 593 2130 mini
622 2091 811 2129 manus
839 2072 1126 2133 dissolute,
1157 2081 1211 2128 et
1252 2087 1426 2144 genua
1467 2072 1662 2128 debilia
1709 2071 2036 2128 roboramini

460 2167 512 2239 (Ι
517 2184 594 2222 sa.
629 2164 815 2238 xxxv).
846 2183 866 2216 ι

539 2275 558 2308 ε
584 2257 641 2311 In
684 2256 832 2311 omni
877 2254 1017 2310 facie
1045 2254 1290 2310 confusio
1312 2262 1367 2309 et
1398 2253 1453 2308 in
1480 2253 1749 2309 universis
1775 2252 2039 2324 capitibus

466 2367 484 2400 ι
516 2345 808 2402 calvitium.
838 2363 870 2397 a
920 2344 1105 2398 Rubor
1141 2343 1322 2398 vultus
1366 2343 1586 2414 pudoris
1636 2343 1889 2398 indicium
1934 2353 2036 2408 est,

465 2439 791 2495 conscientia
815 2445 1156 2509 peccatorum
1183 2435 1327 2490 lucet
1352 2435 1405 2489 in
1440 2435 1599 2500 facie,
1633 2449 1862 2505 spesque
1893 2432 2039 2487 salu-

465 2531 534 2584 tis
563 2539 666 2598 est,
694 2529 907 2600 quando
937 2526 1193 2583 delictum
1219 2525 1465 2595 sequitur
1497 2523 1844 2580 verecundia.
1887 2521 2042 2579 Unde

463 2622 535 2675 ad
579 2636 724 2685 eam,
757 2634 879 2688 quae
913 2617 1052 2674 duro
1077 2617 1240 2672 corde
1278 2615 1334 2669 in
1371 2615 1491 2691 suis
1514 2615 1749 2684 peccatis
1779 2612 2043 2686 gloriaba-

464 2725 556 2769 tur
579 2754 593 2778 ,
631 2714 830 2768 dictum
860 2721 981 2767 est:
1011 2731 1030 2764 ι
1065 2711 1258 2767 Facies
1301 2708 1603 2765 meretricis
1637 2706 1778 2762 facta
1808 2713 1892 2760 est
1918 2702 2036 2768 tibi,

467 2807 643 2861 nescis
669 2807 990 2860 erubescere
1032 2802 1166 2874 (Jer.
1207 2801 1312 2873 ιιι).
1351 2820 1368 2853 ι
1399 2799 1684 2857 Calvitium
1716 2811 1929 2868 quoque
1953 2811 2043 2851 ca-

467 2897 597 2967 pitis
622 2895 821 2950 luctum
852 2893 1137 2965 significat,
1165 2892 1381 2962 quando
1402 2890 1579 2963 perdit
1607 2890 1855 2945 decorem
1878 2903 2045 2944 caesa-

467 2989 578 3044 ries
599 2994 651 3042 et
679 2985 1129 3057 pulchritudinem
1150 2999 1428 3040 comarum
1451 2983 1771 3037 amittimus.
1803 2980 2046 3051 Denique

472 3078 540 3133 ad
587 3075 886 3130 Jerusalem
939 3073 1136 3131 dicitur
1164 3087 1180 3126 :
1210 3092 1229 3125 ι
1265 3072 1372 3128 Pro
1410 3077 1728 3128 ornamento
1749 3070 1941 3140 capitis
1967 3068 2043 3124 tui

473 3165 700 3223 habebis
724 3164 998 3220 calvitium
1035 3170 1255 3236 propter
1281 3177 1445 3233 opera
1487 3170 1578 3217 tua
1606 3159 1741 3234 (Isa.
1783 3133 1888 3231 tu).
1920 3177 1939 3211 ι
1977 3157 2045 3213 Et
2070 3133 2116 3197 (ἶ

471 3257 614 3312 idem
657 3255 960 3326 propheta:
1005 3273 1023 3307 ι
1086 3253 1327 3319 Summa,
1376 3252 1565 3324 inquit,
1597 3251 1774 3322 capita
1819 3251 1873 3305 in
1899 3249 2048 3305 omni

473 3345 591 3400 loco
617 3345 988 3409 attondentur,
1016 3351 1072 3398 et
1095 3341 1271 3398 omnis
1298 3342 1464 3398 barba
1496 3339 1866 3412 radetur(lsa.
1885 3340 1998 3412 xv).
2023 3358 2040 3392 ι

477 3435 730 3490 Michteas
743 3449 956 3506 quoque
978 3433 1044 3488 ad
1059 3431 1302 3488 eamdem
1322 3429 1620 3486 Jerusalem
1645 3449 1656 3484 :
1687 3450 1705 3482 ι
1734 3429 1960 3486 Dccalva
1969 3443 2047 3496 re,

475 3525 568 3589 ait,
607 3531 661 3579 et
691 3524 913 3579 tondere
948 3536 1109 3592 super
1162 3520 1302 3577 filios
1347 3520 1658 3578 deliciarum
1690 3530 1922 3588 tuarum,
1971 3521 2052 3575 di-

474 3614 588 3670 lata
630 3613 905 3670 calvitium
955 3622 1122 3680 tuum,
1171 3613 1312 3668 sicut
1354 3612 1534 3682 aquila
1574 3611 1760 3685 (Mich.
1811 3610 1872 3682 ι).
1913 3631 1932 3664 ›
1986 3611 2054 3666 Et

476 3719 638 3775 super
672 3705 897 3760 mortuis
937 3703 1156 3774 jubetur
1183 3703 1301 3758 fieri
1347 3702 1646 3759 calvitium.
1703 3702 1817 3757 Soli
1867 3710 2050 3757 autem

479 3795 672 3860 sancti,
705 3797 807 3850 hoc
831 3803 937 3861 est,
963 3793 1229 3861 Nazarmi,
1257 3802 1312 3848 et
1336 3794 1426 3864 qui
1459 3793 1524 3848 ad
1551 3792 1921 3864 pontificatum
1950 3793 2054 3848 Do-

480 3887 613 3941 mini
653 3886 934 3955 pervenire
979 3895 1314 3951 mercantur,
1361 3901 1469 3940 non
1498 3884 1695 3939 radunt
1722 3884 1896 3954 capita
1931 3899 2049 3938 sua.

482 3973 668 4045 Neque
709 3975 852 4029 enim
906 3973 1107 4027 habent
1153 3973 1344 4028 mortis
1389 3988 1590 4043 opera,
1644 3987 1744 4029 nec
1789 3973 2054 4031 immundi

485 4073 634 4131 sunt,
683 4064 809 4135 quia
856 4062 1119 4129 Nazarazi,
1168 4065 1222 4119 id
1266 4074 1371 4130 est,
1423 4065 1597 4123 sancti
1626 4063 1854 4120 Domini
1905 4047 2051 4121 sunt.

485 4152 638 4220 Quod
665 4153 709 4209 si
738 4152 891 4223 juxta
934 4167 1028 4208 eos
1053 4152 1316 4223 quispiam
1364 4153 1535 4208 fuerit
1555 4163 1820 4220 mortuus,
1867 4169 2057 4210 omnes

487 4244 602 4300 dies
631 4243 844 4314 pristini
895 4257 1000 4298 non
1050 4243 1441 4312 reputabuntur
1483 4242 1923 4299 sanctiﬁcationis
1967 4259 2059 4300 eo-

489 4349 629 4387 rum.
662 4331 881 4388 Samuel
905 4331 1000 4386 Dei
1029 4340 1250 4387 sanctus
1275 4341 1412 4396 erat,
1449 4341 1503 4386 et
1542 4341 1826 4403 propterea
1858 4343 2058 4390 :eterna

2133 1887 2349 1942 dantur.
2381 1886 2623 1958 Denique
2650 1886 2894 1956 sequitur
2923 1904 2938 1940 :

2211 2000 2228 2032 ι
2262 1979 2514 2034 Animam
2537 1995 2694 2038 suam
2715 1995 2823 2036 non
2849 1979 3184 2044 saturabunt,
3208 1989 3262 2036 et
3283 1986 3503 2035 ventres
3523 1994 3704 2034 eor-um

2135 2087 2240 2127 non
2295 2071 2674 2142 implebantur.
2731 2053 2774 2124 ι’
2808 2070 3172 2126 Ρτωδοηιὶὺιιε
3219 2070 3376 2126 malis
3422 2071 3709 2126 didicimus

2136 2162 2335 2218 multos
2355 2161 2549 2218 divites
2567 2162 2711 2217 inter
2735 2162 2990 2223 sericum,
3005 2177 3246 2232 gemmas
3265 2169 3325 2216 et
3343 2161 3461 2216 auri
3484 2161 3712 2232 argenti~

2136 2269 2243 2325 que
2287 2252 2528 2324 pondera
2576 2261 2818 2326 egestate
2863 2252 3156 2319 confectos,
3209 2253 3463 2310 habuisse
3509 2255 3712 2309 exitum

2137 2344 2583 2400 mendicantium.
2612 2344 2914 2416 Argentum
2943 2353 3121 2400 autem
3161 2354 3219 2400 et
3268 2360 3460 2399 aurum
3502 2358 3711 2410 eorum,

2139 2435 2232 2506 qui
2257 2446 2410 2492 extra
2443 2435 2740 2494 Ecclesiam
2776 2445 2919 2501 sunt,
2952 2453 3059 2492 non
3091 2435 3322 2494 liberare
3350 2438 3566 2493 animas
3598 2453 3713 2508 pos-

2141 2526 2430 2582 sidentium
2465 2527 2520 2582 in
2548 2528 2634 2584 die
2676 2527 2874 2584 furoris
2905 2513 3142 2595 Domini,
3187 2530 3281 2584 sed
3326 2539 3593 2585 aeternam
3631 2545 3718 2584 eos

2143 2615 2346 2672 habere
2374 2616 2572 2672 famem
2598 2627 2653 2673 et
2682 2618 2825 2674 inani
2867 2628 3057 2676 ventre
3099 2619 3350 2685 cruciari,
3382 2621 3627 2676 ostendit
3661 2620 3718 2674 il—

2141 2706 2233 2762 lud
2260 2708 2624 2763 testimonium
2651 2709 2704 2763 in
2730 2709 3046 2779 quodicitur
3073 2727 3087 2764 :
3128 2729 3147 2761 ι
3185 2710 3509 2780 Redemptio
3527 2710 3717 2765 animle

2142 2797 2244 2852 viri
2277 2798 2508 2868 proprie
2554 2798 2758 2854 divitite
2789 2796 2973 2872 (Prov.
3009 2799 3153 2868 xm).
3191 2819 3210 2853 ι
3245 2799 3487 2870 Propria:
3523 2800 3722 2854 divitiae

2143 2897 2289 2954 sunt,
2318 2903 2455 2958 quas
2481 2903 2579 2943 nos
2606 2887 2808 2946 Christi
2845 2889 3045 2947 veritas
3087 2889 3292 2946 docuit.
3337 2889 3440 2957 Qui
3467 2890 3722 2960 prmcepit

2145 2990 2204 3036 ut
2227 2979 2486 3036 faciamus
2510 2982 2664 3036 nobis
2687 2983 2888 3042 amicos
2910 2983 2976 3038 de
3008 2982 3194 3053 iniquo
3222 2998 3537 3038 mammona
3570 2983 3720 3055 (Luc.

2146 3071 2280 3140 xvi),
2304 3070 2395 3140 qui
2428 3085 2526 3126 uos
2554 3071 2817 3141 recipiant
2836 3072 2892 3127 in
2914 3080 3118 3128 aeterna
3149 3073 3520 3129 tabernacula.
3551 3093 3571 3125 ε
3593 3073 3724 3141 Quia

2149 3163 2461 3219 scandalum
2481 3163 2781 3237 iniquitatis
2808 3180 2997 3222 eorum
3018 3165 3220 3222 factum
3249 3175 3354 3223 est.
3394 3188 3412 3221 ι
3453 3168 3725 3240 alierum)

2148 3250 2291 3318 Ideo,
2333 3253 2527 3325 inquit,
2552 3255 2942 3325 possidentium
2981 3272 3175 3312 aurum
3209 3266 3266 3313 et
3292 3269 3604 3329 argentum,
3635 3275 3731 3315 nec

2151 3344 2334 3399 anima
2372 3346 2724 3412 saturabitur,
2758 3361 2859 3402 nec
2885 3355 3073 3403 venter
3093 3347 3426 3420 implebitur,
3455 3352 3590 3419 quia
3633 3351 3730 3407 hoc

2151 3437 2324 3506 ipsum
2355 3451 2543 3492 aurum
2587 3444 2644 3492 et
2683 3445 2963 3510 argentum
2997 3439 3310 3496 scandalum
3339 3439 3612 3497 scelerum
3639 3457 3730 3497 eo-

2151 3525 2277 3583 rum’
2318 3527 2519 3584 factum
2566 3537 2670 3585 est.
2716 3527 2994 3601 Significat
3041 3539 3223 3586 autem
3265 3531 3409 3587 idol'a
3448 3549 3576 3602 quae
3604 3549 3733 3587 auro

2152 3627 2481 3690 argentoque
2516 3620 2780 3676 fabricata
2805 3635 2931 3677 suos
2955 3629 3310 3678 contemnunt
3333 3622 3600 3677 artifices.
3635 3622 3733 3677 Pro

2152 3726 2260 3780 quo
2286 3709 2430 3764 LXX
2447 3711 2856 3778 transtulerunt,
2888 3732 2907 3764 ι
2934 3711 3070 3780 Quia
3084 3713 3356 3769 cruciatus
3386 3714 3732 3784 iniquitatum

2154 3815 2340 3855 eorum
2363 3799 2485 3866 fuit,
2507 3819 2525 3851 ι
2551 3801 2683 3866 utin
2708 3816 2809 3858 suo
2835 3801 3004 3872 iniqui
3023 3818 3210 3859 errore
3229 3804 3574 3870 crucientur,
3604 3816 3659 3859 et
3683 3820 3735 3858 se

2158 3893 2464 3963 intelligant
2487 3893 2627 3948 male
2653 3893 2746 3950 Dei
2775 3909 2999 3950 munera
3024 3895 3079 3950 in
3104 3895 3498 3967 blasphemiam
3521 3913 3729 3952 eonver

2156 3983 2308 4039 tisse.

2234 4095 2252 4126 ι
2298 4074 2362 4128 Et
2389 4084 2763 4130 ornamentum
2793 4075 3071 4131 monilium
3097 4092 3318 4132 suorum
3343 4079 3398 4133 in
3428 4081 3740 4150 superbiant

2158 4176 2476 4237 posuerunt.
2530 4167 2598 4222 Et
2640 4168 2899 4240 imagines
2925 4170 3384 4226 abominationum
3414 4187 3642 4229 suarum
3687 4182 3740 4228 et

2161 4257 2572 4314 simulacrorum
2600 4258 2845 4320 fecerunt
2872 4274 2939 4314 ex
2961 4274 3046 4315 eo.
3079 4281 3098 4313 ι
3138 4260 3266 4328 Qua:
3281 4277 3402 4333 ego,
3421 4265 3626 4334 inquit,
3649 4265 3737 4318 de-

2161 4346 2346 4400 deram
2385 4347 2436 4401 in
2465 4355 2844 4403 ornamentum
2869 4350 3280 4418 possidentium,
3310 4362 3476 4421 atque
3509 4354 3740 4416 divitias,

488 4423 680 4530 (ξτψίῑίε
709 4430 1027 4528 οξυίιωθῐιω
1057 4421 1806 4536 Ρὲῗθθᾳίιν.³υξιίνξιίῖξ¹θ·ίυυά
1827 4423 1894 4479 de
1915 4423 2057 4479 Call-
2089 4473 2140 4536 Β
2167 4434 2243 4489 illi
2270 4445 2547 4490 verterunt
2576 4437 2628 4490 in
2674 4438 3002 4508 superbiam,
3057 4449 3116 4494 ut
3154 4441 3221 4495 de
3266 4442 3462 4511 quibus
3490 4451 3742 4513 poterant

491 4517 597 4572 tieo
627 4517 960 4572 canticorum
989 4535 1002 4570 :
1041 4536 1059 4567 ‹
1087 4514 1332 4570 Cincinni
1358 4515 1433 4569 tui
1462 4515 1603 4585 nigri
1628 4516 1769 4570 sicut
1795 4531 2009 4573 corvus.
2039 4537 2058 4570 ›
2089 4514 2140 4536 ν
2167 4540 2262 4594 per
2305 4524 2674 4594 clecmosynas
2702 4535 2757 4579 et
2791 4526 2932 4580 bona
2966 4543 3131 4596 Opera
3160 4543 3313 4582 suam
3341 4530 3589 4585 animam
3621 4532 3737 4585 line

493 4607 661 4663 Porro
683 4607 934 4672 Samson,
957 4607 1081 4678 quia
1095 4607 1327 4677 perdidit
1351 4621 1583 4673 comam,
1605 4607 1835 4677 perdidit
1855 4607 2067 4662 fortitu-
2170 4627 2292 4667 rare
2335 4628 2400 4667 ex
2448 4613 2550 4668 illis
2584 4613 2844 4669 haberent
2875 4617 3154 4671 materiam
3185 4619 3534 4690 arrogantia.
3585 4622 3744 4676 Deni-

495 4698 2068 4770 dinem(.ludic.xvt),paulatimquerenascentibuscapillis
2166 4718 2274 4774 que
2328 4720 2394 4758 ex
2444 4719 2576 4759 auro
2625 4713 2954 4776 argentoque
2999 4705 3242 4763 fecerunt
3289 4708 3456 4774 idola,
3517 4720 3576 4766 et
3631 4727 3743 4767 mea

499 4787 643 4841 vires
657 4786 866 4840 rediere
887 4787 1146 4856 pristinae,
1173 4789 1423 4858 utplurcs
1442 4787 1882 4854 multomoriens,
1903 4804 2066 4859 quam
2168 4809 2393 4850 munera
2426 4796 2478 4850 in
2510 4798 2813 4851 dzemonum
2859 4798 3146 4854 simulacra
3191 4807 3498 4855 verterunt.
3553 4803 3749 4857 Facilis

475 4879 652 4933 ‘vivus
681 4879 972 4934 occideret.
1012 4879 1252 4946 Elisazus,
1284 4881 1408 4936 licet
1448 4881 1688 4950 corporis
1712 4881 1936 4936 haberet
1958 4879 2069 4935 cal—
2172 4895 2349 4941 autem
2398 4887 2691 4958 tropologia
2737 4887 2882 4958 quod
2911 4903 3099 4943 aurum
3136 4897 3191 4944 et
3219 4899 3505 4961 argentum
3536 4908 3748 4957 sensus,

501 4967 708 5030 vitium,
744 4976 920 5022 tamen
943 4969 1067 5050 quia
1093 4969 1380 5025 Nazaraeus
1408 4970 1619 5027 Domini
1642 4981 1776 5037 erat,
1805 4971 2070 5027 cincinnis
2172 4984 2229 5030 et
2257 4975 2468 5045 eloquia
2489 4963 2888 5047 Scripturarum
2920 4994 3046 5049 qum
3067 4978 3238 5034 electa
3271 4990 3397 5035 sunt
3440 4984 3660 5047 mundi,
3701 4991 3751 5036 et

501 5057 694 5126 capitis
730 5056 1003 5112 fruebatur
1037 5058 1161 5129 (IV
1201 5059 1330 5130 Reg.
1385 5061 1481 5132 ιι).
1527 5062 1679 5116 Unde
1726 5063 1902 5132 pueri,
1946 5063 2074 5132 quia
2175 5081 2293 5135 qua:
2333 5064 2487 5120 nobis
2523 5064 2578 5119 in
2620 5077 2997 5124 ornamentum
3027 5068 3152 5124 data
3178 5078 3322 5136 sunt,
3372 5072 3626 5128 haeretici
3662 5089 3756 5145 po-

503 5147 709 5216 parvuli
739 5156 911 5211 erant,
949 5155 1005 5202 et
1043 5149 1268 5204 necdum
1311 5151 1380 5205 ad
1426 5149 1640 5208 tetatem
1675 5154 1777 5206 viri
1819 5167 2076 5224 pervene-
2177 5165 2398 5211 suerunt
2419 5156 2472 5210 in
2499 5155 2813 5224 fomentum,
2841 5169 2896 5213 et
2920 5161 3206 5216 materiam
3229 5162 3517 5231 superbiae,
3541 5175 3601 5220 et
3624 5167 3756 5219 ima-

507 5249 645 5300 rum,
666 5238 947 5294 illudentes
961 5240 1175 5295 calvitio
1193 5240 1306 5309 ejus
1321 5251 1481 5312 atque
1493 5245 1768 5300 dicentes:
1795 5265 1812 5294 ‹
1833 5244 2078 5300 Ascendc
2179 5243 2330 5313 gines
2355 5244 2688 5299 diversorum
2722 5244 3028 5316 dogmatum
3070 5259 3125 5304 et
3174 5236 3646 5308 abominationum
3675 5263 3758 5308 at-

504 5327 676 5392 calve,
707 5329 936 5382 ascende
964 5327 1134 5392 calve,
1173 5347 1190 5379 ›
1227 5328 1459 5383 ferarum
1495 5330 1679 5386 laniati
1723 5341 1848 5386 sunt
1897 5331 2084 5387 morsi-
2183 5353 2286 5408 que
2309 5337 2750 5394 ofendiculorum
2787 5356 3009 5398 suorum
3044 5342 3288 5401 fecerunt
3321 5361 3390 5402 ex
3423 5346 3530 5412 eis,
3575 5357 3640 5403 ut
3666 5363 3762 5418 per

507 5418 626 5484 bus,
658 5432 886 5487 quarum
913 5417 1080 5472 saltus
1108 5433 1172 5473 ac
1195 5418 1343 5474 silvae
1369 5430 1497 5476 sunt
1526 5422 1916 5477 habitaculum.
2184 5443 2302 5498 qua:
2337 5437 2589 5498 poterant
2614 5429 2790 5487 colere
2815 5440 2864 5489 et
2894 5433 3121 5491 adorare
3149 5433 3338 5500 Deum,
3369 5449 3438 5491 ex
3464 5437 3552 5494 eis
3588 5417 3761 5494 Deum

582 5528 601 5560 ι
630 5509 926 5580 Argentum
948 5524 1134 5564 eorum
1169 5509 1303 5565 foris
1330 5511 1664 5581 projicietur,
1704 5521 1757 5567 et
1783 5529 1970 5568 aurum
1993 5529 2084 5569 eo-
2183 5520 2525 5577 offenderint.

515 5615 536 5650 ι
563 5614 683 5654 rum
727 5601 780 5655 in
819 5601 1216 5671 sterquilinium
1250 5604 1372 5657 erit.
1409 5624 1426 5656 ι
1473 5603 1842 5675 Septuaginta.
1877 5605 2084 5676 Argen-
2263 5632 2282 5663 ε
2311 5613 2537 5682 Propter
2585 5613 2693 5670 hoc
2735 5615 2856 5671 dedi
2893 5617 2974 5671 eis
3006 5616 3132 5671 illud
3161 5617 3212 5672 in
3259 5617 3686 5683 immunditiam,
3717 5627 3768 5672 et

513 5696 625 5746 tum
653 5705 839 5750 eorum
879 5689 935 5750 in
969 5694 1163 5766 plateis
1205 5695 1534 5768 projicictnr.
1577 5707 1631 5752 et
1683 5694 1872 5754 aurum
1899 5715 2085 5756 eorum
2189 5701 2326 5757 dabo
2371 5703 2500 5755 illud
2552 5702 2604 5756 in
2637 5721 2824 5760 manus
2853 5706 3168 5773 alienorum,
3196 5708 3262 5763 ad
3293 5709 3688 5780 diripiendum.
3718 5715 3773 5766 et
