3954 6182
545 361 652 420 ϐω

1215 359 1275 414 Β.
1321 355 1571 412 ΒΑΒΑΝΙ
1607 354 1823 411 lllAURl
1860 354 2180 410 ARCHIEP.
2209 351 2534 410 ‘MOGUNT.
2575 351 2855 408 OI’ERUM
2890 350 3066 407 PARS
3106 352 3168 406 ll.
3705 354 3783 411 630

546 473 876 532 contrariam
909 472 984 528 illi
1017 470 1212 541 quibus
1235 471 1432 525 dicitur
1465 486 1477 522 :
1515 485 1534 519 ι
1561 467 1760 521 Audite
1779 466 2000 520 verbum
2031 465 2136 520 Do-
2165 471 2208 529 Α
2240 465 2452 536 fugiens
2481 462 2840 534 frequentiam
2871 461 3253 527 multitudinis,
3295 469 3351 516 et
3372 476 3531 516 senes
3571 461 3698 518 Juda
3721 480 3786 520 sc-

554 566 703 630 mini,
722 564 992 636 principes
1008 560 1364 616 Sodomorum
1382 558 1520 632 (Isa.
1544 557 1639 628 1).»
1670 573 1690 609 ι
1713 556 2094 626 ludueturque,
2109 574 2127 606 ι

549 665 696 728 iuxta
735 653 1116 724 Septuaginta,
1160 670 1179 703 ι
1220 650 1476 713 interitu,
1513 649 1606 718 qui
1638 663 1743 704 non
1767 647 1930 702 habet
1952 661 2136 700 arma-

548 759 725 803 turam
752 747 867 812 Dci,
883 761 981 801 nec
1000 745 1214 800 indutus
1235 751 1321 798 est
1341 742 1576 797 Christo.
1600 762 1618 794 ι
1657 762 1673 793 ι
1695 740 1968 810 Quotquot
1993 740 2133 794 enim

555 840 607 892 in
637 836 854 890 Christo
886 834 1144 905 baptizati
1177 841 1321 896 sunt,
1352 830 1628 887 Christum
1659 831 1950 886 induerunt
1991 828 2132 899 (Cal.

550 929 654 1000 in).
672 949 689 980 ι
722 949 738 979 i
764 931 830 983 Et
850 944 1041 1006 manus
1059 927 1236 998 populi
1259 935 1415 981 terra:
1439 926 1921 980 conturbabuntur.
1949 946 1966 975 ι
1987 924 2133 989 Sive,

543 1023 697 1091 juxta
723 1021 1100 1093 Septuaginta,
1134 1039 1152 1072 i
1177 1019 1555 1090 dissolventur.
1581 1038 1598 1071 ι
1625 1019 1852 1085 Quando
1876 1019 2011 1073 visio
2031 1033 2136 1073 non

549 1115 714 1170 fuerit
746 1115 798 1169 in
825 1114 1112 1184 propheta,
1139 1111 1351 1184 etlegis
1379 1112 1603 1166 scientia
1645 1111 1698 1164 in
1744 1111 2042 1174 sacerdote,
2083 1116 2140 1164 et

549 1208 836 1264 consilium
862 1207 916 1261 in
939 1207 1178 1270 senibus,
1207 1193 1409 1273 rexque
1434 1205 1652 1268 luxerit,
1677 1211 1732 1258 et
1752 1204 2002 1274 princeps
2024 1201 2138 1258 fue-

553 1299 620 1350 iit
648 1298 700 1351 in
733 1311 966 1351 maerore
997 1295 1112 1349 sive
1158 1295 1211 1348 in
1257 1294 1502 1357 interitu,
1541 1301 1938 1362 consequenter
1964 1302 2019 1347 et
2045 1309 2139 1362 po-

549 1389 654 1451 puli
677 1403 871 1444 manus
895 1386 1360 1444 conturbabuntur
1383 1403 1540 1441 suum
1557 1388 1846 1456 perdentcs
1867 1388 2134 1453 ordinem,

547 1482 662 1534 sive
708 1478 1092 1543 dissolventur,
1142 1477 1416 1546 antiquam
1461 1476 1833 1532 fortitudinem
1877 1493 1984 1532 non
2040 1479 2136 1532 ha-

545 1573 757 1626 bentes.
802 1569 1141 1638 Pulchreque
1181 1584 1286 1622 non
1332 1567 1560 1637 populus
1605 1568 1698 1623 Dei
1726 1569 1942 1642 dicitur,
1983 1569 2137 1638 cujus

548 1660 910 1735 turbabuntur
935 1675 1150 1724 manus,
1177 1667 1234 1713 et
1254 1657 1408 1727 cujus
1430 1674 1537 1712 non
1569 1669 1654 1714 est
1676 1660 2038 1730 municipatus
2079 1645 2151 1715 lu

547 1751 705 1817 cielo,
730 1751 824 1808 sed
852 1748 1082 1820 populus
1111 1758 1289 1815 terrae,
1319 1750 1386 1805 de
1407 1765 1516 1821 quo
1541 1750 1809 1820 scriptum
1836 1759 1919 1806 est
1947 1767 1961 1805 :
1992 1769 2011 1803 ι
2035 1749 2139 1806 Re-

547 1844 805 1898 cedentes
836 1857 865 1896 a
896 1849 949 1896 te
971 1857 1137 1911 super
1157 1850 1356 1896 terram
1386 1841 1710 1919 scribentur.
1749 1859 1768 1893 i
1926 1831 1928 1833 ’

618 1954 639 1985 ι
672 1933 978 2006 Secundum
1005 1934 1144 1987 viam
1174 1948 1364 1985 eorum
1392 1933 1588 1986 faciam
1611 1932 1710 1997 eis,
1743 1940 1798 1988 et
1833 1932 2152 2006 secundum

554 2045 572 2077 i
592 2024 793 2094 judicia
825 2039 1014 2079 eorum
1050 2024 1306 2092 judicabo
1335 2037 1448 2090 eos,
1481 2043 1498 2075 ›
1529 2023 1664 2087 sive,
1701 2032 1760 2077 ut
1783 2023 2142 2095 Septuaginta

549 2115 977 2181 transtulerunt,
1014 2132 1033 2165 ι
1071 2114 1305 2170 ulciscar
1349 2129 1465 2170 eos.
1497 2131 1519 2167 ι
1554 2101 1942 2176 Peccatoribus
1970 2115 2145 2170 reddit

554 2205 698 2260 Deus
737 2203 896 2272 juxta
939 2204 1058 2261 vias
1104 2219 1253 2269 suas,
1292 2213 1354 2259 ut
1384 2203 2138 2286 teneantjudiciiveritatem.

550 2293 818 2349 Caeterum
849 2294 904 2348 in
930 2295 1137 2350 sanctis
1155 2294 1369 2349 esteedit
1396 2293 1615 2372 modum
1643 2295 1965 2369 elementiie.
1999 2315 2016 2346 ι
2047 2294 2145 2362 Ne-

543 2402 654 2458 que
693 2388 836 2442 enim
881 2389 1162 2459 condignae
1210 2394 1338 2442 sunt
1368 2387 1648 2457 passiones
1689 2388 1948 2462 temporis
1982 2387 2146 2457 hujus

549 2480 616 2549 ad
648 2478 882 2532 futuram
914 2477 1142 2548 gloriam
1166 2493 1287 2548 qua:
1328 2477 1658 2534 revelabitur
1687 2477 1740 2532 in
1769 2478 1927 2533 nobis
1959 2477 2139 2554 (Heiu.

549 2571 688 2642 vui).
721 2569 1001 2640 Stipendia
1045 2570 1190 2624 enim
1233 2570 1440 2638 peccati
1475 2584 1640 2636 mors,
1686 2589 1704 2621 ι
1751 2585 1915 2639 quam
1953 2568 2145 2638 recipit

545 2669 802 2732 peccator
818 2660 975 2729 juxta
1004 2662 1122 2716 vias
1143 2671 1198 2716 et
1221 2675 1385 2730 opera
1422 2676 1540 2716 sua.
1575 2659 1842 2715 Cancrum
1871 2656 2142 2726 justorum

545 2737 724 2808 virtus
751 2750 947 2805 fruitur
971 2749 1186 2804 Domini
1219 2750 1490 2822 largitate,
1517 2751 1582 2805 de
1607 2765 1713 2819 qua
1756 2748 1955 2802 Paulus
1975 2748 2148 2817 loqui-

543 2850 666 2906 .tur,
690 2860 707 2892 i
736 2842 946 2894 Donum
969 2841 1063 2894 Dei
1082 2841 1192 2894 vita
1207 2849 1459 2895 interna.»
1480 2839 1738 2908 Quodque
1759 2839 1966 2892 addidit
1994 2856 2006 2892 :
2037 2857 2056 2888 α
2081 2839 2149 2893 Et

551 2931 850 2988 secundum
866 2930 1067 3001 judicia
1092 2944 1279 2985 eorum
1294 2930 1548 3000 iudicabo
1571 2945 1687 2995 eos,
1720 2949 1737 2980 ι
1767 2929 1894 2983 illud
1916 2942 2147 2998 evange-

549 3024 713 3092 licum
742 3031 897 3079 sonat
926 3041 939 3076 :
975 3041 993 3074 ι
1027 3023 1083 3076 In
1105 3037 1215 3092 quo
1233 3020 1437 3090 judicio
1459 3020 1850 3099 judicaveritis,
1876 3018 2145 3088 iudicabi-

541 3124 642 3177 tur
667 3115 733 3169 de
764 3114 935 3169 vobis.
971 3133 990 3177 ι
1025 3113 1091 3168 Et
1125 3113 1479 3185 apostolicum
1513 3131 1526 3166 :
1567 3132 1586 3163 ‹
1620 3112 1676 3166 ln
1707 3126 1814 3180 quo
1835 3111 1978 3165 enim
2000 3107 2147 3178 judi-

2235 558 2436 612 debant
2463 572 2647 613 coram
2677 571 2762 620 eo,
2787 556 2872 612 vel
2901 557 3180 626 prophetae
3198 555 3360 610 verba
3385 556 3576 610 audire
3600 557 3784 626 cupien-

2237 657 2338 713 tes,
2380 648 2463 702 vel
2497 648 2816 704 insidiantes
2852 648 3197 702 sermonibus
3229 645 3365 714 ejus.
3408 647 3788 716 Signiﬁcanter-

2236 753 2342 806 que
2369 737 2626 791 dicuntur
2653 752 2812 791 senes
2839 736 3002 802 Juda,
3031 744 3092 790 ut
3120 736 3252 791 nihil
3278 737 3344 789 ad
3369 736 3560 803 Israel,
3587 739 3686 793 hoc
3703 748 3782 795 est

2195 843 2206 854 ·
2236 829 2303 882 ad
2337 828 2520 908 decem
2569 828 2744 881 tribus
2776 841 2896 896 quae
2937 827 3090 897 prius
3127 835 3300 896 capta:
3338 825 3570 892 fuerant,
3618 830 3704 883 sed
3735 837 3780 884 az“

2236 935 2333 973 eos
2369 919 2462 987 qui
2500 920 2570 973 de
2602 910 2746 974 tribu
2775 918 2910 974 Juda
2939 934 3062 973 cum
3093 917 3355 974 Jcchonia
3379 919 3526 974 ducti
3563 931 3709 976 erant
3745 924 3773 978 lt

2238 1010 2633 1079 captivitatem,
2658 1010 2768 1064 dici
2800 1009 3184 1080 intelligamus.

2314 1120 2332 1151 α
2369 1100 2434 1154 Et
2464 1101 2660 1155 cecidit
2689 1115 2854 1170 super
2884 1116 2969 1156 me
3001 1101 3074 1156 ibi
3105 1116 3300 1156 manus
3343 1103 3556 1158 Domini
3606 1103 3712 1169 Dei,
3747 1126 3757 1155 ς

2245 1210 2268 1248 ι,
2293 1193 2422 1259 vidi,
2441 1181 2632 1272 etecee
2653 1195 2950 1249 similitudo
2963 1195 3114 1265 quasi
3139 1207 3408 1267 aspectus,
3435 1197 3576 1268 ignis
3589 1198 3655 1251 ab
3669 1213 3744 1268 asp
3774 1229 3786 1237 ο

2248 1301 2267 1334 ι
2311 1293 2398 1339 ctu
2443 1284 2747 1343 lumborum
2771 1284 2910 1355 ejus,
2941 1295 2996 1339 et
3019 1288 3270 1340 deorsum
3305 1287 3460 1356 ignis,
3494 1296 3546 1340 et
3569 1303 3600 1340 a
3629 1287 3748 1340 luml.

2247 1395 2263 1426 ι
2298 1377 2434 1444 ejus.
2460 1376 2525 1430 Et
2555 1391 2773 1437 sursum
2797 1379 2951 1446 quasi
2979 1387 3234 1445 aspectus
3259 1377 3578 1447 splendoris,
3596 1386 3656 1430 ut
3685 1377 3762 1430 visi

2239 1467 2446 1520 electri.
2486 1485 2504 1516 ι
2534 1466 2724 1534 Manus
2750 1475 2926 1522 autem
2949 1466 3224 1543 ἕνεργείαν,
3253 1468 3304 1522 id
3332 1477 3414 1522 est
3441 1483 3628 1538 opera,
3660 1468 3771 1537 signi

2242 1558 2388 1622 licat,
2426 1567 2487 1610 ut
2532 1559 2754 1613 visionis
2799 1561 2972 1628 possit
3005 1549 3351 1614 sacramenta
3379 1574 3716 1631 cognoscere.
3743 1559 3777 1614 ε.

2242 1649 2342 1702 hoc
2367 1649 2819 1703 considerandum
2859 1659 2964 1715 est,
2996 1651 3140 1720 quod
3169 1667 3274 1705 non
3301 1651 3445 1720 ipsas
3475 1651 3656 1704 videat
3681 1653 3775 1706 veri

2243 1746 2381 1792 tates
2417 1779 2432 1804 ,
2462 1739 2556 1794 sed
2590 1739 2995 1795 similitudinem
3028 1741 3166 1812 ignis
3213 1742 3336 1810 quia
3365 1757 3395 1794 a
3428 1741 3628 1796 lumbis
3659 1759 3786 1812 usqui

2169 1847 2213 1906 η
2242 1829 2491 1885 deorsum
2540 1831 2677 1902 ignis
2721 1833 2986 1902 apparuit.
3035 1833 3104 1886 Et
3132 1847 3162 1885 a
3188 1831 3385 1887 lumbis
3415 1847 3635 1886 sursum
3671 1849 3798 1901 quas.

2241 1930 2494 1990 aspectus
2518 1921 2838 1990 splendoris,
2869 1932 2931 1977 ut
2960 1923 3095 1978 visio
3124 1923 3332 1987 electri,
3378 1924 3518 1994 ignis
3557 1924 3795 1994 apparuit.

2242 2013 2348 2068 Pro
2377 2015 2664 2084 splendore
2693 2016 2786 2085 qui
2830 2017 2882 2070 in
2933 2015 3201 2070 Hebraico
3247 2016 3445 2070 dicitur
3489 2031 3604 2080 sar,
3645 2033 3800 2068 auram

2245 2105 2545 2159 Theodotio
2597 2106 2890 2170 transtulit,
2919 2116 2978 2160 ut
3010 2108 3067 2160 in
3095 2108 3347 2176 supernis
3395 2105 3490 2160 Dei
3547 2105 3798 2177 refrigeria

2243 2198 2594 2263 demonstret.
2630 2199 2867 2268 Denique
2893 2209 2946 2253 ct
2969 2201 3020 2252 in
3049 2200 3251 2270 Regum
3276 2199 3550 2254 volumine
3565 2197 3679 2271 (111
3698 2197 3801 2268 Reg.

2243 2290 2357 2359 vix)
2384 2292 2570 2344 beatus
2595 2291 2740 2345 Elias
2758 2292 3044 2345 adventum
3072 2291 3280 2358 Domini
3300 2306 3404 2345 non
3429 2291 3481 2344 in
3510 2298 3804 2359 tempestate

2243 2381 2643 2452 contemplatur
2668 2391 2721 2435 et
2753 2382 2983 2445 turbine,
3011 2397 3114 2434 non
3148 2382 3200 2434 in
3229 2382 3367 2453 ignis
3400 2381 3703 2442 ardoribus,
3729 2378 3805 2432 sed

2245 2476 2297 2530 in
2329 2463 2550 2546 asiiectti
2573 2456 2728 2529 aur-.e
2762 2475 2935 2528 tenuis
2967 2484 3128 2542 atque
3157 2473 3465 2538 lenissima,
3499 2481 3556 2527 ut
3592 2471 3682 2526 Dei
3711 2486 3807 2524 om-

2246 2565 2538 2636 nipotentis
2556 2567 3024 2619 mansuetudinem
3039 2565 3436 2634 comprobaret.
3454 2564 3636 2633 Opera
3650 2572 3806 2616 autem

2243 2656 2420 2711 coitus
2455 2672 2575 2726 qua:
2614 2645 2986 2726 significantur
3027 2656 3078 2709 in
3123 2655 3321 2709 lumbis
3355 2669 3530 2724 usque
3575 2655 3807 2709 deorsum

2247 2751 2368 2822 igne
2396 2759 2711 2822 purgantur,
2743 2760 2795 2806 et
2823 2765 2986 2820 opera
3016 2751 3272 2804 virtutum
3301 2764 3420 2818 qua:
3448 2763 3477 2802 a
3517 2748 3713 2801 lumbis
3754 2746 3811 2799 ad

2247 2841 2526 2912 superiora
2563 2828 2914 2910 consurgunt,
2946 2839 3286 2909 splendorem
3315 2839 3516 2893 habent
3544 2848 3705 2908 atquc
3726 2835 3812 2889 ful-

2249 2945 2459 3004 gorem,
2487 2938 2542 2988 et
2581 2939 2762 2985 tamen
2795 2944 2894 2985 nec
2923 2931 3063 3000 ignis
3096 2946 3266 3000 usque
3313 2931 3379 2985 ad
3409 2931 3576 3002 pedes
3615 2931 3812 2992 dicitur,

2247 3039 2348 3080 nec
2393 3023 2644 3094 splendor
2668 3023 2854 3078 electri
2903 3039 3071 3093 usque
3100 3025 3166 3077 ad
3212 3032 3395 3093 caput,
3427 3023 3523 3079 sed
3555 3025 3814 3086 deorsum,

2248 3123 2302 3171 et
2322 3130 2558 3179 sursum,
2591 3124 2766 3170 ultam
2806 3116 2858 3169 in
2907 3115 3300 3184 peccatoribus,
3330 3131 3491 3186 quain
3533 3117 3590 3169 in
3638 3123 3819 3169 sanctis

552 3207 638 3263 cio
652 3203 866 3273 judicas
887 3204 1137 3267 alterum,
1157 3203 1390 3272 teipsum
1405 3203 1762 3273 condemnas;
1788 3201 1977 3257 eadem
2000 3200 2140 3253 enim

2249 3222 2349 3276 pro
2375 3207 2685 3262 diversitate
2709 3208 3046 3271 meritorum,
3074 3207 3214 3260 alius
3237 3197 3408 3277 usque
3431 3207 3498 3260 ad
3523 3207 3657 3285 illud
3695 3215 3744 3260 et
3769 3205 3822 3257 il-

552 3297 796 3366 operaris
817 3312 937 3364 qua:
955 3293 1185 3362 jndicas.
1201 3314 1218 3346 ι
1244 3314 1261 3344 ι
1289 3294 1354 3347 Et
1373 3295 1549 3349 scient
1567 3293 1692 3362 quia
1708 3308 1808 3362 ego
1829 3291 2109 3346 Dominus.
2124 3311 2142 3344 ι

543 3383 661 3448 ,15ιο
694 3384 992 3439 versiculus
1029 3383 1339 3452 frequenter
1377 3384 1429 3437 in
1472 3384 1574 3438 hoc
1616 3383 1875 3452 propheta
1909 3382 2148 3452 ponitur,

551 3476 700 3545 quod
725 3475 985 3545 supplicia
1010 3484 1171 3542 atque
1192 3475 1472 3528 cruciatus
1493 3483 1751 3542 sequatur
1773 3473 1998 3526 scientia
2029 3472 2147 3538 Dei,

558 3574 617 3619 ut
637 3581 798 3636 quem
825 3581 931 3619 non
956 3565 1328 3636 intelligebant
1359 3580 1455 3634 per
1484 3563 1765 3628 beneﬁcia,
1787 3577 1886 3632 per
1909 3571 2145 3618 tormen-

543 3669 608 3711 ta
652 3665 1003 3728 cognoscant.

1145 3769 1374 3825 CAPUT
1416 3767 1545 3826 Vill.

567 3861 706 3914 Visio
748 3861 1107 3915 similitudinis
1151 3861 1280 3925 Dei;
1330 3862 1393 3914 de
1433 3861 1621 3929 e/fosso
1652 3861 1870 3930 pariete,
1917 3860 1980 3912 de
2018 3859 2146 3912 viris

624 3931 948 3983 thuribulum
996 3931 1310 3995 tenentibus,
1339 3942 1385 3984 et
1424 3933 1492 3983 ad
1519 3929 1690 3984 orJum
1719 3929 1850 3984 solis
1873 3930 2148 3982 adoranti-

624 4001 740 4064 bus,
766 4000 830 4053 de
860 3999 1244 4068 implicantibus
1273 4017 1475 4054 ramum
1508 4001 1576 4053 ad
1601 4017 1754 4054 nares
1788 4016 1930 4056 suas.
2069 4003 2072 4006 ’

629 4130 648 4162 ι
685 4112 752 4166 Ει
774 4110 977 4166 factum
1013 4119 1099 4165 est
1128 4112 1179 4165 in
1211 4128 1356 4165 anno
1381 4121 1555 4177 sexto,
1587 4113 1639 4166 in
1671 4122 1828 4167 sexto
1862 4113 2144 4175 mense,-in

560 4224 578 4254 ι
603 4205 790 4272 quinta
811 4202 1036 4267 mensis,
1067 4216 1168 4273 ego
1189 4203 1442 4258 sedebam
1470 4205 1524 4257 in
1553 4204 1714 4257 domo
1735 4217 1874 4278 mea,
1904 4210 1960 4258 et
1989 4218 2146 4258 senes

559 4315 577 4346 ι
601 4294 738 4350 Juda
754 4293 1211 4349 sedebantcoram
1227 4309 1332 4360 me,
1348 4313 1366 4346 ι
1387 4292 1987 4363 etc.(Hieron.)Quinto
2001 4310 2144 4350 anno

553 4387 1052 4456 transmigrationis
1089 4384 1385 4450 Jechoniae,
1435 4397 1630 4456 quarto
1688 4401 1896 4449 mense,
1955 4388 2143 4456 quinta

551 4479 774 4542 mensis,
791 4479 1124 4548 superiorem
1149 4477 1412 4531 visionem
1435 4478 1630 4532 factam
1645 4479 1712 4531 ad
1727 4469 2045 4548 prophetam
2068 4479 2142 4532 le-

542 4571 746 4640 gimus.
789 4569 914 4623 llzcc.
951 4579 1130 4623 autem
1165 4585 1328 4638 quam
1370 4585 1512 4623 nunc
1554 4583 1824 4637 exponere
1857 4568 2136 4632 volumus,
2166 4545 2216 4603 D

552 4670 706 4714 sexto
725 4676 868 4715 anno
884 4659 1123 4727 ejusdem
1146 4661 1310 4729 regis,
1327 4668 1480 4715 sexto
1497 4675 1698 4723 mense,
1723 4661 1912 4729 quinta
1934 4661 2138 4714 mensis

551 4749 694 4820 facta
718 4761 1079 4817 memoratur;
1103 4767 1167 4806 ex
1194 4766 1302 4820 quo
1329 4752 1670 4821 perspicuum
1693 4762 1775 4806 est
1797 4763 1910 4823 post
1937 4735 2137 4806 annum

551 4852 608 4910 et
631 4846 766 4899 duos
789 4860 1005 4901 menses
1028 4847 1142 4900 hinc
1165 4847 1303 4900 facta
1326 4862 1446 4916 qua:
1467 4849 1667 4917 scripta
1697 4857 1842 4911 sunt,
1871 4859 1926 4902 et
1953 4849 2035 4902 vel
2060 4849 2138 4902 in-

554 4935 860 4989 termissam
899 4949 994 5003 per
1028 4951 1228 4990 annum
1260 4946 1315 4990 et
1345 4939 1478 4992 duos
1517 4952 1731 4993 menses
1775 4939 2133 5008 prophetiam,

551 5023 633 5077 vel
671 5038 769 5094 per
801 5033 942 5078 totos
963 5027 1373 5092 quatuordecim
1403 5043 1617 5084 menses
1646 5037 1797 5096 gesta
1827 5045 1947 5098 quin
1975 5045 2136 5098 supc-

544 5115 666 5184 rior
714 5130 894 5169 sermo
941 5116 1196 5170 contexit.
1247 5116 1414 5172 Sexto
1462 5128 1644 5173 autem
1683 5135 1845 5180 anno,
1893 5130 1947 5173 et
1985 5130 2139 5173 sexto

551 5222 757 5272 mense,
781 5213 835 5260 et
861 5206 1046 5274 quinta
1077 5207 1163 5260 die
1191 5209 1415 5270 mensis,
1443 5210 1531 5276 qui
1559 5209 1766 5262 numeri
1789 5211 1854 5262 ad
1879 5199 2137 5262 fabricam

543 5298 736 5354 .mundi
794 5295 1122 5362 referuntur,
1183 5299 1248 5352 ad
1298 5315 1526 5354 Clll‘tit'Ut-i
1565 5316 1756 5355 sensus
1791 5301 1880 5370 qui
1928 5312 2136 5355 terrena

552 5389 913 5460 conspiciunt,
956 5397 1012 5444 et
1053 5389 1278 5444 necdum
1303 5391 1547 5446 cmlestia
1575 5392 2029 5461 contemplantur,
2062 5391 2140 5445 l‘a-

552 5490 692 5534 ctam
717 5481 1055 5551 prophetiam
1101 5496 1207 5534 non
1246 5481 1555 5547 mirabitur,
1583 5483 1672 5551 qui
1701 5484 1774 5535 ad.
1795 5482 2140 5551 presbyteros

551 5572 684 5627 Juda
709 5590 1011 5629 sermonem
1043 5575 1199 5644 dirigi
1233 5574 1578 5628 intellexerit.
1615 5575 1654 5628 Ε
1688 5574 1885 5644 quibus
1926 5583 2140 5643 septua-

553 5664 700 5728 ginta
727 5667 983 5720 tenebant
1016 5665 1284 5730 thuribula
1316 5673 1365 5720 et
1393 5665 1578 5735 viginti
1603 5666 1841 5733 quinque
1862 5664 1914 5717 in
1941 5665 2140 5733 templo

555 5757 851 5812 adorabunt
881 5759 1069 5825 solem,
1112 5760 1440 5832 sezlcbatque
1480 5753 1740 5826 prepbcta
1777 5756 1829 5809 in
1852 5755 2012 5810 domo
2042 5771 2136 5810 sua

2255 3297 2344 3350 lud
2389 3297 2710 3360 membrum,
2751 3297 2887 3350 alius
2918 3311 3087 3364 usque
3118 3297 3184 3350 ad
3215 3296 3302 3350 illa
3329 3305 3383 3350 et
3406 3296 3492 3360 illa
3530 3296 3816 3364 perveniat.

2253 3388 2319 3442 Et
2353 3388 2622 3457 quomodo
2663 3386 2752 3454 qui
2785 3386 3163 3440 sanctitudinis
3196 3384 3593 3455 perfectionem
3635 3391 3820 3445 tenent,

2253 3481 2319 3535 ad
2355 3480 2612 3535 verticem
2657 3494 2825 3548 usque
2866 3478 3206 3548 perveniunt,
3257 3478 3335 3533 sic
3373 3477 3462 3546 qui
3503 3477 3556 3530 in
3591 3484 3821 3548 peccato-

2252 3590 2370 3627 rum
2395 3573 2658 3643 prol‘undo
2690 3580 2838 3638 sunt,
2864 3572 3075 3643 plantas
3107 3572 3383 3642 igncorum
3421 3572 3625 3632 pedum
3660 3579 3822 3623 tenere

2251 3662 2506 3718 credendi
2534 3671 2677 3717 sunt.

2327 3771 2344 3802 ε
2385 3753 2450 3806 Et
2490 3753 2683 3806 emissa
2722 3753 3018 3807 similitudo
3048 3767 3234 3806 manus
3265 3752 3637 3819 apprehendit
3673 3766 3752 3805 me
3780 3749 3823 3802 in

2260 3844 2565 3897 reincinno
2593 3843 2786 3913 capitis
2812 3844 2935 3896 mei.
2982 3863 2998 3895 ι
3046 3843 3112 3896 Et
3162 3843 3245 3896 hic
3294 3841 3602 3895 similitudo
3652 3853 3824 3893 manus

2257 3951 2362 3988 non
2393 3935 2505 4003 ipsa
2536 3949 2726 3988 manus
2752 3935 3078 3998 extenditur,
3118 3949 3292 4001 neque
3333 3932 3476 3985 enim
3509 3932 3566 3985 in
3600 3932 3708 3985 Deo
3737 3929 3826 3982 ali-

2248 4016 2374 4095 quid
2409 4022 2690 4093 corporale
2711 4032 2814 4086 est,
2838 4024 3153 4092 videturque
3191 4036 3399 4085 manus,
3441 4029 3503 4074 ut
3534 4020 3825 4074 membrum

2254 4113 2474 4166 humani
2511 4113 2753 4181 corporis
2793 4122 2954 4182 atque
2990 4112 3232 4165 consueti
3264 4126 3620 4180 nequaquam
3645 4116 3832 4164 terreat

2249 4221 2371 4260 eum
2395 4206 2484 4274 qui
2513 4195 2805 4258 assumitur
2827 4216 2986 4274 atque
3007 4204 3507 4274 comprehenditur.
3536 4204 3597 4258 Si
3621 4202 3758 4258 enim
3783 4199 3827 4250 in

2245 4299 2484 4364 colubri,
2526 4298 2606 4352 vel
2642 4299 2692 4351 in
2730 4298 2968 4366 qualibet
3007 4298 3109 4350 alia
3147 4297 3442 4352 bestiarum
3485 4292 3832 4350 similitudine

2248 4392 2512 4461 tetigisset
2535 4391 2851 4462 prophetam
2873 4428 2886 4451 ,
2917 4389 3028 4457 ipsa
3051 4379 3438 4441 'dissin‘iilitudo
3469 4387 3830 4454 membrorum

2250 4485 2529 4547 terruisset
2543 4479 2906 4550 assumptum.
2925 4465 3165 4547 Parsque
3183 4478 3672 4547 comprehenditur
3687 4470 3834 4542 capil-

2245 4575 2578 4643 lorum,~quia
2599 4560 2768 4628 totius,
2782 4571 3261 4642 apprehensionein
3279 4569 3475 4636 capitis
3494 4569 3732 4622 humana
3752 4579 3835 4616 na-

2246 4674 2366 4718 tura
2389 4680 2493 4718 non
2521 4665 2765 4719 sustinet.
2788 4663 2895 4717 Pro
2920 4679 2938 4712 ‹
2967 4662 3220 4717 cincinno
3248 4679 3265 4712 ι
3299 4655 3668 4731 Srptuaginta
3693 4659 3835 4731 κράς-

2246 4755 2413 4818 πεδον,
2444 4756 2495 4808 id
2523 4762 2605 4808 est
2633 4772 2650 4803 ‹
2676 4735 2974 4817 ﬁmbriam,
3005 4772 3023 4804 ι
3053 4751 3391 4820 interpretati
3417 4757 3569 4804 sunt.
3604 4749 3836 4816 Quorum

2245 4850 2474 4904 alterum
2508 4849 2560 4902 in
2593 4849 2820 4918 capillis,
2853 4848 3081 4904 alterum
3118 4848 3168 4901 in
3201 4846 3443 4902 vestibus
3475 4839 3661 4916 accipi
3691 4843 3837 4899 solet.

2321 4960 2339 4992 i
2378 4940 2443 4994 Et
2473 4939 2705 4994 elevavit
2726 4954 2812 4992 me
2834 4939 3056 5008 spiritus
3088 4939 3229 4992 inter
3255 4946 3458 4992 terram
3484 4947 3540 4992 et
3561 4936 3788 4993 omium.
3819 4953 3835 4983 ι

2243 5033 2486 5087 Primum
2537 5031 2886 5087 similitudine
2928 5045 3120 5084 manus
3149 5029 3611 5099 apprehenditur,
3659 5038 3840 5102 postca

2243 5125 2482 5178 elevatur
2510 5140 2539 5177 a
2569 5125 2780 5194 spiritu,
2826 5123 2914 5191 qui
2940 5121 3163 5191 spiritus
3209 5133 3314 5176 non
3351 5119 3478 5177 eum
3537 5125 3734 5179 statim
3784 5120 3844 5173 a.l

2244 5215 2437 5269 cmlnm
2475 5215 2635 5278 levat,
2668 5214 2765 5268 sed
2794 5214 2936 5267 inter
2965 5221 3164 5267 terram
3194 5221 3247 5267 et
3273 5211 3497 5277 cadum,
3534 5223 3600 5267 ut
3636 5223 3844 5266 terrena

2243 5305 2462 5360 interim
2508 5305 2888 5373 derelinquens
2923 5302 3139 5358 festinet
3167 5305 3232 5358 ad
3274 5304 3495 5358 coelum.
3543 5303 3850 5359 Possumus

2245 5403 2423 5447 autem
2451 5404 2503 5447 ct
2537 5396 2639 5449 hoc
2665 5395 2867 5458 dicere,
2903 5394 3044 5463 quod
3073 5401 3294 5464 propter
3321 5394 3467 5450 bona
3509 5409 3692 5464 Opera
3730 5408 3851 5462 pro-

2244 5486 2400 5554 pheta
2425 5487 2776 5541 similitudine
2802 5502 2994 5540 inanus
3017 5487 3108 5541 Dei
3136 5487 3509 5556 apprehensus
3536 5486 3640 5551 sit,
3665 5494 3723 5540 et
3740 5501 3855 5553 pro-

2243 5587 2362 5644 ptcr
2401 5579 2682 5632 scientiam
2710 5594 2890 5632 rerum
2921 5578 3242 5648 spiritalium
3273 5575 3516 5632 elevetur
3552 5594 3585 5630 a
3633 5575 3851 5646 spiritu.

2320 5687 2336 5717 ι
2369 5669 2430 5721 Et
2460 5669 2682 5722 adduxit
2707 5687 2790 5724 me
2819 5671 2871 5723 in
2898 5669 3196 5724 Jerusalem
3239 5669 3292 5722 in
3320 5668 3534 5722 visione
3565 5666 3671 5722 Dei
3701 5665 3855 5737 juxta

2251 5779 2266 5810 ‹
2289 5761 2485 5813 ostium
2512 5761 2759 5825 interius,
2788 5763 2928 5830 quod
2956 5761 3279 5831 respiciebat
3304 5758 3369 5814 ad
3394 5752 3852 5828 aquilonem,ubi
