3940 6180
518 375 645 432 4535

516 504 653 561 ,tur.
683 490 938 561 vuituque
966 495 1019 538 et
1056 483 1227 538 oculis
1255 476 1582 535 dissimulari
1633 490 1739 529 non
1773 480 1949 544 potest
1994 485 2124 525 θοο-
2156 477 2200 533 Α
2233 467 2511 537 ingressus
2562 461 2666 515 ridi
2688 479 2729 561 ‘

696 550 769 612 ξπ..
822 548 944 612 δίη..
992 574 1265 612 ιιηιιιιεηεε.
1325 580 1375 612 pi
1430 568 1626 612 ιηςηῑγιι
1671 580 1825 612 mons
1874 564 2020 612 lucet
2074 562 2128 612 in
2228 556 2361 610 lium
2408 562 2464 608 et
2506 552 2820 607 animalium
2867 548 3220 612 abominatio,
3272 559 3328 602 et
3370 561 3499 602 ecce
3558 548 3796 603 universa

518 562 793 649 ,soieutia,
821 582 946 633 dum
992 574 1266 630 luxuriosa
1325 580 1379 624 et
1429 568 1627 624 lasciva
1671 580 1825 621 mens
1874 564 2020 618 lucet
2074 562 2128 618 in

524 674 706 739 faeie,
743 679 798 724 et
832 664 1043 743 secreta
1086 662 1289 725 cordis,
1322 668 1472 715 motu
1510 656 1754 728 corporis
1790 664 1848 710 et
1890 652 2129 724 gestibus

520 764 874 821 indicantur}.

548 770 559 776 '
585 770 657 818 ια’
696 779 760 815 an
792 776 874 818 un.

546 781 583 829 υ
625 770 1063 909 «mlittingrcsstts
1090 834 1219 900 vidi,
1248 842 1307 889 et
1339 846 1466 887 ecce
1508 830 1686 893 omnis
1724 826 2016 885 similitudo
2051 839 2133 878 re-

554 952 574 985 t
618 930 825 1001 ptilium
857 939 909 983 et
940 927 1255 983 animalium
1282 923 1697 987 abominatio,et
1723 921 1971 980 universa
1992 916 2132 972 idola

554 1044 571 1075 ι
617 1025 808 1078 donms
834 1021 999 1077 lsrael
1029 1020 1240 1091 depicta
1270 1027 1427 1082 erant
1462 1017 1515 1071 iu
1544 1015 1748 1085 pariete
1798 1014 1853 1068 in
1902 1010 2134 1067 circuitu

552 1134 568 1162 ι
616 1129 713 1182 per
752 1122 943 1168 totum.
984 1132 1002 1163 ι
1032 1110 1148 1164 Non
1178 1108 1350 1164 solum
1380 1116 1567 1161 autem
1589 1105 1789 1161 idolum
1820 1103 1924 1159 zeli
1954 1103 2136 1157 stabat

550 1205 601 1269 in
645 1205 867 1260 introitu
887 1200 1359 1273 portaeaquilonis,
1392 1199 1486 1254 sed
1506 1207 1561 1253 et
1586 1212 1778 1255 omnes
1803 1194 1987 1264 templi
2014 1207 2140 1263 par-

553 1306 635 1360 tes
687 1296 920 1350 diversis
975 1293 1238 1347 idolorum
1287 1289 1612 1361 imaginibus
1670 1286 2048 1359 pingebantur,
2080 1290 2140 1338 ut

528 1387 695 1455 nulla
725 1394 874 1441 esset
896 1385 1067 1440 bestia
1097 1399 1261 1453 quam
1306 1398 1413 1436 non
1462 1380 1686 1452 parietis
1731 1379 1944 1448 pictura
1988 1390 2140 1429 mon-

553 1484 767 1539 straret.
794 1474 908 1529 Hoc
940 1474 991 1529 in
1014 1473 1251 1528 delubris
1275 1470 1561 1535 idolorum,
1587 1468 1832 1536 fanisque
1856 1463 2139 1536 gentilium

552 1572 660 1641 buc
694 1585 863 1638 usque
885 1566 1298 1637 perspiciamus,
1332 1562 1473 1631 quod
1502 1560 1679 1615 omnia
1710 1571 1909 1627 genera
1939 1553 2142 1610 bestia-

563 1676 683 1714 rum
716 1659 905 1713 adoret
932 1657 1095 1711 stulta
1125 1654 1332 1725 religio.
1363 1651 1515 1707 Unde
1530 1658 1586 1704 et
1608 1646 1867 1718 Virgilius
1892 1657 1918 1685 ο
1950 1662 1964 1697 :

622 1751 1051 1811 Graiugenumque
1077 1745 1188 1807 (ait)
1208 1745 1354 1793 deum
1380 1751 1611 1799 monstra,
1639 1746 1689 1788 et
1713 1737 1910 1787 latrator
1935 1734 2138 1795 Anubis,

559 1834 713 1913 quasi
751 1848 855 1885 non
887 1840 941 1884 et
966 1829 1054 1883 illa
1078 1828 1187 1884 sint
1212 1836 1453 1880 monstra
1484 1838 1603 1892 qua:
1629 1819 1840 1884 laudat,

623 1933 796 1982 Contra
816 1929 1113 1989 Neptunum,
1139 1932 1192 1975 et
1211 1923 1482 1978 Venerem,
1504 1928 1773 1980 contraque
1795 1917 2083 1966 Minervam.

558 2013 856 2079 Possumus
878 2002 1010 2075 etin
1028 2007 1231 2063 nostris
1250 2004 1462 2075 templis
1484 2002 1624 2057 idola
1646 2008 1951 2055 monstrare
1972 1998 2149 2069 parie-

562 2109 708 2171 tibus
738 2105 969 2176 depicta,
993 2100 1209 2174 quando
1229 2098 1482 2165 omnibus
1512 2096 1655 2167 vitiis
1705 2094 2071 2164 subjacemus,
2094 2099 2151 2148 et

562 2198 832 2271 pingimus
856 2195 908 2255 in
941 2194 1104 2258 corde
1128 2198 1316 2255 nostro
1358 2195 1699 2258 peccatorum
1740 2183 2149 2247 conscientiam,

562 2289 937 2362 imaginesque
963 2284 1225 2349 diversas.
1253 2281 1325 2335 De
1348 2280 1542 2350 quibus
1572 2278 1624 2331 in
1649 2276 1881 2332 Psalmis
1910 2275 2108 2337 dicitur
2134 2293 2148 2330 :

569 2399 587 2429 ι
635 2376 883 2441 Domine,
913 2374 966 2427 in
998 2371 1217 2428 civitate
1257 2379 1343 2424 tua
1395 2368 1684 2437 imaginem
1731 2366 1969 2435 ipsorum
1996 2364 2155 2435 dissi-

536 2466 541 2471 ”
564 2467 718 2539 pabis
759 2462 931 2538 (ιἐαι.
962 2461 1154 2534 Lxxn).
1190 2480 1208 2513 ι
1254 2460 1321 2516 Et
1368 2460 1419 2513 in
1466 2459 1571 2513 alio
1612 2457 1777 2523 loco:
1815 2474 1834 2508 ι
1870 2456 2157 2519 Verumta-

566 2575 690 2614 men
725 2558 777 2612 in
810 2555 1043 2626 imagine
1075 2550 1411 2622 perambulat
1453 2550 1613 2604 homo
1643 2546 1816 2620 (Prol.
1850 2545 2150 2619 unum.)

542 2640 722 2718 Ὀυοὰ
774 2647 981 2704 scilicet
1038 2630 1219 2707 nullus
1280 2640 1558 2710 hominum
1613 2638 1702 2703 sit,
1760 2636 1853 2707 qui
1917 2636 2158 2706 aliquam

569 2738 859 2808 imaginem
925 2750 1033 2790 non
1083 2734 1309 2802 habent,
1335 2733 1450 2798 sive
1504 2729 1831 2811 sanqtitatis,
1884 2728 1998 2783 sive
2037 2742 2161 2798 pee-

549 2830 697 2889 ἐξιῇ.
757 2825 1119 2893 Quamobrem
1170 2821 1391 2876 furiosis
1453 2819 1654 2881 dicitur
1704 2826 1761 2876 et
1803 2816 2079 2885 iracundis
2141 2833 2156 2870 :

579 2937 598 2970 ι
634 2918 811 2973 Furor
866 2914 973 2989 illis
1013 2911 1169 2984 juxta
1214 2910 1621 2966 similitudinem
1667 2908 1968 2980 serpentis,
2019 2907 2162 2974 sicut

555 2998 776 3078 ‘aspidis
828 3003 1030 3069 surdae,
1059 3009 1114 3057 et
1146 2999 1451 3056 obturantis
1486 3014 1646 3055 aures
1693 3013 1842 3063 suas,
1887 3012 2007 3068 quae
2051 3012 2158 3063 non

558 3095 826 3150 exaudiet
852 3106 1039 3147 vocem
1068 3088 1460 3146 incantan'tium
1506 3085 1678 3160 (Psal.
1721 3084 1873 3159 Lvu).
1920 3106 1940 3140 ι
1995 3085 2062 3140 Ει
2093 3084 2161 3141 de

562 3184 883 3240 ’bominibus
912 3196 1142 3251 nequam
1197 3197 1209 3232 :

560 3276 812 3332 ostendit
852 3274 1003 3329 vobis
1034 3273 1218 3343 fugere
1253 3286 1281 3324 a
1306 3277 1533 3325 ventura
1576 3268 1698 3323 ira?
1744 3287 1761 3320 ι
1796 3265 2011 3341 (Matth.
2053 3263 2160 3338 ιιι.)

564 3367 643 3433 Et
681 3368 747 3422 de
792 3364 1172 3435 versipellibus
1215 3377 1278 3417 ac
1327 3359 1689 3416 fraudulentis
1737 3377 1749 3413 :
1806 3378 1824 3411 ι
1880 3357 2164 3425 lte,'dicite

558 3458 724 3529 vulpi
772 3456 900 3512 huic
948 3442 1101 3528 (Luc.
1161 3452 1300 3526 xm).
1338 3473 1355 3505 ι
1397 3452 1474 3506 Ae
1512 3452 1578 3507 de
1632 3452 1965 3506 amatoribus
2006 3449 2163 3505 femi-

562 3560 767 3604 narum
802 3565 815 3600 :
855 3564 873 3597 ι
911 3543 1048 3616 Equi
1098 3544 1433 3609 insanientes
1483 3542 1536 3595 in
1586 3541 1814 3597 feminas
1860 3540 1987 3594 facti
2041 3547 2167 3595 sunt

578 3640 734 3704 mihi,
765 3637 1136 3708 unusquisque
1159 3636 1225 3691 ad
1257 3649 1480 3688 uxorem
1514 3633 1745 3706 proximi
1773 3633 1856 3686 sui
1891 3631 2168 3687 binuiebat

562 3729 717 3803 ‘(Jetx
745 3726 821 3802 v).
864 3748 882 3779 ι
922 3728 995 3783 De
1024 3727 1197 3782 brutis
1229 3741 1443 3803 quoque
1473 3741 1537 3779 ac
1589 3723 1911 3793 vecordibus
1943 3741 1955 3777 :
1996 3741 2015 3773 ι
2063 3722 2169 3778 Νο-

569 3800 674 3875 lite
724 3800 843 3874 fieri
884 3806 1244 3886 sicut’equus
1292 3800 1578 3879 et‘mulus,
1603 3813 1798 3885 quibus
1840 3828 1946 3883 non
1978 3822 2061 3867 est
2087 3812 2169 3866 in-

571 3909 829 3964 tellectus
876 3907 1060 3980 (Paul.
1115 3906 1281 3990 χχχι).
1344 3927 1360 3958 ι
1419 3892 1633 3978 (Gre-9.,
1666 3903 1859 3958 Moral.
1892 3901 1982 3957 lib.
2017 3919 2167 3979 xxvi,

570 4020 631 4055 'c.
700 4000 796 4074 6.)
851 4002 963 4056 Viri
1034 4009 1213 4055 autem
1281 4001 1549 4061 veraciter
1616 3999 1823 4065 sancti,
1884 4014 2007 4054 cum
2075 3998 2172 4069 fla-

570 4093 772 4165 gellari
817 4092 1120 4163 quempiam
1162 4105 1277 4161 pro
1303 4090 1457 4158 culpa
1497 4099 1846 4162 cognoscunt,
1879 4090 1981 4145 etsi
2027 4105 2172 4159 quze-

574 4187 710 4238 -dam
736 4182 853 4252 ejus
893 4181 1193 4236 inordinata
1243 4181 1562 4250 corripiunt,
1591 4178 1657 4234 ad
1699 4179 1941 4250 quredam
1991 4188 2170 4251 tamen

584 4271 1274 4342 dolentiacompatiuntur.
1307 4258 1479 4325 Et'sic
1518 4269 1698 4324 sciunt
1749 4269 2008 4324 tumentia
2051 4283 2174 4338 pre-

584 4379 755 4430 mere,
786 4371 846 4418 ut
879 4361 1053 4418 sciant
1081 4360 1244 4415 etiam
1293 4367 1517 4414 cruenta
1550 4357 1754 4424 fovere,
1784 4367 2063 4429 quatenus
2118 4357 2171 4411 in

578 4456 670 4511 eis
695 4456 820 4510 dum
852 4455 985 4508 dura
1012 4449 1557 4515 emolliunt,inﬁrma
1586 4432 2013 4503 roborentur.At
2044 4462 2173 4518 eon-

585 4558 671 4602 tra
687 4555 1003 4618 arrogantes
1025 4544 1127 4599 viri
1146 4544 1269 4616 quia
1290 4542 1575 4609 charitatis
1591 4541 1800 4609 viscera
1822 4556 1927 4611 non
1950 4538 2173 4609 habent,
2202 4534 2254 4593 D

546 4690 559 4699 _,
592 4654 697 4693 non
728 4638 902 4693 solum
942 4653 1047 4691 non
1085 4628 1506 4705 compatiuntur,
1554 4635 1718 4703 etiam
1742 4633 1906 4709 justis
1953 4630 2179 4701 dolenti-

582 4734 712 4795 lus,
744 4732 839 4787 sed
865 4746 961 4786 eos
990 4728 1213 4799 insuper
1243 4730 1342 4783 sub
1385 4730 1566 4798 specie
1592 4722 2180 4799 justze'increpationis

552 4822 859 4891 ‘afiligunt.
898 4820 991 4872 Vel
1031 4821 1073 4873 si
1100 4835 1209 4898 qua
1242 4822 1295 4887 in
1329 4804 1409 4884 eis
1436 4826 1558 4885 sunt
1584 4806 1746 4897 parva
1782 4815 1919 4871 mala
1946 4811 2182 4884 exagge-

592 4923 738 4975 rant,
777 4912 860 4966 vel
889 4926 952 4965 ca
991 4926 1111 4979 qum
1138 4925 1261 4977 vere
1290 4910 1427 4963 bona
1461 4919 1608 4975 sunt,
1644 4906 1781 4960 male
1812 4906 1950 4993 apud
1992 4920 2050 4959 se
2095 4903 2179 4974 in—

594 5001 941 5072 terpretanda
999 5006 1354 5066 commutant.
1399 4996 1656 5063 Quamvis
1705 4996 1869 5050 etiam
1909 4994 2043 5049 casti
2090 4994 2185 5048 do-

590 5101 776 5149 ctores
803 5105 946 5162 saepe
977 5096 1307 5161 exaggerare
1333 5074 1542 5155 soleant
1579 5087 2002 5157 delinquentium
2034 5085 2183 5150 vitia,

566 5240 567 5243 η
596 5192 731 5241 etex
751 5181 1072 5252 quibusdam
1095 5180 1267 5261 signis
1285 5179 1512 5250 publicis
1528 5177 1737 5242 occulta
1760 5177 1966 5239 rimari,
1981 5184 2042 5228 ut.
2064 5189 2186 5244 pos-

596 5273 708 5329 sint
728 5290 794 5329 ex
818 5273 1057 5328 minimis
1077 5258 1282 5340 majora
1310 5258 1657 5342 cognoscere.
1672 5268 1831 5341 Unde
1845 5270 1915 5324 ad
1935 5266 2187 5323 Ezechiel

592 5366 795 5420 dicitur
827 5383 841 5419 :
878 5385 894 5415 ε
928 5363 1030 5418 Fili
1070 5364 1342 5431 hominis,
1381 5362 1503 5418 fode
1552 5363 1835 5434 parietem.
1874 5380 1893 5412 ι
1929 5359 2030 5415 Ubi
2064 5374 2186 5413 mox

598 5458 838 5512 subdidit
870 5499 881 5510 .
920 5476 939 5508 ‹
978 5454 1193 5511 Etcum
1227 5455 1585 5526 perfodissem
1618 5447 1902 5527 parietem,
1937 5452 2187 5523 apparuit

592 5549 797 5614 ostium
831 5554 1018 5602 unum.
1049 5548 1111 5601 Et
1142 5548 1281 5602 dixit
1308 5546 1374 5600 ad
1416 5562 1518 5613 me
1565 5530 1919 5616 :‘lngreder/e
1960 5552 2015 5598 et
2064 5542 2188 5597 vide

599 5641 1035 5705 abominationes
1072 5641 1340 5711 pessimus
1383 5655 1520 5710 quas
1570 5639 1655 5694 isti
1707 5624 1913 5693 faciunt
1962 5637 2068 5691 hic.
2120 5633 2187 5688 Et

1176 370 1236 422 Β.
1280 365 1529 421 BABANI
1571 362 1788 418 .liAUill
1832 358 2149 416 ARClilEl’.
2192 352 2515 412 “OGUNT-
2543 348 2825 409 OPERUM
2863 347 3043 404 PARS
3083 347 3146 402 ll.

2173 1815 2220 1874 Β

1274 3196 1294 3229 ι
1336 3175 1628 3233 Generatio
1674 3176 2004 3246 viperarum,
2037 3175 2161 3246 quis
2186 3187 2231 3249 (ζ

3698 344 3787 400 624

2788 468 2844 514 et
2893 473 3025 513 erce
3062 455 3243 510 omnis
3293 452 3592 509 similitudo
3642 457 3793 525 repti-

2233 646 2376 702 idola
2391 644 2597 700 domus
2626 642 2791 697 lsrael
2822 641 3033 710 depicta
3059 639 3302 695 erantin
3360 639 3588 709 pariete.
3640 657 3661 690 ι
3711 639 3804 695 Per

2233 737 2575 795 Ezechielem
2602 736 2797 806 quippe
2826 735 3242 805 praepositorum
3289 746 3521 800 persona
3545 732 3803 798 signatur,

2235 848 2334 903 per
2379 830 2646 901 parietem
2687 828 2887 883 duritia
2927 825 3285 881 subditorum.
3330 824 3395 879 Et
3432 823 3571 894 quid
3588 833 3677 879 est
3732 840 3793 893 pa

2239 924 2429 978 rietem
2461 920 2679 984 fodere,
2706 918 2809 974 nisi
2854 918 3063 989 asperis
3095 916 3529 986 correptionibus
3565 917 3805 970 dat-iliau-

2236 1014 2419 1071 cordis
2478 1012 2732 1084 aperire?
2776 1011 2948 1078 Quem
3002 1024 3123 1065 cum
3178 1008 3522 1079 perfodisset,
3574 1008 3812 1078 apparuit

2238 1109 2457 1164 ostium.
2491 1106 2626 1175 Quia
2658 1120 2781 1160 eum
2812 1102 2992 1179 cordis
3031 1103 3252 1179 duritia,
3282 1102 3366 1157 vel
3397 1102 3658 1157 studiosis
3704 1116 3811 1171 perv

2238 1198 2695 1261 cunctationirlms,
2718 1197 2812 1252 vel
2828 1196 3052 1259 maturis
3077 1195 3510 1271 conceptionibus
3538 1196 3764 1251 scinditu
3806 1240 3811 1245 .

2240 1291 2401 1360 quasi
2420 1290 2663 1359 quantam
2688 1289 2855 1357 ianua
2884 1286 3218 1360 ostenditur,
3238 1301 3303 1340 ex
3334 1301 3451 1355 qua
3469 1286 3653 1342 omnia
3679 1286 3729 1339 in
3758 1312 3768 1338 ς
3792 1310 3795 1311 ν

2244 1382 2333 1451 qui
2380 1380 2712 1450 corripitur,
2762 1379 3150 1447 cogitationum
3207 1367 3464 1432 interiora
3518 1377 3810 1433 videantur.

2245 1470 2398 1527 Unde
2444 1478 2498 1525 et
2538 1473 2674 1525 bene
2705 1469 2814 1524 illic
2842 1468 3124 1539 sequitur:
3160 1487 3178 1519 ι
3216 1466 3283 1521 Et
3309 1467 3444 1522 dixit
3475 1465 3543 1522 ad
3574 1481 3662 1522 me
3692 1485 3708 1522 :
3735 1466 3795 1521 In

2228 1563 2471 1633 ,gredere
2514 1570 2571 1616 et
2627 1560 2751 1614 vide
2792 1559 3226 1643 abominatioltes
3251 1558 3514 1628 pessimas
3548 1573 3688 1627 quas
3724 1558 3797 1612 is:

2246 1653 2480 1709 faciunt‘
2510 1653 2618 1707 hic.
2668 1670 2686 1703 ι
2723 1650 2895 1718 Quasi
2943 1650 3276 1722 ingreditur,
3302 1658 3360 1707 ut
3397 1652 3805 1723 abominatiouc.

2248 1742 2494 1812 aspiciat,
2543 1742 2635 1811 qui
2693 1740 2955 1796 discussis
3009 1740 3332 1810 quibusdam
3374 1741 3545 1810 signis
3594 1743 3817 1796 exterius

2248 1834 2634 1904 apparentibus
2659 1872 2674 1899 ,
2729 1834 2806 1893 ita
2864 1827 3049 1889 corda
3079 1832 3418 1888 subditorum
3457 1841 3704 1906 penetrat
3726 1876 3741 1897 ,
3769 1844 3822 1888 ut

2249 1931 2443 1979 cuncta
2472 1923 2522 1978 ei
2553 1937 2673 1992 quae
2700 1918 2883 1978 illicita
2910 1922 3237 1992 cogitantur,
3269 1910 3633 1978 innotescant.
3679 1923 3821 1979 Unde

2250 2024 2306 2072 et
2329 2015 2564 2071 subdidit
2596 2033 2610 2068 :
2647 2034 2667 2067 ι
2704 2015 2770 2070 Et
2798 2016 3075 2086 ingressus
3121 2014 3261 2080 vidi,
3303 2023 3358 2069 et
3389 2030 3519 2071 ecce
3547 2017 3722 2070 omnis
3754 2017 3820 2070 si-

2252 2110 2501 2165 militudo
2566 2109 2840 2180 reptilium
2889 2119 2945 2163 et
2992 2108 3347 2171 animalium,
3402 2108 3752 2163 alzominatio.
3802 2130 3819 2159 ι

2252 2203 2308 2258 ln
2338 2201 2620 2271 replilibus
2649 2200 3002 2272 cogitationes
3026 2200 3249 2254 omnino
3269 2209 3501 2255 terrena:
3519 2200 3826 2271 signantur;

2250 2295 2309 2348 in
2337 2292 2661 2349 animalibus
2681 2306 2809 2346 vero
2828 2290 2941 2361 jam
2969 2290 3184 2362 quidem
3210 2289 3603 2361 aliquantulum
3629 2306 3661 2345 a
3691 2300 3828 2346 terra

2228 2399 2548 2456 suspensae,
2580 2383 2673 2440 sed
2706 2384 2883 2439 adhuc
2927 2368 3158 2438 terrente
3194 2380 3459 2438 mercedis
3493 2383 3713 2454 przemia
3753 2398 3832 2437 re-

2230 2479 2553 2549 quirentes.
2586 2476 2723 2531 Nam
2756 2475 2969 2547 reptilia
2996 2483 3108 2530 toto
3139 2490 3206 2530 ex
3232 2488 3457 2545 corpore
3483 2483 3640 2531 teme
3666 2476 3830 2531 inlue-

2236 2578 2399 2636 .rent,
2422 2570 2672 2625 animalia
2712 2577 2894 2637 autem
2934 2577 3118 2646 ventre
3156 2584 3186 2623 a
3226 2576 3371 2624 terra
3400 2581 3661 2640 suspensa
3690 2577 3831 2632 sunt,

2257 2660 2495 2734 appetitu
2524 2669 2702 2719 tamen
2735 2659 2871 2732 gulae
2897 2660 2968 2737 ad.
2993 2668 3194 2715 terram
3220 2674 3436 2731 semper
3462 2660 3789 2715 inclinantur
3818 2678 3831 2712 :

2236 2747 2472 2823 reptilia
2528 2752 2709 2821 itaque
2740 2752 2877 2805 intra
2912 2751 3175 2827 parietem
3215 2760 3363 2817 sunt,
3386 2751 3604 2823 quando
3630 2752 3835 2820 cogita-

2260 2846 2434 2901 tiones
2453 2844 2743 2899 volvuntur
2772 2843 2827 2898 in
2858 2851 3058 2906 mente,
3089 2855 3267 2912 qurea
3298 2842 3528 2897 terrenis
3555 2841 3838 2897 desideriis

2261 2954 2536 3009 nunquam
2561 2938 2828 2993 levantur.
2863 2934 3130 2990 Animalia
3168 2949 3383 3005 quoque
3411 2945 3539 2991 sunt
3574 2935 3717 2990 intra
3744 2951 3837 3007 pa-

2261 3031 2472 3096 rietem,
2499 3029 2717 3100 quando
2743 3035 2799 3084 et
2833 3027 2877 3082 si
2906 3041 3012 3096 qua
3031 3025 3144 3095 jam
3166 3026 3338 3096 jttsta,
3386 3028 3432 3081 si
3471 3043 3577 3098 qua
3617 3028 3843 3083 benesta

2262 3123 2603 3195 cogitantur,
2651 3118 2964 3190 appetendis
3014 3127 3193 3191 tamen
3248 3118 3415 3196 lucris
3461 3118 3844 3196 temporalibus

2264 3216 2669 3287 honoribusque
2697 3218 3031 3293 deserviunt,
3058 3226 3113 3293 et
3159 3233 3256 3303 per
3304 3218 3594 3295 semetipsa
3627 3218 3845 3288 quidem

2259 3308 2372 3376 jam
2405 3308 2560 3378 quasi
2600 3323 2629 3362 a
2659 3317 2802 3363 terra
2830 3323 3091 3378 suspensa
3125 3316 3268 3373 sunt,
3294 3308 3387 3362 sed
3411 3308 3589 3367 adhuc
3610 3324 3711 3376 per
3735 3322 3847 3359 am-

2265 3400 2458 3463 bitum,
2482 3399 2637 3468 quasi
2670 3413 2767 3468 per
2808 3398 2944 3469 gula:
2973 3398 3295 3453 desiderium
3322 3413 3441 3454 sese
3474 3402 3539 3452 ad
3570 3400 3678 3452 ima
3724 3400 3850 3453 sub-

2267 3491 2505 3547 mittunt.
2527 3488 2677 3544 Unde
2703 3498 2759 3543 et
2780 3489 2915 3544 bene
2943 3490 3190 3544 subditur
3218 3507 3231 3542 ε
3274 3509 3292 3540 ι
3328 3489 3395 3543 Et
3422 3490 3676 3545 universa
3709 3489 3847 3543 idola

2268 3581 2458 3637 domus
2494 3581 2659 3636 Israel
2712 3582 2925 3651 depicta
2975 3590 3129 3636 erant
3168 3583 3220 3636 in
3261 3583 3490 3651 pariete.
3518 3603 3536 3633 ι
3575 3581 3849 3652 Scriptum

2269 3674 2465 3743 quippe
2498 3682 2585 3727 est
2616 3690 2629 3726 :
2664 3671 2787 3741 «αΕι
2814 3672 3060 3736 avaritia,
3094 3687 3216 3740 quae
3254 3680 3336 3726 est
3369 3671 3635 3726 idolorum
3677 3673 3851 3726 servi-

2273 3771 2359 3816 tus
2405 3760 2631 3832 (Coloss.
2667 3762 2770 3834 tit).
2812 3781 2829 3812 ι
2866 3751 3033 3816 Recte
3074 3776 3207 3831 ergo
3238 3769 3359 3830 post
3395 3760 3652 3814 animalia
3711 3760 3853 3814 idola

2271 3852 2689 3919 describuntur,
2743 3853 2867 3922 quia
2914 3853 3013 3907 etsi
3061 3853 3287 3906 honesta
3342 3853 3556 3905 actione
3612 3849 3857 3906 nonnulli

2271 3942 2423 4010 quasi
2457 3957 2486 3994 a
2514 3950 2656 3997 terra
2684 3956 2742 3997 se
2770 3942 3004 4019 erigunt,
3030 3941 3323 4019 ambitione
3351 3949 3531 3994 tamen
3570 3941 3862 3995 inhonesta

2273 4050 2333 4089 se
2392 4035 2595 4103 ctipsos
2613 4035 2679 4088 ad
2699 4032 2898 4088 terram
2921 4035 3216 4127 deponunt.
3249 4033 3397 4088 Bene
3424 4042 3607 4088 autem
3634 4035 3861 4093 dicitur,

2281 4144 2299 4175 ‹
2342 4126 2554 4196 depicta
2588 4133 2764 4189 erant,
2795 4145 2812 4176 ι
2855 4125 3139 4195 ηιιίιιδιιιιι
3179 4125 3508 4180 exteriorum
3548 4141 3737 4178 rerum
3776 4139 3870 4178 ex-

2276 4218 2541 4271 trinsecus
2567 4217 2776 4285 species
2804 4216 3179 4291 attrahuntur,
3206 4199 3361 4286 quasi
3395 4216 3448 4269 in
3476 4216 3643 4270 corde
3674 4216 3871 4284 depin-

2275 4308 2437 4376 gitur,
2470 4307 2729 4383 quidquid
2769 4306 2906 4362 {lctis
2936 4290 3258 4379 imaginibus
3280 4307 3635 4361 deliberando
3657 4307 3871 4377 cogita-

2277 4404 2383 4459 tur.
2427 4394 2729 4451 Notandum
2772 4398 2955 4467 itaque
2997 4392 3098 4465 est,
3146 4397 3273 4473 quia
3312 4397 3467 4467 prius
3517 4396 3773 4451 foramen
3822 4398 3875 4449 in

2277 4485 2508 4555 pariete,
2530 4501 2596 4541 ac
2623 4486 2817 4541 deinde
2841 4486 3039 4541 ostium
3070 4488 3343 4550 cernitur,
3374 4496 3427 4542 et
3467 4496 3601 4543 time
3649 4488 3876 4543 demum

2279 4575 2493 4646 occulta
2549 4577 2881 4651 abominatio
2931 4579 3369 4645 demonstratur,
3416 4578 3548 4647 quia
3612 4579 3882 4646 nimirum

2283 4671 2707 4742 uniuscujusque
2735 4683 2951 4743 peccata
2978 4674 3127 4742 prius
3154 4674 3305 4752 signa
3329 4672 3662 4735 forinsecus,
3684 4674 3886 4727 deinde

2277 4766 2443 4835 jauua
2473 4776 2672 4836 apertae
2702 4757 3006 4838 iniquitatis
3032 4769 3353 4829 ostenditur.
3388 4766 3456 4820 Et
3496 4776 3631 4841 tunc
3662 4767 3888 4835 demunt

2283 4873 2445 4914 omne
2475 4858 2671 4914 malum
2697 4860 2837 4929 quod
2861 4860 3006 4914 intus
3031 4859 3163 4931 latet
3195 4859 3437 4939 aperitur
3463 4876 3475 4911 :
3510 4858 3739 4914 idcirco
3762 4873 3893 4929 ergo

2285 4953 2448 5006 etiam
2474 4951 2725 5007 doctores
2756 4954 2994 5031 graviter
3017 4952 3192 5008 solent
3221 4940 3426 5005 minuta
3486 4951 3813 5016 discutere,
3840 4959 3897 5002 ut

2287 5045 2357 5098 ab
2393 5046 2651 5100 extremis
2677 5046 3037 5117 exterioribus
3065 5046 3130 5101 ad
3162 5043 3370 5101 occulta
3416 5045 3636 5114 possint
3682 5044 3901 5114 majora

2287 5136 2588 5206 pervenire,
2633 5138 2796 5193 verba
2842 5152 3047 5208 asperae
3096 5136 3481 5208 increpationis
3530 5148 3815 5202 movent,
3848 5147 3908 5191 ut

2288 5231 2471 5301 spinas
2512 5231 2805 5303 mortifera:
2840 5231 3180 5303 cogitationis
3199 5231 3495 5286 eradicent.
3527 5229 3601 5285 Et
3627 5230 3763 5286 iure
3783 5246 3909 5285 cum

2290 5332 2490 5392 agunt,
2558 5324 2841 5380 charitatis
2897 5339 3081 5379 amore
3145 5324 3384 5395 sapiunt,
3436 5337 3545 5397 non
3609 5323 3914 5377 inﬂatione

2293 5416 2542 5472 elationis
2582 5417 2965 5487 intumescunt.
3001 5414 3135 5471 Mori
3182 5416 3323 5470 enim
3371 5429 3470 5485 pro
3521 5413 3675 5482 ipsis
3734 5415 3915 5485 parati

2294 5519 2439 5576 sunt,
2470 5524 2606 5579 quos
2633 5509 2785 5579 quasi
2815 5523 2985 5578 usque
3014 5509 3082 5563 ad
3126 5494 3354 5563 mortel’n
3404 5505 3726 5563 saevientes
3779 5508 3919 5561 ami-

2293 5608 2444 5672 gunt.
2475 5599 2781 5656 Servantin
2825 5600 3153 5671 cogitatione
3193 5595 3333 5669 quod
3373 5596 3619 5669 diligunt
3689 5608 3922 5654 sumunt

612 5748 683 5781 "
742 5753 951 5810 siineid.
1003 5755 1094 5819 lib.
1148 5770 1280 5823 vm,
1333 5755 1384 5807 in
1434 5753 1799 5824 descriptione
1844 5750 2013 5822 clypci
2065 5748 2284 5803 ίΕιιῖρω.
