3954 6182
218 215 316 270 €23

1155 190 1507 267 COMMENT.
1552 187 1613 265 is
1659 186 2110 266 ezrcuuitaiit.
2142 226 2219 251 ι-
2250 196 2386 266 'ue.
2423 198 2491 266 ‘v.

3365 206 3473 268 (ΞΒ

219 332 273 388 in
295 329 469 400 specie
498 327 640 398 quo]
675 333 1090 396 persequuntur,
1109 326 1245 379 bona
1278 326 1632 395 pnu;lican't's
1659 324 1783 377 iusi-
1816 330 1857 384 Λ
1889 323 2048 394 (Iam
2078 326 2177 395 nt).
2224 347 2240 378 ι
2288 325 2353 381 Et
2393 327 2443 381 in
2486 344 2545 382 se
2594 327 2852 385 intrlliact
2901 330 3028 383 illul
3080 346 3196 384 esse
3239 336 3467 404 compte.

216 434 411 488 artant,
448 425 590 477 mala
630 428 811 476 autem
858 427 1116 474 caventes
1156 419 1542 490 praenuntiant,
1577 434 1682 472 non
1730 415 1789 472 ut

214 518 329 578 Elin
360 515 729 571 desiderantes
751 516 1002 573 exorant,
1038 525 1163 581 erga
1189 510 1508 565 commissos
1529 511 1629 564 sibi
1658 526 1792 564 non-

214 621 486 677 nunquam
511 603 857 672 correptione
883 600 1111 665 fervent,
1129 615 1191 654 ac
1217 601 1260 655 si
1292 600 1468 655 nullus
1490 616 1584 655 eos
1608 600 1791 655 fervor

221 696 487 754 accendat.
510 695 676 750 Valde
696 693 841 748 enim
874 699 1141 754 metuunt,
1159 705 1226 745 ne
1247 690 1340 745 sia
1354 692 1643 760 pravorum
1671 706 1792 746 cor-

203 787 455 858 reptione
505 778 860 841 cessaverint.
918 780 1019 850 ipsi
1066 793 1165 850 pro
1212 794 1401 834 eorum
1436 778 1791 865 damnatione

218 878 519 947 puniantur.
555 873 620 928 Et
649 888 771 928 cum
799 872 865 925 ad
893 872 1057 925 verba
1105 885 1163 925 se
1210 870 1528 924 invectionis
1578 869 1792 923 inflam-

218 977 376 1030 mant,
405 966 797 1035 invitiquidem
821 965 888 1017 ad
919 964 1033 1017 lucc
1062 962 1300 1024 veniunt,
1325 961 1417 1015 sed
1452 969 1627 1016 tamen
1653 963 1793 1015 hanc

218 1060 576 1116 defensionem
597 1057 699 1112 sibi
720 1055 859 1125 apud
874 1054 1181 1108 districtum
1208 1052 1444 1120 judicem
1462 1059 1789 1121 prtcparant.

287 1172 305 1205 ι
351 1153 416 1206 Et
446 1148 787 1221 septuaginta
822 1147 927 1201 viri
955 1146 1020 1201 de
1052 1144 1355 1200 senioribus
1385 1144 1575 1198 domus
1603 1141 1789 1207 Israel,

221 1265 241 1297 ι
275 1253 327 1299 et
352 1242 605 1297 Jezonias
649 1240 865 1310 Saphan
897 1237 1037 1292 filius
1071 1235 1334 1291 stabat'in
1380 1234 1558 1289 medi'o
1601 1238 1791 1288 eurum

220 1356 240 1388 ‹
280 1334 536 1389 stantium
593 1341 720 1386 ante
749 1330 1019 1400 picturas,-
1058 1332 1115 1382 et
1154 1326 1525 1396 unusquisque
1561 1322 1792 1381 habebat

220 1446 238 1478 ε
281 1424 612 1480 thuribulum
638 1422 690 1476 in
715 1430 875 1475 manu
900 1420 1018 1484 sua,
1037 1427 1276 1489 etvapor
1304 1418 1516 1473 nebulre
1540 1416 1605 1471 de
1633 1415 1795 1472 thure

218 1537 235 1567 ι
277 1512 655 1585 consurgebat.
697 1532 715 1563 ι
750 1509 1018 1582 (Hieran)
1051 1508 1279 1576 Quando
1308 1507 1791 1578 dicitscptuagiuut

213 1603 558 1660 viros'fursse
583 1602 650 1658 de
680 1600 984 1657 senioribus
1032 1600 1225 1654 domus
1268 1599 1453 1664 Israel,
1500 1600 1591 1669 qui
1640 1608 1790 1654 tene-

214 1700 338 1754 bant
361 1694 633 1751 thuribula
657 1694 923 1759 manibus,
942 1694 1179 1748 ostendit
1195 1693 1390 1747 multos
1409 1692 1607 1748 etalios
1631 1692 1795 1747 fuisse
1829 1672 1871 1729 Β

211 1788 555 1859 presbyteros
591 1789 682 1858 qui
711 1789 813 1843 hoc
841 1804 947 1842 non
979 1786 1271 1853 faciebant,
1290 1788 1383 1842 sed
1416 1787 1641 1842 forsitan
1675 1790 1796 1857 pe'c-

214 1880 346 1934 catis
380 1878 502 1933 aliis
544 1876 883 1932 tenebantur.
933 1877 1216 1945 Unumque
1259 1877 1473 1931 nomine
1516 1869 1794 1931 ‘Jezoniam

214 1969 377 2023 lilium
410 1968 628 2035 Sapltau
644 1967 878 2021 "stetisse
902 1968 958 2020 in
978 1966 1156 2020 medio
1187 1981 1372 2020 eorum
1405 1968 1558 2036 quasi
1581 1967 1795 2037 princi-

210 2076 328 2129 pem
348 2059 577 2114 'sc‘eleris
605 2068 791 2113 eorum
810 2060 978 2128 ’atqbe
1004 2058 1298 2130 sacrilegii,
1324 2059 1413 2129 qui
1437 2059 1634 2113 omissa
1654 2058 1798 2113 "reli-

211 2151 365 2222 gione
387 2150 502 2211 Dei,
531 2151 671 2204 idola
697 2150 962 2213 colebant,
988 2160 1041 2204 et
1065 2151 1116 2203 in
1151 2150 1348 2219 templo
1371 2163 1478 2205 non
1504 2151 1801 2205 adorabunt

212 2242 397 2304 Deum,
414 2240 569 2311 cujus
583 2252 702 2296 erat
722 2241 998 2311 templum,
1018 2243 1110 2297 sed
1122 2232 1362 2312 picturas
1374 2243 1661 2312 parietum.
1677 2242 1803 2297 Pul-

212 2332 446 2401 chreqtte
471 2332 672 2387 dicitur
707 2349 719 2385 :
761 2350 779 2383 ι
814 2331 1006 2386 Stabat
1031 2330 1281 2386 Jezouias
1318 2329 1459 2387 filius
1489 2330 1730 2401 Saphan,
1777 2351 1794 2382 ι

210 2424 263 2479 id
289 2434 376 2479 est
413 2443 432 2475 ι
454 2424 650 2494 ’ἀπάξεἰί
686 2443 704 2475 ι
733 2432 789 2479 et
821 2421 1286 2478 condemnationis
1315 2437 1445 2488 sure,
1476 2424 1495 2474 ‘c
1536 2423 1590 2476 in
1619 2423 1800 2478 medio

210 2516 470 2572 stantium
512 2516 984 2585 presbyterorum,
1026 2533 1043 2565 ι
1076 2513 1200 2584 quia
1234 2521 1289 2567 et
1317 2511 1573 2583 princeps
1599 2554 1613 2580 ,
1657 2522 1713 2568 et
1748 2513 1800 2568 bi

209 2620 441 2677 quorum
488 2605 738 2675 princeps
774 2613 914 2667 erat,
938 2603 1095 2658 firmo
1124 2603 1195 2657 in
1242 2602 1536 2659 sceleribus
1580 2605 1800 2660 stabant

210 2700 405 2771 gradu,
453 2714 556 2754 nec
614 2697 944 2754 fluctuabant
970 2697 1046 2751 ‘in
1098 2695 1259 2762 malo,
1279 2697 1385 2751 sed
1428 2697 1804 2752 robustissimc

209 2788 593 2859 persistebant.
613 2788 897 2858 Vaporque
921 2785 1128 2842 nebula:
1150 2794 1204 2843 et
1229 2786 1566 2842 confusionis
1598 2804 1663 2842 ac
1689 2797 1802 2842 tur-

209 2881 348 2935 binis
370 2879 464 2949 qui
488 2880 829 2950 surgebatex
863 2878 1693 2950 tlturevoll'erentiuttt‘saerilegbt
1716 2882 1804 2935 de-

208 2957 572 3030 monstrabat.
604 2973 719 3028 Iloc
744 2972 946 3027 factum
975 2973 1046 3027 sit
1070 2987 1135 3027 eo
1165 2982 1409 3041 tempore
1446 2972 1604 3042 juxta
1655 2972 1799 3028 litte-

1897 425 2041 470 tum:
2076 434 2094 468 ι
2116 416 2215 483 Qui
2239 416 2730 483 iuebriatur,nocte
2756 420 3053 475 inebriatur
3077 420 3127 492 (Ι
3147 420 3417 495 Tltrss.v).
3448 444 3466 476 ι

1892 506 2043 574 Quod
2065 506 2217 576 juxta
2245 509 2477 563 litteram
2508 521 2652 565 stare
2697 526 2802 566 non
2846 521 3039 582 potest.
3086 512 3280 581 Quanti
3326 516 3470 571 enim

1893 595 1945 649 in
1980 598 2217 665 prandiis
2264 598 2633 669 conviviisque
2683 601 2892 656 dierum
2948 602 3324 659 incbrianturl
3379 605 3471 660 sed

1893 687 2018 756 quia
2047 688 2281 742 ebrietas
2308 690 2485 743 cordis
2508 689 2782 746 olfendens
2807 692 2972 746 Deum
3000 695 3341 749 tenebrarum
3368 701 3471 760 e‘st,

1892 784 2076 832 etnon
2111 778 2265 841 lueis,
2301 789 2586 850 propterea
2620 782 2926 851 quicunque
2954 783 3281 849 inebriatur,
3317 791 3475 841 nocte

1894 869 2214 924 inebriatur.
2246 869 2378 925 Cum
2404 880 2584 926 autem
2609 873 2850 927 seniores
2880 874 3071 929 domus
3104 870 3282 930 Israel
3331 874 3475 931 fece-

1894 969 2020 1013 runt
2052 960 2192 1014 mala
2224 961 2545 1017 intenebris
2573 971 2627 1018 et
2671 963 2723 1017 in
2753 965 3067 1020 abscondito
3101 966 3471 1021 cubiculorunt

1894 1064 2135 1114 suorum,
2170 1060 2242 1105 'et
2268 1054 2590 1121 putaverint
2612 1070 2669 1110 se
2705 1054 2872 1110 Deum
2915 1057 3093 1112 celare
3144 1067 3320 1127 posse,
3349 1067 3475 1116 tunc

1892 1151 2290 1209 consequenter
2314 1143 2495 1199 dicent
2525 1163 2538 1199 :
2567 1144 2680 1200 Non
2715 1147 2856 1200 videt
2878 1147 3138 1234 Dominus
3161 1166 3258 1205 nos
3284 1167 3297 1204 :
3326 1152 3476 1206 dere-

1896 1228 2052 1298 liquit
2085 1230 2342 1288 Dominus
2370 1243 2589 1290 terram.
2609 1236 2866 1307 Multique
2889 1248 3016 1293 sunt
3054 1228 3373 1310 peccatores
3422 1254 3478 1298 et

1897 1323 2234 1380 ambulantes
2259 1326 2414 1397 juxta
2455 1329 2809 1400 cogitationes
2838 1346 2995 1396 suas,
3032 1334 3120 1402 qui
3165 1333 3329 1389 Deum
3372 1347 3476 1389 nun

1893 1413 2167 1466 :estimaut
2193 1430 2385 1472 curare
2414 1418 2695 1485 mortalia,
2725 1435 2825 1474 nec
2856 1421 2921 1474 ad
2952 1422 3099 1476 illum
3139 1430 3321 1478 nostra
3352 1425 3475 1480 vitia

1896 1501 2379 1570 pertinere.'Certe
2415 1508 2630 1577 quando
2668 1516 2987 1579 peccamus,
3023 1512 3075 1565 si
3119 1515 3478 1585 cogitaremus

1900 1592 2063 1648 De‘um
2094 1595 2276 1651 videre
2316 1605 2516 1654 etesse
2542 1608 2891 1669 praesentem,
2927 1616 3198 1672 nunquam
3243 1606 3474 1674 quod-cl

1902 1686 2149 1757 displicet
2164 1689 2480 1747 faceremus.
2498 1691 2667 1746 Porro
2690 1694 2830 1762 quod
2844 1695 3116 1763 sequitur:
3141 1714 3158 1745 ‹
3182 1694 3477 1766 Dereliquit

1903 1778 2159 1835 Dominus
2186 1792 2403 1847 terram,
2426 1802 2445 1834 ι
2475 1785 2830 1853 quorumdam
2852 1787 3016 1840 etiam
3040 1787 3478 1858 philosophorum

1900 1869 2166 1923 antentia
2197 1878 2305 1933 est,
2337 1873 2429 1941 qui
2450 1873 2777 1928 exside‘rnm
2806 1887 2968 1928 cursu
2993 1884 3155 1943 atque
3176 1878 3479 1932 constantia

1900 1959 2244 2028 suSpicantur
2274 1974 2393 2017 esse
2426 1963 2819 2018 in‘coelestibus
2848 1965 3241 2034 providentiam
3281 1976 3335 2023 et
3374 1976 3484 2023 ter-

1901 2059 2420 2117 rena'coutemncre,
2445 2053 2569 2107 dum
2597 2051 2730 2108 nihil
2757 2063 2920 2122 recte,
2947 2069 3044 2112 ncc
3061 2054 3215 2126 juxta
3238 2057 3481 2113 ordinent

1903 2140 1955 2192 in
1987 2145 2144 2195 terris
2158 2142 2391 2212 geritur.

1978 2252 1995 2283 ι
2043 2232 2109 2287 Et
2135 2233 2270 2288 dixit
2297 2234 2363 2288 ad
2397 2249 2482 2290 me
2516 2253 2528 2288 :
2562 2235 2751 2292 Adhuc
2778 2252 3074 2293 conversus
3120 2238 3325 2295 videbis
3368 2257 3482 2295 nta-

1909 2342 1926 2373 σ
1961 2322 2110 2391 jores
2137 2324 2582 2394 abominationes,
2611 2343 2747 2398 quas
2771 2329 2857 2384 isti
2883 2329 3104 2384 faciunt.
3138 2329 3204 2385 Et
3235 2332 3481 2387 introdu-

1909 2436 1926 2467 ι
1970 2417 2049 2471 xit
2075 2432 2160 2472 me
2196 2432 2294 2488 per
2321 2420 2518 2474 ostium
2553 2430 2724 2491 porta:
2748 2422 2939 2476 domus
2969 2422 3202 2488 Domini,
3227 2424 3368 2494 quod
3404 2440 3487 2480 re-

1910 2527 1928 2560 (
1975 2508 2238 2579 spiciebat
2261 2510 2326 2565 ad
2350 2512 2679 2582 aquilonem,
2706 2522 2762 2568 et
2783 2530 2912 2570 ecce
2942 2516 3198 2572 mulieres
3226 2518 3487 2574 sedebant

1868 2594 1877 2601 ’
1909 2616 1926 2648 ‹
1972 2598 2287 2670 plangentes
2315 2599 2633 2657 Adonidem.
2666 2621 2684 2655 ι
2715 2604 2884 2670 Quem
2916 2620 3014 2660 nos
3041 2606 3377 2676 interpretati
3403 2624 3488 2662 su-

1906 2705 2025 2744 mus
2053 2688 2376 2757 Adonidem,
2406 2691 2665 2751 Hebraeus
2713 2705 2767 2751 et
2819 2695 2991 2768 Syrus
3048 2714 3228 2755 sermo
3275 2700 3489 2754 thomus

1903 2783 2121 2836 vocant.
2155 2782 2305 2839 Unde
2327 2786 2451 2855 quia
2473 2785 2915 2859 jttxta'gent‘iletn
2941 2789 3175 2846 fabulam
3205 2790 3259 2845 in
3302 2807 3489 2848 mense

1902 2871 2607 2944 Junioan'tasius‘Veneris,
2638 2887 2690 2933 et
2719 2879 3356 2953 pulclierrimusjuvenis
3389 2870 3503 2940 σοί

1902 2966 2070 3033 cisus,
2102 2975 2157 3022 et
2186 2969 2440 3040 deinceps
2485 2971 2746 3027 revixisse
2792 2982 3063 3040 narratur,
3098 2975 3346 3043 eumdem
3396 2977 3490 3032 Ju-

205 3082 356 3131 ram;
386 3075 672 3131 caeterum,
700 3075 757 3120 et
787 3066 942 3120 nobis
982 3065 1396 3130 orandam~est,
1449 3082 1515 3121 ne
1558 3032 1873 3122 seninres'c
1904 3059 2054 3114 nium
2088 3075 2324 3116 mensem
2374 3063 2560 3117 eodem
2607 3064 2878 3134 appellant
2930 3066 3181 3131 nomine,
3237 3078 3291 3122 et
3334 3070 3489 3122 anni-

207 3159 401 3213 domns
420 3157 608 3221 Israel,
625 3157 990 3227 septenarium
1015 3173 1326 3223 numerum,
1340 3157 1537 3228 quiest
1559 3167 1801 3224 sanctus,

206 3264 302 3318 per
320 3256 540 3317 septem
564 3247 792 3303 decades
815 3247 1259 3316 multiplicantes,
1284 3255 1430 3302 stent
1453 3247 1505 3302 in
1530 3249 1807 3303 erroribus

206 3340 338 3403 suis,
355 3340 668 3399 etadorent
689 3340 928 3408 picturas
950 3338 1237 3403 idolorum,
1256 3353 1532 3408 vaporque
1556 3338 1803 3409 sacrilegi

204 3431 474 3486 ascendat
495 3430 608 3484 sive
628 3438 924 3502 consurgat
940 3430 1195 3486 resistens
1209 3431 1338 3485 Deo.
1357 3430 1582 3498 Quando
1601 3430 1803 3485 videri-

206 3539 327 3578 mus
348 3522 564 3593 plebem
587 3523 876 3592 pessimam
899 3533 1304 3592 congregatum,
1328 3525 1394 3578 de
1417 3538 1519 3593 qua
1541 3524 1803 3593 scriptum

204 3620 331 3666 est:
366 3631 385 3662 ι
431 3610 586 3667 0divi
616 3612 902 3667 ecclesiam
938 3612 1343 3682 malignantium
1387 3610 1559 3684 (Psal.
1585 3614 1741 3685 xxv),
1783 3634 1800 3663 ι

206 3710 260 3755 et
288 3700 517 3772 pejores
541 3701 694 3770 plebe
722 3703 865 3772 presl
886 3711 1090 3773 yteros,
1121 3702 1544 3772 nequiorenique
1570 3704 1802 3774 'princi-

182 3812 335 3864 ~pem
381 3795 478 3865 qui
508 3793 795 3865 praefectus
817 3804 900 3850 est
937 3796 1079 3864 plebi
1128 3802 1290 3864 atque
1336 3796 1692 3867 presbyteris,
1719 3797 1802 3850 di-

203 3899 405 3938 camus
431 3881 707 3940 Jezoniam
743 3892 974 3938 stantem
1006 3894 1132 3938 ante
1168 3884 1406 3954 picturas
1426 3925 1442 3948 ,
1473 3892 1527 3939 et
1566 3885 1806 3956 singulos

205 3975 422 4029 habere
449 3975 721 4029 thuribula
755 3976 809 4030 in
841 3977 1091 4031 manibus
1118 3977 1253 4039 suis,
1278 3991 1383 4030 non
1414 3976 1513 4030 Dei
1550 3975 1806 4044 majesta-

201 4072 343 4127 tcm,
361 4064 460 4118 sed
483 4064 729 4133 proprias
750 4065 1049 4119 sententias
1065 4064 1374 4129 adorantes,
1389 4072 1443 4118 et
1465 4080 1805 4135 nequaquam

199 4156 443 4208 odorem
475 4154 630 4208 bona:
657 4153 969 4225 fragrantia:
996 4155 1067 4209 ad
1091 4153 1280 4218 Deum,
1308 4154 1405 4209 sed
1440 4153 1689 4209 lictorem
1737 4155 1804 4209 ad

201 4245 357 4299 idola
381 4245 685 4314 pervenire.
1524 4266 1527 4267 ν

1909 3151 2201 3205 versarlam
2231 3152 2279 3206 ei
2319 3152 2593 3208 celebrant
2626 3153 3058 3227 solemnitatem,
3092 3156 3143 3210 in
3185 3172 3288 3226 qua
3340 3159 3489 3227 pian-

1906 3242 2051 3311 gitur
2081 3235 2449 3297 a'mt‘iiieribus
2479 3244 2634 3314 quasi
2665 3223 2911 3301 mortuus
2929 3286 2944 3313 ,
2968 3254 3025 3301 et
3054 3223 3242 3316 postea
3267 3223 3489 3305 revivis-

1906 3347 2036 3389 cens
2072 3333 2290 3389 canitur
2317 3343 2477 3404 atque
2498 3334 2764 3390 laudatur.
2792 3334 3319 3409 Consequenterque'
3338 3350 3485 3411 post-

1906 3438 2066 3492 quam
2088 3423 2357 3494 principes
2376 3433 2428 3479 et
2448 3425 2688 3481 seniores
2710 3426 2902 3483 domus
2928 3426 3090 3483 Israel
3108 3430 3243 3498 'quid
3259 3429 3488 3486 fecerint

1907 3513 1959 3566 in
1986 3513 2190 3583 templo
2228 3529 2293 3569 ac
2331 3515 2570 3571 tenebris
2591 3514 2958 3586 cubiculisque
2982 3526 3338 3572 monstratum
3381 3527 3487 3578 est.

1906 3607 2067 3660 etiam
2096 3606 2382 3662 mulierum
2436 3608 2566 3663 vitia
2615 3607 3016 3675 describuntur,
3062 3624 3181 3680 qua:
3208 3609 3487 3682 'plangunt

1907 3707 2207 3763 amatorum
2237 3699 2495 3754 societate
2522 3700 2764 3770 privatur,
2793 3709 2847 3754 et
2872 3701 3149 3756 exsultant
3187 3701 3232 3756 si
3262 3716 3355 3757 eos
3382 3717 3482 3773 po-

1908 3788 2112 3843 tuerint
2136 3788 2413 3843 obtinere."
2430 3789 2496 3843 Et
2530 3789 2669 3860 ’quia‘
2692 3790 2879 3845 eadem
2927 3790 3199 3861 gentilitas
3240 3790 3490 3860 hujusce-

1907 3881 2051 3935 modi
2085 3879 2293 3935 fabulas
2338 3891 2619 3950 poetarum
2671 3886 2791 3952 quae
2846 3880 3049 3938 habent
3096 3883 3485 3953 turpitudinem

1908 3971 2301 4041 interpretatur
2341 3969 2628 4034 subtil'ter,
2672 3971 3102 4026 interfectionem
3149 3981 3203 4027 et
3250 3988 3489 4027 resurre-

1909 4067 2139 4121 ctionem
2201 4058 2735 4134 Adonidis‘planctu
2796 4076 2850 4120 et
2902 4066 3094 4136 gaudio
3137 4082 3486 4135 prosequens.

1908 4158 2149 4227 Quorum
2198 4159 2429 4212 alterum
2458 4158 2531 4212 'iu
2588 4158 2886 4212 seminibus
2930 4173 3048 4227 quae
3088 4159 3391 4211 moriuntur
3437 4158 3488 4209 in

1909 4259 2076 4314 terra,
2106 4249 2334 4304 alterum
2362 4250 2415 4305 in
2472 4251 2743 4321 segetibus
2782 4250 2977 4318 quibus
3025 4256 3237 4301 mortua
3282 4249 3486 4302 semina

283 4357 304 4388 ι
335 4336 405 4390 Et
428 4335 569 4390 dixit
590 4337 659 4390 ad
688 4352 774 4391 me
793 4356 804 4387 :
823 4337 981 4391 Certe
1008 4335 1267 4401 vides,fili
1287 4337 1556 4403 hominis,
1576 4353 1695 4409 qua:
1722 4353 1807 4394 se-
1833 4380 1884 4439 Ι)
1911 4344 2296 4407 renascuntur,
2324 4340 2534 4396 ostendi
2568 4349 2740 4411 putat.
2772 4341 2880 4395 Nos
2904 4353 3118 4407 quoque
3146 4352 3240 4393 eos
3282 4338 3373 4407 qui
3421 4340 3488 4392 ad

206 4444 228 4475 ι
269 4426 467 4480 niores
486 4426 677 4493 domus
706 4425 866 4480 Israel
899 4424 1105 4480 faciunt
1132 4427 1185 4480 in
1225 4427 1481 4491 tenebris,
1518 4428 1805 4497 unusquis-

116 4576 123 4579 ν
208 4538 225 4563 ι
266 4532 383 4586 que
417 4516 473 4569 in
502 4516 817 4571 abscondito
839 4517 1207 4573 cuisiculi'sui.
1234 4518 1433 4573 Dicunt
1461 4521 1608 4573 enim
1644 4518 1802 4574 :“Non

212 4626 228 4651 ν
272 4605 433 4661 videt
477 4619 579 4659 nos
623 4606 902 4660 Dominus.
953 4606 1251 4677 Dereliquit
1295 4608 1554 4663 Dominus
1590 4619 1804 4664 terram

272 4711 496 4762 suam,»
528 4703 636 4751 etc.
662 4695 741 4750 Ex
775 4712 861 4761 eo,
895 4697 1090 4767 inquit,
1113 4699 1257 4768 quod
1285 4699 1339 4753 in
1370 4699 1570 4769 templo
1600 4700 1805 4755 facimit

203 4787 422 4854 ⁵κιινὶιιπ
447 4787 784 4857 congregati,
815 4789 1276 4859 ostenditurquid
1306 4790 1360 4843 in
1409 4790 1660 4846 cubiculo
1704 4808 1802 4847 suo

199 4879 595 4951 :musquisque
625 4879 806 4934 faciat.
841 4878 947 4935 Sed
972 4880 1267 4936 secundum
1295 4896 1569 4954 anagogen
1613 4884 1806 4940 melius

193 4971 443 5042 intelligi
474 4980 672 5041 potest,
702 4971 845 5040 quod
868 4971 1113 5027 nonnulli
1142 4973 1419 5043 principes
1450 4975 1803 5030 ecclesiarmn

1913 4429 2095 4484 saeculi
2122 4426 2264 4484 mala
2277 4438 2332 4484 et
2356 4430 2520 4495 bona,
2552 4428 2633 4482 vel
2663 4426 3056 4483 contristantur
3078 4424 3159 4479 vel
3190 4426 3485 4491 exsultant,

1910 4522 2165 4578 mulieres
2193 4520 2526 4592 appellemus
2553 4519 2698 4574 molli
2730 4526 2785 4573 et
2833 4516 3139 4573 eIIeminato
3175 4517 3376 4581 animo,
3405 4517 3489 4571 di-

1909 4627 2205 4682 eamusque
2231 4612 2484 4683 plangere
2505 4625 2600 4666 eos
2619 4608 2881 4670 Thamuz,
2907 4623 2970 4662 ea
2999 4608 3268 4674 videlicet,
3288 4624 3407 4679 quae
3437 4610 3489 4665 in

1909 4703 2071 4759 rebus
2098 4703 2282 4758 mundi
2309 4711 2565 4772 putantur
2591 4714 2711 4755 esse
2746 4698 3129 4770 pulcherrima.

1987 4813 2006 4846 ι
2052 4793 2120 4849 Et
2141 4793 2278 4848 dixit
2312 4793 2381 4847 ad
2412 4808 2496 4847 me
2531 4811 2543 4846 :
2574 4789 2734 4847 Certe
2760 4788 2962 4855 vidisti,
2987 4790 3058 4844 fili
3107 4791 3371 4855 hominis,
3400 4793 3492 4847 ad-

1915 4904 1933 4937 c
1975 4886 2081 4941 huc
2110 4899 2407 4940 conversus
2430 4883 2638 4939 videbis
2662 4882 3095 4937 abominationes
3117 4885 3350 4955 majores
3386 4887 3488 4940 his.

1914 4996 1932 5029 ι
1971 4976 2038 5031 Et
2063 4976 2362 5031 introduxit
2386 4990 2470 5029 tne
2500 4976 2552 5030 in
2577 4975 2773 5029 atrium
2791 4975 2981 5030 domus
3004 4975 3214 5030 Domini
3244 4978 3488 5032 interius.

186 5060 422 5117 faciant
446 5062 502 5117 in
534 5065 806 5131 tenebris,
847 5080 969 5134 qua:
988 5066 1347 5136 dictatus-pia
1393 5076 1536 5122 sunt.
1583 5068 1690 5123 Iste
1724 5078 1809 5123 est

184 5155 572 5212 absconditus
590 5156 772 5211 cordis
800 5156 961 5211 homo
982 5157 1049 5211 de
1069 5168 1178 5226 quo
1202 5157 1399 5213 dicitur
1423 5173 1440 5214 :
1472 5178 1491 5209 ί
1525 5158 1809 5229 Ingredere

181 5248 260 5302 in
300 5245 618 5301 cubiculum
657 5255 806 5300 tuum
837 5246 1054 5318 (Matth.
1079 5247 1177 5318 vr).
1216 5268 1236 5300 ι
1268 5249 1335 5302 Et
1364 5264 1577 5304 rursum
1613 5267 1626 5302 :
1657 5269 1674 5300 α
1705 5249 1807 5316 Qui

182 5337 366 5391 videt
411 5337 466 5390 in
517 5336 784 5392 absconso
818 5337 1007 5393 reddet
1036 5338 1152 5393 tibi.
1190 5337 1469 5394 rRecoIat
1514 5342 1806 5410 unusquis-

172 5440 319 5496 que
347 5427 742 5480 conscientiam
774 5442 947 5491 suam,
973 5436 1028 5483 et
1053 5444 1217 5499 opera
1245 5432 1589 5484 tenebrarum
1622 5442 1807 5485 rector-

178 5523 379 5574 dctur
402 5519 457 5573 in
493 5520 763 5584 tenebris,
796 5520 1042 5591 sciatque
1093 5524 1355 5590 scriptum
1391 5540 1403 5575 :
1445 5541 1463 5574 ι
1499 5523 1688 5577 Omnis
1715 5523 1807 5592 qui

170 5614 714 5685 nzala'opcratur,
758 5617 872 5671 odit
924 5615 1116 5683 lucem,
1179 5633 1249 5671 ne
1299 5625 1555 5689 arguatur
1611 5633 1640 5671 a
1689 5617 1808 5671 luce

1916 5087 1935 5119 ι
1980 5067 2047 5121 Ει
2073 5082 2199 5121 ecce
2227 5066 2279 5120 in
2306 5067 2444 5121 ostio
2473 5066 2655 5136 templi
2683 5065 2892 5120 Domini
2924 5067 3067 5121 inter
3092 5067 3412 5123 vestibulum
3437 5078 3494 5123 et

1918 5179 1933 5211 ι
1974 5158 2166 5223 altare,
2190 5158 2342 5228 quasi
2371 5156 2557 5228 viginti
2585 5156 2823 5226 quinque
2869 5156 2991 5222 viri,
3024 5156 3182 5212 dorsa
3234 5156 3493 5213 habentes

1919 5270 1934 5299 ι
1976 5258 2163 5303 «τοιιιι-ίι
2195 5247 2453 5318 templum
2489 5236 2722 5312 Domini,
2752 5255 2806 5301 et
2830 5245 2996 5302 facies
3025 5246 3090 5301 ad
3114 5249 3397 5303 orientem.
3424 5246 3492 5301 Et

1918 5361 1935 5389 ι
1980 5340 2279 5394 adorabant
2306 5338 2372 5393 ad
2400 5347 2576 5393 ortum
2604 5339 2751 5394 solis.
2783 5359 2803 5391 ι
2833 5339 2899 5394 Et
2921 5340 3047 5408 quia
3073 5352 3233 5408 supra
3262 5338 3488 5407 legimus

1910 5442 2032 5501 post
2055 5431 2252 5485 idolum
2275 5430 2398 5495 zeli,
2415 5432 2557 5499 quod
2583 5431 2649 5485 ad
2676 5440 2886 5502 portam
2918 5430 3181 5501 aquilonis
3204 5428 3485 5498 apparuit:

1917 5542 1933 5572 ι
1974 5523 2164 5577 Adhuc
2183 5535 2475 5576 conversus
2501 5522 2705 5577 videbis
2734 5522 3160 5577 abominationes
3190 5519 3438 5588 majores,
3469 5539 3487 5571 ι

1910 5615 2246 5683 ustonsisquc
2277 5628 2374 5682 per
2398 5613 2658 5683 parietem
2693 5613 2914 5683 picturis
2934 5613 3170 5667 omnium
3200 5610 3490 5665 bestiarum
