3940 6180
462 260 567 318 s27
1111 254 1173 310 ιι.
1212 249 1465 309 uanam
1504 220 1724 307 munt
1757 245 2075 305 ARCHIEP.
2121 242 2430 302 uocum.
2462 228 2750 302 ornauit
2785 234 2968 302 rans
2998 244 3063 301 ιι.
3632 244 3734 300 623

466 392 603 461 quas
655 373 952 431 adorabant
1010 370 1350 444 septuaginta
1400 366 1709 441 presbyteri
1773 373 1831 423 et
1890 362 2049 422 Jezo-
2073 375 2121 435 Α
2150 362 2300 419 ciens
2330 360 2551 429 caelum,
2575 369 2631 418 et
2656 361 2849 429 solem,
2877 369 2934 420 et
2962 360 3168 430 lunam,
3196 370 3254 418 et
3279 370 3430 418 astra
3456 359 3733 432 fulgentia,

468 456 590 525 nias
609 465 748 521 filius
768 462 1012 534 Saphan,
1034 469 1282 518 tenentes
1301 458 1577 516 thuribula
1592 458 1647 514 in
1663 455 1934 523 manibus,
1954 469 2043 512 se-
2145 454 2424 512 osculatus
2440 457 2515 514 sit
2532 470 2751 512 manum
2766 471 2943 522 suam,
2957 456 3011 512 id
3022 451 3734 513 estadoraveritcreaturas.

468 561 647 620 eundo
675 559 911 616 dicitur:
953 573 974 609 ι
1008 554 1199 611 Adhuc
1245 567 1539 611 conversus
1586 549 1795 607 videbis
1839 546 2048 604 abomi-

468 655 717 711 nationes
743 649 975 719 majores
1004 648 1108 705 his.
1143 665 1163 699 ι
1193 645 1324 713 Quae
1362 654 1446 700 est
1485 650 1666 698 autem
1699 640 1874 712 major
1917 637 2049 694 abo-

469 744 693 801 minatio
713 740 1049 812 superiorum
1076 737 1237 793 trium
1262 733 1567 793 scelerum?
1589 731 1839 788 videlicet
1853 735 2048 800 quarta

469 852 586 909 quae
612 835 857 906 sequitur
886 851 899 888 :
934 850 953 883 ‹
983 830 1125 886 Ecce
1151 830 1204 885 in
1244 829 1384 884 ostio
1427 825 1610 896 templi
1643 821 1858 882 Domini
1906 820 2050 875 inter

467 924 791 983 vestibulum
838 931 895 979 et
944 921 1155 987 altare,
1191 916 1377 991 'quasi
1423 915 1616 986 viginti
1663 913 1904 984 quinque
1941 909 2048 964 viri

468 1015 625 1073 dorsa
653 1015 916 1071 habentes
945 1018 1131 1067 contra
1161 1008 1417 1079 templum
1447 1004 1683 1069 Domini,
1710 1012 1766 1058 et
1788 1001 1955 1057 facies
1979 998 2050 1054 ad

467 1111 765 1184 orientem,
792 1115 849 1163 et
888 1104 1185 1161 adorabant
1229 1101 1298 1156 ad
1340 1107 1520 1155 ortum
1558 1096 1709 1160 solis,
1742 1112 1762 1145 ι
1793 1109 1859 1148 eo
1883 1090 2047 1160 quod,

466 1209 779 1272 contempto
797 1197 1050 1263 Domino,
1073 1194 1128 1250 id
1155 1201 1241 1249 est
1265 1199 1530 1255 creatore,
1545 1188 1836 1243 adorarent
1856 1183 2049 1245 solem,

466 1298 522 1354 id
543 1303 626 1353 est
649 1278 869 1350 Domini
902 1298 1244 1350 creaturam,
1270 1282 1618 1355 praecipiente
1664 1280 1782 1350 ipso
1823 1275 2052 1332 Domino

466 1403 567 1460 per
589 1383 825 1459 Moysen,
852 1379 996 1451 quod
1038 1389 1376 1447 nequaquam
1422 1372 1477 1428 in
1518 1384 1724 1426 morem
1770 1363 2049 1439 gentilium

469 1456 976 1537 contra'oricntem
1024 1472 1195 1527 Deum
1240 1469 1467 1523 adorare
1521 1461 1805 1526 deberent,
1851 1457 1948 1514 sed
1995 1456 2050 1511 in

468 1582 792 1644 quacunque
837 1572 991 1636 parte
1023 1562 1213 1618 fuisset
1261 1557 1442 1623 nobis,
1483 1556 1600 1612 sive
1648 1552 1717 1608 ad
1765 1550 2051 1612 orientem,

2224 565 2245 599 ι
2286 546 2428 619 Ergo
2448 555 2506 604 et
2531 561 2630 617 ego
2656 546 2850 604 faciam
2879 545 2936 601 in
2961 543 3186 602 furore:
3211 561 3319 601 non
3342 552 3533 617 parcet
3550 543 3741 603 oculus

2153 655 2174 689 ι
2205 652 2360 693 ωειιε
2385 652 2486 695 nec
2514 637 2834 694 miserebor.
2866 635 3078 692 Etcum
3102 635 3463 692 clamaverint
3486 634 3560 691 ad
3580 648 3742 690 aures

2156 748 2176 781 ι
2214 744 2363 785 meas
2391 744 2526 785 voce
2546 744 2765 801 magna,
2789 745 2898 785 non
2923 731 3213 787 exaudiam
3256 745 3373 787 eos.
3406 749 3429 784 ι
3477 729 3589 787 Pro
3632 730 3736 794 bis,

2149 819 2246 886 ait,
2277 818 2529 876 omnibus
2554 836 2676 892 quae
2704 820 3041 887 fecerunt,et
3058 836 3160 893 ego
3172 821 3369 878 faciam
3392 822 3446 877 in
3467 820 3745 887 furore,et

2150 924 2257 964 non
2279 916 2466 982 parcet
2482 909 2670 967 oculus
2692 926 2866 976 meus,
2884 925 2987 967 nee
3005 911 3330 968 miserebor.
3350 910 3505 980 Quod
3526 911 3746 967 audien-

2151 1010 2234 1058 tes
2273 1009 2489 1058 veteres
2511 1002 2776 1083 iueretici',
2814 1010 3119 1060 creatorem
3159 1003 3564 1061 calumniantur
3587 1004 3741 1074 quasi

2128 1092 2428 1149 'crudelem
2444 1086 2507 1149 et
2526 1083 2965 1164 sanguinarium,
3010 1109 3111 1150 nec
3142 1095 3391 1165 cogitant
3438 1093 3743 1166 apostolum

2151 1182 2400 1250 Paulum,
2426 1185 2518 1255 qui
2549 1196 2697 1241 certe
2725 1186 2851 1240 boni
2881 1185 2996 1252 Dei,
3026 1195 3087 1240 ut
3114 1186 3217 1256 ipsi
3239 1186 3444 1250 volunt,
3466 1185 3740 1256 apostolus

2153 1281 2254 1338 est,
2283 1275 2522 1329 scribere
2548 1274 2616 1328 ad
2643 1273 2954 1329 Corinthios
2978 1292 2991 1327 :
3022 1293 3041 1326 ι
3070 1273 3128 1329 Si
3154 1288 3354 1329 veneto
3379 1289 3614 1345 rursum,
3633 1288 3742 1329 non

2152 1378 2371 1434 parcam
2400 1361 2450 1435 (1
2457 1362 2486 1416 I
2507 1361 2630 1417 Cor.
2664 1362 2810 1435 xm),
2837 1382 2856 1414 ι
2878 1372 2937 1418 ιιι
2964 1364 3115 1435 virga
3135 1364 3398 1433 corripiat
3422 1354 3741 1434 delini'pten-

2155 1460 2345 1539 tes,p_et‘
2367 1461 2614 1508 errantes
2644 1453 2883 1508 retrahat
2912 1453 2980 1508 ad
3020 1448 3275 1509 salutem.
3321 1450 3424 1520 ραι
3454 1454 3599 1507 enim
3633 1466 3740 1518 non

2155 1540 2461 1614 intelligunt
2521 1544 2649 1614 quid
2710 1544 2815 1600 sibi
2872 1544 3065 1615 prosit.
3112 1552 3168 1600 et
3211 1554 3373 1600 orent
3420 1543 3739 1614 frequenter

468 1635 583 1721 sive
643 1635 721 1718 ad
756 1635 1090 1715 occidentem
1117 1693 1133 1720 ,
1181 1651 1296 1709 sive
1348 1650 1416 1704 ad
1472 1644 1777 1709 meridiem,
1836 1640 1951 1695 sive
1984 1637 2052 1692 ad
2080 1714 2118 1721 _
2157 1635 2451 1700 contraria,
2478 1636 2695 1707 expedit
2723 1636 2801 1691 cis
2826 1644 2886 1691 ut
2915 1650 3020 1690 non
3055 1635 3469 1690 exaudiantura
3493 1635 3741 1691 Domino.

467 1714 889 1826 septentrionem
934 1714 1226 1803 adorarent
1275 1750 1464 1798 contra
1522 1735 1803 1807 templum,
1850 1731 1942 1786 ubi
1995 1730 2050 1784 in
2080 1714 2126 1773 Β
2159 1724 2306 1781 Unde
2326 1725 2451 1780 etin
2477 1726 2723 1781 oratione
2740 1725 3017 1781 Dominica
3030 1725 3262 1799 dicimus
3282 1743 3297 1778 :
3320 1744 3338 1776 ι
3358 1724 3482 1780 Fiat
3497 1724 3745 1781 voluntas

469 1825 660 1909 sancto
712 1850 1022 1900 sanctorum
1087 1836 1333 1893 habitare
1366 1831 1627 1889 Dominus
1680 1825 2047 1902 credebatur:

468 1941 613 2013 quod
672 1936 891 2008 quidem
949 1939 1005 1988 et
1068 1926 1344 1991 Danielem
1405 1924 1459 1979 in
1523 1919 1794 2013 Babylone
1834 1912 2052 1973 ‘fecis'se

470 2008 699 2104 legimus
751 2027 927 2102 (Dan.
980 2021 1104 2091 vr),
1160 2020 1252 2089 qui
1304 2014 1509 2087 apertis
1562 2008 1819 2068 fenestris
1867 2011 2053 2062 omna-

470 2097 576 2183 culi
620 2121 704 2179 sui
745 2097 1006 2175 adorabat
1047 2111 1337 2169 Dominum
1368 2114 1561 2164 contra
1610 2101 1867 2173 templum
1907 2097 2053 2169 quod

469 2220 590 2272 erat
617 2212 669 2267 in
714 2206 1053 2272 Jerusalem;
1084 2204 1188 2259 hoc
1225 2199 1380 2270 juxta
1407 2197 1647 2252 litteram
1679 2191 1845 2248 fuisse
1888 2188 2055 2246 sacri-

471 2302 594 2375 legii
623 2312 783 2357 nemo
804 2296 1035 2353 dubitat.
1067 2288 1374 2349 Secundum
1398 2298 1677 2375 anagogen
1705 2295 1896 2338 omnes
1943 2278 2055 2334 hae-

470 2370 670 2451 reticos
692 2390 906 2463 pejores
925 2399 1045 2442 esse
1059 2380 1350 2454 prioribus,
1368 2378 1420 2433 id
1440 2383 1548 2442 est,
1570 2371 1713 2430 idolo
1728 2371 1851 2435 zeli,
1868 2370 2055 2442 pictis-

470 2501 577 2558 que
630 2486 685 2543 in
720 2482 927 2555 pariete
970 2478 1158 2550 ﬁguris
1216 2470 1594 2536 animantium,
1642 2464 2056 2558 planctu.Ado—

469 2554 635 2644 nidis,
646 2554 742 2649 per
757 2589 877 2646 qua:
901 2568 1203 2628 idololatria
1218 2565 1571 2649 voluptasque
1591 2554 2056 2649 monstratu’gille

478 2785 497 2817 ι
540 2763 621 2819 Tu
642 2770 824 2818 autem
848 2756 1009 2815 odisti
1029 2751 1369 2824 disciplinam
1391 2755 1449 2804 et
1468 2743 1746 2817 proiecisti
1772 2752 2055 2797 sermones

472 2868 624 2910 meos
675 2858 800 2924 post
851 2856 904 2904 te
959 2842 1133 2918 (Psal.
1193 2838 1379 2917 xux),
1419 2858 1445 2903 ι
1614 2835 1670 2889 in
1716 2831 1824 2887 alio
1874 2829 1994 2924 loco
2034 2845 2051 2884 :

482 2956 508 2995 ρ
539 2917 831 2999 Venerunt
872 2917 1060 2993 contra
1102 2948 1187 2988 me
1214 2928 1489 3000 scapula'm
1530 2922 1870 2982 recedentem
1906 2917 2051 2994 (δεῖ.

2154 2548 2285 2619 quid
2312 2538 2559 2603 fecerint.

471 2642 957 2742 scirerpoteritqui
1002 2646 1331 2719 intellexerit
1354 2655 1691 2729 prophetam,
1722 2642 1991 2707 dicentem
2035 2664 2049 2701 :

2151 1824 2265 1881 tua,
2291 1835 2310 1868 ι
2335 1831 2443 1871 non
2464 1816 2714 1872 voluntas
2739 1826 2950 1883 nostra,
2973 1832 3094 1889 qua:
3111 1812 3300 1873 errare
3319 1819 3625 1883 censuerit,
3649 1818 3746 1874 sed

2150 1908 2403 1993 voluntas
2431 1905 2544 1974 tua,
2563 1920 2683 1980 quae
2713 1907 3221 1981 futurascognoscit.
3248 1909 3561 1982 Magnaque
3580 1911 3749 1966 inter-

2152 2000 2278 2055 dum
2301 1998 2574 2056 felicitatis
2595 2008 2698 2066 est,
2717 2001 2783 2055 ad
2804 2015 3042 2070 pratsens
3063 2002 3489 2057 misericordiam
3511 2015 3619 2056 non
3630 2010 3749 2056 me»

2152 2092 2283 2147 reri.
2307 2091 2376 2148 Et
2397 2092 2519 2149 istis
2541 2093 2710 2166 igitur
2740 2094 2834 2164 qui
2862 2101 2990 2148 sunt
3014 2093 3081 2149 de
3105 2093 3267 2149 domo
3291 2090 3450 2159 Iuda,
3479 2100 3536 2148 et
3554 2108 3590 2147 a
3618 2096 3750 2148 con-

2154 2184 2389 2241 fessione
2413 2183 2667 2240 Ecclesice
2692 2194 3054 2252 recesserunt,
3096 2201 3204 2242 non
3244 2194 3431 2256 parcet
3462 2184 3745 2241 Dominus.

2152 2275 2398 2346 Cumque
2423 2275 2783 2333 clamaverint
2808 2288 2943 2333 voce
2968 2292 3161 2347 magna
3180 2316 3198 2343 ,
3227 2278 3297 2334 de
3342 2292 3449 2348 qua
3484 2276 3749 2332 Dominus

2153 2367 2324 2423 dixit:
2357 2385 2376 2419 ι
2409 2365 2629 2424 Clamor
2651 2383 2838 2424 eorum
2866 2369 3113 2439 pervenit
3135 2369 3202 2424 ad
3229 2384 3347 2435 me,
3380 2389 3402 2424 ι
3430 2378 3611 2424 tamen
3640 2368 3747 2424 Do-

2152 2459 2334 2533 minus
2360 2474 2466 2514 non
2506 2458 2759 2515 exaudiet
2786 2444 2902 2527 eos,
2936 2464 2997 2515 'ut
3042 2459 3202 2515 malis
3242 2460 3420 2516 coacti
3444 2458 3749 2530 intelligant

2750 2609 2979 2696 tam
3039 2597 3131 2696 fx.

2152 2746 2232 2806 De
2250 2766 2343 2809 sea:
2378 2750 2503 2805 viris
2542 2749 2811 2822 missisad
2845 2751 3184 2804 vastationem
3213 2749 3423 2822 populi;
3452 2752 3520 2807 de
3553 2752 3660 2808 viro
3685 2752 3756 2807 li-

2493 2822 2605 2875 neis
2635 2819 2839 2884 induto,
2866 2834 2985 2875 cum
3008 2819 3403 2877 atramentum).

2170 2944 2175 2954 ‘
2227 2955 2245 2988 ι
2275 2935 2346 2990 Et
2365 2930 2627 2991 clamavit
2661 2934 2715 3007 in
2753 2935 2977 2991 auribus
3023 2936 3159 2991 meis
3205 2948 3337 2993 Voce
3386 2936 3583 3009 magna
3607 2961 3641 3005 ,ε
3666 2908 3755 2994 di-

474 3031 569 3105 ιι).
612 3051 629 3082 ι
660 3030 742 3084 Αη
782 3028 1093 3098 ignoramus
1123 3020 1449 3077 Marcionem
1475 3023 1531 3070 et
1572 3020 1798 3071 cancros
1837 3008 2053 3067 haereti-

2160 3044 2180 3078 ι
2209 3041 2338 3082 cens
2363 3043 2377 3079 :
2406 3018 2989 3099 Appropinquavcrunt
3011 3026 3546 3094 visitationes-urbis,
3580 3047 3601 3081 ι
3634 3036 3748 3085 etc.

472 3075 586 3189 cols,
618 3120 707 3192 qui
725 3075 890 3177 Verus
911 3115 1115 3171 laniant
1129 3098 1865 3193 Testamentum-contempto
1884 3099 2053 3156 Crea-

2159 3116 2266 3174 Pro
2293 3075 2744 3174 visitationibusjt
2774 3096 3060 3183 unionem.
3084 3139 3103 3172 ι
3135 3118 3491 3193 Septuaginta
3513 3075 3757 3178 transtu-

475 3222 612 3277 tore,
636 3191 690 3265 id
720 3205 966 3276 estjusto
990 3204 1117 3269 Deo,
1150 3201 1317 3256 alium
1347 3195 1632 3268 quemdam
1660 3192 1859 3284 bonum
1888 3191 2056 3246 Deum
2156 3208 2355 3265 18mm.
2407 3227 2426 3261 ι
2469 3209 2599 3265 "ibi
2652 3209 2796 3265 enim
2845 3210 3104 3277 vindicta,
3139 3191 3587 3284 εςοηιῆδωω,
3619 3214 3757 3271 dici,

472 3302 650 3362 colere
682 3308 737 3357 el
767 3298 1026 3363 adorare:
1070 3309 1228 3367 (ιυεηι
1274 3290 1341 3348 de
1387 3302 1488 3346 δυο
1537 3285 1701 3342 corde
1745 3283 2054 3363 .ﬁmemmv
2157 3301 2418 3359 Dominus
2446 3299 2621 3373 (Rom.
2653 3300 2773 3373 xu).
2814 3321 2834 3355 ι
2860 3300 3156 3372 Omnisque
3198 3302 3332 3358 ultio
3366 3303 3609 3359 visitatio
3642 3315 3754 3369 est,

470 3408 766 3465 omnesque
820 3389 991 3447 nostri
1036 3384 1295 3456 temporis
1341 3378 1582 3436 haeretici
1621 3377 1713 3448 qui
1754 3375 1856 3431 Dei
1888 3373 2055 3429 filium
2157 3393 2311 3464 quasi
2342 3393 2858 3465 wgrotantigtqmsi
2888 3392 3415 3465 ὴηδεηείεηγυιηεη,
3445 3395 3606 3465 quasi
3638 3410 3758 3450 ωε,

469 3462 767 3563 praedicant
805 3484 1136 3544 creaturam,
1163 3486 1218 3533 et
1250 3486 1430 3531 tamen
1459 3471 1687 3563 adorant
1712 3483 1843 3563 cum.
1867 3466 2058 3563 relicto
2156 3462 2305 3540 dicas
2338 3462 2706 3554 θέερθαηηίῖδ
2747 3498 2972 3554 ,Μηίων
2995 3482 3149 3554 in“:
3181 3483 3311 3540 mud
3510 3485 3641 3554 ἦ
3672 3486 3757 3542 di.

471 3548 770 3639 divinitatis
792 3572 990 3645 templo
1033 3577 1090 3627 et
1113 3575 1235 3639 post
1257 3574 1465 3633 tergum
1496 3561 1702 3625 habito,
1729 3557 1829 3629 ipsi
1854 3555 2059 3645 confes-
2158 3563 2303 3630 οιάη,
2329 3548 2455 3629 est}
2490 3591 2510 3625 ι
2546 3550 2792 3629 visitabo
2821 3574 2873 3647 ip-
2912 3548 3665 3645 ‘Qir'ga'f‘mqumés’eofhm’
3701 3584 3760 3631 ει

471 3673 624 3730 sione
649 3681 747 3726 sua
777 3644 1081 3721 creaturam
1108 3658 1337 3712 adorare
1364 3668 1422 3710 se
1450 3649 1674 3706 dicunt?
1721 3647 1830 3704 Nos
1862 3644 2056 3703 autem

472 3764 555 3820 sic
582 3760 872 3816 adoramus
899 3751 1069 3809 solem
1106 3746 1353 3819 justitize,
1379 3751 1439 3798 ut
1469 3741 1638 3798 Deum
1679 3739 1965 3794 adoremus
2002 3736 2055 3789 in

473 3853 672 3924 templo
702 3846 911 3906 Veteris
944 3840 1302 3906 Testamenti,
1334 3837 1425 3895 ubi
1449 3836 1535 3890 lex
1561 3841 1617 3889 et
1647 3832 1942 3904 prophetae,
1966 3826 2055 3883 ubi

473 3941 757 4002 cherubim
777 3946 833 3994 et
858 3933 1292 4008 propitiatorium
1320 3938 1422 3985 est.

550 4054 569 4088 t
609 4033 678 4088 Et
701 4029 836 4087 dixit
857 4027 927 4082 ad
948 4040 1033 4081 me
1061 4042 1074 4078 :
1106 4024 1266 4079 Certe
1286 4020 1486 4084 vidisti,
1528 4016 1603 4073 ﬁli
1628 4014 1882 4072 hominis.
1912 4011 2057 4065 Nun-

479 4146 499 4181 ι
533 4123 662 4196 quid
689 4120 807 4177 leve
829 4125 911 4174 est
937 4116 1041 4172 hoc
1069 4110 1247 4169 domui
1277 4109 1413 4165 Juda
1432 4149 1447 4174 ,
1470 4116 1531 4162 ut
1573 4106 1815 4161 facerent
1844 4100 2059 4156 abomi-

481 4241 500 4276 ι
545 4218 791 4277 nationes
820 4214 953 4270 istas
975 4223 1112 4281 quas
1162 4206 1407 4260 fecerunt
1453 4202 1564 4270 hic,
1622 4200 1745 4272 quia
1790 4196 2059 4267 replcutcs

478 4334 499 4369 ι
534 4323 736 4370 terram
755 4305 1041 4378 iniquitate
1067 4296 1317 4357 conversi
1344 4303 1471 4351 sunt
1500 4295 1566 4348 ad
1587 4290 1912 4347 irritandum
1937 4288 2060 4342 me?

2152 3666 2211 3722 in
2255 3665 2479 3736 flagellis
2537 3673 2760 3737 peccata
2812 3679 3022 3721 eorum.
3076 3664 3529 3723 Misericordiae
3566 3674 3756 3721 autem

2157 3774 2332 3815 meam
2360 3774 2467 3815 non
2488 3757 2734 3814 auferam
2758 3758 2828 3813 ab
2847 3755 3115 3830 eis(Psal.
3141 3756 3424 3828 Lxxxvm).
3450 3757 3755 3826 Recteque,

2150 3860 2241 3930 ut“
2262 3864 2423 3926 supra
2454 3848 2709 3931 diximus,
2744 3847 2989 3931 visitatio:
3011 3846 3097 3902 vel
3137 3846 3270 3919 ultio
3314 3845 3759 3926 appropinquare

2118 3944 2127 3963 "
2158 3924 2365 4012 dicitur
2377 3924 2692 4011 captivitate
2703 3927 2953 4002 “vicinam
2970 3926 3063 3993 “Et
3076 3928 3322 4010 unusqni.
3339 3954 3445 4008 quc
3470 3924 3567 3992 vas
3589 3939 3762 3993 inter-

2157 4033 2407 4090 fectionis
2453 4034 2618 4089 habet
2664 4032 2725 4086 in
2756 4047 2917 4086 manu
2946 4047 3063 4087 ειιε.
3097 4050 3116 4083 ι
3162 4029 3276 4085 Non
3324 4030 3482 4095 dixit,
3523 4046 3545 4080 ε
3579 4028 3757 4084 habeo

2157 4127 2271 4190 bat,
2324 4144 2344 4177 ι
2391 4130 2452 4177 ιιι
2496 4121 2845 4193 Septuaginta
2901 4120 3334 4185 transtulerunt.
3385 4134 3565 4191 neque
3602 4119 3754 4176 enim

2159 4224 2349 4273 narrat
2372 4215 2670 4287 praeterita,
2717 4196 3166 4284 séd‘mprmsentia,
3219 4212 3503 4282 futuraque
3525 4211 3755 4266 demon-

2160 4310 2316 4362 Strat.
2367 4305 2469 4371 Qui
2508 4304 2672 4374 igitur
2715 4302 2886 4358 malos
2934 4303 3168 4373 percutit
3211 4303 3265 4356 in
3316 4317 3384 4357 eo
3430 4301 3574 4372 quod
3616 4299 3751 4354 mali

478 4425 498 4459 ι
536 4405 604 4461 Et
623 4416 751 4459 ecce
777 4396 1048 4470 applicant
1076 4404 1285 4448 ramum
1315 4387 1380 4443 ad
1406 4400 1566 4440 nares
1589 4398 1736 4445 suas,
1771 4401 1789 4434 ι
1823 4390 1928 4436 etc.
1955 4379 2053 4434 Pro

2162 4404 2308 4461 sunt,
2328 4403 2385 4451 et
2411 4395 2581 4450 habet
2612 4387 2739 4448 vasa
2776 4391 3189 4465 interfectionis,
3218 4400 3279 4446 ut
3312 4391 3533 4447 occidat
3572 4388 3754 4460 pessi-

471 4511 537 4553 co
563 4493 705 4565 quod
740 4469 840 4545 nos
859 4485 1093 4543 diximus
1119 4498 1132 4533 :
1168 4498 1187 4532 ι
1219 4478 1288 4534 Ει
1314 4490 1444 4534 εεεε
1476 4474 1577 4546 ipsi
1606 4474 1747 4528 sicut
1789 4469 2058 4542 applicant

472 4563 681 4643 ram—um
709 4581 778 4636 ad
805 4591 965 4634 nares
1007 4588 1154 4639 snas,
1195 4591 1213 4623 ι
1249 4567 1598 4639 Septuaginta
1643 4563 2055 4627 transtulerunt,

479 4694 497 4728 ι
533 4682 587 4729 ει
612 4686 739 4728 ecce
761 4667 862 4739 ipsi
891 4666 1032 4721 sicut
1055 4663 1489 4739 subsannantes‘,‘
1508 4676 1532 4739 τι
1566 4655 1766 4726 quibus
1790 4653 1857 4708 de
1883 4652 2058 4707 Theo-

474 4762 690 4820 dotionc
724 4734 968 4813 additum
1005 4762 1092 4810 est
1125 4767 1140 4806 :
1190 4770 1210 4804 ‹
1244 4734 1555 4834 Extendunt
1583 4760 1814 4823 ramum,
1847 4765 1865 4797 ι
1899 4751 1960 4799 ιιι
1986 4743 2059 4799 sit
2104 4764 2109 4769 ·

476 4865 645 4914 totum
674 4852 897 4930 pariter,
932 4868 950 4900 ‹
976 4849 1038 4903 Et
1067 4861 1194 4903 ecce
1218 4830 1317 4921 ipsi
1347 4830 1879 4917 extendunttramnm
1896 4837 2053 4909 quasi

472 4950 887 5006 subsannantes.
944 4960 962 4994 ι
1021 4937 1303 5009 Signiﬁcat
1348 4942 1529 5014 autem
1574 4930 1769 5004 viginti
1817 4931 2057 5001 quinque

474 5043 641 5107 viros,
666 5040 759 5111 qui
783 5039 836 5092 in
861 5036 1127 5108 quadrum
1154 5032 1321 5089 solida
1342 5026 1574 5090 statione
1600 5027 1808 5083 fundati
1838 5031 1984 5089 sunt,
2002 5033 2058 5079 et

475 5150 507 5191 a
531 5134 768 5205 quinque
787 5130 1035 5187 sensibus
1060 5143 1155 5198 per
1179 5124 1470 5198 quinquies
1509 5122 1747 5193 quinque
1782 5119 2054 5191 quadran-

475 5222 583 5296 guli
618 5216 842 5294 figuram
870 5216 1130 5276 elliciunt.
1179 5214 1295 5270 Non
1342 5213 1515 5269 solum
1538 5209 1812 5296 templum
1856 5206 2058 5285 habere

474 5294 598 5387 post
624 5322 829 5386 tergum
850 5351 865 5370 .
906 5309 1002 5366 sed
1028 5308 1201 5364 instar
1231 5304 1497 5361 idolorum
1526 5294 1800 5374 applicare
1843 5312 2054 5355 ramum

477 5407 546 5461 ad
571 5419 732 5462 nares
755 5417 912 5469 suas,
944 5399 1089 5457 haud
1137 5398 1358 5454 dubium
1393 5396 1524 5466 quin
1566 5394 1890 5464 palmarum,
1922 5406 2058 5461 quas

478 5510 653 5567 graeco
690 5507 940 5560 sermone
965 5490 1087 5548 baia
1138 5494 1365 5554 vocant,
1394 5493 1457 5540 ut
1500 5500 1600 5557 per
1631 5484 1735 5540 hoc
1777 5496 1873 5537 eos
1915 5479 2055 5537 idola

482 5586 711 5642 adorare
734 5581 1021 5658 signiticet.
1040 5580 1282 5652 Denique
1292 5586 1348 5669 et
1362 5575 1463 5669 Job
1485 5577 1626 5635 inter
1638 5582 1863 5631 caeteras
1876 5572 2052 5628 virtu-

483 5685 568 5736 tes
595 5679 757 5734 etiam
784 5676 887 5733 hoc
912 5674 1168 5732 habuisse
1189 5669 1247 5727 Se
1273 5658 1419 5733 dicit,
1433 5658 1579 5741 quod
1604 5678 1880 5735 nunquam
1909 5661 2053 5732 aspi-

2167 4502 2306 4550 mos,
2330 4484 2579 4540 minister
2603 4493 2688 4539 est
2708 4482 2941 4538 Domini.

2238 4595 2258 4629 ι
2296 4576 2364 4631 Et
2397 4589 2524 4632 ecce
2552 4589 2650 4630 sex
2692 4573 2795 4628 viri
2831 4571 3122 4628 veniebant
3147 4572 3214 4627 de
3254 4570 3340 4624 via
3368 4578 3541 4640 portae
3584 4583 3751 4639 supe—

2165 4688 2184 4720 ι
2221 4667 2380 4724 rioris
2403 4682 2524 4738 quae
2550 4665 2769 4736 respicit
2796 4664 2865 4719 ad
2885 4664 3213 4734 aquilonem.
3235 4661 3303 4717 Et
3324 4658 3752 4730 uniuscujusque

2166 4778 2185 4810 ‹
2221 4774 2317 4814 vas
2357 4756 2611 4813 interitus
2652 4755 2707 4809 in
2750 4768 2913 4808 manu
2961 4752 3098 4821 ejus.
3125 4751 3223 4807 Vir
3258 4764 3474 4822 quoque
3514 4764 3654 4803 unus
3690 4749 3750 4805 in

2166 4869 2184 4901 ι
2222 4847 2401 4904 medio
2435 4861 2624 4903 eorum
2679 4844 2909 4899 vestitus
2960 4842 3138 4898 lineis.
3187 4840 3256 4896 Et
3295 4838 3750 4895 alumentariam

2164 4957 2182 4989 ‹
2219 4935 2501 5006 scriptoris
2529 4934 2596 4988 ad
2623 4946 2783 4988 renes
2807 4931 2945 5002 ejus.
2978 4928 3313 5001 ingressique
3340 4934 3471 4982 sunt
3494 4935 3549 4983 et
3578 4933 3750 4981 stete-

2165 5045 2184 5078 ‹
2221 5035 2347 5083 runt
2382 5024 2537 5096 juxta
2565 5023 2738 5078 altare
2776 5034 3008 5078 mneum.
3048 5020 3119 5075 Et
3140 5018 3310 5090 gloria
3342 5017 3558 5073 Domini
3582 5014 3750 5071 lar-el

2163 5135 2183 5167 ι
2219 5122 2495 5185 assumpta
2535 5120 2623 5169 est
2649 5113 2715 5169 de
2753 5112 2976 5175 cberub.
3005 5125 3126 5180 qum
3166 5117 3290 5165 erat
3327 5123 3492 5179 super
3517 5122 3644 5163 eum
3682 5106 3753 5160 ad

2165 5228 2184 5262 ι
2221 5208 2386 5264 limen
2420 5207 2633 5261 domus.
2676 5203 2744 5259 Et
2776 5203 2990 5259 vocavit
3031 5202 3207 5256 virum
3240 5200 3335 5270 qui
3374 5199 3599 5255 indutus
3629 5204 3756 5253 ent

2114 5308 2117 5309 '
2167 5316 2195 5356 ι,
2220 5298 2378 5355 lineis
2402 5337 2417 5362 ,
2470 5304 2521 5352 et
2580 5294 3028 5351 atramentarium
3079 5292 3360 5361 scriptoris
3415 5290 3651 5346 habebat
3700 5288 3759 5343 in

2167 5408 2185 5440 ι
2223 5388 2419 5444 lumbis
2443 5387 2579 5457 ejus.
2613 5406 2632 5439 ι
2670 5383 2874 5455 (Greg.,
2902 5383 2995 5439 lib.
3011 5398 3123 5443 ιω
3151 5380 3371 5444 March,
3397 5398 3445 5434 ο.
3472 5382 3589 5447 t9.)
3609 5377 3759 5445 Quid

2160 5492 2393 5549 namque
2417 5476 2561 5533 aliud
2591 5476 2644 5530 in
2671 5489 2766 5530 sex
2790 5474 2925 5530 viris
2960 5471 3320 5536 venientibus,
3352 5470 3458 5526 nisi
3486 5482 3591 5525 sex
3618 5475 3763 5525 tta-

2161 5575 2242 5622 tes
2280 5564 2505 5621 humani
2548 5560 2763 5631 generis
2788 5558 3174 5630 designantur?
3216 5556 3329 5625 Qui
3366 5557 3436 5612 de
3462 5556 3549 5611 via
3581 5566 3767 5625 portae

2152 5654 2452 5727 superioris
2483 5654 2724 5719 veniunt,
2760 5652 2885 5723 quia
2915 5665 2946 5704 a
2967 5650 3276 5707 conditione
3300 5646 3572 5719 paradisi,
3612 5645 3771 5703 sicut
