  <div class='ocr_page' id='page_1' title='image "/cluster/home/n/w/nwhite01/storage/ocr_20150623/110/hvd.32044054759758/320.png"; bbox 0 0 3954 6182; ppageno 0'>
   <div class='ocr_carea' id='block_1_1' title="bbox 266 252 380 309">
    <p class='ocr_par' dir='ltr' id='par_1_1' title="bbox 266 252 380 309">
     <span class='ocr_line' id='line_1_1' title="bbox 266 252 380 309; baseline 0.018 -2"><span class='ocrx_word' id='word_1_1' title='bbox 266 252 380 309; x_wconf 74' lang='lat'><strong>629</strong></span> 
     </span>
    </p>
   </div>
   <div class='ocr_carea' id='block_1_2' title="bbox 1210 243 2524 306">
    <p class='ocr_par' dir='ltr' id='par_1_2' title="bbox 1210 243 2524 306">
     <span class='ocr_line' id='line_1_2' title="bbox 1210 243 2524 306; baseline 0.001 -4"><span class='ocrx_word' id='word_1_2' title='bbox 1210 243 1563 302; x_wconf 68' lang='lat' dir='ltr'><strong>COMMENT.</strong></span> <span class='ocrx_word' id='word_1_3' title='bbox 1603 247 1670 303; x_wconf 73' lang='lat' dir='ltr'><strong>1N</strong></span> <span class='ocrx_word' id='word_1_4' title='bbox 1697 247 2162 305; x_wconf 66' lang='lat' dir='ltr'><strong>EZL‘ClliELESI.</strong></span> <span class='ocrx_word' id='word_1_5' title='bbox 2192 281 2257 290; x_wconf 90' lang='lat'><strong>—</strong></span> <span class='ocrx_word' id='word_1_6' title='bbox 2295 250 2420 306; x_wconf 60' lang='lat' dir='ltr'><strong>L13.</strong></span> <span class='ocrx_word' id='word_1_7' title='bbox 2463 248 2524 304; x_wconf 82' lang='grc' dir='ltr'><strong>ν.</strong></span> 
     </span>
    </p>
   </div>
   <div class='ocr_carea' id='block_1_3' title="bbox 3435 257 3538 316">
    <p class='ocr_par' dir='ltr' id='par_1_3' title="bbox 3435 257 3538 316">
     <span class='ocr_line' id='line_1_3' title="bbox 3435 257 3538 316; baseline 0.01 -4"><span class='ocrx_word' id='word_1_8' title='bbox 3435 257 3538 316; x_wconf 76' lang='grc'><strong>650</strong></span> 
     </span>
    </p>
   </div>
   <div class='ocr_carea' id='block_1_4' title="bbox 261 357 3538 436">
    <p class='ocr_par' dir='ltr' id='par_1_4' title="bbox 261 357 3538 436">
     <span class='ocr_line' id='line_1_4' title="bbox 261 357 3538 436; baseline 0.004 -24"><span class='ocrx_word' id='word_1_9' title='bbox 261 363 342 419; x_wconf 77' lang='lat' dir='ltr'><strong>ab</strong></span> <span class='ocrx_word' id='word_1_10' title='bbox 401 363 646 434; x_wconf 77' lang='lat' dir='ltr'><strong>ingressu</strong></span> <span class='ocrx_word' id='word_1_11' title='bbox 688 359 877 414; x_wconf 88' lang='lat' dir='ltr'><strong>mundi</strong></span> <span class='ocrx_word' id='word_1_12' title='bbox 929 373 960 411; x_wconf 91' lang='lat' dir='ltr'><strong>a</strong></span> <span class='ocrx_word' id='word_1_13' title='bbox 1008 357 1378 426; x_wconf 85' lang='lat' dir='ltr'><strong>superioribus</strong></span> <span class='ocrx_word' id='word_1_14' title='bbox 1423 359 1860 427; x_wconf 73' lang='lat' dir='ltr'><strong>generationibus</strong></span> <span class='ocrx_word' id='word_1_15' title='bbox 1890 369 1936 422; x_wconf 77' lang='grc' dir='ltr'><strong>Α</strong></span> <span class='ocrx_word' id='word_1_16' title='bbox 1962 360 2156 416; x_wconf 88' lang='lat' dir='ltr'><strong>domus</strong></span> <span class='ocrx_word' id='word_1_17' title='bbox 2196 372 2358 430; x_wconf 86' lang='lat' dir='ltr'><strong>atque</strong></span> <span class='ocrx_word' id='word_1_18' title='bbox 2397 363 2665 420; x_wconf 70' lang='lat' dir='ltr'><strong>vestibuli.</strong></span> <span class='ocrx_word' id='word_1_19' title='bbox 2691 364 2842 431; x_wconf 83' lang='lat' dir='ltr'><strong>Quod</strong></span> <span class='ocrx_word' id='word_1_20' title='bbox 2879 379 3219 434; x_wconf 71' lang='lat' dir='ltr'><strong>nequaquam</strong></span> <span class='ocrx_word' id='word_1_21' title='bbox 3249 374 3386 422; x_wconf 84' lang='lat' dir='ltr'><strong>tecm</strong></span> <span class='ocrx_word' id='word_1_22' title='bbox 3415 383 3538 436; x_wconf 82' lang='lat' dir='ltr'><strong>pre-</strong></span> 
     </span>
    </p>
   </div>
   <div class='ocr_carea' id='block_1_5' title="bbox 262 447 1858 519">
    <p class='ocr_par' dir='ltr' id='par_1_5' title="bbox 262 447 1858 519">
     <span class='ocr_line' id='line_1_5' title="bbox 262 447 1858 519; baseline -0.003 -11"><span class='ocrx_word' id='word_1_23' title='bbox 262 453 614 508; x_wconf 67' lang='lat' dir='ltr'><strong>evolvuutur.</strong></span> <span class='ocrx_word' id='word_1_24' title='bbox 653 450 786 517; x_wconf 66' lang='lat' dir='ltr'><strong>Quae</strong></span> <span class='ocrx_word' id='word_1_25' title='bbox 815 457 970 519; x_wconf 85' lang='lat' dir='ltr'><strong>porta</strong></span> <span class='ocrx_word' id='word_1_26' title='bbox 1007 448 1076 503; x_wconf 91' lang='lat' dir='ltr'><strong>ad</strong></span> <span class='ocrx_word' id='word_1_27' title='bbox 1101 447 1406 517; x_wconf 82' lang='lat' dir='ltr'><strong>aquilonem</strong></span> <span class='ocrx_word' id='word_1_28' title='bbox 1455 449 1692 519; x_wconf 81' lang='lat' dir='ltr'><strong>respicit,</strong></span> <span class='ocrx_word' id='word_1_29' title='bbox 1732 450 1858 519; x_wconf 83' lang='lat' dir='ltr'><strong>quia</strong></span> 
     </span>
    </p>
   </div>
   <div class='ocr_carea' id='block_1_6' title="bbox 267 529 1858 610">
    <p class='ocr_par' dir='ltr' id='par_1_6' title="bbox 267 529 1858 610">
     <span class='ocr_line' id='line_1_6' title="bbox 267 529 1858 610; baseline -0.002 -11"><span class='ocrx_word' id='word_1_30' title='bbox 267 545 520 601; x_wconf 80' lang='lat' dir='ltr'><strong>videlicet</strong></span> <span class='ocrx_word' id='word_1_31' title='bbox 543 558 698 598; x_wconf 87' lang='lat' dir='ltr'><strong>mens</strong></span> <span class='ocrx_word' id='word_1_32' title='bbox 724 541 945 596; x_wconf 87' lang='lat' dir='ltr'><strong>humani</strong></span> <span class='ocrx_word' id='word_1_33' title='bbox 980 539 1196 607; x_wconf 79' lang='lat' dir='ltr'><strong>generis</strong></span> <span class='ocrx_word' id='word_1_34' title='bbox 1220 541 1366 595; x_wconf 89' lang='lat' dir='ltr'><strong>vitiis</strong></span> <span class='ocrx_word' id='word_1_35' title='bbox 1395 549 1601 610; x_wconf 85' lang='lat' dir='ltr'><strong>aperta,</strong></span> <span class='ocrx_word' id='word_1_36' title='bbox 1633 529 1738 596; x_wconf 83' lang='lat' dir='ltr'><strong>nisi</strong></span> <span class='ocrx_word' id='word_1_37' title='bbox 1761 556 1858 596; x_wconf 83' lang='lat' dir='ltr'><strong>ca-</strong></span> 
     </span>
    </p>
   </div>
   <div class='ocr_carea' id='block_1_7' title="bbox 263 630 1858 700">
    <p class='ocr_par' dir='ltr' id='par_1_7' title="bbox 263 630 1858 700">
     <span class='ocr_line' id='line_1_7' title="bbox 263 630 1858 700; baseline -0.004 -10"><span class='ocrx_word' id='word_1_38' title='bbox 263 635 442 690; x_wconf 84' lang='lat' dir='ltr'><strong>lorem</strong></span> <span class='ocrx_word' id='word_1_39' title='bbox 488 632 775 690; x_wconf 84' lang='lat' dir='ltr'><strong>eharitatis</strong></span> <span class='ocrx_word' id='word_1_40' title='bbox 808 633 1086 694; x_wconf 84' lang='lat' dir='ltr'><strong>deserens,</strong></span> <span class='ocrx_word' id='word_1_41' title='bbox 1132 637 1405 700; x_wconf 78' lang='lat' dir='ltr'><strong>torporem</strong></span> <span class='ocrx_word' id='word_1_42' title='bbox 1457 630 1655 686; x_wconf 88' lang='lat' dir='ltr'><strong>mentis</strong></span> <span class='ocrx_word' id='word_1_43' title='bbox 1697 645 1858 700; x_wconf 87' lang='lat' dir='ltr'><strong>appe-</strong></span> 
     </span>
    </p>
   </div>
   <div class='ocr_carea' id='block_1_8' title="bbox 265 723 1852 794">
    <p class='ocr_par' dir='ltr' id='par_1_8' title="bbox 265 723 1852 794">
     <span class='ocr_line' id='line_1_8' title="bbox 265 723 1852 794; baseline -0.001 -14"><span class='ocrx_word' id='word_1_44' title='bbox 265 736 430 794; x_wconf 85' lang='lat' dir='ltr'><strong>teret,</strong></span> <span class='ocrx_word' id='word_1_45' title='bbox 459 727 525 781; x_wconf 87' lang='lat' dir='ltr'><strong>ad</strong></span> <span class='ocrx_word' id='word_1_46' title='bbox 568 728 710 781; x_wconf 88' lang='lat' dir='ltr'><strong>hanc</strong></span> <span class='ocrx_word' id='word_1_47' title='bbox 748 723 1091 779; x_wconf 79' lang='lat' dir='ltr'><strong>mortalitatis</strong></span> <span class='ocrx_word' id='word_1_48' title='bbox 1134 723 1468 778; x_wconf 85' lang='lat' dir='ltr'><strong>latitudinem</strong></span> <span class='ocrx_word' id='word_1_49' title='bbox 1499 740 1604 779; x_wconf 89' lang='lat' dir='ltr'><strong>nun</strong></span> <span class='ocrx_word' id='word_1_50' title='bbox 1633 725 1852 780; x_wconf 73' lang='lat' dir='ltr'><strong>exisset.</strong></span> 
     </span>
    </p>
   </div>
   <div class='ocr_carea' id='block_1_9' title="bbox 266 813 1854 885">
    <p class='ocr_par' dir='ltr' id='par_1_9' title="bbox 266 813 1854 885">
     <span class='ocr_line' id='line_1_9' title="bbox 266 813 1854 885; baseline 0.001 -16"><span class='ocrx_word' id='word_1_51' title='bbox 266 837 287 869; x_wconf 68' lang='grc' dir='ltr'><strong>ι</strong></span> <span class='ocrx_word' id='word_1_52' title='bbox 327 819 394 872; x_wconf 82' lang='lat' dir='ltr'><strong>Et</strong></span> <span class='ocrx_word' id='word_1_53' title='bbox 413 815 835 885; x_wconf 85' lang='lat' dir='ltr'><strong>uniuscujusque</strong></span> <span class='ocrx_word' id='word_1_54' title='bbox 856 830 951 868; x_wconf 85' lang='lat' dir='ltr'><strong>vas</strong></span> <span class='ocrx_word' id='word_1_55' title='bbox 971 814 1224 869; x_wconf 87' lang='lat' dir='ltr'><strong>interitus</strong></span> <span class='ocrx_word' id='word_1_56' title='bbox 1245 830 1296 868; x_wconf 87' lang='lat' dir='ltr'><strong>tn</strong></span> <span class='ocrx_word' id='word_1_57' title='bbox 1322 830 1482 869; x_wconf 88' lang='lat' dir='ltr'><strong>manu</strong></span> <span class='ocrx_word' id='word_1_58' title='bbox 1507 813 1640 884; x_wconf 83' lang='lat' dir='ltr'><strong>ejus.</strong></span> <span class='ocrx_word' id='word_1_59' title='bbox 1673 836 1694 869; x_wconf 74' lang='grc' dir='ltr'><strong>ι</strong></span> <span class='ocrx_word' id='word_1_60' title='bbox 1720 816 1854 884; x_wconf 84' lang='lat' dir='ltr'><strong>Quia</strong></span> 
     </span>
    </p>
   </div>
   <div class='ocr_carea' id='block_1_10' title="bbox 261 904 1854 976">
    <p class='ocr_par' dir='ltr' id='par_1_10' title="bbox 261 904 1854 976">
     <span class='ocr_line' id='line_1_10' title="bbox 261 904 1854 976; baseline 0 -16"><span class='ocrx_word' id='word_1_61' title='bbox 261 921 603 976; x_wconf 60' lang='lat' dir='ltr'><strong>unaquaeque</strong></span> <span class='ocrx_word' id='word_1_62' title='bbox 635 905 930 976; x_wconf 82' lang='lat' dir='ltr'><strong>generatio</strong></span> <span class='ocrx_word' id='word_1_63' title='bbox 979 904 1206 975; x_wconf 82' lang='lat' dir='ltr'><strong>singulis</strong></span> <span class='ocrx_word' id='word_1_64' title='bbox 1254 904 1557 974; x_wconf 87' lang='lat' dir='ltr'><strong>quibusque</strong></span> <span class='ocrx_word' id='word_1_65' title='bbox 1605 907 1854 961; x_wconf 67' lang='lat' dir='ltr'><strong>aetatibus</strong></span> 
     </span>
    </p>
   </div>
   <div class='ocr_carea' id='block_1_11' title="bbox 259 992 1854 1066">
    <p class='ocr_par' dir='ltr' id='par_1_11' title="bbox 259 992 1854 1066">
     <span class='ocr_line' id='line_1_11' title="bbox 259 992 1854 1066; baseline -0.001 -14"><span class='ocrx_word' id='word_1_66' title='bbox 259 997 499 1061; x_wconf 81' lang='lat' dir='ltr'><strong>evoluta,</strong></span> <span class='ocrx_word' id='word_1_67' title='bbox 524 1005 652 1051; x_wconf 87' lang='lat' dir='ltr'><strong>ante</strong></span> <span class='ocrx_word' id='word_1_68' title='bbox 691 995 1069 1066; x_wconf 80' lang='lat' dir='ltr'><strong>Redemptoris</strong></span> <span class='ocrx_word' id='word_1_69' title='bbox 1097 995 1387 1050; x_wconf 81' lang='lat' dir='ltr'><strong>adventum</strong></span> <span class='ocrx_word' id='word_1_70' title='bbox 1431 995 1487 1050; x_wconf 89' lang='lat' dir='ltr'><strong>in</strong></span> <span class='ocrx_word' id='word_1_71' title='bbox 1527 992 1623 1051; x_wconf 79' lang='lat' dir='ltr'><strong>sua</strong></span> <span class='ocrx_word' id='word_1_72' title='bbox 1663 1013 1854 1066; x_wconf 86' lang='lat' dir='ltr'><strong>opera-</strong></span> 
     </span>
    </p>
   </div>
   <div class='ocr_carea' id='block_1_12' title="bbox 261 1087 1850 1157">
    <p class='ocr_par' dir='ltr' id='par_1_12' title="bbox 261 1087 1850 1157">
     <span class='ocr_line' id='line_1_12' title="bbox 261 1087 1850 1157; baseline 0 -17"><span class='ocrx_word' id='word_1_73' title='bbox 261 1089 414 1141; x_wconf 83' lang='lat' dir='ltr'><strong>tione</strong></span> <span class='ocrx_word' id='word_1_74' title='bbox 457 1087 674 1151; x_wconf 88' lang='lat' dir='ltr'><strong>habuit,</strong></span> <span class='ocrx_word' id='word_1_75' title='bbox 724 1087 869 1141; x_wconf 89' lang='lat' dir='ltr'><strong>unde</strong></span> <span class='ocrx_word' id='word_1_76' title='bbox 921 1101 1138 1156; x_wconf 67' lang='lat' dir='ltr'><strong>pinnam</strong></span> <span class='ocrx_word' id='word_1_77' title='bbox 1191 1087 1552 1142; x_wconf 86' lang='lat' dir='ltr'><strong>damnationis</strong></span> <span class='ocrx_word' id='word_1_78' title='bbox 1602 1088 1850 1157; x_wconf 82' lang='lat' dir='ltr'><strong>sumpsit.</strong></span> 
     </span>
    </p>
   </div>
   <div class='ocr_carea' id='block_1_13' title="bbox 266 1177 1896 1247">
    <p class='ocr_par' dir='ltr' id='par_1_13' title="bbox 266 1177 1896 1247">
     <span class='ocr_line' id='line_1_13' title="bbox 266 1177 1896 1247; baseline 0.002 -18"><span class='ocrx_word' id='word_1_79' title='bbox 266 1197 282 1229; x_wconf 79' lang='grc' dir='ltr'><strong>ι</strong></span> <span class='ocrx_word' id='word_1_80' title='bbox 318 1177 415 1232; x_wconf 78' lang='lat' dir='ltr'><strong>Vir</strong></span> <span class='ocrx_word' id='word_1_81' title='bbox 434 1182 650 1246; x_wconf 80' lang='lat' dir='ltr'><strong>queque</strong></span> <span class='ocrx_word' id='word_1_82' title='bbox 684 1193 821 1231; x_wconf 88' lang='lat' dir='ltr'><strong>unus</strong></span> <span class='ocrx_word' id='word_1_83' title='bbox 857 1178 908 1230; x_wconf 92' lang='lat' dir='ltr'><strong>in</strong></span> <span class='ocrx_word' id='word_1_84' title='bbox 941 1177 1118 1232; x_wconf 90' lang='lat' dir='ltr'><strong>medio</strong></span> <span class='ocrx_word' id='word_1_85' title='bbox 1146 1192 1334 1232; x_wconf 89' lang='lat' dir='ltr'><strong>eorum</strong></span> <span class='ocrx_word' id='word_1_86' title='bbox 1363 1178 1591 1233; x_wconf 91' lang='lat' dir='ltr'><strong>vestitus</strong></span> <span class='ocrx_word' id='word_1_87' title='bbox 1615 1179 1790 1232; x_wconf 88' lang='lat' dir='ltr'><strong>lineis.</strong></span> <span class='ocrx_word' id='word_1_88' title='bbox 1825 1198 1846 1231; x_wconf 75' lang='grc' dir='ltr'><strong>ι</strong></span> <span class='ocrx_word' id='word_1_89' title='bbox 1888 1240 1896 1247; x_wconf 92' lang='lat'><em>_</em></span> 
     </span>
    </p>
   </div>
   <div class='ocr_carea' id='block_1_14' title="bbox 255 1268 1848 1337">
    <p class='ocr_par' dir='ltr' id='par_1_14' title="bbox 255 1268 1848 1337">
     <span class='ocr_line' id='line_1_14' title="bbox 255 1268 1848 1337; baseline 0.001 -15"><span class='ocrx_word' id='word_1_90' title='bbox 255 1270 400 1336; x_wconf 84' lang='lat' dir='ltr'><strong>Quia</strong></span> <span class='ocrx_word' id='word_1_91' title='bbox 437 1268 765 1337; x_wconf 79' lang='lat' dir='ltr'><strong>Redemptor</strong></span> <span class='ocrx_word' id='word_1_92' title='bbox 811 1277 994 1323; x_wconf 84' lang='lat' dir='ltr'><strong>noster</strong></span> <span class='ocrx_word' id='word_1_93' title='bbox 1020 1270 1184 1322; x_wconf 86' lang='lat' dir='ltr'><strong>etiam</strong></span> <span class='ocrx_word' id='word_1_94' title='bbox 1211 1269 1278 1323; x_wconf 90' lang='lat' dir='ltr'><strong>de</strong></span> <span class='ocrx_word' id='word_1_95' title='bbox 1317 1270 1634 1324; x_wconf 81' lang='lat' dir='ltr'><strong>sacerdotali</strong></span> <span class='ocrx_word' id='word_1_96' title='bbox 1685 1271 1848 1335; x_wconf 86' lang='lat' dir='ltr'><strong>tribu,</strong></span> 
     </span>
    </p>
   </div>
   <div class='ocr_carea' id='block_1_15' title="bbox 247 1345 1850 1430">
    <p class='ocr_par' dir='ltr' id='par_1_15' title="bbox 247 1345 1850 1430">
     <span class='ocr_line' id='line_1_15' title="bbox 247 1345 1850 1430; baseline 0.003 -19"><span class='ocrx_word' id='word_1_97' title='bbox 247 1358 412 1427; x_wconf 80' lang='lat' dir='ltr'><strong>juxta</strong></span> <span class='ocrx_word' id='word_1_98' title='bbox 441 1358 659 1413; x_wconf 70' lang='lat' dir='ltr'><strong>Carnem</strong></span> <span class='ocrx_word' id='word_1_99' title='bbox 685 1357 939 1427; x_wconf 85' lang='lat' dir='ltr'><strong>parentes</strong></span> <span class='ocrx_word' id='word_1_100' title='bbox 963 1357 1164 1414; x_wconf 84' lang='lat' dir='ltr'><strong>habere</strong></span> <span class='ocrx_word' id='word_1_101' title='bbox 1193 1355 1447 1430; x_wconf 85' lang='lat' dir='ltr'><strong>dignatus</strong></span> <span class='ocrx_word' id='word_1_102' title='bbox 1478 1345 1850 1416; x_wconf 55' lang='lat' dir='ltr'><strong>est.&quot;Vestiuts</strong></span> 
     </span>
    </p>
   </div>
   <div class='ocr_carea' id='block_1_16' title="bbox 253 1450 1851 1522">
    <p class='ocr_par' dir='ltr' id='par_1_16' title="bbox 253 1450 1851 1522">
     <span class='ocr_line' id='line_1_16' title="bbox 253 1450 1851 1522; baseline 0.004 -20"><span class='ocrx_word' id='word_1_103' title='bbox 253 1450 420 1506; x_wconf 86' lang='lat' dir='ltr'><strong>lineis</strong></span> <span class='ocrx_word' id='word_1_104' title='bbox 458 1452 644 1506; x_wconf 83' lang='lat' dir='ltr'><strong>venire</strong></span> <span class='ocrx_word' id='word_1_105' title='bbox 696 1451 1028 1520; x_wconf 89' lang='lat' dir='ltr'><strong>perhibetur,</strong></span> <span class='ocrx_word' id='word_1_106' title='bbox 1071 1451 1155 1506; x_wconf 90' lang='lat' dir='ltr'><strong>vel</strong></span> <span class='ocrx_word' id='word_1_107' title='bbox 1205 1462 1354 1506; x_wconf 88' lang='lat' dir='ltr'><strong>certe</strong></span> <span class='ocrx_word' id='word_1_108' title='bbox 1400 1453 1525 1522; x_wconf 89' lang='lat' dir='ltr'><strong>quia</strong></span> <span class='ocrx_word' id='word_1_109' title='bbox 1575 1453 1740 1507; x_wconf 91' lang='lat' dir='ltr'><strong>linum</strong></span> <span class='ocrx_word' id='word_1_110' title='bbox 1782 1455 1851 1508; x_wconf 90' lang='lat' dir='ltr'><strong>de</strong></span> 
     </span>
    </p>
   </div>
   <div class='ocr_carea' id='block_1_17' title="bbox 253 1543 1849 1614">
    <p class='ocr_par' dir='ltr' id='par_1_17' title="bbox 253 1543 1849 1614">
     <span class='ocr_line' id='line_1_17' title="bbox 253 1543 1849 1614; baseline 0.004 -21"><span class='ocrx_word' id='word_1_111' title='bbox 253 1550 406 1594; x_wconf 80' lang='lat' dir='ltr'><strong>terra</strong></span> <span class='ocrx_word' id='word_1_112' title='bbox 431 1556 445 1594; x_wconf 89' lang='lat'><strong>:</strong></span> <span class='ocrx_word' id='word_1_113' title='bbox 470 1558 575 1596; x_wconf 91' lang='lat' dir='ltr'><strong>non</strong></span> <span class='ocrx_word' id='word_1_114' title='bbox 616 1551 798 1596; x_wconf 90' lang='lat' dir='ltr'><strong>autem</strong></span> <span class='ocrx_word' id='word_1_115' title='bbox 845 1543 988 1596; x_wconf 88' lang='lat' dir='ltr'><strong>sicut</strong></span> <span class='ocrx_word' id='word_1_116' title='bbox 1031 1543 1151 1596; x_wconf 86' lang='lat' dir='ltr'><strong>lana</strong></span> <span class='ocrx_word' id='word_1_117' title='bbox 1199 1543 1266 1597; x_wconf 90' lang='lat' dir='ltr'><strong>de</strong></span> <span class='ocrx_word' id='word_1_118' title='bbox 1311 1544 1644 1614; x_wconf 89' lang='lat' dir='ltr'><strong>corruptibili</strong></span> <span class='ocrx_word' id='word_1_119' title='bbox 1684 1560 1849 1600; x_wconf 91' lang='lat' dir='ltr'><strong>carne</strong></span> 
     </span>
    </p>
   </div>
   <div class='ocr_carea' id='block_1_18' title="bbox 249 1633 1848 1703">
    <p class='ocr_par' dir='ltr' id='par_1_18' title="bbox 249 1633 1848 1703">
     <span class='ocr_line' id='line_1_18' title="bbox 249 1633 1848 1703; baseline 0.003 -17"><span class='ocrx_word' id='word_1_120' title='bbox 249 1633 526 1695; x_wconf 84' lang='lat' dir='ltr'><strong>nascitur,</strong></span> <span class='ocrx_word' id='word_1_121' title='bbox 573 1633 700 1702; x_wconf 89' lang='lat' dir='ltr'><strong>quia</strong></span> <span class='ocrx_word' id='word_1_122' title='bbox 752 1633 1123 1687; x_wconf 83' lang='lat' dir='ltr'><strong>indumentum</strong></span> <span class='ocrx_word' id='word_1_123' title='bbox 1185 1634 1268 1688; x_wconf 88' lang='lat' dir='ltr'><strong>sui</strong></span> <span class='ocrx_word' id='word_1_124' title='bbox 1304 1635 1546 1703; x_wconf 90' lang='lat' dir='ltr'><strong>corporis</strong></span> <span class='ocrx_word' id='word_1_125' title='bbox 1609 1650 1677 1689; x_wconf 78' lang='lat' dir='ltr'><strong>ex</strong></span> <span class='ocrx_word' id='word_1_126' title='bbox 1740 1651 1848 1690; x_wconf 74' lang='lat' dir='ltr'><strong>ma-</strong></span> 
     </span>
    </p>
   </div>
   <div class='ocr_carea' id='block_1_19' title="bbox 1934 452 3539 528">
    <p class='ocr_par' dir='ltr' id='par_1_19' title="bbox 1934 452 3539 528">
     <span class='ocr_line' id='line_1_19' title="bbox 1934 452 3539 528; baseline 0.006 -25"><span class='ocrx_word' id='word_1_127' title='bbox 1934 452 2146 528; x_wconf 43' lang='lat' dir='ltr'><strong>.mitur,</strong></span> <span class='ocrx_word' id='word_1_128' title='bbox 2190 453 2284 507; x_wconf 86' lang='lat' dir='ltr'><strong>sed</strong></span> <span class='ocrx_word' id='word_1_129' title='bbox 2317 453 2462 508; x_wconf 85' lang='lat' dir='ltr'><strong>aeris</strong></span> <span class='ocrx_word' id='word_1_130' title='bbox 2497 453 2694 509; x_wconf 78' lang='lat' dir='ltr'><strong>fruitur</strong></span> <span class='ocrx_word' id='word_1_131' title='bbox 2735 454 3002 519; x_wconf 80' lang='lat' dir='ltr'><strong>libertate,</strong></span> <span class='ocrx_word' id='word_1_132' title='bbox 3043 470 3164 524; x_wconf 73' lang='lat' dir='ltr'><strong>qua:</strong></span> <span class='ocrx_word' id='word_1_133' title='bbox 3211 456 3322 524; x_wconf 74' lang='lat' dir='ltr'><strong>ipsa</strong></span> <span class='ocrx_word' id='word_1_134' title='bbox 3371 458 3539 526; x_wconf 81' lang='lat' dir='ltr'><strong>gloria</strong></span> 
     </span>
    </p>
   </div>
   <div class='ocr_carea' id='block_1_20' title="bbox 1959 538 3541 615">
    <p class='ocr_par' dir='ltr' id='par_1_20' title="bbox 1959 538 3541 615">
     <span class='ocr_line' id='line_1_20' title="bbox 1959 538 3541 615; baseline 0.006 -21"><span class='ocrx_word' id='word_1_135' title='bbox 1959 538 2168 598; x_wconf 79' lang='lat' dir='ltr'><strong>Domini</strong></span> <span class='ocrx_word' id='word_1_136' title='bbox 2199 544 2372 599; x_wconf 89' lang='lat' dir='ltr'><strong>virum</strong></span> <span class='ocrx_word' id='word_1_137' title='bbox 2405 545 2498 614; x_wconf 92' lang='lat' dir='ltr'><strong>qui</strong></span> <span class='ocrx_word' id='word_1_138' title='bbox 2523 553 2642 600; x_wconf 86' lang='lat' dir='ltr'><strong>erat</strong></span> <span class='ocrx_word' id='word_1_139' title='bbox 2682 547 2733 600; x_wconf 92' lang='lat' dir='ltr'><strong>in</strong></span> <span class='ocrx_word' id='word_1_140' title='bbox 2776 546 2957 600; x_wconf 81' lang='lat' dir='ltr'><strong>habitu</strong></span> <span class='ocrx_word' id='word_1_141' title='bbox 2993 547 3285 615; x_wconf 87' lang='lat' dir='ltr'><strong>pontiﬁcis,</strong></span> <span class='ocrx_word' id='word_1_142' title='bbox 3322 567 3341 598; x_wconf 74' lang='grc' dir='ltr'><strong>ι</strong></span> <span class='ocrx_word' id='word_1_143' title='bbox 3377 540 3541 604; x_wconf 82' lang='lat' dir='ltr'><strong>habe-</strong></span> 
     </span>
    </p>
   </div>
   <div class='ocr_carea' id='block_1_21' title="bbox 1958 630 3543 702">
    <p class='ocr_par' dir='ltr' id='par_1_21' title="bbox 1958 630 3543 702">
     <span class='ocr_line' id='line_1_21' title="bbox 1958 630 3543 702; baseline 0.007 -19"><span class='ocrx_word' id='word_1_144' title='bbox 1958 630 2154 702; x_wconf 85' lang='lat' dir='ltr'><strong>batque</strong></span> <span class='ocrx_word' id='word_1_145' title='bbox 2185 634 2628 688; x_wconf 82' lang='lat' dir='ltr'><strong>atramentarium</strong></span> <span class='ocrx_word' id='word_1_146' title='bbox 2674 635 2726 688; x_wconf 90' lang='lat' dir='ltr'><strong>in</strong></span> <span class='ocrx_word' id='word_1_147' title='bbox 2763 634 2958 689; x_wconf 84' lang='lat' dir='ltr'><strong>lumbis</strong></span> <span class='ocrx_word' id='word_1_148' title='bbox 2999 635 3131 700; x_wconf 90' lang='lat' dir='ltr'><strong>suis,</strong></span> <span class='ocrx_word' id='word_1_149' title='bbox 3163 655 3182 688; x_wconf 77' lang='grc' dir='ltr'><strong>ι</strong></span> <span class='ocrx_word' id='word_1_150' title='bbox 3226 637 3458 701; x_wconf 88' lang='lat' dir='ltr'><strong>vocavit,</strong></span> <span class='ocrx_word' id='word_1_151' title='bbox 3487 646 3543 694; x_wconf 89' lang='lat' dir='ltr'><strong>et</strong></span> 
     </span>
    </p>
   </div>
   <div class='ocr_carea' id='block_1_22' title="bbox 1957 720 3540 792">
    <p class='ocr_par' dir='ltr' id='par_1_22' title="bbox 1957 720 3540 792">
     <span class='ocr_line' id='line_1_22' title="bbox 1957 720 3540 792; baseline 0.005 -19"><span class='ocrx_word' id='word_1_152' title='bbox 1957 721 2092 776; x_wconf 78' lang='lat' dir='ltr'><strong>dixit</strong></span> <span class='ocrx_word' id='word_1_153' title='bbox 2119 737 2239 791; x_wconf 82' lang='lat' dir='ltr'><strong>qua:</strong></span> <span class='ocrx_word' id='word_1_154' title='bbox 2269 720 2547 792; x_wconf 84' lang='lat' dir='ltr'><strong>Scriptura</strong></span> <span class='ocrx_word' id='word_1_155' title='bbox 2576 732 2818 778; x_wconf 82' lang='lat' dir='ltr'><strong>testatur.</strong></span> <span class='ocrx_word' id='word_1_156' title='bbox 2855 725 3084 791; x_wconf 80' lang='lat' dir='ltr'><strong>Quidam</strong></span> <span class='ocrx_word' id='word_1_157' title='bbox 3111 742 3202 781; x_wconf 81' lang='lat' dir='ltr'><strong>sex</strong></span> <span class='ocrx_word' id='word_1_158' title='bbox 3234 727 3402 792; x_wconf 92' lang='lat' dir='ltr'><strong>viros,</strong></span> <span class='ocrx_word' id='word_1_159' title='bbox 3443 743 3540 782; x_wconf 74' lang='lat' dir='ltr'><strong>sex</strong></span> 
     </span>
    </p>
   </div>
   <div class='ocr_carea' id='block_1_23' title="bbox 1957 809 3534 882">
    <p class='ocr_par' dir='ltr' id='par_1_23' title="bbox 1957 809 3534 882">
     <span class='ocr_line' id='line_1_23' title="bbox 1957 809 3534 882; baseline 0.004 -20"><span class='ocrx_word' id='word_1_160' title='bbox 1957 809 2382 879; x_wconf 85' lang='lat' dir='ltr'><strong>interpretantur</strong></span> <span class='ocrx_word' id='word_1_161' title='bbox 2427 810 2674 882; x_wconf 81' lang='lat' dir='ltr'><strong>angelos,</strong></span> <span class='ocrx_word' id='word_1_162' title='bbox 2723 813 2812 880; x_wconf 91' lang='lat' dir='ltr'><strong>qui</strong></span> <span class='ocrx_word' id='word_1_163' title='bbox 2859 813 2950 866; x_wconf 90' lang='lat' dir='ltr'><strong>Dei</strong></span> <span class='ocrx_word' id='word_1_164' title='bbox 2985 823 3212 881; x_wconf 88' lang='lat' dir='ltr'><strong>pareant</strong></span> <span class='ocrx_word' id='word_1_165' title='bbox 3257 814 3534 878; x_wconf 83' lang='lat' dir='ltr'><strong>voluntati,</strong></span> 
     </span>
    </p>
   </div>
   <div class='ocr_carea' id='block_1_24' title="bbox 1957 900 3539 976">
    <p class='ocr_par' dir='ltr' id='par_1_24' title="bbox 1957 900 3539 976">
     <span class='ocr_line' id='line_1_24' title="bbox 1957 900 3539 976; baseline 0.004 -20"><span class='ocrx_word' id='word_1_166' title='bbox 1957 900 2239 971; x_wconf 90' lang='lat' dir='ltr'><strong>ipsumque</strong></span> <span class='ocrx_word' id='word_1_167' title='bbox 2279 918 2442 972; x_wconf 87' lang='lat' dir='ltr'><strong>unum</strong></span> <span class='ocrx_word' id='word_1_168' title='bbox 2478 904 2571 971; x_wconf 90' lang='lat' dir='ltr'><strong>qui</strong></span> <span class='ocrx_word' id='word_1_169' title='bbox 2602 904 2830 958; x_wconf 84' lang='lat' dir='ltr'><strong>habebat</strong></span> <span class='ocrx_word' id='word_1_170' title='bbox 2872 904 3242 960; x_wconf 88' lang='lat' dir='ltr'><strong>indumentum</strong></span> <span class='ocrx_word' id='word_1_171' title='bbox 3270 907 3539 976; x_wconf 88' lang='lat' dir='ltr'><strong>pontiﬁcis</strong></span> 
     </span>
    </p>
   </div>
   <div class='ocr_carea' id='block_1_25' title="bbox 1940 982 3534 1065">
    <p class='ocr_par' dir='ltr' id='par_1_25' title="bbox 1940 982 3534 1065">
     <span class='ocr_line' id='line_1_25' title="bbox 1940 982 3534 1065; baseline 0.004 -19"><span class='ocrx_word' id='word_1_172' title='bbox 1940 982 2289 1048; x_wconf 41' lang='lat' dir='ltr'><strong>&#39;Salvatorem</strong></span> <span class='ocrx_word' id='word_1_173' title='bbox 2329 993 2653 1063; x_wconf 81' lang='lat' dir='ltr'><strong>intelligunt,</strong></span> <span class='ocrx_word' id='word_1_174' title='bbox 2684 993 2837 1062; x_wconf 75' lang='lat' dir='ltr'><strong>juxta</strong></span> <span class='ocrx_word' id='word_1_175' title='bbox 2883 995 2935 1049; x_wconf 89' lang='lat' dir='ltr'><strong>id</strong></span> <span class='ocrx_word' id='word_1_176' title='bbox 2962 997 3106 1065; x_wconf 84' lang='lat' dir='ltr'><strong>quod</strong></span> <span class='ocrx_word' id='word_1_177' title='bbox 3147 998 3400 1053; x_wconf 86' lang='lat' dir='ltr'><strong>sacerdos</strong></span> <span class='ocrx_word' id='word_1_178' title='bbox 3429 1009 3534 1064; x_wconf 90' lang='lat' dir='ltr'><strong>est,</strong></span> 
     </span>
    </p>
   </div>
   <div class='ocr_carea' id='block_1_26' title="bbox 1921 1074 3531 1157">
    <p class='ocr_par' dir='ltr' id='par_1_26' title="bbox 1921 1074 3531 1157">
     <span class='ocr_line' id='line_1_26' title="bbox 1921 1074 3531 1157; baseline 0.004 -21"><span class='ocrx_word' id='word_1_179' title='bbox 1921 1074 2007 1136; x_wconf 36' lang='lat' dir='ltr'><strong>&#39;et</strong></span> <span class='ocrx_word' id='word_1_180' title='bbox 2043 1083 2221 1151; x_wconf 81' lang='lat' dir='ltr'><strong>magni</strong></span> <span class='ocrx_word' id='word_1_181' title='bbox 2261 1083 2472 1137; x_wconf 90' lang='lat' dir='ltr'><strong>consilii</strong></span> <span class='ocrx_word' id='word_1_182' title='bbox 2516 1084 2786 1154; x_wconf 79' lang='lat' dir='ltr'><strong>angelus:</strong></span> <span class='ocrx_word' id='word_1_183' title='bbox 2826 1085 3065 1154; x_wconf 88' lang='lat' dir='ltr'><strong>illudque</strong></span> <span class='ocrx_word' id='word_1_184' title='bbox 3106 1088 3248 1157; x_wconf 89' lang='lat' dir='ltr'><strong>quod</strong></span> <span class='ocrx_word' id='word_1_185' title='bbox 3296 1089 3531 1144; x_wconf 90' lang='lat' dir='ltr'><strong>dicitur:</strong></span> 
     </span>
    </p>
   </div>
   <div class='ocr_carea' id='block_1_27' title="bbox 1957 1173 3533 1237">
    <p class='ocr_par' dir='ltr' id='par_1_27' title="bbox 1957 1173 3533 1237">
     <span class='ocr_line' id='line_1_27' title="bbox 1957 1173 3533 1237; baseline 0.01 -15"><span class='ocrx_word' id='word_1_186' title='bbox 1957 1190 1976 1222; x_wconf 74' lang='grc' dir='ltr'><strong>ι</strong></span> <span class='ocrx_word' id='word_1_187' title='bbox 2012 1173 2088 1226; x_wconf 91' lang='lat' dir='ltr'><strong>Tu</strong></span> <span class='ocrx_word' id='word_1_188' title='bbox 2129 1188 2187 1228; x_wconf 87' lang='lat' dir='ltr'><strong>es</strong></span> <span class='ocrx_word' id='word_1_189' title='bbox 2215 1173 2467 1228; x_wconf 82' lang='lat' dir='ltr'><strong>sacerdos</strong></span> <span class='ocrx_word' id='word_1_190' title='bbox 2504 1176 2800 1230; x_wconf 86' lang='lat' dir='ltr'><strong>secundum</strong></span> <span class='ocrx_word' id='word_1_191' title='bbox 2849 1178 3095 1232; x_wconf 87' lang='lat' dir='ltr'><strong>ordinem</strong></span> <span class='ocrx_word' id='word_1_192' title='bbox 3143 1178 3533 1237; x_wconf 74' lang='lat' dir='ltr'><strong>Melchisedech</strong></span> 
     </span>
    </p>
   </div>
   <div class='ocr_carea' id='block_1_28' title="bbox 1951 1260 3535 1341">
    <p class='ocr_par' dir='ltr' id='par_1_28' title="bbox 1951 1260 3535 1341">
     <span class='ocr_line' id='line_1_28' title="bbox 1951 1260 3535 1341; baseline 0.008 -28"><span class='ocrx_word' id='word_1_193' title='bbox 1951 1260 2131 1331; x_wconf 82' lang='lat' dir='ltr'><strong>(Psal.</strong></span> <span class='ocrx_word' id='word_1_194' title='bbox 2162 1264 2295 1332; x_wconf 66' lang='grc' dir='ltr'><strong>(ιχ).</strong></span> <span class='ocrx_word' id='word_1_195' title='bbox 2331 1285 2350 1316; x_wconf 71' lang='grc' dir='ltr'><strong>ι</strong></span> <span class='ocrx_word' id='word_1_196' title='bbox 2377 1264 2571 1340; x_wconf 72' lang='grc' dir='ltr'><strong>Ποόήρη</strong></span> <span class='ocrx_word' id='word_1_197' title='bbox 2596 1276 2776 1320; x_wconf 82' lang='lat' dir='ltr'><strong>autem</strong></span> <span class='ocrx_word' id='word_1_198' title='bbox 2803 1269 2945 1336; x_wconf 92' lang='lat' dir='ltr'><strong>quod</strong></span> <span class='ocrx_word' id='word_1_199' title='bbox 2977 1268 3326 1341; x_wconf 83' lang='lat' dir='ltr'><strong>Septuaginta</strong></span> <span class='ocrx_word' id='word_1_200' title='bbox 3362 1283 3535 1326; x_wconf 86' lang='lat' dir='ltr'><strong>trans-</strong></span> 
     </span>
    </p>
   </div>
   <div class='ocr_carea' id='block_1_29' title="bbox 1951 1351 3535 1431">
    <p class='ocr_par' dir='ltr' id='par_1_29' title="bbox 1951 1351 3535 1431">
     <span class='ocr_line' id='line_1_29' title="bbox 1951 1351 3535 1431; baseline 0.009 -27"><span class='ocrx_word' id='word_1_201' title='bbox 1951 1351 2208 1416; x_wconf 80' lang='lat' dir='ltr'><strong>tulerunt,</strong></span> <span class='ocrx_word' id='word_1_202' title='bbox 2233 1369 2336 1407; x_wconf 87' lang='lat' dir='ltr'><strong>una</strong></span> <span class='ocrx_word' id='word_1_203' title='bbox 2367 1366 2490 1410; x_wconf 91' lang='lat' dir='ltr'><strong>octo</strong></span> <span class='ocrx_word' id='word_1_204' title='bbox 2512 1357 2739 1410; x_wconf 86' lang='lat' dir='ltr'><strong>vestium</strong></span> <span class='ocrx_word' id='word_1_205' title='bbox 2768 1368 2849 1412; x_wconf 90' lang='lat' dir='ltr'><strong>est</strong></span> <span class='ocrx_word' id='word_1_206' title='bbox 2877 1361 3169 1427; x_wconf 84' lang='lat' dir='ltr'><strong>pontiﬁcis,</strong></span> <span class='ocrx_word' id='word_1_207' title='bbox 3197 1377 3316 1431; x_wconf 69' lang='lat' dir='ltr'><strong>qua:</strong></span> <span class='ocrx_word' id='word_1_208' title='bbox 3344 1363 3535 1419; x_wconf 81' lang='lat' dir='ltr'><strong>Latine</strong></span> 
     </span>
    </p>
   </div>
   <div class='ocr_carea' id='block_1_30' title="bbox 1948 1439 3534 1519">
    <p class='ocr_par' dir='ltr' id='par_1_30' title="bbox 1948 1439 3534 1519">
     <span class='ocr_line' id='line_1_30' title="bbox 1948 1439 3534 1519; baseline 0.009 -27"><span class='ocrx_word' id='word_1_209' title='bbox 1948 1439 2144 1493; x_wconf 86' lang='lat' dir='ltr'><strong>dicitur</strong></span> <span class='ocrx_word' id='word_1_210' title='bbox 2168 1441 2374 1507; x_wconf 87' lang='lat' dir='ltr'><strong>talaris,</strong></span> <span class='ocrx_word' id='word_1_211' title='bbox 2399 1451 2453 1497; x_wconf 93' lang='lat' dir='ltr'><strong>et</strong></span> <span class='ocrx_word' id='word_1_212' title='bbox 2481 1460 2544 1497; x_wconf 82' lang='lat' dir='ltr'><strong>ex</strong></span> <span class='ocrx_word' id='word_1_213' title='bbox 2576 1460 2640 1498; x_wconf 86' lang='lat' dir='ltr'><strong>eo</strong></span> <span class='ocrx_word' id='word_1_214' title='bbox 2668 1445 2809 1513; x_wconf 90' lang='lat' dir='ltr'><strong>quod</strong></span> <span class='ocrx_word' id='word_1_215' title='bbox 2834 1448 2901 1500; x_wconf 91' lang='lat' dir='ltr'><strong>ad</strong></span> <span class='ocrx_word' id='word_1_216' title='bbox 2924 1448 3089 1516; x_wconf 87' lang='lat' dir='ltr'><strong>pedes</strong></span> <span class='ocrx_word' id='word_1_217' title='bbox 3117 1465 3286 1519; x_wconf 89' lang='lat' dir='ltr'><strong>usque</strong></span> <span class='ocrx_word' id='word_1_218' title='bbox 3310 1452 3534 1507; x_wconf 90' lang='lat' dir='ltr'><strong>descen-</strong></span> 
     </span>
    </p>
   </div>
   <div class='ocr_carea' id='block_1_31' title="bbox 1947 1529 3533 1596">
    <p class='ocr_par' dir='ltr' id='par_1_31' title="bbox 1947 1529 3533 1596">
     <span class='ocr_line' id='line_1_31' title="bbox 1947 1529 3533 1596; baseline 0.009 -14"><span class='ocrx_word' id='word_1_219' title='bbox 1947 1529 2061 1595; x_wconf 87' lang='lat' dir='ltr'><strong>dat,</strong></span> <span class='ocrx_word' id='word_1_220' title='bbox 2115 1533 2216 1588; x_wconf 92' lang='lat' dir='ltr'><strong>hoc</strong></span> <span class='ocrx_word' id='word_1_221' title='bbox 2265 1534 2453 1588; x_wconf 86' lang='lat' dir='ltr'><strong>sortita</strong></span> <span class='ocrx_word' id='word_1_222' title='bbox 2500 1535 2816 1590; x_wconf 86' lang='lat' dir='ltr'><strong>vocabulum</strong></span> <span class='ocrx_word' id='word_1_223' title='bbox 2863 1546 2964 1592; x_wconf 90' lang='lat' dir='ltr'><strong>est.</strong></span> <span class='ocrx_word' id='word_1_224' title='bbox 3013 1539 3147 1593; x_wconf 89' lang='lat' dir='ltr'><strong>Cum</strong></span> <span class='ocrx_word' id='word_1_225' title='bbox 3191 1541 3260 1595; x_wconf 89' lang='lat' dir='ltr'><strong>ab</strong></span> <span class='ocrx_word' id='word_1_226' title='bbox 3311 1540 3533 1596; x_wconf 69' lang='lat' dir='ltr'><strong>Hebraeo</strong></span> 
     </span>
    </p>
   </div>
   <div class='ocr_carea' id='block_1_32' title="bbox 1946 1621 3533 1695">
    <p class='ocr_par' dir='ltr' id='par_1_32' title="bbox 1946 1621 3533 1695">
     <span class='ocr_line' id='line_1_32' title="bbox 1946 1621 3533 1695; baseline 0.009 -24"><span class='ocrx_word' id='word_1_227' title='bbox 1946 1633 2243 1686; x_wconf 67' lang='lat' dir='ltr'><strong>quaererem</strong></span> <span class='ocrx_word' id='word_1_228' title='bbox 2284 1621 2412 1690; x_wconf 90' lang='lat' dir='ltr'><strong>quid</strong></span> <span class='ocrx_word' id='word_1_229' title='bbox 2457 1622 2806 1692; x_wconf 90' lang='lat' dir='ltr'><strong>signiﬁcaret,</strong></span> <span class='ocrx_word' id='word_1_230' title='bbox 2854 1628 3130 1695; x_wconf 88' lang='lat' dir='ltr'><strong>respondit</strong></span> <span class='ocrx_word' id='word_1_231' title='bbox 3172 1629 3302 1683; x_wconf 88' lang='lat' dir='ltr'><strong>mihi</strong></span> <span class='ocrx_word' id='word_1_232' title='bbox 3343 1630 3533 1686; x_wconf 63' lang='grc' dir='ltr'><strong>(ἐι-ςυρο</strong></span> 
     </span>
    </p>
   </div>
   <div class='ocr_carea' id='block_1_33' title="bbox 252 1711 1833 1794">
    <p class='ocr_par' dir='ltr' id='par_1_33' title="bbox 252 1721 1833 1794">
     <span class='ocr_line' id='line_1_33' title="bbox 252 1721 1833 1794; baseline 0.004 -20"><span class='ocrx_word' id='word_1_233' title='bbox 252 1732 342 1776; x_wconf 91' lang='lat' dir='ltr'><strong>tre</strong></span> <span class='ocrx_word' id='word_1_234' title='bbox 384 1723 610 1792; x_wconf 80' lang='lat' dir='ltr'><strong>virgine,</strong></span> <span class='ocrx_word' id='word_1_235' title='bbox 642 1740 746 1777; x_wconf 91' lang='lat' dir='ltr'><strong>nou</strong></span> <span class='ocrx_word' id='word_1_236' title='bbox 770 1732 950 1778; x_wconf 91' lang='lat' dir='ltr'><strong>autem</strong></span> <span class='ocrx_word' id='word_1_237' title='bbox 991 1739 1057 1778; x_wconf 82' lang='lat' dir='ltr'><strong>ex</strong></span> <span class='ocrx_word' id='word_1_238' title='bbox 1087 1725 1431 1794; x_wconf 83' lang='lat' dir='ltr'><strong>corruptione</strong></span> <span class='ocrx_word' id='word_1_239' title='bbox 1451 1721 1833 1782; x_wconf 77' lang='lat' dir='ltr'><strong>commisti‘onis</strong></span> 
     </span>
    </p>
   </div>
   <div class='ocr_carea' id='block_1_34' title="bbox 1936 1711 3530 1794">
    <p class='ocr_par' dir='ltr' id='par_1_34' title="bbox 1936 1712 3530 1790">
     <span class='ocr_line' id='line_1_34' title="bbox 1936 1712 3530 1790; baseline 0.009 -28"><span class='ocrx_word' id='word_1_240' title='bbox 1936 1719 2198 1765; x_wconf 79' lang='lat' dir='ltr'><strong>&quot;sermone</strong></span> <span class='ocrx_word' id='word_1_241' title='bbox 2213 1712 2466 1781; x_wconf 89' lang='lat' dir='ltr'><strong>appellari</strong></span> <span class='ocrx_word' id='word_1_242' title='bbox 2486 1716 2808 1790; x_wconf 73' lang='grc' dir='ltr'><strong>καλαμὰρων,</strong></span> <span class='ocrx_word' id='word_1_243' title='bbox 2827 1719 2894 1771; x_wconf 83' lang='lat' dir='ltr'><strong>ab</strong></span> <span class='ocrx_word' id='word_1_244' title='bbox 2916 1734 2982 1773; x_wconf 92' lang='lat' dir='ltr'><strong>eo</strong></span> <span class='ocrx_word' id='word_1_245' title='bbox 2996 1723 3139 1788; x_wconf 87' lang='lat' dir='ltr'><strong>quod</strong></span> <span class='ocrx_word' id='word_1_246' title='bbox 3158 1721 3211 1774; x_wconf 92' lang='lat' dir='ltr'><strong>in</strong></span> <span class='ocrx_word' id='word_1_247' title='bbox 3233 1721 3322 1774; x_wconf 92' lang='lat' dir='ltr'><strong>illo</strong></span> <span class='ocrx_word' id='word_1_248' title='bbox 3337 1722 3530 1777; x_wconf 86' lang='lat' dir='ltr'><strong>calami</strong></span> 
     </span>
    </p>
   </div>
   <div class='ocr_carea' id='block_1_35' title="bbox 249 1813 1846 1877">
    <p class='ocr_par' dir='ltr' id='par_1_35' title="bbox 249 1813 1846 1877">
     <span class='ocr_line' id='line_1_35' title="bbox 249 1813 1846 1877; baseline 0.003 -10"><span class='ocrx_word' id='word_1_249' title='bbox 249 1814 444 1867; x_wconf 86' lang='lat' dir='ltr'><strong>sumit.</strong></span> <span class='ocrx_word' id='word_1_250' title='bbox 492 1813 742 1869; x_wconf 82' lang='lat' dir='ltr'><strong>Profecto</strong></span> <span class='ocrx_word' id='word_1_251' title='bbox 783 1815 848 1869; x_wconf 90' lang='lat' dir='ltr'><strong>ad</strong></span> <span class='ocrx_word' id='word_1_252' title='bbox 894 1831 992 1868; x_wconf 88' lang='lat' dir='ltr'><strong>nos</strong></span> <span class='ocrx_word' id='word_1_253' title='bbox 1040 1817 1268 1870; x_wconf 88' lang='lat' dir='ltr'><strong>vestitus</strong></span> <span class='ocrx_word' id='word_1_254' title='bbox 1312 1816 1466 1871; x_wconf 88' lang='lat' dir='ltr'><strong>lineis</strong></span> <span class='ocrx_word' id='word_1_255' title='bbox 1506 1817 1670 1871; x_wconf 89' lang='lat' dir='ltr'><strong>venit.</strong></span> <span class='ocrx_word' id='word_1_256' title='bbox 1709 1835 1728 1867; x_wconf 75' lang='grc' dir='ltr'><strong>ι</strong></span> <span class='ocrx_word' id='word_1_257' title='bbox 1774 1817 1846 1877; x_wconf 81' lang='lat' dir='ltr'><strong>Et</strong></span> 
     </span>
    </p>
   </div>
   <div class='ocr_carea' id='block_1_36' title="bbox 247 1903 1842 1975">
    <p class='ocr_par' dir='ltr' id='par_1_36' title="bbox 247 1903 1842 1975">
     <span class='ocr_line' id='line_1_36' title="bbox 247 1903 1842 1975; baseline 0.004 -19"><span class='ocrx_word' id='word_1_258' title='bbox 247 1905 701 1959; x_wconf 88' lang='lat' dir='ltr'><strong>atramentarium</strong></span> <span class='ocrx_word' id='word_1_259' title='bbox 743 1907 1023 1975; x_wconf 86' lang='lat' dir='ltr'><strong>scriptoris</strong></span> <span class='ocrx_word' id='word_1_260' title='bbox 1043 1906 1114 1959; x_wconf 84' lang='lat' dir='ltr'><strong>ad</strong></span> <span class='ocrx_word' id='word_1_261' title='bbox 1145 1903 1299 1961; x_wconf 88' lang='lat' dir='ltr'><strong>renes</strong></span> <span class='ocrx_word' id='word_1_262' title='bbox 1317 1906 1454 1975; x_wconf 82' lang='lat' dir='ltr'><strong>ejus.</strong></span> <span class='ocrx_word' id='word_1_263' title='bbox 1494 1926 1512 1959; x_wconf 77' lang='grc' dir='ltr'><strong>ι</strong></span> <span class='ocrx_word' id='word_1_264' title='bbox 1533 1909 1597 1961; x_wconf 77' lang='grc' dir='ltr'><strong>⁴1η</strong></span> <span class='ocrx_word' id='word_1_265' title='bbox 1627 1908 1842 1962; x_wconf 86' lang='lat' dir='ltr'><strong>renibus</strong></span> 
     </span>
    </p>
   </div>
   <div class='ocr_carea' id='block_1_37' title="bbox 247 1996 1842 2071">
    <p class='ocr_par' dir='ltr' id='par_1_37' title="bbox 247 1996 1842 2071">
     <span class='ocr_line' id='line_1_37' title="bbox 247 1996 1842 2071; baseline 0.003 -22"><span class='ocrx_word' id='word_1_266' title='bbox 247 1996 521 2064; x_wconf 75' lang='lat' dir='ltr'><strong>posterior</strong></span> <span class='ocrx_word' id='word_1_267' title='bbox 559 2011 686 2066; x_wconf 90' lang='lat' dir='ltr'><strong>pars</strong></span> <span class='ocrx_word' id='word_1_268' title='bbox 732 1999 977 2066; x_wconf 84' lang='lat' dir='ltr'><strong>corporis</strong></span> <span class='ocrx_word' id='word_1_269' title='bbox 1020 2006 1121 2052; x_wconf 91' lang='lat' dir='ltr'><strong>est.</strong></span> <span class='ocrx_word' id='word_1_270' title='bbox 1174 1999 1239 2052; x_wconf 88' lang='lat' dir='ltr'><strong>Et</strong></span> <span class='ocrx_word' id='word_1_271' title='bbox 1263 1999 1388 2071; x_wconf 92' lang='lat' dir='ltr'><strong>quia</strong></span> <span class='ocrx_word' id='word_1_272' title='bbox 1430 1999 1542 2068; x_wconf 90' lang='lat' dir='ltr'><strong>ipse</strong></span> <span class='ocrx_word' id='word_1_273' title='bbox 1583 1997 1842 2054; x_wconf 84' lang='lat' dir='ltr'><strong>Dominus</strong></span> 
     </span>
    </p>
   </div>
   <div class='ocr_carea' id='block_1_38' title="bbox 244 2073 1844 2154">
    <p class='ocr_par' dir='ltr' id='par_1_38' title="bbox 244 2073 1844 2154">
     <span class='ocr_line' id='line_1_38' title="bbox 244 2073 1844 2154; baseline 0.003 -14"><span class='ocrx_word' id='word_1_274' title='bbox 244 2100 352 2154; x_wconf 88' lang='lat' dir='ltr'><strong>pro</strong></span> <span class='ocrx_word' id='word_1_275' title='bbox 375 2087 530 2143; x_wconf 83' lang='lat' dir='ltr'><strong>nobis</strong></span> <span class='ocrx_word' id='word_1_276' title='bbox 563 2097 808 2142; x_wconf 87' lang='lat' dir='ltr'><strong>mortuus</strong></span> <span class='ocrx_word' id='word_1_277' title='bbox 833 2073 936 2152; x_wconf 81' lang='lat' dir='ltr'><strong>est,</strong></span> <span class='ocrx_word' id='word_1_278' title='bbox 969 2091 1266 2144; x_wconf 79' lang='lat' dir='ltr'><strong>resurrexit</strong></span> <span class='ocrx_word' id='word_1_279' title='bbox 1293 2098 1347 2144; x_wconf 89' lang='lat' dir='ltr'><strong>et</strong></span> <span class='ocrx_word' id='word_1_280' title='bbox 1371 2090 1612 2145; x_wconf 85' lang='lat' dir='ltr'><strong>ascendit</strong></span> <span class='ocrx_word' id='word_1_281' title='bbox 1643 2091 1697 2144; x_wconf 92' lang='lat' dir='ltr'><strong>in</strong></span> <span class='ocrx_word' id='word_1_282' title='bbox 1727 2103 1844 2145; x_wconf 77' lang='lat' dir='ltr'><strong>cm-</strong></span> 
     </span>
    </p>
   </div>
   <div class='ocr_carea' id='block_1_39' title="bbox 244 2177 1839 2252">
    <p class='ocr_par' dir='ltr' id='par_1_39' title="bbox 244 2177 1839 2252">
     <span class='ocr_line' id='line_1_39' title="bbox 244 2177 1839 2252; baseline 0.004 -22"><span class='ocrx_word' id='word_1_283' title='bbox 244 2177 380 2242; x_wconf 90' lang='lat' dir='ltr'><strong>lum,</strong></span> <span class='ocrx_word' id='word_1_284' title='bbox 414 2187 539 2233; x_wconf 87' lang='lat' dir='ltr'><strong>tunc</strong></span> <span class='ocrx_word' id='word_1_285' title='bbox 562 2177 963 2234; x_wconf 84' lang='lat' dir='ltr'><strong>Testamentqu</strong></span> <span class='ocrx_word' id='word_1_286' title='bbox 991 2179 1197 2236; x_wconf 84' lang='lat' dir='ltr'><strong>Novum</strong></span> <span class='ocrx_word' id='word_1_287' title='bbox 1220 2197 1318 2252; x_wconf 88' lang='lat' dir='ltr'><strong>per</strong></span> <span class='ocrx_word' id='word_1_288' title='bbox 1337 2181 1610 2252; x_wconf 83' lang='lat' dir='ltr'><strong>apostolos</strong></span> <span class='ocrx_word' id='word_1_289' title='bbox 1643 2181 1839 2237; x_wconf 89' lang='lat' dir='ltr'><strong>scribi-</strong></span> 
     </span>
    </p>
   </div>
   <div class='ocr_carea' id='block_1_40' title="bbox 245 2270 1838 2338">
    <p class='ocr_par' dir='ltr' id='par_1_40' title="bbox 245 2270 1838 2338">
     <span class='ocr_line' id='line_1_40' title="bbox 245 2270 1838 2338; baseline 0.002 -15"><span class='ocrx_word' id='word_1_290' title='bbox 245 2278 358 2323; x_wconf 85' lang='lat' dir='ltr'><strong>tur.</strong></span> <span class='ocrx_word' id='word_1_291' title='bbox 389 2270 486 2323; x_wconf 75' lang='lat' dir='ltr'><strong>Vir</strong></span> <span class='ocrx_word' id='word_1_292' title='bbox 513 2270 613 2326; x_wconf 89' lang='lat' dir='ltr'><strong>iste</strong></span> <span class='ocrx_word' id='word_1_293' title='bbox 651 2274 1100 2326; x_wconf 86' lang='lat' dir='ltr'><strong>atramentarium</strong></span> <span class='ocrx_word' id='word_1_294' title='bbox 1143 2273 1198 2326; x_wconf 90' lang='lat' dir='ltr'><strong>in</strong></span> <span class='ocrx_word' id='word_1_295' title='bbox 1242 2273 1459 2328; x_wconf 87' lang='lat' dir='ltr'><strong>renibus</strong></span> <span class='ocrx_word' id='word_1_296' title='bbox 1499 2271 1706 2326; x_wconf 87' lang='lat' dir='ltr'><strong>habuit.</strong></span> <span class='ocrx_word' id='word_1_297' title='bbox 1735 2270 1838 2338; x_wconf 83' lang='lat' dir='ltr'><strong>Qui</strong></span> 
     </span>
    </p>
   </div>
   <div class='ocr_carea' id='block_1_41' title="bbox 241 2355 1840 2432">
    <p class='ocr_par' dir='ltr' id='par_1_41' title="bbox 241 2355 1840 2432">
     <span class='ocr_line' id='line_1_41' title="bbox 241 2355 1840 2432; baseline 0.004 -20"><span class='ocrx_word' id='word_1_298' title='bbox 241 2359 393 2414; x_wconf 77' lang='lat' dir='ltr'><strong>enim</strong></span> <span class='ocrx_word' id='word_1_299' title='bbox 427 2355 748 2431; x_wconf 76' lang='lat' dir='ltr'><strong>Scripturam</strong></span> <span class='ocrx_word' id='word_1_300' title='bbox 780 2362 1111 2418; x_wconf 88' lang='lat' dir='ltr'><strong>Testamenti</strong></span> <span class='ocrx_word' id='word_1_301' title='bbox 1158 2363 1290 2418; x_wconf 80' lang='lat' dir='ltr'><strong>Novi</strong></span> <span class='ocrx_word' id='word_1_302' title='bbox 1328 2373 1610 2432; x_wconf 87' lang='lat' dir='ltr'><strong>postquam</strong></span> <span class='ocrx_word' id='word_1_303' title='bbox 1637 2363 1840 2418; x_wconf 88' lang='lat' dir='ltr'><strong>disces-</strong></span> 
     </span>
    </p>
   </div>
   <div class='ocr_carea' id='block_1_42' title="bbox 241 2449 1833 2524">
    <p class='ocr_par' dir='ltr' id='par_1_42' title="bbox 241 2449 1833 2524">
     <span class='ocr_line' id='line_1_42' title="bbox 241 2449 1833 2524; baseline 0.003 -21"><span class='ocrx_word' id='word_1_304' title='bbox 241 2449 336 2512; x_wconf 88' lang='lat' dir='ltr'><strong>sit,</strong></span> <span class='ocrx_word' id='word_1_305' title='bbox 364 2451 625 2516; x_wconf 84' lang='lat' dir='ltr'><strong>condidit,</strong></span> <span class='ocrx_word' id='word_1_306' title='bbox 667 2454 1114 2508; x_wconf 76' lang='lat' dir='ltr'><strong>atramentarium</strong></span> <span class='ocrx_word' id='word_1_307' title='bbox 1135 2455 1291 2524; x_wconf 78' lang='lat' dir='ltr'><strong>quasi</strong></span> <span class='ocrx_word' id='word_1_308' title='bbox 1333 2469 1362 2507; x_wconf 90' lang='lat' dir='ltr'><strong>a</strong></span> <span class='ocrx_word' id='word_1_309' title='bbox 1406 2465 1556 2524; x_wconf 86' lang='lat' dir='ltr'><strong>tergo</strong></span> <span class='ocrx_word' id='word_1_310' title='bbox 1571 2455 1833 2524; x_wconf 85' lang='lat' dir='ltr'><strong>portavit.</strong></span> 
     </span>
    </p>
   </div>
   <div class='ocr_carea' id='block_1_43' title="bbox 240 2538 1838 2612">
    <p class='ocr_par' dir='ltr' id='par_1_43' title="bbox 240 2538 1838 2612">
     <span class='ocr_line' id='line_1_43' title="bbox 240 2538 1838 2612; baseline 0.006 -20"><span class='ocrx_word' id='word_1_311' title='bbox 240 2538 362 2594; x_wconf 77' lang='lat' dir='ltr'><strong>Hoc</strong></span> <span class='ocrx_word' id='word_1_312' title='bbox 389 2556 519 2612; x_wconf 84' lang='lat' dir='ltr'><strong>ergo</strong></span> <span class='ocrx_word' id='word_1_313' title='bbox 549 2545 994 2598; x_wconf 81' lang='lat' dir='ltr'><strong>atramentarium</strong></span> <span class='ocrx_word' id='word_1_314' title='bbox 1022 2547 1139 2600; x_wconf 88' lang='lat' dir='ltr'><strong>viro</strong></span> <span class='ocrx_word' id='word_1_315' title='bbox 1166 2547 1319 2600; x_wconf 88' lang='lat' dir='ltr'><strong>lineis</strong></span> <span class='ocrx_word' id='word_1_316' title='bbox 1344 2546 1543 2600; x_wconf 87' lang='lat' dir='ltr'><strong>vestito</strong></span> <span class='ocrx_word' id='word_1_317' title='bbox 1569 2547 1838 2602; x_wconf 78' lang='lat' dir='ltr'><strong>inluerere</strong></span> 
     </span>
    </p>
   </div>
   <div class='ocr_carea' id='block_1_44' title="bbox 239 2631 1834 2706">
    <p class='ocr_par' dir='ltr' id='par_1_44' title="bbox 239 2631 1834 2706">
     <span class='ocr_line' id='line_1_44' title="bbox 239 2631 1834 2706; baseline 0.003 -21"><span class='ocrx_word' id='word_1_318' title='bbox 239 2631 573 2696; x_wconf 85' lang='lat' dir='ltr'><strong>considerat,</strong></span> <span class='ocrx_word' id='word_1_319' title='bbox 624 2634 714 2702; x_wconf 91' lang='lat' dir='ltr'><strong>qui</strong></span> <span class='ocrx_word' id='word_1_320' title='bbox 745 2634 911 2688; x_wconf 92' lang='lat' dir='ltr'><strong>dicit:</strong></span> <span class='ocrx_word' id='word_1_321' title='bbox 953 2654 970 2686; x_wconf 82' lang='grc' dir='ltr'><strong>ι</strong></span> <span class='ocrx_word' id='word_1_322' title='bbox 1008 2635 1074 2689; x_wconf 86' lang='grc' dir='ltr'><strong>Ει</strong></span> <span class='ocrx_word' id='word_1_323' title='bbox 1105 2635 1296 2689; x_wconf 91' lang='lat' dir='ltr'><strong>librum</strong></span> <span class='ocrx_word' id='word_1_324' title='bbox 1343 2637 1549 2691; x_wconf 86' lang='lat' dir='ltr'><strong>scribat</strong></span> <span class='ocrx_word' id='word_1_325' title='bbox 1594 2635 1708 2706; x_wconf 88' lang='lat' dir='ltr'><strong>ipse</strong></span> <span class='ocrx_word' id='word_1_326' title='bbox 1740 2636 1834 2706; x_wconf 88' lang='lat' dir='ltr'><strong>qui</strong></span> 
     </span>
    </p>
   </div>
   <div class='ocr_carea' id='block_1_45' title="bbox 237 2720 1834 2797">
    <p class='ocr_par' dir='ltr' id='par_1_45' title="bbox 237 2720 1834 2797">
     <span class='ocr_line' id='line_1_45' title="bbox 237 2720 1834 2797; baseline 0.006 -24"><span class='ocrx_word' id='word_1_327' title='bbox 237 2720 449 2791; x_wconf 74' lang='lat' dir='ltr'><strong>iudicat</strong></span> <span class='ocrx_word' id='word_1_328' title='bbox 475 2720 618 2792; x_wconf 87' lang='lat' dir='ltr'><strong>(Job.</strong></span> <span class='ocrx_word' id='word_1_329' title='bbox 646 2722 818 2793; x_wconf 74' lang='lat' dir='ltr'><strong>mu).</strong></span> <span class='ocrx_word' id='word_1_330' title='bbox 860 2743 879 2775; x_wconf 75' lang='grc' dir='ltr'><strong>ι</strong></span> <span class='ocrx_word' id='word_1_331' title='bbox 908 2723 1014 2779; x_wconf 88' lang='lat' dir='ltr'><strong>Sed</strong></span> <span class='ocrx_word' id='word_1_332' title='bbox 1054 2740 1173 2789; x_wconf 92' lang='lat' dir='ltr'><strong>cur,</strong></span> <span class='ocrx_word' id='word_1_333' title='bbox 1201 2726 1356 2779; x_wconf 90' lang='lat' dir='ltr'><strong>beate</strong></span> <span class='ocrx_word' id='word_1_334' title='bbox 1392 2723 1514 2790; x_wconf 93' lang='lat' dir='ltr'><strong>Job,</strong></span> <span class='ocrx_word' id='word_1_335' title='bbox 1555 2727 1622 2781; x_wconf 91' lang='lat' dir='ltr'><strong>ab</strong></span> <span class='ocrx_word' id='word_1_336' title='bbox 1649 2741 1716 2780; x_wconf 88' lang='lat' dir='ltr'><strong>eo</strong></span> <span class='ocrx_word' id='word_1_337' title='bbox 1741 2728 1834 2797; x_wconf 87' lang='lat' dir='ltr'><strong>qui</strong></span> 
     </span>
    </p>
   </div>
   <div class='ocr_carea' id='block_1_46' title="bbox 238 2810 1836 2886">
    <p class='ocr_par' dir='ltr' id='par_1_46' title="bbox 238 2810 1836 2886">
     <span class='ocr_line' id='line_1_46' title="bbox 238 2810 1836 2886; baseline 0.006 -23"><span class='ocrx_word' id='word_1_338' title='bbox 238 2810 404 2880; x_wconf 80' lang='lat' dir='ltr'><strong>iudex</strong></span> <span class='ocrx_word' id='word_1_339' title='bbox 435 2821 541 2876; x_wconf 86' lang='lat' dir='ltr'><strong>est,</strong></span> <span class='ocrx_word' id='word_1_340' title='bbox 579 2813 770 2867; x_wconf 92' lang='lat' dir='ltr'><strong>librum</strong></span> <span class='ocrx_word' id='word_1_341' title='bbox 795 2815 957 2870; x_wconf 84' lang='lat' dir='ltr'><strong>scribi</strong></span> <span class='ocrx_word' id='word_1_342' title='bbox 986 2815 1296 2871; x_wconf 83' lang='lat' dir='ltr'><strong>desideras?</strong></span> <span class='ocrx_word' id='word_1_343' title='bbox 1322 2824 1381 2870; x_wconf 90' lang='lat' dir='ltr'><strong>ut</strong></span> <span class='ocrx_word' id='word_1_344' title='bbox 1403 2817 1680 2886; x_wconf 82' lang='lat' dir='ltr'><strong>sequitur,</strong></span> <span class='ocrx_word' id='word_1_345' title='bbox 1717 2836 1737 2869; x_wconf 72' lang='grc' dir='ltr'><strong>ι</strong></span> <span class='ocrx_word' id='word_1_346' title='bbox 1775 2828 1836 2873; x_wconf 91' lang='lat' dir='ltr'><strong>ut</strong></span> 
     </span>
    </p>
   </div>
   <div class='ocr_carea' id='block_1_47' title="bbox 239 2902 1829 2974">
    <p class='ocr_par' dir='ltr' id='par_1_47' title="bbox 239 2902 1829 2974">
     <span class='ocr_line' id='line_1_47' title="bbox 239 2902 1829 2974; baseline 0.005 -20"><span class='ocrx_word' id='word_1_347' title='bbox 239 2903 294 2954; x_wconf 91' lang='lat' dir='ltr'><strong>in</strong></span> <span class='ocrx_word' id='word_1_348' title='bbox 339 2902 568 2957; x_wconf 87' lang='lat' dir='ltr'><strong>humero</strong></span> <span class='ocrx_word' id='word_1_349' title='bbox 603 2919 723 2958; x_wconf 90' lang='lat' dir='ltr'><strong>meo</strong></span> <span class='ocrx_word' id='word_1_350' title='bbox 762 2913 972 2974; x_wconf 87' lang='lat' dir='ltr'><strong>portem</strong></span> <span class='ocrx_word' id='word_1_351' title='bbox 1017 2905 1166 2960; x_wconf 81' lang='lat' dir='ltr'><strong>illum</strong></span> <span class='ocrx_word' id='word_1_352' title='bbox 1197 2915 1254 2962; x_wconf 90' lang='lat' dir='ltr'><strong>et</strong></span> <span class='ocrx_word' id='word_1_353' title='bbox 1285 2907 1614 2962; x_wconf 87' lang='lat' dir='ltr'><strong>circumdem</strong></span> <span class='ocrx_word' id='word_1_354' title='bbox 1656 2909 1829 2974; x_wconf 91' lang='lat' dir='ltr'><strong>illum,</strong></span> 
     </span>
    </p>
   </div>
   <div class='ocr_carea' id='block_1_48' title="bbox 237 2992 1830 3068">
    <p class='ocr_par' dir='ltr' id='par_1_48' title="bbox 237 2992 1830 3068">
     <span class='ocr_line' id='line_1_48' title="bbox 237 2992 1830 3068; baseline 0.006 -24"><span class='ocrx_word' id='word_1_355' title='bbox 237 2992 395 3060; x_wconf 89' lang='lat' dir='ltr'><strong>quasi</strong></span> <span class='ocrx_word' id='word_1_356' title='bbox 436 3006 692 3047; x_wconf 87' lang='lat' dir='ltr'><strong>coronam</strong></span> <span class='ocrx_word' id='word_1_357' title='bbox 741 2995 873 3048; x_wconf 89' lang='lat' dir='ltr'><strong>mihi</strong></span> <span class='ocrx_word' id='word_1_358' title='bbox 927 2994 1138 3065; x_wconf 60' lang='lat' dir='ltr'><strong>(Ibat).</strong></span> <span class='ocrx_word' id='word_1_359' title='bbox 1203 3014 1221 3047; x_wconf 78' lang='grc' dir='ltr'><strong>ι</strong></span> <span class='ocrx_word' id='word_1_360' title='bbox 1251 2995 1473 3051; x_wconf 90' lang='lat' dir='ltr'><strong>Librum</strong></span> <span class='ocrx_word' id='word_1_361' title='bbox 1526 2999 1726 3068; x_wconf 84' lang='lat' dir='ltr'><strong>quippe</strong></span> <span class='ocrx_word' id='word_1_362' title='bbox 1777 2999 1830 3053; x_wconf 91' lang='lat' dir='ltr'><strong>in</strong></span> 
     </span>
    </p>
   </div>
   <div class='ocr_carea' id='block_1_49' title="bbox 1942 1801 3529 1881">
    <p class='ocr_par' dir='ltr' id='par_1_49' title="bbox 1942 1801 3529 1881">
     <span class='ocr_line' id='line_1_49' title="bbox 1942 1801 3529 1881; baseline 0.009 -29"><span class='ocrx_word' id='word_1_363' title='bbox 1942 1801 2340 1857; x_wconf 88' lang='lat' dir='ltr'><strong>recondantur:</strong></span> <span class='ocrx_word' id='word_1_364' title='bbox 2373 1819 2470 1858; x_wconf 93' lang='lat' dir='ltr'><strong>nos</strong></span> <span class='ocrx_word' id='word_1_365' title='bbox 2508 1808 2974 1874; x_wconf 73' lang='lat' dir='ltr'><strong>atrauwntarium,</strong></span> <span class='ocrx_word' id='word_1_366' title='bbox 3002 1825 3068 1865; x_wconf 82' lang='lat' dir='ltr'><strong>ex</strong></span> <span class='ocrx_word' id='word_1_367' title='bbox 3109 1827 3172 1866; x_wconf 91' lang='lat' dir='ltr'><strong>eo</strong></span> <span class='ocrx_word' id='word_1_368' title='bbox 3193 1813 3351 1881; x_wconf 77' lang='lat' dir='ltr'><strong>quod</strong></span> <span class='ocrx_word' id='word_1_369' title='bbox 3382 1824 3529 1869; x_wconf 84' lang='lat' dir='ltr'><strong>atra-</strong></span> 
     </span>
    </p>
   </div>
   <div class='ocr_carea' id='block_1_50' title="bbox 1945 1894 3530 1968">
    <p class='ocr_par' dir='ltr' id='par_1_50' title="bbox 1945 1894 3530 1968">
     <span class='ocr_line' id='line_1_50' title="bbox 1945 1894 3530 1968; baseline 0.008 -22"><span class='ocrx_word' id='word_1_370' title='bbox 1945 1901 2184 1948; x_wconf 87' lang='lat' dir='ltr'><strong>mentum</strong></span> <span class='ocrx_word' id='word_1_371' title='bbox 2214 1894 2412 1949; x_wconf 86' lang='lat' dir='ltr'><strong>haheat</strong></span> <span class='ocrx_word' id='word_1_372' title='bbox 2450 1896 2698 1950; x_wconf 88' lang='lat' dir='ltr'><strong>dicimus.</strong></span> <span class='ocrx_word' id='word_1_373' title='bbox 2736 1897 2884 1952; x_wconf 77' lang='lat' dir='ltr'><strong>Multi</strong></span> <span class='ocrx_word' id='word_1_374' title='bbox 2922 1900 3313 1968; x_wconf 80' lang='lat' dir='ltr'><strong>signiﬁcantius</strong></span> <span class='ocrx_word' id='word_1_375' title='bbox 3345 1903 3530 1959; x_wconf 84' lang='lat' dir='ltr'><strong>thecas</strong></span> 
     </span>
    </p>
   </div>
   <div class='ocr_carea' id='block_1_51' title="bbox 1941 1991 3528 2058">
    <p class='ocr_par' dir='ltr' id='par_1_51' title="bbox 1941 1991 3528 2058">
     <span class='ocr_line' id='line_1_51' title="bbox 1941 1991 3528 2058; baseline 0.006 -18"><span class='ocrx_word' id='word_1_376' title='bbox 1941 1997 2154 2052; x_wconf 85' lang='lat' dir='ltr'><strong>vocant,</strong></span> <span class='ocrx_word' id='word_1_377' title='bbox 2183 1991 2250 2043; x_wconf 84' lang='lat' dir='ltr'><strong>ab</strong></span> <span class='ocrx_word' id='word_1_378' title='bbox 2279 2004 2346 2043; x_wconf 92' lang='lat' dir='ltr'><strong>eo</strong></span> <span class='ocrx_word' id='word_1_379' title='bbox 2374 1991 2517 2058; x_wconf 90' lang='lat' dir='ltr'><strong>quod</strong></span> <span class='ocrx_word' id='word_1_380' title='bbox 2567 1991 2734 2045; x_wconf 76' lang='lat' dir='ltr'><strong>thecze</strong></span> <span class='ocrx_word' id='word_1_381' title='bbox 2761 1992 2869 2046; x_wconf 88' lang='lat' dir='ltr'><strong>sint</strong></span> <span class='ocrx_word' id='word_1_382' title='bbox 2909 1994 3259 2048; x_wconf 83' lang='lat' dir='ltr'><strong>scribentium</strong></span> <span class='ocrx_word' id='word_1_383' title='bbox 3291 1996 3528 2049; x_wconf 87' lang='lat' dir='ltr'><strong>calamo-</strong></span> 
     </span>
    </p>
   </div>
   <div class='ocr_carea' id='block_1_52' title="bbox 1943 2079 3529 2149">
    <p class='ocr_par' dir='ltr' id='par_1_52' title="bbox 1943 2079 3529 2149">
     <span class='ocr_line' id='line_1_52' title="bbox 1943 2079 3529 2149; baseline 0.006 -16"><span class='ocrx_word' id='word_1_384' title='bbox 1943 2094 2080 2134; x_wconf 91' lang='lat' dir='ltr'><strong>rum.</strong></span> <span class='ocrx_word' id='word_1_385' title='bbox 2107 2079 2184 2135; x_wconf 89' lang='lat' dir='ltr'><strong>De</strong></span> <span class='ocrx_word' id='word_1_386' title='bbox 2212 2090 2445 2149; x_wconf 89' lang='lat' dir='ltr'><strong>quatuor</strong></span> <span class='ocrx_word' id='word_1_387' title='bbox 2467 2082 2770 2146; x_wconf 87' lang='lat' dir='ltr'><strong>cherubim,</strong></span> <span class='ocrx_word' id='word_1_388' title='bbox 2819 2099 2958 2141; x_wconf 88' lang='lat' dir='ltr'><strong>unus</strong></span> <span class='ocrx_word' id='word_1_389' title='bbox 3002 2086 3210 2142; x_wconf 86' lang='lat' dir='ltr'><strong>cherub</strong></span> <span class='ocrx_word' id='word_1_390' title='bbox 3245 2088 3475 2142; x_wconf 88' lang='lat' dir='ltr'><strong>mittitur</strong></span> <span class='ocrx_word' id='word_1_391' title='bbox 3499 2103 3529 2141; x_wconf 89' lang='lat' dir='ltr'><strong>a</strong></span> 
     </span>
    </p>
   </div>
   <div class='ocr_carea' id='block_1_53' title="bbox 1939 2175 3530 2248">
    <p class='ocr_par' dir='ltr' id='par_1_53' title="bbox 1939 2175 3530 2248">
     <span class='ocr_line' id='line_1_53' title="bbox 1939 2175 3530 2248; baseline 0.004 -21"><span class='ocrx_word' id='word_1_392' title='bbox 1939 2175 2110 2244; x_wconf 80' lang='lat' dir='ltr'><strong>gloria</strong></span> <span class='ocrx_word' id='word_1_393' title='bbox 2143 2175 2437 2230; x_wconf 76' lang='lat' dir='ltr'><strong>Dominica:</strong></span> <span class='ocrx_word' id='word_1_394' title='bbox 2482 2175 2802 2246; x_wconf 86' lang='lat' dir='ltr'><strong>majestatis,</strong></span> <span class='ocrx_word' id='word_1_395' title='bbox 2858 2176 3133 2233; x_wconf 89' lang='lat' dir='ltr'><strong>locuturus</strong></span> <span class='ocrx_word' id='word_1_396' title='bbox 3169 2179 3237 2234; x_wconf 93' lang='lat' dir='ltr'><strong>ad</strong></span> <span class='ocrx_word' id='word_1_397' title='bbox 3275 2195 3402 2234; x_wconf 87' lang='lat' dir='ltr'><strong>eum</strong></span> <span class='ocrx_word' id='word_1_398' title='bbox 3433 2180 3530 2248; x_wconf 88' lang='lat' dir='ltr'><strong>qui</strong></span> 
     </span>
    </p>
   </div>
   <div class='ocr_carea' id='block_1_54' title="bbox 1940 2265 3529 2338">
    <p class='ocr_par' dir='ltr' id='par_1_54' title="bbox 1940 2265 3529 2338">
     <span class='ocr_line' id='line_1_54' title="bbox 1940 2265 3529 2338; baseline 0.003 -19"><span class='ocrx_word' id='word_1_399' title='bbox 1940 2265 2208 2333; x_wconf 89' lang='lat' dir='ltr'><strong>pontiﬁcis</strong></span> <span class='ocrx_word' id='word_1_400' title='bbox 2254 2265 2590 2322; x_wconf 87' lang='lat' dir='ltr'><strong>vestimentis</strong></span> <span class='ocrx_word' id='word_1_401' title='bbox 2645 2267 2861 2322; x_wconf 88' lang='lat' dir='ltr'><strong>indutus</strong></span> <span class='ocrx_word' id='word_1_402' title='bbox 2909 2277 3046 2323; x_wconf 90' lang='lat' dir='ltr'><strong>erat.</strong></span> <span class='ocrx_word' id='word_1_403' title='bbox 3099 2267 3165 2323; x_wconf 81' lang='lat' dir='ltr'><strong>Et</strong></span> <span class='ocrx_word' id='word_1_404' title='bbox 3221 2283 3529 2338; x_wconf 86' lang='lat' dir='ltr'><strong>quanquam</strong></span> 
     </span>
    </p>
   </div>
   <div class='ocr_carea' id='block_1_55' title="bbox 1938 2353 3529 2431">
    <p class='ocr_par' dir='ltr' id='par_1_55' title="bbox 1938 2353 3529 2431">
     <span class='ocr_line' id='line_1_55' title="bbox 1938 2353 3529 2431; baseline 0.002 -23"><span class='ocrx_word' id='word_1_405' title='bbox 1938 2353 2180 2423; x_wconf 88' lang='lat' dir='ltr'><strong>plerique</strong></span> <span class='ocrx_word' id='word_1_406' title='bbox 2225 2358 2291 2410; x_wconf 83' lang='grc' dir='ltr'><strong>τὰ</strong></span> <span class='ocrx_word' id='word_1_407' title='bbox 2335 2357 2620 2431; x_wconf 73' lang='grc' dir='ltr'><strong>χερουϐιίμ</strong></span> <span class='ocrx_word' id='word_1_408' title='bbox 2667 2357 2894 2411; x_wconf 89' lang='lat' dir='ltr'><strong>neutrali</strong></span> <span class='ocrx_word' id='word_1_409' title='bbox 2948 2372 3146 2428; x_wconf 77' lang='lat' dir='ltr'><strong>genere</strong></span> <span class='ocrx_word' id='word_1_410' title='bbox 3197 2373 3529 2426; x_wconf 85' lang='lat' dir='ltr'><strong>numeroque</strong></span> 
     </span>
    </p>
   </div>
   <div class='ocr_carea' id='block_1_56' title="bbox 1903 2444 3525 2520">
    <p class='ocr_par' dir='ltr' id='par_1_56' title="bbox 1903 2444 3525 2520">
     <span class='ocr_line' id='line_1_56' title="bbox 1903 2444 3525 2520; baseline 0.001 -18"><span class='ocrx_word' id='word_1_411' title='bbox 1903 2448 2131 2517; x_wconf 63' lang='lat' dir='ltr'><strong>~‘plurali</strong></span> <span class='ocrx_word' id='word_1_412' title='bbox 2156 2450 2258 2504; x_wconf 90' lang='lat' dir='ltr'><strong>dici</strong></span> <span class='ocrx_word' id='word_1_413' title='bbox 2301 2460 2508 2520; x_wconf 88' lang='lat' dir='ltr'><strong>putent,</strong></span> <span class='ocrx_word' id='word_1_414' title='bbox 2539 2465 2636 2506; x_wconf 89' lang='lat' dir='ltr'><strong>nos</strong></span> <span class='ocrx_word' id='word_1_415' title='bbox 2673 2451 2811 2506; x_wconf 87' lang='lat' dir='ltr'><strong>scire</strong></span> <span class='ocrx_word' id='word_1_416' title='bbox 2848 2444 3104 2506; x_wconf 83' lang='lat' dir='ltr'><strong>debemus</strong></span> <span class='ocrx_word' id='word_1_417' title='bbox 3131 2450 3390 2519; x_wconf 70' lang='lat' dir='ltr'><strong>singulari</strong></span> <span class='ocrx_word' id='word_1_418' title='bbox 3423 2467 3525 2504; x_wconf 86' lang='lat' dir='ltr'><strong>nu-</strong></span> 
     </span>
    </p>
   </div>
   <div class='ocr_carea' id='block_1_57' title="bbox 1938 2542 3523 2613">
    <p class='ocr_par' dir='ltr' id='par_1_57' title="bbox 1938 2542 3523 2613">
     <span class='ocr_line' id='line_1_57' title="bbox 1938 2542 3523 2613; baseline 0.001 -19"><span class='ocrx_word' id='word_1_419' title='bbox 1938 2556 2086 2596; x_wconf 86' lang='lat' dir='ltr'><strong>mero</strong></span> <span class='ocrx_word' id='word_1_420' title='bbox 2099 2556 2220 2596; x_wconf 84' lang='lat' dir='ltr'><strong>esse</strong></span> <span class='ocrx_word' id='word_1_421' title='bbox 2233 2542 2396 2598; x_wconf 89' lang='lat' dir='ltr'><strong>cheru</strong></span> <span class='ocrx_word' id='word_1_422' title='bbox 2406 2545 2434 2596; x_wconf 78' lang='grc' dir='ltr'><strong>ιι</strong></span> <span class='ocrx_word' id='word_1_423' title='bbox 2449 2545 2661 2613; x_wconf 78' lang='lat' dir='ltr'><strong>generis</strong></span> <span class='ocrx_word' id='word_1_424' title='bbox 2676 2543 2972 2604; x_wconf 83' lang='lat' dir='ltr'><strong>masculini,</strong></span> <span class='ocrx_word' id='word_1_425' title='bbox 2989 2552 3046 2598; x_wconf 90' lang='lat' dir='ltr'><strong>et</strong></span> <span class='ocrx_word' id='word_1_426' title='bbox 3068 2543 3258 2612; x_wconf 90' lang='lat' dir='ltr'><strong>plurali</strong></span> <span class='ocrx_word' id='word_1_427' title='bbox 3283 2542 3523 2611; x_wconf 88' lang='lat' dir='ltr'><strong>ejusdem</strong></span> 
     </span>
    </p>
   </div>
   <div class='ocr_carea' id='block_1_58' title="bbox 1936 2631 3523 2703">
    <p class='ocr_par' dir='ltr' id='par_1_58' title="bbox 1936 2631 3523 2703">
     <span class='ocr_line' id='line_1_58' title="bbox 1936 2631 3523 2703; baseline 0.003 -19"><span class='ocrx_word' id='word_1_428' title='bbox 1936 2631 2148 2701; x_wconf 87' lang='lat' dir='ltr'><strong>generis</strong></span> <span class='ocrx_word' id='word_1_429' title='bbox 2187 2635 2488 2694; x_wconf 80' lang='lat' dir='ltr'><strong>cherubim,</strong></span> <span class='ocrx_word' id='word_1_430' title='bbox 2538 2650 2646 2690; x_wconf 91' lang='lat' dir='ltr'><strong>non</strong></span> <span class='ocrx_word' id='word_1_431' title='bbox 2689 2650 2794 2703; x_wconf 91' lang='lat' dir='ltr'><strong>quo</strong></span> <span class='ocrx_word' id='word_1_432' title='bbox 2834 2649 2998 2690; x_wconf 83' lang='lat' dir='ltr'><strong>sexus</strong></span> <span class='ocrx_word' id='word_1_433' title='bbox 3039 2635 3092 2689; x_wconf 92' lang='lat' dir='ltr'><strong>in</strong></span> <span class='ocrx_word' id='word_1_434' title='bbox 3133 2636 3397 2690; x_wconf 86' lang='lat' dir='ltr'><strong>ministris</strong></span> <span class='ocrx_word' id='word_1_435' title='bbox 3427 2635 3523 2690; x_wconf 88' lang='lat' dir='ltr'><strong>Dei</strong></span> 
     </span>
    </p>
   </div>
   <div class='ocr_carea' id='block_1_59' title="bbox 1937 2721 3524 2796">
    <p class='ocr_par' dir='ltr' id='par_1_59' title="bbox 1937 2721 3524 2796">
     <span class='ocr_line' id='line_1_59' title="bbox 1937 2721 3524 2796; baseline 0.003 -21"><span class='ocrx_word' id='word_1_436' title='bbox 1937 2721 2024 2784; x_wconf 88' lang='lat' dir='ltr'><strong>sit,</strong></span> <span class='ocrx_word' id='word_1_437' title='bbox 2054 2723 2150 2778; x_wconf 85' lang='lat' dir='ltr'><strong>sed</strong></span> <span class='ocrx_word' id='word_1_438' title='bbox 2173 2737 2279 2792; x_wconf 86' lang='lat' dir='ltr'><strong>quo</strong></span> <span class='ocrx_word' id='word_1_439' title='bbox 2306 2725 2724 2795; x_wconf 83' lang='lat' dir='ltr'><strong>unumquodque</strong></span> <span class='ocrx_word' id='word_1_440' title='bbox 2741 2725 2896 2792; x_wconf 73' lang='lat' dir='ltr'><strong>juxta</strong></span> <span class='ocrx_word' id='word_1_441' title='bbox 2929 2726 3120 2795; x_wconf 73' lang='lat' dir='ltr'><strong>lingute</strong></span> <span class='ocrx_word' id='word_1_442' title='bbox 3140 2735 3252 2780; x_wconf 73' lang='lat' dir='ltr'><strong>sine</strong></span> <span class='ocrx_word' id='word_1_443' title='bbox 3281 2728 3524 2796; x_wconf 70' lang='lat' dir='ltr'><strong>proprie-</strong></span> 
     </span>
    </p>
   </div>
   <div class='ocr_carea' id='block_1_60' title="bbox 1938 2815 3526 2890">
    <p class='ocr_par' dir='ltr' id='par_1_60' title="bbox 1938 2815 3526 2890">
     <span class='ocr_line' id='line_1_60' title="bbox 1938 2815 3526 2890; baseline 0.003 -24"><span class='ocrx_word' id='word_1_444' title='bbox 1938 2819 2102 2868; x_wconf 75' lang='lat' dir='ltr'><strong>tatem</strong></span> <span class='ocrx_word' id='word_1_445' title='bbox 2158 2815 2388 2871; x_wconf 83' lang='lat' dir='ltr'><strong>diversis</strong></span> <span class='ocrx_word' id='word_1_446' title='bbox 2413 2816 2713 2886; x_wconf 86' lang='lat' dir='ltr'><strong>appelletur</strong></span> <span class='ocrx_word' id='word_1_447' title='bbox 2732 2818 3042 2888; x_wconf 84' lang='lat' dir='ltr'><strong>generibus,</strong></span> <span class='ocrx_word' id='word_1_448' title='bbox 3065 2818 3237 2890; x_wconf 85' lang='lat' dir='ltr'><strong>angeli</strong></span> <span class='ocrx_word' id='word_1_449' title='bbox 3264 2827 3526 2872; x_wconf 81' lang='lat' dir='ltr'><strong>vocantur</strong></span> 
     </span>
    </p>
   </div>
   <div class='ocr_carea' id='block_1_61' title="bbox 1937 2905 3523 2976">
    <p class='ocr_par' dir='ltr' id='par_1_61' title="bbox 1937 2905 3523 2976">
     <span class='ocr_line' id='line_1_61' title="bbox 1937 2905 3523 2976; baseline 0.003 -21"><span class='ocrx_word' id='word_1_450' title='bbox 1937 2919 2163 2960; x_wconf 83' lang='lat' dir='ltr'><strong>numero</strong></span> <span class='ocrx_word' id='word_1_451' title='bbox 2187 2905 2403 2974; x_wconf 90' lang='lat' dir='ltr'><strong>plurali,</strong></span> <span class='ocrx_word' id='word_1_452' title='bbox 2432 2907 2716 2961; x_wconf 89' lang='lat' dir='ltr'><strong>malachim</strong></span> <span class='ocrx_word' id='word_1_453' title='bbox 2750 2916 2803 2960; x_wconf 91' lang='lat' dir='ltr'><strong>et</strong></span> <span class='ocrx_word' id='word_1_454' title='bbox 2844 2907 3147 2973; x_wconf 79' lang='lat' dir='ltr'><strong>cherubim,</strong></span> <span class='ocrx_word' id='word_1_455' title='bbox 3173 2916 3229 2962; x_wconf 89' lang='lat' dir='ltr'><strong>et</strong></span> <span class='ocrx_word' id='word_1_456' title='bbox 3252 2907 3523 2976; x_wconf 87' lang='lat' dir='ltr'><strong>seraphim</strong></span> 
     </span>
    </p>
   </div>
   <div class='ocr_carea' id='block_1_62' title="bbox 1933 2995 3520 3068">
    <p class='ocr_par' dir='ltr' id='par_1_62' title="bbox 1933 2995 3520 3068">
     <span class='ocr_line' id='line_1_62' title="bbox 1933 2995 3520 3068; baseline 0.001 -18"><span class='ocrx_word' id='word_1_457' title='bbox 1933 2995 2172 3066; x_wconf 77' lang='lat' dir='ltr'><strong>ejusdem</strong></span> <span class='ocrx_word' id='word_1_458' title='bbox 2198 2999 2413 3068; x_wconf 80' lang='lat' dir='ltr'><strong>generis</strong></span> <span class='ocrx_word' id='word_1_459' title='bbox 2440 3007 2494 3052; x_wconf 90' lang='lat' dir='ltr'><strong>et</strong></span> <span class='ocrx_word' id='word_1_460' title='bbox 2523 2998 2763 3053; x_wconf 72' lang='lat' dir='ltr'><strong>numeri.</strong></span> <span class='ocrx_word' id='word_1_461' title='bbox 2782 2998 3226 3063; x_wconf 83' lang='lat' dir='ltr'><strong>Porro&#39;sabaoth,</strong></span> <span class='ocrx_word' id='word_1_462' title='bbox 3262 3000 3404 3068; x_wconf 90' lang='lat' dir='ltr'><strong>quod</strong></span> <span class='ocrx_word' id='word_1_463' title='bbox 3438 2999 3520 3051; x_wconf 89' lang='lat' dir='ltr'><strong>iu-</strong></span> 
     </span>
    </p>
   </div>
   <div class='ocr_carea' id='block_1_63' title="bbox 239 3063 3526 3164">
    <p class='ocr_par' dir='ltr' id='par_1_63' title="bbox 239 3063 3526 3164">
     <span class='ocr_line' id='line_1_63' title="bbox 239 3063 3526 3164; baseline 0.002 -26"><span class='ocrx_word' id='word_1_464' title='bbox 239 3087 470 3142; x_wconf 87' lang='lat' dir='ltr'><strong>humero</strong></span> <span class='ocrx_word' id='word_1_465' title='bbox 513 3096 730 3156; x_wconf 85' lang='lat' dir='ltr'><strong>portare</strong></span> <span class='ocrx_word' id='word_1_466' title='bbox 776 3099 860 3144; x_wconf 87' lang='lat' dir='ltr'><strong>est</strong></span> <span class='ocrx_word' id='word_1_467' title='bbox 913 3063 1250 3160; x_wconf 65' lang='lat' dir='ltr'><strong>Sel&#39;ipttlram</strong></span> <span class='ocrx_word' id='word_1_468' title='bbox 1294 3097 1504 3148; x_wconf 76' lang='lat' dir='ltr'><strong>sacram</strong></span> <span class='ocrx_word' id='word_1_469' title='bbox 1542 3063 1829 3164; x_wconf 47' lang='grc' dir='ltr'><strong>ὀρέί-ίιηάο</strong></span> <span class='ocrx_word' id='word_1_470' title='bbox 1856 3063 1900 3125; x_wconf 79' lang='lat' dir='ltr'><strong>C</strong></span> <span class='ocrx_word' id='word_1_471' title='bbox 1934 3063 2265 3157; x_wconf 77' lang='lat' dir='ltr'><strong>terpretatur</strong></span> <span class='ocrx_word' id='word_1_472' title='bbox 2293 3089 2608 3143; x_wconf 89' lang='lat' dir='ltr'><strong>militiarum</strong></span> <span class='ocrx_word' id='word_1_473' title='bbox 2639 3089 2751 3144; x_wconf 89' lang='lat' dir='ltr'><strong>sive</strong></span> <span class='ocrx_word' id='word_1_474' title='bbox 2778 3089 3115 3144; x_wconf 76' lang='lat' dir='ltr'><strong>exercituum</strong></span> <span class='ocrx_word' id='word_1_475' title='bbox 3160 3097 3322 3158; x_wconf 86' lang='lat' dir='ltr'><strong>atque</strong></span> <span class='ocrx_word' id='word_1_476' title='bbox 3359 3089 3526 3143; x_wconf 87' lang='lat' dir='ltr'><strong>virtu-</strong></span> 
     </span>
    </p>
   </div>
   <div class='ocr_carea' id='block_1_64' title="bbox 236 3175 1824 3248">
    <p class='ocr_par' dir='ltr' id='par_1_64' title="bbox 236 3175 1824 3248">
     <span class='ocr_line' id='line_1_64' title="bbox 236 3175 1824 3248; baseline 0.006 -20"><span class='ocrx_word' id='word_1_477' title='bbox 236 3175 521 3245; x_wconf 89' lang='lat' dir='ltr'><strong>perﬁcere.</strong></span> <span class='ocrx_word' id='word_1_478' title='bbox 562 3177 626 3230; x_wconf 87' lang='lat' dir='ltr'><strong>Et</strong></span> <span class='ocrx_word' id='word_1_479' title='bbox 666 3180 957 3232; x_wconf 84' lang='lat' dir='ltr'><strong>notandum</strong></span> <span class='ocrx_word' id='word_1_480' title='bbox 985 3196 1146 3248; x_wconf 83' lang='lat' dir='ltr'><strong>quant</strong></span> <span class='ocrx_word' id='word_1_481' title='bbox 1176 3181 1422 3236; x_wconf 87' lang='lat' dir='ltr'><strong>ordinate</strong></span> <span class='ocrx_word' id='word_1_482' title='bbox 1461 3182 1824 3238; x_wconf 82' lang='lat' dir='ltr'><strong>describitur:</strong></span> 
     </span>
    </p>
   </div>
   <div class='ocr_carea' id='block_1_65' title="bbox 236 3267 1829 3342">
    <p class='ocr_par' dir='ltr' id='par_1_65' title="bbox 236 3267 1829 3342">
     <span class='ocr_line' id='line_1_65' title="bbox 236 3267 1829 3342; baseline 0.007 -24"><span class='ocrx_word' id='word_1_483' title='bbox 236 3275 291 3320; x_wconf 89' lang='lat' dir='ltr'><strong>et</strong></span> <span class='ocrx_word' id='word_1_484' title='bbox 328 3267 482 3335; x_wconf 90' lang='lat' dir='ltr'><strong>prius</strong></span> <span class='ocrx_word' id='word_1_485' title='bbox 534 3267 586 3320; x_wconf 91' lang='lat' dir='ltr'><strong>in</strong></span> <span class='ocrx_word' id='word_1_486' title='bbox 632 3269 857 3323; x_wconf 90' lang='lat' dir='ltr'><strong>humero</strong></span> <span class='ocrx_word' id='word_1_487' title='bbox 907 3271 1135 3339; x_wconf 89' lang='lat' dir='ltr'><strong>portari,</strong></span> <span class='ocrx_word' id='word_1_488' title='bbox 1197 3281 1252 3326; x_wconf 92' lang='lat' dir='ltr'><strong>et</strong></span> <span class='ocrx_word' id='word_1_489' title='bbox 1297 3275 1638 3342; x_wconf 85' lang='lat' dir='ltr'><strong>postmodum</strong></span> <span class='ocrx_word' id='word_1_490' title='bbox 1689 3276 1829 3330; x_wconf 77' lang='lat' dir='ltr'><strong>sicut</strong></span> 
     </span>
    </p>
   </div>
   <div class='ocr_carea' id='block_1_66' title="bbox 237 3349 1830 3434">
    <p class='ocr_par' dir='ltr' id='par_1_66' title="bbox 237 3349 1830 3434">
     <span class='ocr_line' id='line_1_66' title="bbox 237 3349 1830 3434; baseline 0.007 -25"><span class='ocrx_word' id='word_1_491' title='bbox 237 3370 438 3412; x_wconf 84' lang='lat' dir='ltr'><strong>corona</strong></span> <span class='ocrx_word' id='word_1_492' title='bbox 475 3349 824 3425; x_wconf 75' lang='lat' dir='ltr'><strong>circumdari,</strong></span> <span class='ocrx_word' id='word_1_493' title='bbox 854 3362 982 3430; x_wconf 88' lang='lat' dir='ltr'><strong>quia</strong></span> <span class='ocrx_word' id='word_1_494' title='bbox 1013 3361 1262 3417; x_wconf 88' lang='lat' dir='ltr'><strong>videlicet</strong></span> <span class='ocrx_word' id='word_1_495' title='bbox 1283 3365 1422 3418; x_wconf 87' lang='lat' dir='ltr'><strong>sacri</strong></span> <span class='ocrx_word' id='word_1_496' title='bbox 1449 3365 1647 3434; x_wconf 88' lang='lat' dir='ltr'><strong>eloquii</strong></span> <span class='ocrx_word' id='word_1_497' title='bbox 1677 3381 1830 3420; x_wconf 90' lang='lat' dir='ltr'><strong>man-</strong></span> 
     </span>
    </p>
   </div>
   <div class='ocr_carea' id='block_1_67' title="bbox 238 3446 1826 3523">
    <p class='ocr_par' dir='ltr' id='par_1_67' title="bbox 238 3446 1826 3523">
     <span class='ocr_line' id='line_1_67' title="bbox 238 3446 1826 3523; baseline 0.008 -24"><span class='ocrx_word' id='word_1_498' title='bbox 238 3446 384 3511; x_wconf 86' lang='lat' dir='ltr'><strong>data,</strong></span> <span class='ocrx_word' id='word_1_499' title='bbox 402 3449 450 3502; x_wconf 92' lang='lat' dir='ltr'><strong>si</strong></span> <span class='ocrx_word' id='word_1_500' title='bbox 473 3451 633 3505; x_wconf 84' lang='lat' dir='ltr'><strong>modo</strong></span> <span class='ocrx_word' id='word_1_501' title='bbox 657 3459 942 3520; x_wconf 89' lang='lat' dir='ltr'><strong>portantur</strong></span> <span class='ocrx_word' id='word_1_502' title='bbox 966 3451 1020 3506; x_wconf 93' lang='lat' dir='ltr'><strong>in</strong></span> <span class='ocrx_word' id='word_1_503' title='bbox 1042 3467 1226 3522; x_wconf 88' lang='lat' dir='ltr'><strong>opere,</strong></span> <span class='ocrx_word' id='word_1_504' title='bbox 1241 3464 1366 3523; x_wconf 90' lang='lat' dir='ltr'><strong>post</strong></span> <span class='ocrx_word' id='word_1_505' title='bbox 1387 3455 1541 3512; x_wconf 83' lang='lat' dir='ltr'><strong>nobis</strong></span> <span class='ocrx_word' id='word_1_506' title='bbox 1565 3471 1826 3511; x_wconf 83' lang='lat' dir='ltr'><strong>coronam</strong></span> 
     </span>
    </p>
   </div>
   <div class='ocr_carea' id='block_1_68' title="bbox 239 3537 1826 3618">
    <p class='ocr_par' dir='ltr' id='par_1_68' title="bbox 239 3537 1826 3618">
     <span class='ocr_line' id='line_1_68' title="bbox 239 3537 1826 3618; baseline 0.009 -31"><span class='ocrx_word' id='word_1_507' title='bbox 239 3537 479 3591; x_wconf 63' lang='lat' dir='ltr'><strong>victoria&quot;:</strong></span> <span class='ocrx_word' id='word_1_508' title='bbox 492 3538 750 3595; x_wconf 79' lang='lat' dir='ltr'><strong>exhibent</strong></span> <span class='ocrx_word' id='word_1_509' title='bbox 763 3539 816 3594; x_wconf 90' lang='lat' dir='ltr'><strong>in</strong></span> <span class='ocrx_word' id='word_1_510' title='bbox 834 3541 1208 3598; x_wconf 87' lang='lat' dir='ltr'><strong>retributione.</strong></span> <span class='ocrx_word' id='word_1_511' title='bbox 1231 3541 1428 3618; x_wconf 65' lang='grc' dir='ltr'><strong>(Ηὶειέ.)</strong></span> <span class='ocrx_word' id='word_1_512' title='bbox 1445 3545 1526 3600; x_wconf 76' lang='lat' dir='ltr'><strong>Ad</strong></span> <span class='ocrx_word' id='word_1_513' title='bbox 1551 3548 1826 3602; x_wconf 89' lang='lat' dir='ltr'><strong>hominum</strong></span> 
     </span>
    </p>
   </div>
   <div class='ocr_carea' id='block_1_69' title="bbox 241 3626 1829 3700">
    <p class='ocr_par' dir='ltr' id='par_1_69' title="bbox 241 3626 1829 3700">
     <span class='ocr_line' id='line_1_69' title="bbox 241 3626 1829 3700; baseline 0.009 -22"><span class='ocrx_word' id='word_1_514' title='bbox 241 3626 405 3696; x_wconf 85' lang='lat' dir='ltr'><strong>igitur</strong></span> <span class='ocrx_word' id='word_1_515' title='bbox 442 3636 666 3696; x_wconf 83' lang='lat' dir='ltr'><strong>peccata</strong></span> <span class='ocrx_word' id='word_1_516' title='bbox 695 3628 942 3694; x_wconf 88' lang='lat' dir='ltr'><strong>delenda,</strong></span> <span class='ocrx_word' id='word_1_517' title='bbox 978 3631 1070 3700; x_wconf 88' lang='lat' dir='ltr'><strong>qui</strong></span> <span class='ocrx_word' id='word_1_518' title='bbox 1098 3631 1150 3686; x_wconf 92' lang='lat' dir='ltr'><strong>in</strong></span> <span class='ocrx_word' id='word_1_519' title='bbox 1175 3642 1327 3688; x_wconf 80' lang='lat' dir='ltr'><strong>sexta</strong></span> <span class='ocrx_word' id='word_1_520' title='bbox 1351 3634 1438 3688; x_wconf 89' lang='lat' dir='ltr'><strong>die</strong></span> <span class='ocrx_word' id='word_1_521' title='bbox 1458 3634 1829 3694; x_wconf 81' lang='lat' dir='ltr'><strong>fabricationis</strong></span> 
     </span>
    </p>
   </div>
   <div class='ocr_carea' id='block_1_70' title="bbox 238 3714 1826 3787">
    <p class='ocr_par' dir='ltr' id='par_1_70' title="bbox 238 3714 1826 3787">
     <span class='ocr_line' id='line_1_70' title="bbox 238 3714 1826 3787; baseline 0.01 -20"><span class='ocrx_word' id='word_1_522' title='bbox 238 3716 426 3768; x_wconf 87' lang='lat' dir='ltr'><strong>mundi</strong></span> <span class='ocrx_word' id='word_1_523' title='bbox 458 3714 582 3771; x_wconf 87' lang='lat' dir='ltr'><strong>facti</strong></span> <span class='ocrx_word' id='word_1_524' title='bbox 614 3728 759 3783; x_wconf 92' lang='lat' dir='ltr'><strong>sunt,</strong></span> <span class='ocrx_word' id='word_1_525' title='bbox 791 3720 1016 3774; x_wconf 90' lang='lat' dir='ltr'><strong>veniunt</strong></span> <span class='ocrx_word' id='word_1_526' title='bbox 1044 3735 1140 3775; x_wconf 73' lang='lat' dir='ltr'><strong>sex</strong></span> <span class='ocrx_word' id='word_1_527' title='bbox 1159 3723 1282 3787; x_wconf 90' lang='lat' dir='ltr'><strong>viri,</strong></span> <span class='ocrx_word' id='word_1_528' title='bbox 1311 3731 1365 3778; x_wconf 93' lang='lat' dir='ltr'><strong>et</strong></span> <span class='ocrx_word' id='word_1_529' title='bbox 1394 3725 1725 3780; x_wconf 84' lang='lat' dir='ltr'><strong>descendunt</strong></span> <span class='ocrx_word' id='word_1_530' title='bbox 1759 3728 1826 3783; x_wconf 90' lang='lat' dir='ltr'><strong>de</strong></span> 
     </span>
    </p>
   </div>
   <div class='ocr_carea' id='block_1_71' title="bbox 239 3809 1823 3884">
    <p class='ocr_par' dir='ltr' id='par_1_71' title="bbox 239 3809 1823 3884">
     <span class='ocr_line' id='line_1_71' title="bbox 239 3809 1823 3884; baseline 0.008 -25"><span class='ocrx_word' id='word_1_531' title='bbox 239 3815 390 3873; x_wconf 88' lang='lat' dir='ltr'><strong>porta</strong></span> <span class='ocrx_word' id='word_1_532' title='bbox 431 3809 722 3875; x_wconf 89' lang='lat' dir='ltr'><strong>superiori,</strong></span> <span class='ocrx_word' id='word_1_533' title='bbox 761 3810 895 3875; x_wconf 90' lang='lat' dir='ltr'><strong>sive,</strong></span> <span class='ocrx_word' id='word_1_534' title='bbox 927 3819 986 3864; x_wconf 91' lang='lat' dir='ltr'><strong>ut</strong></span> <span class='ocrx_word' id='word_1_535' title='bbox 1022 3810 1371 3882; x_wconf 83' lang='lat' dir='ltr'><strong>Septuaginta</strong></span> <span class='ocrx_word' id='word_1_536' title='bbox 1413 3817 1823 3884; x_wconf 80' lang='lat' dir='ltr'><strong>transtulerunt,</strong></span> 
     </span>
    </p>
   </div>
   <div class='ocr_carea' id='block_1_72' title="bbox 251 3890 1824 3968">
    <p class='ocr_par' dir='ltr' id='par_1_72' title="bbox 251 3890 1824 3968">
     <span class='ocr_line' id='line_1_72' title="bbox 251 3890 1824 3968; baseline 0.008 -26"><span class='ocrx_word' id='word_1_537' title='bbox 251 3893 512 3948; x_wconf 72' lang='lat' dir='ltr'><strong>«excelsa</strong></span> <span class='ocrx_word' id='word_1_538' title='bbox 547 3893 613 3947; x_wconf 88' lang='lat' dir='ltr'><strong>ad</strong></span> <span class='ocrx_word' id='word_1_539' title='bbox 654 3893 988 3962; x_wconf 82' lang='lat' dir='ltr'><strong>aquilonem.</strong></span> <span class='ocrx_word' id='word_1_540' title='bbox 1035 3914 1055 3948; x_wconf 78' lang='grc' dir='ltr'><strong>ι</strong></span> <span class='ocrx_word' id='word_1_541' title='bbox 1106 3895 1171 3951; x_wconf 83' lang='lat' dir='ltr'><strong>Et</strong></span> <span class='ocrx_word' id='word_1_542' title='bbox 1191 3890 1824 3968; x_wconf 83' lang='lat' dir='ltr'><strong>habebatunusquisque</strong></span> 
     </span>
    </p>
   </div>
   <div class='ocr_carea' id='block_1_73' title="bbox 245 3983 1822 4060">
    <p class='ocr_par' dir='ltr' id='par_1_73' title="bbox 245 3983 1822 4060">
     <span class='ocr_line' id='line_1_73' title="bbox 245 3983 1822 4060; baseline 0.006 -23"><span class='ocrx_word' id='word_1_543' title='bbox 245 3983 485 4037; x_wconf 83' lang='lat' dir='ltr'><strong>securim</strong></span> <span class='ocrx_word' id='word_1_544' title='bbox 509 3983 856 4051; x_wconf 87' lang='lat' dir='ltr'><strong>inmanibus,</strong></span> <span class='ocrx_word' id='word_1_545' title='bbox 879 3989 946 4042; x_wconf 89' lang='lat' dir='ltr'><strong>de</strong></span> <span class='ocrx_word' id='word_1_546' title='bbox 975 4003 1081 4054; x_wconf 89' lang='lat' dir='ltr'><strong>qua</strong></span> <span class='ocrx_word' id='word_1_547' title='bbox 1099 3987 1338 4044; x_wconf 84' lang='lat' dir='ltr'><strong>Joannes</strong></span> <span class='ocrx_word' id='word_1_548' title='bbox 1364 3991 1608 4060; x_wconf 83' lang='lat' dir='ltr'><strong>loquitur</strong></span> <span class='ocrx_word' id='word_1_549' title='bbox 1631 4008 1646 4046; x_wconf 89' lang='lat'><strong>:</strong></span> <span class='ocrx_word' id='word_1_550' title='bbox 1676 3991 1822 4047; x_wconf 69' lang='lat' dir='ltr'><strong>dam</strong></span> 
     </span>
    </p>
   </div>
   <div class='ocr_carea' id='block_1_74' title="bbox 242 4075 1825 4152">
    <p class='ocr_par' dir='ltr' id='par_1_74' title="bbox 242 4075 1825 4152">
     <span class='ocr_line' id='line_1_74' title="bbox 242 4075 1825 4152; baseline 0.009 -25"><span class='ocrx_word' id='word_1_551' title='bbox 242 4075 394 4128; x_wconf 89' lang='lat' dir='ltr'><strong>enim</strong></span> <span class='ocrx_word' id='word_1_552' title='bbox 408 4078 618 4132; x_wconf 82' lang='lat' dir='ltr'><strong>securis</strong></span> <span class='ocrx_word' id='word_1_553' title='bbox 631 4077 696 4132; x_wconf 90' lang='lat' dir='ltr'><strong>ad</strong></span> <span class='ocrx_word' id='word_1_554' title='bbox 712 4079 924 4136; x_wconf 84' lang='lat' dir='ltr'><strong>radices</strong></span> <span class='ocrx_word' id='word_1_555' title='bbox 940 4081 1202 4136; x_wconf 88' lang='lat' dir='ltr'><strong>arborum</strong></span> <span class='ocrx_word' id='word_1_556' title='bbox 1223 4084 1396 4152; x_wconf 89' lang='lat' dir='ltr'><strong>posita</strong></span> <span class='ocrx_word' id='word_1_557' title='bbox 1409 4099 1511 4138; x_wconf 87' lang='lat' dir='ltr'><strong>est.</strong></span> <span class='ocrx_word' id='word_1_558' title='bbox 1530 4083 1720 4140; x_wconf 88' lang='lat' dir='ltr'><strong>Omnis</strong></span> <span class='ocrx_word' id='word_1_559' title='bbox 1735 4102 1825 4140; x_wconf 84' lang='lat' dir='ltr'><strong>ar-</strong></span> 
     </span>
    </p>
   </div>
   <div class='ocr_carea' id='block_1_75' title="bbox 247 4168 1820 4240">
    <p class='ocr_par' dir='ltr' id='par_1_75' title="bbox 247 4168 1820 4240">
     <span class='ocr_line' id='line_1_75' title="bbox 247 4168 1820 4240; baseline 0.01 -22"><span class='ocrx_word' id='word_1_560' title='bbox 247 4168 346 4220; x_wconf 86' lang='lat' dir='ltr'><strong>bor</strong></span> <span class='ocrx_word' id='word_1_561' title='bbox 373 4183 498 4236; x_wconf 73' lang='lat' dir='ltr'><strong>quae</strong></span> <span class='ocrx_word' id='word_1_562' title='bbox 522 4185 629 4223; x_wconf 87' lang='lat' dir='ltr'><strong>non</strong></span> <span class='ocrx_word' id='word_1_563' title='bbox 661 4171 791 4226; x_wconf 80' lang='lat' dir='ltr'><strong>facit</strong></span> <span class='ocrx_word' id='word_1_564' title='bbox 826 4172 1064 4229; x_wconf 87' lang='lat' dir='ltr'><strong>fructum</strong></span> <span class='ocrx_word' id='word_1_565' title='bbox 1111 4175 1312 4230; x_wconf 89' lang='lat' dir='ltr'><strong>bonum</strong></span> <span class='ocrx_word' id='word_1_566' title='bbox 1349 4177 1656 4240; x_wconf 81' lang='lat' dir='ltr'><strong>excidetur,</strong></span> <span class='ocrx_word' id='word_1_567' title='bbox 1681 4189 1737 4233; x_wconf 90' lang='lat' dir='ltr'><strong>et</strong></span> <span class='ocrx_word' id='word_1_568' title='bbox 1764 4178 1820 4234; x_wconf 89' lang='lat' dir='ltr'><strong>in</strong></span> 
     </span>
    </p>
   </div>
   <div class='ocr_carea' id='block_1_76' title="bbox 247 4252 1820 4338">
    <p class='ocr_par' dir='ltr' id='par_1_76' title="bbox 247 4252 1820 4338">
     <span class='ocr_line' id='line_1_76' title="bbox 247 4252 1820 4338; baseline 0.011 -28"><span class='ocrx_word' id='word_1_569' title='bbox 247 4261 427 4319; x_wconf 56' lang='lat' dir='ltr'><strong>ignem</strong></span> <span class='ocrx_word' id='word_1_570' title='bbox 449 4259 696 4316; x_wconf 89' lang='lat' dir='ltr'><strong>mittetur</strong></span> <span class='ocrx_word' id='word_1_571' title='bbox 713 4265 919 4332; x_wconf 75' lang='lat' dir='ltr'><strong>(Matth.</strong></span> <span class='ocrx_word' id='word_1_572' title='bbox 935 4265 1037 4336; x_wconf 85' lang='grc' dir='ltr'><strong>ιιι).</strong></span> <span class='ocrx_word' id='word_1_573' title='bbox 1053 4284 1071 4318; x_wconf 78' lang='grc' dir='ltr'><strong>ι</strong></span> <span class='ocrx_word' id='word_1_574' title='bbox 1094 4267 1328 4338; x_wconf 85' lang='lat' dir='ltr'><strong>Eratque</strong></span> <span class='ocrx_word' id='word_1_575' title='bbox 1348 4269 1398 4322; x_wconf 92' lang='lat' dir='ltr'><strong>iu</strong></span> <span class='ocrx_word' id='word_1_576' title='bbox 1421 4252 1600 4324; x_wconf 80' lang='lat' dir='ltr'><strong>medio</strong></span> <span class='ocrx_word' id='word_1_577' title='bbox 1619 4261 1710 4326; x_wconf 83' lang='lat' dir='ltr'><strong>sex</strong></span> <span class='ocrx_word' id='word_1_578' title='bbox 1738 4273 1820 4326; x_wconf 78' lang='lat' dir='ltr'><strong>vi-</strong></span> 
     </span>
    </p>
   </div>
   <div class='ocr_carea' id='block_1_77' title="bbox 258 4354 1819 4430">
    <p class='ocr_par' dir='ltr' id='par_1_77' title="bbox 258 4354 1819 4430">
     <span class='ocr_line' id='line_1_77' title="bbox 258 4354 1819 4430; baseline 0.01 -26"><span class='ocrx_word' id='word_1_579' title='bbox 258 4370 428 4406; x_wconf 56' lang='lat' dir='ltr'><strong>wrum</strong></span> <span class='ocrx_word' id='word_1_580' title='bbox 447 4369 610 4417; x_wconf 91' lang='lat' dir='ltr'><strong>unus,</strong></span> <span class='ocrx_word' id='word_1_581' title='bbox 631 4354 684 4408; x_wconf 91' lang='lat' dir='ltr'><strong>ld</strong></span> <span class='ocrx_word' id='word_1_582' title='bbox 702 4365 786 4411; x_wconf 90' lang='lat' dir='ltr'><strong>est</strong></span> <span class='ocrx_word' id='word_1_583' title='bbox 808 4358 1388 4428; x_wconf 35' lang='lat' dir='ltr'><strong>septitnushituhabitu</strong></span> <span class='ocrx_word' id='word_1_584' title='bbox 1411 4363 1701 4430; x_wconf 90' lang='lat' dir='ltr'><strong>pontilicis,</strong></span> <span class='ocrx_word' id='word_1_585' title='bbox 1723 4380 1819 4419; x_wconf 90' lang='lat' dir='ltr'><strong>ve-</strong></span> 
     </span>
    </p>
   </div>
   <div class='ocr_carea' id='block_1_78' title="bbox 269 4445 1816 4510">
    <p class='ocr_par' dir='ltr' id='par_1_78' title="bbox 269 4445 1816 4510">
     <span class='ocr_line' id='line_1_78' title="bbox 269 4445 1816 4510; baseline 0.01 -16"><span class='ocrx_word' id='word_1_586' title='bbox 269 4445 403 4499; x_wconf 84' lang='lat' dir='ltr'><strong>titus</strong></span> <span class='ocrx_word' id='word_1_587' title='bbox 439 4446 606 4502; x_wconf 89' lang='lat' dir='ltr'><strong>lineis</strong></span> <span class='ocrx_word' id='word_1_588' title='bbox 626 4447 981 4504; x_wconf 88' lang='lat' dir='ltr'><strong>indumentis.</strong></span> <span class='ocrx_word' id='word_1_589' title='bbox 1015 4451 1079 4504; x_wconf 79' lang='lat' dir='ltr'><strong>Et</strong></span> <span class='ocrx_word' id='word_1_590' title='bbox 1104 4451 1341 4506; x_wconf 81' lang='lat' dir='ltr'><strong>habebat</strong></span> <span class='ocrx_word' id='word_1_591' title='bbox 1364 4457 1816 4510; x_wconf 88' lang='lat' dir='ltr'><strong>atramentarium</strong></span> 
     </span>
    </p>
   </div>
   <div class='ocr_carea' id='block_1_79' title="bbox 251 4538 1820 4613">
    <p class='ocr_par' dir='ltr' id='par_1_79' title="bbox 251 4538 1820 4613">
     <span class='ocr_line' id='line_1_79' title="bbox 251 4538 1820 4613; baseline 0.009 -23"><span class='ocrx_word' id='word_1_592' title='bbox 251 4551 298 4590; x_wconf 63' lang='lat' dir='ltr'><strong>:e</strong></span> <span class='ocrx_word' id='word_1_593' title='bbox 322 4551 436 4601; x_wconf 70' lang='lat' dir='ltr'><strong>Iptn</strong></span> <span class='ocrx_word' id='word_1_594' title='bbox 454 4544 531 4592; x_wconf 88' lang='lat' dir='ltr'><strong>ris</strong></span> <span class='ocrx_word' id='word_1_595' title='bbox 549 4538 616 4592; x_wconf 83' lang='lat' dir='ltr'><strong>ad</strong></span> <span class='ocrx_word' id='word_1_596' title='bbox 637 4556 795 4597; x_wconf 87' lang='lat' dir='ltr'><strong>renes</strong></span> <span class='ocrx_word' id='word_1_597' title='bbox 811 4556 956 4599; x_wconf 86' lang='lat' dir='ltr'><strong>suos.</strong></span> <span class='ocrx_word' id='word_1_598' title='bbox 980 4557 1090 4613; x_wconf 91' lang='lat' dir='ltr'><strong>quo</strong></span> <span class='ocrx_word' id='word_1_599' title='bbox 1103 4545 1283 4598; x_wconf 86' lang='lat' dir='ltr'><strong>omnia</strong></span> <span class='ocrx_word' id='word_1_600' title='bbox 1301 4558 1518 4613; x_wconf 87' lang='lat' dir='ltr'><strong>peccata</strong></span> <span class='ocrx_word' id='word_1_601' title='bbox 1543 4547 1820 4604; x_wconf 82' lang='lat' dir='ltr'><strong>describe-</strong></span> 
     </span>
    </p>
   </div>
   <div class='ocr_carea' id='block_1_80' title="bbox 243 4639 1817 4713">
    <p class='ocr_par' dir='ltr' id='par_1_80' title="bbox 243 4639 1817 4713">
     <span class='ocr_line' id='line_1_80' title="bbox 243 4639 1817 4713; baseline 0.012 -34"><span class='ocrx_word' id='word_1_602' title='bbox 243 4639 342 4696; x_wconf 81' lang='lat' dir='ltr'><strong>ret,</strong></span> <span class='ocrx_word' id='word_1_603' title='bbox 358 4641 415 4686; x_wconf 91' lang='lat' dir='ltr'><strong>et</strong></span> <span class='ocrx_word' id='word_1_604' title='bbox 436 4641 755 4688; x_wconf 82' lang='lat' dir='ltr'><strong>sanctorum</strong></span> <span class='ocrx_word' id='word_1_605' title='bbox 778 4651 808 4689; x_wconf 90' lang='lat' dir='ltr'><strong>a</strong></span> <span class='ocrx_word' id='word_1_606' title='bbox 830 4639 1213 4705; x_wconf 86' lang='lat' dir='ltr'><strong>peccatoribus</strong></span> <span class='ocrx_word' id='word_1_607' title='bbox 1247 4656 1534 4694; x_wconf 89' lang='lat' dir='ltr'><strong>numerum</strong></span> <span class='ocrx_word' id='word_1_608' title='bbox 1556 4656 1817 4713; x_wconf 87' lang='lat' dir='ltr'><strong>segrega-</strong></span> 
     </span>
    </p>
   </div>
   <div class='ocr_carea' id='block_1_81' title="bbox 241 4724 1809 4804">
    <p class='ocr_par' dir='ltr' id='par_1_81' title="bbox 241 4724 1809 4804">
     <span class='ocr_line' id='line_1_81' title="bbox 241 4724 1809 4804; baseline 0.01 -30"><span class='ocrx_word' id='word_1_609' title='bbox 241 4734 343 4785; x_wconf 81' lang='lat' dir='ltr'><strong>ret,</strong></span> <span class='ocrx_word' id='word_1_610' title='bbox 365 4724 483 4778; x_wconf 87' lang='lat' dir='ltr'><strong>sive</strong></span> <span class='ocrx_word' id='word_1_611' title='bbox 505 4741 695 4780; x_wconf 85' lang='lat' dir='ltr'><strong>zonam</strong></span> <span class='ocrx_word' id='word_1_612' title='bbox 714 4729 1088 4796; x_wconf 85' lang='lat' dir='ltr'><strong>sapphirinam</strong></span> <span class='ocrx_word' id='word_1_613' title='bbox 1110 4732 1314 4786; x_wconf 86' lang='lat' dir='ltr'><strong>coloris</strong></span> <span class='ocrx_word' id='word_1_614' title='bbox 1334 4734 1576 4803; x_wconf 90' lang='lat' dir='ltr'><strong>sapphiri</strong></span> <span class='ocrx_word' id='word_1_615' title='bbox 1594 4735 1809 4804; x_wconf 81' lang='lat' dir='ltr'><strong>lapidis,</strong></span> 
     </span>
    </p>
   </div>
   <div class='ocr_carea' id='block_1_82' title="bbox 238 4814 1814 4897">
    <p class='ocr_par' dir='ltr' id='par_1_82' title="bbox 238 4814 1814 4897">
     <span class='ocr_line' id='line_1_82' title="bbox 238 4814 1814 4897; baseline 0.013 -35"><span class='ocrx_word' id='word_1_616' title='bbox 238 4814 326 4881; x_wconf 87' lang='lat' dir='ltr'><strong>qui</strong></span> <span class='ocrx_word' id='word_1_617' title='bbox 345 4815 399 4867; x_wconf 89' lang='lat' dir='ltr'><strong>in</strong></span> <span class='ocrx_word' id='word_1_618' title='bbox 421 4820 766 4873; x_wconf 87' lang='lat' dir='ltr'><strong>ornamentis</strong></span> <span class='ocrx_word' id='word_1_619' title='bbox 783 4829 866 4874; x_wconf 86' lang='lat' dir='ltr'><strong>est</strong></span> <span class='ocrx_word' id='word_1_620' title='bbox 892 4823 1154 4892; x_wconf 80' lang='lat' dir='ltr'><strong>principis</strong></span> <span class='ocrx_word' id='word_1_621' title='bbox 1169 4825 1534 4880; x_wconf 82' lang='lat' dir='ltr'><strong>sacerdotum.</strong></span> <span class='ocrx_word' id='word_1_622' title='bbox 1559 4847 1576 4880; x_wconf 80' lang='grc' dir='ltr'><strong>ι</strong></span> <span class='ocrx_word' id='word_1_623' title='bbox 1602 4828 1814 4897; x_wconf 85' lang='lat' dir='ltr'><strong>Ingres-</strong></span> 
     </span>
    </p>
   </div>
   <div class='ocr_carea' id='block_1_83' title="bbox 242 4908 1812 4983">
    <p class='ocr_par' dir='ltr' id='par_1_83' title="bbox 242 4908 1812 4983">
     <span class='ocr_line' id='line_1_83' title="bbox 242 4908 1812 4983; baseline 0.005 -19"><span class='ocrx_word' id='word_1_624' title='bbox 242 4908 398 4973; x_wconf 73' lang='lat' dir='ltr'><strong>siqun</strong></span> <span class='ocrx_word' id='word_1_625' title='bbox 421 4922 546 4964; x_wconf 72' lang='lat' dir='ltr'><strong>sunt</strong></span> <span class='ocrx_word' id='word_1_626' title='bbox 569 4927 662 4965; x_wconf 66' lang='grc' dir='ltr'><strong>εστι</strong></span> <span class='ocrx_word' id='word_1_627' title='bbox 683 4913 805 4974; x_wconf 46' lang='lat' dir='ltr'><strong>viri,</strong></span> <span class='ocrx_word' id='word_1_628' title='bbox 830 4923 888 4966; x_wconf 81' lang='lat' dir='ltr'><strong>ct</strong></span> <span class='ocrx_word' id='word_1_629' title='bbox 907 4917 1340 4983; x_wconf 78' lang='lat' dir='ltr'><strong>steleruntjnxta</strong></span> <span class='ocrx_word' id='word_1_630' title='bbox 1357 4917 1528 4972; x_wconf 74' lang='lat' dir='ltr'><strong>altare</strong></span> <span class='ocrx_word' id='word_1_631' title='bbox 1544 4935 1776 4973; x_wconf 78' lang='lat' dir='ltr'><strong>anteum.</strong></span> <span class='ocrx_word' id='word_1_632' title='bbox 1795 4939 1812 4972; x_wconf 77' lang='grc' dir='ltr'><strong>ι</strong></span> 
     </span>
    </p>
   </div>
   <div class='ocr_carea' id='block_1_84' title="bbox 235 4995 1815 5076">
    <p class='ocr_par' dir='ltr' id='par_1_84' title="bbox 235 4995 1815 5076">
     <span class='ocr_line' id='line_1_84' title="bbox 235 4995 1815 5076; baseline 0.006 -28"><span class='ocrx_word' id='word_1_633' title='bbox 235 4995 344 5050; x_wconf 83' lang='lat' dir='ltr'><strong>Duo</strong></span> <span class='ocrx_word' id='word_1_634' title='bbox 381 5000 530 5053; x_wconf 89' lang='lat' dir='ltr'><strong>enim</strong></span> <span class='ocrx_word' id='word_1_635' title='bbox 565 5011 720 5056; x_wconf 87' lang='lat' dir='ltr'><strong>erant</strong></span> <span class='ocrx_word' id='word_1_636' title='bbox 755 5003 972 5069; x_wconf 87' lang='lat' dir='ltr'><strong>altaria,</strong></span> <span class='ocrx_word' id='word_1_637' title='bbox 1000 5020 1164 5058; x_wconf 90' lang='lat' dir='ltr'><strong>unum</strong></span> <span class='ocrx_word' id='word_1_638' title='bbox 1198 5006 1564 5076; x_wconf 87' lang='lat' dir='ltr'><strong>thymiamatis</strong></span> <span class='ocrx_word' id='word_1_639' title='bbox 1593 5023 1815 5060; x_wconf 89' lang='lat' dir='ltr'><strong>aureum</strong></span> 
     </span>
    </p>
   </div>
   <div class='ocr_carea' id='block_1_85' title="bbox 232 5087 1814 5164">
    <p class='ocr_par' dir='ltr' id='par_1_85' title="bbox 232 5087 1814 5164">
     <span class='ocr_line' id='line_1_85' title="bbox 232 5087 1814 5164; baseline 0.006 -24"><span class='ocrx_word' id='word_1_640' title='bbox 232 5087 580 5152; x_wconf 83' lang='lat' dir='ltr'><strong>intrinsecus,</strong></span> <span class='ocrx_word' id='word_1_641' title='bbox 606 5100 662 5146; x_wconf 88' lang='lat' dir='ltr'><strong>et</strong></span> <span class='ocrx_word' id='word_1_642' title='bbox 700 5092 928 5147; x_wconf 89' lang='lat' dir='ltr'><strong>alterum</strong></span> <span class='ocrx_word' id='word_1_643' title='bbox 968 5103 1094 5148; x_wconf 87' lang='lat' dir='ltr'><strong>ante</strong></span> <span class='ocrx_word' id='word_1_644' title='bbox 1126 5097 1380 5164; x_wconf 90' lang='lat' dir='ltr'><strong>templum</strong></span> <span class='ocrx_word' id='word_1_645' title='bbox 1424 5113 1630 5151; x_wconf 78' lang='lat' dir='ltr'><strong>:enenm</strong></span> <span class='ocrx_word' id='word_1_646' title='bbox 1665 5096 1814 5150; x_wconf 87' lang='lat' dir='ltr'><strong>holo-</strong></span> 
     </span>
    </p>
   </div>
   <div class='ocr_carea' id='block_1_86' title="bbox 230 5179 1817 5256">
    <p class='ocr_par' dir='ltr' id='par_1_86' title="bbox 230 5179 1817 5256">
     <span class='ocr_line' id='line_1_86' title="bbox 230 5179 1817 5256; baseline 0.006 -25"><span class='ocrx_word' id='word_1_647' title='bbox 230 5188 566 5233; x_wconf 84' lang='lat' dir='ltr'><strong>caustorum.</strong></span> <span class='ocrx_word' id='word_1_648' title='bbox 604 5179 762 5234; x_wconf 76' lang='lat' dir='ltr'><strong>Juxta</strong></span> <span class='ocrx_word' id='word_1_649' title='bbox 795 5182 965 5237; x_wconf 91' lang='lat' dir='ltr'><strong>altare</strong></span> <span class='ocrx_word' id='word_1_650' title='bbox 989 5194 1169 5238; x_wconf 88' lang='lat' dir='ltr'><strong>autem</strong></span> <span class='ocrx_word' id='word_1_651' title='bbox 1199 5195 1345 5240; x_wconf 89' lang='lat' dir='ltr'><strong>stare</strong></span> <span class='ocrx_word' id='word_1_652' title='bbox 1368 5187 1621 5242; x_wconf 91' lang='lat' dir='ltr'><strong>dicuntur</strong></span> <span class='ocrx_word' id='word_1_653' title='bbox 1643 5187 1817 5256; x_wconf 86' lang='lat' dir='ltr'><strong>parati</strong></span> 
     </span>
    </p>
   </div>
   <div class='ocr_carea' id='block_1_87' title="bbox 230 5270 1814 5347">
    <p class='ocr_par' dir='ltr' id='par_1_87' title="bbox 230 5270 1814 5347">
     <span class='ocr_line' id='line_1_87' title="bbox 230 5270 1814 5347; baseline 0.006 -26"><span class='ocrx_word' id='word_1_654' title='bbox 230 5270 294 5322; x_wconf 88' lang='lat' dir='ltr'><strong>ad</strong></span> <span class='ocrx_word' id='word_1_655' title='bbox 316 5270 562 5339; x_wconf 88' lang='lat' dir='ltr'><strong>jubentis</strong></span> <span class='ocrx_word' id='word_1_656' title='bbox 601 5271 907 5342; x_wconf 87' lang='lat' dir='ltr'><strong>imperium,</strong></span> <span class='ocrx_word' id='word_1_657' title='bbox 949 5283 1006 5327; x_wconf 92' lang='lat' dir='ltr'><strong>ut</strong></span> <span class='ocrx_word' id='word_1_658' title='bbox 1041 5275 1406 5347; x_wconf 82' lang='lat' dir='ltr'><strong>cujuscunque</strong></span> <span class='ocrx_word' id='word_1_659' title='bbox 1447 5279 1697 5343; x_wconf 83' lang='lat' dir='ltr'><strong>viderint,</strong></span> <span class='ocrx_word' id='word_1_660' title='bbox 1745 5278 1814 5332; x_wconf 89' lang='lat' dir='ltr'><strong>ibi</strong></span> 
     </span>
    </p>
   </div>
   <div class='ocr_carea' id='block_1_88' title="bbox 232 5367 1815 5434">
    <p class='ocr_par' dir='ltr' id='par_1_88' title="bbox 232 5367 1815 5434">
     <span class='ocr_line' id='line_1_88' title="bbox 232 5367 1815 5434; baseline 0.005 -18"><span class='ocrx_word' id='word_1_661' title='bbox 232 5379 335 5418; x_wconf 91' lang='lat' dir='ltr'><strong>non</strong></span> <span class='ocrx_word' id='word_1_662' title='bbox 361 5379 490 5420; x_wconf 87' lang='lat' dir='ltr'><strong>esse</strong></span> <span class='ocrx_word' id='word_1_663' title='bbox 511 5374 731 5434; x_wconf 87' lang='lat' dir='ltr'><strong>peccata</strong></span> <span class='ocrx_word' id='word_1_664' title='bbox 753 5367 995 5433; x_wconf 86' lang='lat' dir='ltr'><strong>dimissa,</strong></span> <span class='ocrx_word' id='word_1_665' title='bbox 1026 5372 1307 5424; x_wconf 80' lang='lat' dir='ltr'><strong>sententia:</strong></span> <span class='ocrx_word' id='word_1_666' title='bbox 1331 5372 1535 5424; x_wconf 88' lang='lat' dir='ltr'><strong>Domini</strong></span> <span class='ocrx_word' id='word_1_667' title='bbox 1567 5381 1621 5426; x_wconf 89' lang='lat' dir='ltr'><strong>et</strong></span> <span class='ocrx_word' id='word_1_668' title='bbox 1648 5373 1815 5425; x_wconf 83' lang='lat' dir='ltr'><strong>inter-</strong></span> 
     </span>
    </p>
   </div>
   <div class='ocr_carea' id='block_1_89' title="bbox 233 5449 1815 5530">
    <p class='ocr_par' dir='ltr' id='par_1_89' title="bbox 233 5449 1815 5530">
     <span class='ocr_line' id='line_1_89' title="bbox 233 5449 1815 5530; baseline 0.006 -26"><span class='ocrx_word' id='word_1_669' title='bbox 233 5449 448 5508; x_wconf 84' lang='lat' dir='ltr'><strong>fectioni</strong></span> <span class='ocrx_word' id='word_1_670' title='bbox 483 5469 607 5509; x_wconf 87' lang='lat' dir='ltr'><strong>eum</strong></span> <span class='ocrx_word' id='word_1_671' title='bbox 651 5457 934 5526; x_wconf 88' lang='lat' dir='ltr'><strong>subjacere</strong></span> <span class='ocrx_word' id='word_1_672' title='bbox 978 5469 1326 5529; x_wconf 85' lang='lat' dir='ltr'><strong>cognoscant.</strong></span> <span class='ocrx_word' id='word_1_673' title='bbox 1375 5460 1554 5515; x_wconf 90' lang='lat' dir='ltr'><strong>Gloria</strong></span> <span class='ocrx_word' id='word_1_674' title='bbox 1603 5477 1815 5530; x_wconf 90' lang='lat' dir='ltr'><strong>quoque</strong></span> 
     </span>
    </p>
   </div>
   <div class='ocr_carea' id='block_1_90' title="bbox 237 5542 1815 5621">
    <p class='ocr_par' dir='ltr' id='par_1_90' title="bbox 237 5542 1815 5621">
     <span class='ocr_line' id='line_1_90' title="bbox 237 5542 1815 5621; baseline 0.006 -25"><span class='ocrx_word' id='word_1_675' title='bbox 237 5542 444 5599; x_wconf 83' lang='lat' dir='ltr'><strong>Domini</strong></span> <span class='ocrx_word' id='word_1_676' title='bbox 496 5546 659 5600; x_wconf 87' lang='lat' dir='ltr'><strong>Israel</strong></span> <span class='ocrx_word' id='word_1_677' title='bbox 719 5546 1007 5612; x_wconf 85' lang='lat' dir='ltr'><strong>ascendit,</strong></span> <span class='ocrx_word' id='word_1_678' title='bbox 1065 5551 1177 5602; x_wconf 82' lang='lat' dir='ltr'><strong>sive</strong></span> <span class='ocrx_word' id='word_1_679' title='bbox 1230 5561 1500 5621; x_wconf 87' lang='lat' dir='ltr'><strong>assumpta</strong></span> <span class='ocrx_word' id='word_1_680' title='bbox 1573 5561 1694 5614; x_wconf 84' lang='lat' dir='ltr'><strong>est,</strong></span> <span class='ocrx_word' id='word_1_681' title='bbox 1750 5554 1815 5606; x_wconf 89' lang='lat' dir='ltr'><strong>de</strong></span> 
     </span>
    </p>
   </div>
   <div class='ocr_carea' id='block_1_91' title="bbox 235 5637 1809 5706">
    <p class='ocr_par' dir='ltr' id='par_1_91' title="bbox 235 5637 1809 5706">
     <span class='ocr_line' id='line_1_91' title="bbox 235 5637 1809 5706; baseline 0.006 -18"><span class='ocrx_word' id='word_1_682' title='bbox 235 5651 337 5688; x_wconf 89' lang='lat' dir='ltr'><strong>uno</strong></span> <span class='ocrx_word' id='word_1_683' title='bbox 367 5637 598 5706; x_wconf 87' lang='lat' dir='ltr'><strong>cherub,</strong></span> <span class='ocrx_word' id='word_1_684' title='bbox 633 5647 684 5692; x_wconf 88' lang='lat' dir='ltr'><strong>et</strong></span> <span class='ocrx_word' id='word_1_685' title='bbox 709 5638 802 5693; x_wconf 82' lang='lat' dir='ltr'><strong>ivit</strong></span> <span class='ocrx_word' id='word_1_686' title='bbox 829 5639 895 5694; x_wconf 91' lang='lat' dir='ltr'><strong>ad</strong></span> <span class='ocrx_word' id='word_1_687' title='bbox 929 5639 1112 5700; x_wconf 82' lang='lat' dir='ltr'><strong>limen,</strong></span> <span class='ocrx_word' id='word_1_688' title='bbox 1147 5642 1259 5696; x_wconf 85' lang='lat' dir='ltr'><strong>sive</strong></span> <span class='ocrx_word' id='word_1_689' title='bbox 1287 5644 1352 5698; x_wconf 88' lang='lat' dir='ltr'><strong>ad</strong></span> <span class='ocrx_word' id='word_1_690' title='bbox 1376 5644 1657 5698; x_wconf 83' lang='lat' dir='ltr'><strong>subdivum</strong></span> <span class='ocrx_word' id='word_1_691' title='bbox 1690 5646 1809 5698; x_wconf 84' lang='lat' dir='ltr'><strong>atrii</strong></span> 
     </span>
    </p>
   </div>
   <div class='ocr_carea' id='block_1_92' title="bbox 1932 3178 3526 3251">
    <p class='ocr_par' dir='ltr' id='par_1_92' title="bbox 1932 3178 3526 3251">
     <span class='ocr_line' id='line_1_92' title="bbox 1932 3178 3526 3251; baseline 0.001 -19"><span class='ocrx_word' id='word_1_692' title='bbox 1932 3187 2064 3242; x_wconf 79' lang='lat' dir='ltr'><strong>tum,</strong></span> <span class='ocrx_word' id='word_1_693' title='bbox 2098 3179 2362 3233; x_wconf 72' lang='lat' dir='ltr'><strong>dicuntur</strong></span> <span class='ocrx_word' id='word_1_694' title='bbox 2382 3178 2904 3249; x_wconf 54' lang='lat' dir='ltr'><strong>genere-feminino,</strong></span> <span class='ocrx_word' id='word_1_695' title='bbox 2940 3196 3168 3236; x_wconf 88' lang='lat' dir='ltr'><strong>numero</strong></span> <span class='ocrx_word' id='word_1_696' title='bbox 3212 3180 3425 3251; x_wconf 90' lang='lat' dir='ltr'><strong>plurali.</strong></span> <span class='ocrx_word' id='word_1_697' title='bbox 3471 3189 3526 3234; x_wconf 87' lang='lat' dir='ltr'><strong>et</strong></span> 
     </span>
    </p>
   </div>
   <div class='ocr_carea' id='block_1_93' title="bbox 1932 3267 3525 3340">
    <p class='ocr_par' dir='ltr' id='par_1_93' title="bbox 1932 3267 3525 3340">
     <span class='ocr_line' id='line_1_93' title="bbox 1932 3267 3525 3340; baseline 0.003 -17"><span class='ocrx_word' id='word_1_698' title='bbox 1932 3270 2186 3326; x_wconf 70' lang='lat' dir='ltr'><strong>desinunt</strong></span> <span class='ocrx_word' id='word_1_699' title='bbox 2227 3271 2280 3323; x_wconf 92' lang='lat' dir='ltr'><strong>in</strong></span> <span class='ocrx_word' id='word_1_700' title='bbox 2323 3278 2623 3324; x_wconf 78' lang='lat' dir='ltr'><strong>extremam</strong></span> <span class='ocrx_word' id='word_1_701' title='bbox 2643 3267 2913 3340; x_wconf 66' lang='lat' dir='ltr'><strong>&#39;Syllaham</strong></span> <span class='ocrx_word' id='word_1_702' title='bbox 2953 3272 3060 3325; x_wconf 79' lang='lat' dir='ltr'><strong>om.</strong></span> <span class='ocrx_word' id='word_1_703' title='bbox 3097 3273 3200 3338; x_wconf 84' lang='lat' dir='ltr'><strong>Qui</strong></span> <span class='ocrx_word' id='word_1_704' title='bbox 3229 3281 3407 3326; x_wconf 89' lang='lat' dir='ltr'><strong>autem</strong></span> <span class='ocrx_word' id='word_1_705' title='bbox 3435 3289 3525 3327; x_wconf 73' lang='grc' dir='ltr'><strong>ιο-</strong></span> 
     </span>
    </p>
   </div>
   <div class='ocr_carea' id='block_1_94' title="bbox 1931 3363 3519 3438">
    <p class='ocr_par' dir='ltr' id='par_1_94' title="bbox 1931 3363 3519 3438">
     <span class='ocr_line' id='line_1_94' title="bbox 1931 3363 3519 3438; baseline 0.004 -24"><span class='ocrx_word' id='word_1_706' title='bbox 1931 3363 2048 3416; x_wconf 86' lang='lat' dir='ltr'><strong>lunt</strong></span> <span class='ocrx_word' id='word_1_707' title='bbox 2091 3363 2191 3417; x_wconf 88' lang='lat' dir='ltr'><strong>sub</strong></span> <span class='ocrx_word' id='word_1_708' title='bbox 2239 3363 2728 3433; x_wconf 73' lang='lat' dir='ltr'><strong>ﬁgura-pontiﬁcis</strong></span> <span class='ocrx_word' id='word_1_709' title='bbox 2767 3363 3002 3438; x_wconf 84' lang='lat' dir='ltr'><strong>intelligi</strong></span> <span class='ocrx_word' id='word_1_710' title='bbox 3049 3365 3404 3430; x_wconf 88' lang='lat' dir='ltr'><strong>Salvatorem,</strong></span> <span class='ocrx_word' id='word_1_711' title='bbox 3455 3369 3519 3421; x_wconf 81' lang='lat' dir='ltr'><strong>de</strong></span> 
     </span>
    </p>
   </div>
   <div class='ocr_carea' id='block_1_95' title="bbox 1912 3452 3514 3524">
    <p class='ocr_par' dir='ltr' id='par_1_95' title="bbox 1912 3452 3514 3524">
     <span class='ocr_line' id='line_1_95' title="bbox 1912 3452 3514 3524; baseline 0.001 -17"><span class='ocrx_word' id='word_1_712' title='bbox 1912 3452 2252 3524; x_wconf 75' lang='lat' dir='ltr'><strong>&#39;Apocalyps&#39;r</strong></span> <span class='ocrx_word' id='word_1_713' title='bbox 2267 3453 2490 3508; x_wconf 89' lang='lat' dir='ltr'><strong>Joannis</strong></span> <span class='ocrx_word' id='word_1_714' title='bbox 2510 3463 2732 3508; x_wconf 83' lang='lat' dir='ltr'><strong>utuntur</strong></span> <span class='ocrx_word' id='word_1_715' title='bbox 2754 3452 3017 3523; x_wconf 79' lang='lat' dir='ltr'><strong>exemplo.</strong></span> <span class='ocrx_word' id='word_1_716' title='bbox 3043 3453 3100 3508; x_wconf 80' lang='lat' dir='ltr'><strong>In</strong></span> <span class='ocrx_word' id='word_1_717' title='bbox 3124 3470 3230 3524; x_wconf 89' lang='lat' dir='ltr'><strong>qua</strong></span> <span class='ocrx_word' id='word_1_718' title='bbox 3254 3455 3514 3524; x_wconf 84' lang='lat' dir='ltr'><strong>scriptum</strong></span> 
     </span>
    </p>
   </div>
   <div class='ocr_carea' id='block_1_96' title="bbox 1933 3544 3520 3613">
    <p class='ocr_par' dir='ltr' id='par_1_96' title="bbox 1933 3544 3520 3613">
     <span class='ocr_line' id='line_1_96' title="bbox 1933 3544 3520 3613; baseline -0.001 -15"><span class='ocrx_word' id='word_1_719' title='bbox 1933 3553 2048 3600; x_wconf 87' lang='lat' dir='ltr'><strong>cst:</strong></span> <span class='ocrx_word' id='word_1_720' title='bbox 2089 3563 2106 3595; x_wconf 82' lang='grc' dir='ltr'><strong>ι</strong></span> <span class='ocrx_word' id='word_1_721' title='bbox 2144 3545 2208 3598; x_wconf 80' lang='lat' dir='ltr'><strong>Et</strong></span> <span class='ocrx_word' id='word_1_722' title='bbox 2227 3545 2467 3600; x_wconf 89' lang='lat' dir='ltr'><strong>converti</strong></span> <span class='ocrx_word' id='word_1_723' title='bbox 2492 3544 2599 3609; x_wconf 84' lang='lat' dir='ltr'><strong>me,</strong></span> <span class='ocrx_word' id='word_1_724' title='bbox 2629 3553 2686 3598; x_wconf 88' lang='lat' dir='ltr'><strong>et</strong></span> <span class='ocrx_word' id='word_1_725' title='bbox 2711 3544 2818 3598; x_wconf 80' lang='lat' dir='ltr'><strong>vidi</strong></span> <span class='ocrx_word' id='word_1_726' title='bbox 2841 3557 3028 3598; x_wconf 86' lang='lat' dir='ltr'><strong>vocem</strong></span> <span class='ocrx_word' id='word_1_727' title='bbox 3055 3559 3174 3612; x_wconf 63' lang='lat' dir='ltr'><strong>quae</strong></span> <span class='ocrx_word' id='word_1_728' title='bbox 3200 3544 3520 3613; x_wconf 84' lang='lat' dir='ltr'><strong>loquebatur</strong></span> 
     </span>
    </p>
   </div>
   <div class='ocr_carea' id='block_1_97' title="bbox 1931 3634 3519 3703">
    <p class='ocr_par' dir='ltr' id='par_1_97' title="bbox 1931 3634 3519 3703">
     <span class='ocr_line' id='line_1_97' title="bbox 1931 3634 3519 3703; baseline -0.001 -15"><span class='ocrx_word' id='word_1_729' title='bbox 1931 3651 2138 3690; x_wconf 91' lang='lat' dir='ltr'><strong>mecum</strong></span> <span class='ocrx_word' id='word_1_730' title='bbox 2171 3653 2183 3687; x_wconf 88' lang='lat'><strong>:</strong></span> <span class='ocrx_word' id='word_1_731' title='bbox 2211 3644 2266 3688; x_wconf 91' lang='lat' dir='ltr'><strong>et</strong></span> <span class='ocrx_word' id='word_1_732' title='bbox 2303 3649 2600 3688; x_wconf 85' lang='lat' dir='ltr'><strong>conversus</strong></span> <span class='ocrx_word' id='word_1_733' title='bbox 2627 3634 2809 3703; x_wconf 77' lang='lat' dir='ltr'><strong>aspexi</strong></span> <span class='ocrx_word' id='word_1_734' title='bbox 2838 3643 3043 3703; x_wconf 88' lang='lat' dir='ltr'><strong>septem</strong></span> <span class='ocrx_word' id='word_1_735' title='bbox 3071 3634 3396 3688; x_wconf 83' lang='lat' dir='ltr'><strong>candelabra</strong></span> <span class='ocrx_word' id='word_1_736' title='bbox 3426 3650 3519 3686; x_wconf 81' lang='lat' dir='ltr'><strong>au-</strong></span> 
     </span>
    </p>
   </div>
   <div class='ocr_carea' id='block_1_98' title="bbox 1927 3723 3517 3789">
    <p class='ocr_par' dir='ltr' id='par_1_98' title="bbox 1927 3723 3517 3789">
     <span class='ocr_line' id='line_1_98' title="bbox 1927 3723 3517 3789; baseline -0.002 -10"><span class='ocrx_word' id='word_1_737' title='bbox 1927 3742 2038 3789; x_wconf 84' lang='lat' dir='ltr'><strong>rea,</strong></span> <span class='ocrx_word' id='word_1_738' title='bbox 2074 3735 2129 3780; x_wconf 88' lang='lat' dir='ltr'><strong>et</strong></span> <span class='ocrx_word' id='word_1_739' title='bbox 2161 3726 2213 3779; x_wconf 89' lang='lat' dir='ltr'><strong>in</strong></span> <span class='ocrx_word' id='word_1_740' title='bbox 2259 3723 2434 3780; x_wconf 83' lang='lat' dir='ltr'><strong>medio</strong></span> <span class='ocrx_word' id='word_1_741' title='bbox 2471 3725 2917 3780; x_wconf 87' lang='lat' dir='ltr'><strong>candelabrorum</strong></span> <span class='ocrx_word' id='word_1_742' title='bbox 2952 3723 3181 3778; x_wconf 87' lang='lat' dir='ltr'><strong>similem</strong></span> <span class='ocrx_word' id='word_1_743' title='bbox 3235 3723 3368 3778; x_wconf 80' lang='lat' dir='ltr'><strong>Filio</strong></span> <span class='ocrx_word' id='word_1_744' title='bbox 3417 3724 3517 3777; x_wconf 82' lang='lat' dir='ltr'><strong>ho-</strong></span> 
     </span>
    </p>
   </div>
   <div class='ocr_carea' id='block_1_99' title="bbox 1887 3809 2367 3889">
    <p class='ocr_par' dir='ltr' id='par_1_99' title="bbox 1887 3809 2367 3889">
     <span class='ocr_line' id='line_1_99' title="bbox 1887 3809 2367 3889; baseline -0.004 -17"><span class='ocrx_word' id='word_1_745' title='bbox 1887 3827 1902 3838; x_wconf 76' lang='lat'>&quot;</span> <span class='ocrx_word' id='word_1_746' title='bbox 1927 3819 2089 3872; x_wconf 83' lang='lat' dir='ltr'><strong>minis</strong></span> <span class='ocrx_word' id='word_1_747' title='bbox 2115 3809 2299 3889; x_wconf 49' lang='lat' dir='ltr'><strong>(Apoc;</strong></span> <span class='ocrx_word' id='word_1_748' title='bbox 2330 3817 2367 3886; x_wconf 91' lang='grc' dir='ltr'><strong>ι)</strong></span> 
     </span>
    </p>
   </div>
   <div class='ocr_carea' id='block_1_100' title="bbox 2004 3906 3516 3977">
    <p class='ocr_par' dir='ltr' id='par_1_100' title="bbox 2004 3906 3516 3977">
     <span class='ocr_line' id='line_1_100' title="bbox 2004 3906 3516 3977; baseline 0.001 -19"><span class='ocrx_word' id='word_1_749' title='bbox 2004 3927 2020 3958; x_wconf 81' lang='grc' dir='ltr'><strong>ι</strong></span> <span class='ocrx_word' id='word_1_750' title='bbox 2054 3908 2122 3962; x_wconf 85' lang='grc' dir='ltr'><strong>ΕΙ.</strong></span> <span class='ocrx_word' id='word_1_751' title='bbox 2145 3907 2279 3962; x_wconf 72' lang='lat' dir='ltr'><strong>dixit</strong></span> <span class='ocrx_word' id='word_1_752' title='bbox 2321 3906 2578 3961; x_wconf 88' lang='lat' dir='ltr'><strong>Dominus</strong></span> <span class='ocrx_word' id='word_1_753' title='bbox 2613 3908 2680 3961; x_wconf 83' lang='lat' dir='ltr'><strong>ad</strong></span> <span class='ocrx_word' id='word_1_754' title='bbox 2726 3923 2848 3962; x_wconf 90' lang='lat' dir='ltr'><strong>eum</strong></span> <span class='ocrx_word' id='word_1_755' title='bbox 2875 3925 2889 3960; x_wconf 90' lang='lat'><strong>:</strong></span> <span class='ocrx_word' id='word_1_756' title='bbox 2919 3907 3112 3962; x_wconf 87' lang='lat' dir='ltr'><strong>Transi</strong></span> <span class='ocrx_word' id='word_1_757' title='bbox 3160 3923 3254 3977; x_wconf 89' lang='lat' dir='ltr'><strong>per</strong></span> <span class='ocrx_word' id='word_1_758' title='bbox 3284 3907 3516 3961; x_wconf 86' lang='lat' dir='ltr'><strong>mediam</strong></span> 
     </span>
    </p>
   </div>
   <div class='ocr_carea' id='block_1_101' title="bbox 1932 3996 3514 4067">
    <p class='ocr_par' dir='ltr' id='par_1_101' title="bbox 1932 3996 3514 4067">
     <span class='ocr_line' id='line_1_101' title="bbox 1932 3996 3514 4067; baseline -0.001 -15"><span class='ocrx_word' id='word_1_759' title='bbox 1932 4015 1950 4047; x_wconf 72' lang='grc' dir='ltr'><strong>ι</strong></span> <span class='ocrx_word' id='word_1_760' title='bbox 1989 3998 2261 4052; x_wconf 89' lang='lat' dir='ltr'><strong>civitatem</strong></span> <span class='ocrx_word' id='word_1_761' title='bbox 2293 3999 2346 4052; x_wconf 93' lang='lat' dir='ltr'><strong>in</strong></span> <span class='ocrx_word' id='word_1_762' title='bbox 2379 3998 2554 4052; x_wconf 85' lang='lat' dir='ltr'><strong>medio</strong></span> <span class='ocrx_word' id='word_1_763' title='bbox 2601 3996 2921 4053; x_wconf 87' lang='lat' dir='ltr'><strong>Jerusalem.</strong></span> <span class='ocrx_word' id='word_1_764' title='bbox 2953 3997 3018 4051; x_wconf 83' lang='lat' dir='ltr'><strong>Et</strong></span> <span class='ocrx_word' id='word_1_765' title='bbox 3046 3997 3197 4067; x_wconf 79' lang='lat' dir='ltr'><strong>signa</strong></span> <span class='ocrx_word' id='word_1_766' title='bbox 3245 3997 3394 4052; x_wconf 89' lang='lat' dir='ltr'><strong>Thau</strong></span> <span class='ocrx_word' id='word_1_767' title='bbox 3423 4014 3514 4052; x_wconf 81' lang='lat' dir='ltr'><strong>su-</strong></span> 
     </span>
    </p>
   </div>
   <div class='ocr_carea' id='block_1_102' title="bbox 1932 4084 3515 4162">
    <p class='ocr_par' dir='ltr' id='par_1_102' title="bbox 1932 4084 3515 4162">
     <span class='ocr_line' id='line_1_102' title="bbox 1932 4084 3515 4162; baseline 0.001 -19"><span class='ocrx_word' id='word_1_768' title='bbox 1932 4084 1967 4143; x_wconf 76' lang='lat'><strong>.&#39;</strong></span> <span class='ocrx_word' id='word_1_769' title='bbox 1988 4105 2082 4160; x_wconf 89' lang='lat' dir='ltr'><strong>per</strong></span> <span class='ocrx_word' id='word_1_770' title='bbox 2111 4089 2315 4147; x_wconf 80' lang='lat' dir='ltr'><strong>frontes</strong></span> <span class='ocrx_word' id='word_1_771' title='bbox 2343 4092 2584 4146; x_wconf 86' lang='lat' dir='ltr'><strong>virorum</strong></span> <span class='ocrx_word' id='word_1_772' title='bbox 2625 4091 2952 4162; x_wconf 88' lang='lat' dir='ltr'><strong>gementium</strong></span> <span class='ocrx_word' id='word_1_773' title='bbox 2995 4101 3048 4146; x_wconf 90' lang='lat' dir='ltr'><strong>et</strong></span> <span class='ocrx_word' id='word_1_774' title='bbox 3095 4091 3389 4145; x_wconf 89' lang='lat' dir='ltr'><strong>dolentium</strong></span> <span class='ocrx_word' id='word_1_775' title='bbox 3421 4106 3515 4144; x_wconf 90' lang='lat' dir='ltr'><strong>su-</strong></span> 
     </span>
    </p>
   </div>
   <div class='ocr_carea' id='block_1_103' title="bbox 1931 4181 3516 4251">
    <p class='ocr_par' dir='ltr' id='par_1_103' title="bbox 1931 4181 3516 4251">
     <span class='ocr_line' id='line_1_103' title="bbox 1931 4181 3516 4251; baseline 0.003 -19"><span class='ocrx_word' id='word_1_776' title='bbox 1931 4201 1948 4232; x_wconf 71' lang='lat' dir='ltr'><strong>c</strong></span> <span class='ocrx_word' id='word_1_777' title='bbox 1990 4197 2087 4251; x_wconf 90' lang='lat' dir='ltr'><strong>per</strong></span> <span class='ocrx_word' id='word_1_778' title='bbox 2121 4183 2332 4238; x_wconf 90' lang='lat' dir='ltr'><strong>cunctis</strong></span> <span class='ocrx_word' id='word_1_779' title='bbox 2363 4183 2854 4238; x_wconf 86' lang='lat' dir='ltr'><strong>abominationibus</strong></span> <span class='ocrx_word' id='word_1_780' title='bbox 2897 4197 3018 4251; x_wconf 70' lang='lat' dir='ltr'><strong>quae</strong></span> <span class='ocrx_word' id='word_1_781' title='bbox 3065 4181 3200 4235; x_wconf 86' lang='lat' dir='ltr'><strong>ﬁunt</strong></span> <span class='ocrx_word' id='word_1_782' title='bbox 3248 4181 3300 4235; x_wconf 92' lang='lat' dir='ltr'><strong>in</strong></span> <span class='ocrx_word' id='word_1_783' title='bbox 3343 4183 3516 4236; x_wconf 69' lang='lat' dir='ltr'><strong>nuntio</strong></span> 
     </span>
    </p>
   </div>
   <div class='ocr_carea' id='block_1_104' title="bbox 1929 4272 3516 4343">
    <p class='ocr_par' dir='ltr' id='par_1_104' title="bbox 1929 4272 3516 4343">
     <span class='ocr_line' id='line_1_104' title="bbox 1929 4272 3516 4343; baseline 0 -19"><span class='ocrx_word' id='word_1_784' title='bbox 1929 4292 1946 4323; x_wconf 77' lang='grc' dir='ltr'><strong>ι</strong></span> <span class='ocrx_word' id='word_1_785' title='bbox 1985 4273 2120 4343; x_wconf 76' lang='lat' dir='ltr'><strong>ejus.</strong></span> <span class='ocrx_word' id='word_1_786' title='bbox 2160 4273 2226 4327; x_wconf 89' lang='lat' dir='ltr'><strong>Et</strong></span> <span class='ocrx_word' id='word_1_787' title='bbox 2255 4273 2360 4328; x_wconf 88' lang='lat' dir='ltr'><strong>illis</strong></span> <span class='ocrx_word' id='word_1_788' title='bbox 2387 4274 2523 4328; x_wconf 76' lang='lat' dir='ltr'><strong>dixit</strong></span> <span class='ocrx_word' id='word_1_789' title='bbox 2562 4273 2813 4328; x_wconf 85' lang='lat' dir='ltr'><strong>audiente</strong></span> <span class='ocrx_word' id='word_1_790' title='bbox 2844 4288 2930 4328; x_wconf 89' lang='lat' dir='ltr'><strong>me</strong></span> <span class='ocrx_word' id='word_1_791' title='bbox 2956 4291 2966 4324; x_wconf 93' lang='lat'>:</span> <span class='ocrx_word' id='word_1_792' title='bbox 2996 4272 3242 4325; x_wconf 81' lang='lat' dir='ltr'><strong>Transito</strong></span> <span class='ocrx_word' id='word_1_793' title='bbox 3270 4287 3364 4340; x_wconf 88' lang='lat' dir='ltr'><strong>per</strong></span> <span class='ocrx_word' id='word_1_794' title='bbox 3383 4273 3516 4326; x_wconf 79' lang='lat' dir='ltr'><strong>civi-</strong></span> 
     </span>
    </p>
   </div>
   <div class='ocr_carea' id='block_1_105' title="bbox 1929 4361 3516 4436">
    <p class='ocr_par' dir='ltr' id='par_1_105' title="bbox 1929 4361 3516 4436">
     <span class='ocr_line' id='line_1_105' title="bbox 1929 4361 3516 4436; baseline -0.002 -17"><span class='ocrx_word' id='word_1_795' title='bbox 1929 4384 1945 4412; x_wconf 77' lang='grc' dir='ltr'><strong><em>ε</em></strong></span> <span class='ocrx_word' id='word_1_796' title='bbox 1986 4377 2149 4421; x_wconf 87' lang='lat' dir='ltr'><strong>tatem</strong></span> <span class='ocrx_word' id='word_1_797' title='bbox 2211 4375 2500 4436; x_wconf 87' lang='lat' dir='ltr'><strong>sequentes</strong></span> <span class='ocrx_word' id='word_1_798' title='bbox 2545 4381 2688 4429; x_wconf 90' lang='lat' dir='ltr'><strong>eum,</strong></span> <span class='ocrx_word' id='word_1_799' title='bbox 2735 4373 2790 4420; x_wconf 90' lang='lat' dir='ltr'><strong>et</strong></span> <span class='ocrx_word' id='word_1_800' title='bbox 2831 4363 3110 4434; x_wconf 90' lang='lat' dir='ltr'><strong>percutite.</strong></span> <span class='ocrx_word' id='word_1_801' title='bbox 3162 4361 3276 4414; x_wconf 81' lang='lat' dir='ltr'><strong>Non</strong></span> <span class='ocrx_word' id='word_1_802' title='bbox 3325 4374 3516 4429; x_wconf 90' lang='lat' dir='ltr'><strong>parcat</strong></span> 
     </span>
    </p>
   </div>
   <div class='ocr_carea' id='block_1_106' title="bbox 1929 4453 3512 4528">
    <p class='ocr_par' dir='ltr' id='par_1_106' title="bbox 1929 4453 3512 4528">
     <span class='ocr_line' id='line_1_106' title="bbox 1929 4453 3512 4528; baseline -0.001 -18"><span class='ocrx_word' id='word_1_803' title='bbox 1929 4475 1946 4505; x_wconf 75' lang='grc' dir='ltr'><strong>ι</strong></span> <span class='ocrx_word' id='word_1_804' title='bbox 1985 4458 2174 4512; x_wconf 84' lang='lat' dir='ltr'><strong>oculus</strong></span> <span class='ocrx_word' id='word_1_805' title='bbox 2203 4466 2403 4523; x_wconf 88' lang='lat' dir='ltr'><strong>vester,</strong></span> <span class='ocrx_word' id='word_1_806' title='bbox 2436 4473 2610 4528; x_wconf 89' lang='lat' dir='ltr'><strong>neque</strong></span> <span class='ocrx_word' id='word_1_807' title='bbox 2641 4455 3026 4511; x_wconf 90' lang='lat' dir='ltr'><strong>misereamiui.</strong></span> <span class='ocrx_word' id='word_1_808' title='bbox 3078 4453 3296 4517; x_wconf 87' lang='lat' dir='ltr'><strong>Senem,</strong></span> <span class='ocrx_word' id='word_1_809' title='bbox 3333 4454 3512 4508; x_wconf 86' lang='lat' dir='ltr'><strong>adole—</strong></span> 
     </span>
    </p>
   </div>
   <div class='ocr_carea' id='block_1_107' title="bbox 1929 4543 3575 4617">
    <p class='ocr_par' dir='ltr' id='par_1_107' title="bbox 1929 4543 3575 4617">
     <span class='ocr_line' id='line_1_107' title="bbox 1929 4543 3575 4617; baseline -0.002 -17"><span class='ocrx_word' id='word_1_810' title='bbox 1929 4565 1946 4596; x_wconf 80' lang='grc' dir='ltr'><strong>ι</strong></span> <span class='ocrx_word' id='word_1_811' title='bbox 1986 4549 2289 4602; x_wconf 83' lang='lat' dir='ltr'><strong>scentulum</strong></span> <span class='ocrx_word' id='word_1_812' title='bbox 2313 4559 2370 4602; x_wconf 92' lang='lat' dir='ltr'><strong>et</strong></span> <span class='ocrx_word' id='word_1_813' title='bbox 2397 4549 2678 4617; x_wconf 86' lang='lat' dir='ltr'><strong>virginem,</strong></span> <span class='ocrx_word' id='word_1_814' title='bbox 2711 4544 2991 4616; x_wconf 89' lang='lat' dir='ltr'><strong>parvulum</strong></span> <span class='ocrx_word' id='word_1_815' title='bbox 3019 4553 3071 4597; x_wconf 91' lang='lat' dir='ltr'><strong>et</strong></span> <span class='ocrx_word' id='word_1_816' title='bbox 3114 4543 3384 4606; x_wconf 88' lang='lat' dir='ltr'><strong>mulieres,</strong></span> <span class='ocrx_word' id='word_1_817' title='bbox 3436 4545 3514 4597; x_wconf 80' lang='lat' dir='ltr'><strong>in-</strong></span> <span class='ocrx_word' id='word_1_818' title='bbox 3567 4559 3575 4564; x_wconf 83' lang='lat'>&#39;</span> 
     </span>
    </p>
   </div>
   <div class='ocr_carea' id='block_1_108' title="bbox 1929 4632 3510 4707">
    <p class='ocr_par' dir='ltr' id='par_1_108' title="bbox 1929 4632 3510 4707">
     <span class='ocr_line' id='line_1_108' title="bbox 1929 4632 3510 4707; baseline -0.003 -19"><span class='ocrx_word' id='word_1_819' title='bbox 1929 4657 1946 4688; x_wconf 75' lang='grc' dir='ltr'><strong>ι</strong></span> <span class='ocrx_word' id='word_1_820' title='bbox 1993 4639 2219 4692; x_wconf 87' lang='lat' dir='ltr'><strong>terﬁeite</strong></span> <span class='ocrx_word' id='word_1_821' title='bbox 2245 4654 2415 4707; x_wconf 88' lang='lat' dir='ltr'><strong>usque</strong></span> <span class='ocrx_word' id='word_1_822' title='bbox 2455 4639 2522 4692; x_wconf 91' lang='lat' dir='ltr'><strong>ad</strong></span> <span class='ocrx_word' id='word_1_823' title='bbox 2569 4635 3012 4692; x_wconf 88' lang='lat' dir='ltr'><strong>internecionem.</strong></span> <span class='ocrx_word' id='word_1_824' title='bbox 3067 4632 3292 4688; x_wconf 89' lang='lat' dir='ltr'><strong>Omnem</strong></span> <span class='ocrx_word' id='word_1_825' title='bbox 3330 4645 3510 4686; x_wconf 89' lang='lat' dir='ltr'><strong>autem</strong></span> 
     </span>
    </p>
   </div>
   <div class='ocr_carea' id='block_1_109' title="bbox 1927 4725 3511 4799">
    <p class='ocr_par' dir='ltr' id='par_1_109' title="bbox 1927 4725 3511 4799">
     <span class='ocr_line' id='line_1_109' title="bbox 1927 4725 3511 4799; baseline -0.001 -21"><span class='ocrx_word' id='word_1_826' title='bbox 1927 4750 1944 4778; x_wconf 75' lang='grc' dir='ltr'><strong>ι</strong></span> <span class='ocrx_word' id='word_1_827' title='bbox 1981 4745 2142 4798; x_wconf 81' lang='lat' dir='ltr'><strong>super</strong></span> <span class='ocrx_word' id='word_1_828' title='bbox 2165 4745 2326 4799; x_wconf 88' lang='lat' dir='ltr'><strong>quem</strong></span> <span class='ocrx_word' id='word_1_829' title='bbox 2358 4729 2599 4782; x_wconf 88' lang='lat' dir='ltr'><strong>videritis</strong></span> <span class='ocrx_word' id='word_1_830' title='bbox 2623 4727 2798 4792; x_wconf 88' lang='lat' dir='ltr'><strong>Thau,</strong></span> <span class='ocrx_word' id='word_1_831' title='bbox 2828 4740 2896 4780; x_wconf 89' lang='lat' dir='ltr'><strong>ne</strong></span> <span class='ocrx_word' id='word_1_832' title='bbox 2923 4725 3206 4788; x_wconf 89' lang='lat' dir='ltr'><strong>occidatis,</strong></span> <span class='ocrx_word' id='word_1_833' title='bbox 3236 4735 3289 4778; x_wconf 92' lang='lat' dir='ltr'><strong>et</strong></span> <span class='ocrx_word' id='word_1_834' title='bbox 3325 4742 3352 4777; x_wconf 91' lang='lat' dir='ltr'><strong>a</strong></span> <span class='ocrx_word' id='word_1_835' title='bbox 3388 4742 3511 4777; x_wconf 83' lang='lat' dir='ltr'><strong>san-</strong></span> 
     </span>
    </p>
   </div>
   <div class='ocr_carea' id='block_1_110' title="bbox 1927 4816 3511 4886">
    <p class='ocr_par' dir='ltr' id='par_1_110' title="bbox 1927 4816 3511 4886">
     <span class='ocr_line' id='line_1_110' title="bbox 1927 4816 3511 4886; baseline -0.003 -17"><span class='ocrx_word' id='word_1_836' title='bbox 1927 4839 1945 4869; x_wconf 75' lang='grc' dir='ltr'><strong>ι</strong></span> <span class='ocrx_word' id='word_1_837' title='bbox 1984 4819 2192 4872; x_wconf 86' lang='lat' dir='ltr'><strong>ctuario</strong></span> <span class='ocrx_word' id='word_1_838' title='bbox 2214 4833 2336 4872; x_wconf 88' lang='lat' dir='ltr'><strong>meo</strong></span> <span class='ocrx_word' id='word_1_839' title='bbox 2357 4818 2598 4886; x_wconf 88' lang='lat' dir='ltr'><strong>incipite,</strong></span> <span class='ocrx_word' id='word_1_840' title='bbox 2625 4837 2642 4868; x_wconf 77' lang='grc' dir='ltr'><strong>ι</strong></span> <span class='ocrx_word' id='word_1_841' title='bbox 2673 4826 2778 4872; x_wconf 91' lang='lat' dir='ltr'><strong>etc.</strong></span> <span class='ocrx_word' id='word_1_842' title='bbox 2817 4816 3138 4884; x_wconf 75' lang='lat' dir='ltr'><strong>Przccipitur</strong></span> <span class='ocrx_word' id='word_1_843' title='bbox 3158 4816 3206 4868; x_wconf 90' lang='lat' dir='ltr'><strong>ei</strong></span> <span class='ocrx_word' id='word_1_844' title='bbox 3235 4816 3326 4883; x_wconf 88' lang='lat' dir='ltr'><strong>qui</strong></span> <span class='ocrx_word' id='word_1_845' title='bbox 3351 4816 3511 4867; x_wconf 86' lang='lat' dir='ltr'><strong>indu-</strong></span> 
     </span>
    </p>
   </div>
   <div class='ocr_carea' id='block_1_111' title="bbox 1921 4904 3512 4968">
    <p class='ocr_par' dir='ltr' id='par_1_111' title="bbox 1921 4904 3512 4968">
     <span class='ocr_line' id='line_1_111' title="bbox 1921 4904 3512 4968; baseline -0.004 -5"><span class='ocrx_word' id='word_1_846' title='bbox 1921 4922 2004 4964; x_wconf 86' lang='lat' dir='ltr'><strong>tus</strong></span> <span class='ocrx_word' id='word_1_847' title='bbox 2046 4920 2162 4964; x_wconf 85' lang='lat' dir='ltr'><strong>erat</strong></span> <span class='ocrx_word' id='word_1_848' title='bbox 2199 4910 2338 4964; x_wconf 88' lang='lat' dir='ltr'><strong>huca</strong></span> <span class='ocrx_word' id='word_1_849' title='bbox 2366 4917 2512 4962; x_wconf 82' lang='lat' dir='ltr'><strong>veste</strong></span> <span class='ocrx_word' id='word_1_850' title='bbox 2541 4909 2652 4962; x_wconf 80' lang='lat' dir='ltr'><strong>sive</strong></span> <span class='ocrx_word' id='word_1_851' title='bbox 2700 4907 2872 4968; x_wconf 90' lang='lat' dir='ltr'><strong>talari,</strong></span> <span class='ocrx_word' id='word_1_852' title='bbox 2901 4914 2957 4962; x_wconf 91' lang='lat' dir='ltr'><strong>et</strong></span> <span class='ocrx_word' id='word_1_853' title='bbox 2997 4904 3386 4960; x_wconf 72' lang='lat' dir='ltr'><strong>sacerdotalem</strong></span> <span class='ocrx_word' id='word_1_854' title='bbox 3413 4905 3512 4958; x_wconf 87' lang='lat' dir='ltr'><strong>ha-</strong></span> 
     </span>
    </p>
   </div>
   <div class='ocr_carea' id='block_1_112' title="bbox 1919 4995 3510 5070">
    <p class='ocr_par' dir='ltr' id='par_1_112' title="bbox 1919 4995 3510 5070">
     <span class='ocr_line' id='line_1_112' title="bbox 1919 4995 3510 5070; baseline -0.004 -15"><span class='ocrx_word' id='word_1_855' title='bbox 1919 5001 2090 5055; x_wconf 89' lang='lat' dir='ltr'><strong>bitum</strong></span> <span class='ocrx_word' id='word_1_856' title='bbox 2111 5001 2451 5070; x_wconf 71' lang='lat' dir='ltr'><strong>praeferebat,</strong></span> <span class='ocrx_word' id='word_1_857' title='bbox 2466 5011 2522 5053; x_wconf 88' lang='lat' dir='ltr'><strong>ut</strong></span> <span class='ocrx_word' id='word_1_858' title='bbox 2536 5008 2701 5068; x_wconf 87' lang='lat' dir='ltr'><strong>ponat</strong></span> <span class='ocrx_word' id='word_1_859' title='bbox 2720 5000 2930 5070; x_wconf 87' lang='lat' dir='ltr'><strong>signum</strong></span> <span class='ocrx_word' id='word_1_860' title='bbox 2955 5011 3120 5067; x_wconf 88' lang='lat' dir='ltr'><strong>super</strong></span> <span class='ocrx_word' id='word_1_861' title='bbox 3139 4996 3344 5050; x_wconf 87' lang='lat' dir='ltr'><strong>frontes</strong></span> <span class='ocrx_word' id='word_1_862' title='bbox 3365 4995 3510 5049; x_wconf 82' lang='lat' dir='ltr'><strong>viro-</strong></span> 
     </span>
    </p>
   </div>
   <div class='ocr_carea' id='block_1_113' title="bbox 1921 5087 3509 5163">
    <p class='ocr_par' dir='ltr' id='par_1_113' title="bbox 1921 5087 3509 5163">
     <span class='ocr_line' id='line_1_113' title="bbox 1921 5087 3509 5163; baseline -0.003 -19"><span class='ocrx_word' id='word_1_863' title='bbox 1921 5109 2037 5146; x_wconf 90' lang='lat' dir='ltr'><strong>rum</strong></span> <span class='ocrx_word' id='word_1_864' title='bbox 2053 5093 2382 5163; x_wconf 88' lang='lat' dir='ltr'><strong>gementium</strong></span> <span class='ocrx_word' id='word_1_865' title='bbox 2407 5100 2463 5145; x_wconf 90' lang='lat' dir='ltr'><strong>et</strong></span> <span class='ocrx_word' id='word_1_866' title='bbox 2486 5090 2777 5144; x_wconf 90' lang='lat' dir='ltr'><strong>dolentium</strong></span> <span class='ocrx_word' id='word_1_867' title='bbox 2805 5105 2970 5160; x_wconf 89' lang='lat' dir='ltr'><strong>super</strong></span> <span class='ocrx_word' id='word_1_868' title='bbox 2988 5089 3199 5144; x_wconf 89' lang='lat' dir='ltr'><strong>cunctis</strong></span> <span class='ocrx_word' id='word_1_869' title='bbox 3229 5087 3509 5142; x_wconf 86' lang='lat' dir='ltr'><strong>abomina-</strong></span> 
     </span>
    </p>
   </div>
   <div class='ocr_carea' id='block_1_114' title="bbox 1923 5178 3506 5251">
    <p class='ocr_par' dir='ltr' id='par_1_114' title="bbox 1923 5178 3506 5251">
     <span class='ocr_line' id='line_1_114' title="bbox 1923 5178 3506 5251; baseline -0.004 -15"><span class='ocrx_word' id='word_1_870' title='bbox 1923 5183 2156 5237; x_wconf 89' lang='lat' dir='ltr'><strong>tionibus</strong></span> <span class='ocrx_word' id='word_1_871' title='bbox 2205 5199 2322 5251; x_wconf 75' lang='lat' dir='ltr'><strong>qua:</strong></span> <span class='ocrx_word' id='word_1_872' title='bbox 2370 5182 2506 5235; x_wconf 88' lang='lat' dir='ltr'><strong>ﬁunt</strong></span> <span class='ocrx_word' id='word_1_873' title='bbox 2547 5181 2601 5234; x_wconf 90' lang='lat' dir='ltr'><strong>in</strong></span> <span class='ocrx_word' id='word_1_874' title='bbox 2630 5182 2805 5235; x_wconf 81' lang='lat' dir='ltr'><strong>medio</strong></span> <span class='ocrx_word' id='word_1_875' title='bbox 2844 5180 3170 5236; x_wconf 89' lang='lat' dir='ltr'><strong>Jerusalem.</strong></span> <span class='ocrx_word' id='word_1_876' title='bbox 3219 5178 3324 5232; x_wconf 84' lang='lat' dir='ltr'><strong>Pro</strong></span> <span class='ocrx_word' id='word_1_877' title='bbox 3354 5178 3506 5246; x_wconf 84' lang='lat' dir='ltr'><strong>signo</strong></span> 
     </span>
    </p>
   </div>
   <div class='ocr_carea' id='block_1_115' title="bbox 1925 5267 3502 5343">
    <p class='ocr_par' dir='ltr' id='par_1_115' title="bbox 1925 5267 3502 5343">
     <span class='ocr_line' id='line_1_115' title="bbox 1925 5267 3502 5343; baseline -0.004 -17"><span class='ocrx_word' id='word_1_878' title='bbox 1925 5277 2066 5342; x_wconf 74' lang='lat' dir='ltr'><strong>quod</strong></span> <span class='ocrx_word' id='word_1_879' title='bbox 2106 5273 2478 5343; x_wconf 90' lang='lat' dir='ltr'><strong>Septuaginta,</strong></span> <span class='ocrx_word' id='word_1_880' title='bbox 2509 5272 2700 5342; x_wconf 81' lang='lat' dir='ltr'><strong>Aquila</strong></span> <span class='ocrx_word' id='word_1_881' title='bbox 2729 5283 2785 5328; x_wconf 88' lang='lat' dir='ltr'><strong>et</strong></span> <span class='ocrx_word' id='word_1_882' title='bbox 2805 5271 3184 5343; x_wconf 85' lang='lat' dir='ltr'><strong>Symmachus,</strong></span> <span class='ocrx_word' id='word_1_883' title='bbox 3213 5267 3502 5324; x_wconf 85' lang='lat' dir='ltr'><strong>transtule-</strong></span> 
     </span>
    </p>
   </div>
   <div class='ocr_carea' id='block_1_116' title="bbox 1927 5368 3505 5440">
    <p class='ocr_par' dir='ltr' id='par_1_116' title="bbox 1927 5368 3505 5440">
     <span class='ocr_line' id='line_1_116' title="bbox 1927 5368 3505 5440; baseline -0.004 -16"><span class='ocrx_word' id='word_1_884' title='bbox 1927 5380 2073 5434; x_wconf 88' lang='lat' dir='ltr'><strong>runt,</strong></span> <span class='ocrx_word' id='word_1_885' title='bbox 2103 5371 2396 5426; x_wconf 83' lang='lat' dir='ltr'><strong>Theodotio</strong></span> <span class='ocrx_word' id='word_1_886' title='bbox 2425 5371 2600 5440; x_wconf 85' lang='lat' dir='ltr'><strong>ipsum</strong></span> <span class='ocrx_word' id='word_1_887' title='bbox 2644 5371 2961 5425; x_wconf 86' lang='lat' dir='ltr'><strong>Hebraicum</strong></span> <span class='ocrx_word' id='word_1_888' title='bbox 2982 5369 3162 5439; x_wconf 88' lang='lat' dir='ltr'><strong>posuit</strong></span> <span class='ocrx_word' id='word_1_889' title='bbox 3190 5368 3363 5427; x_wconf 86' lang='lat' dir='ltr'><strong>Thau,</strong></span> <span class='ocrx_word' id='word_1_890' title='bbox 3387 5381 3505 5432; x_wconf 82' lang='lat' dir='ltr'><strong>qua:</strong></span> 
     </span>
    </p>
   </div>
   <div class='ocr_carea' id='block_1_117' title="bbox 1924 5456 3508 5531">
    <p class='ocr_par' dir='ltr' id='par_1_117' title="bbox 1924 5456 3508 5531">
     <span class='ocr_line' id='line_1_117' title="bbox 1924 5456 3508 5531; baseline -0.004 -16"><span class='ocrx_word' id='word_1_891' title='bbox 1924 5472 2166 5516; x_wconf 76' lang='lat' dir='ltr'><strong>extrema</strong></span> <span class='ocrx_word' id='word_1_892' title='bbox 2215 5470 2296 5515; x_wconf 75' lang='lat' dir='ltr'><strong>est</strong></span> <span class='ocrx_word' id='word_1_893' title='bbox 2327 5462 2467 5530; x_wconf 88' lang='lat' dir='ltr'><strong>apud</strong></span> <span class='ocrx_word' id='word_1_894' title='bbox 2512 5461 2766 5517; x_wconf 69' lang='lat' dir='ltr'><strong>Hebraeos</strong></span> <span class='ocrx_word' id='word_1_895' title='bbox 2793 5461 2978 5531; x_wconf 87' lang='lat' dir='ltr'><strong>viginti</strong></span> <span class='ocrx_word' id='word_1_896' title='bbox 3017 5469 3070 5514; x_wconf 90' lang='lat' dir='ltr'><strong>et</strong></span> <span class='ocrx_word' id='word_1_897' title='bbox 3097 5459 3324 5513; x_wconf 88' lang='lat' dir='ltr'><strong>duarum</strong></span> <span class='ocrx_word' id='word_1_898' title='bbox 3365 5456 3508 5508; x_wconf 90' lang='lat' dir='ltr'><strong>litte-</strong></span> 
     </span>
    </p>
   </div>
   <div class='ocr_carea' id='block_1_118' title="bbox 1924 5545 3506 5621">
    <p class='ocr_par' dir='ltr' id='par_1_118' title="bbox 1924 5545 3506 5621">
     <span class='ocr_line' id='line_1_118' title="bbox 1924 5545 3506 5621; baseline -0.004 -18"><span class='ocrx_word' id='word_1_899' title='bbox 1924 5566 2128 5613; x_wconf 88' lang='lat' dir='ltr'><strong>rarum,</strong></span> <span class='ocrx_word' id='word_1_900' title='bbox 2160 5563 2216 5604; x_wconf 90' lang='lat' dir='ltr'><strong>ut</strong></span> <span class='ocrx_word' id='word_1_901' title='bbox 2245 5551 2448 5619; x_wconf 71' lang='lat' dir='ltr'><strong>perfect</strong></span> <span class='ocrx_word' id='word_1_902' title='bbox 2487 5567 2536 5604; x_wconf 88' lang='grc' dir='ltr'><strong>ιιι</strong></span> <span class='ocrx_word' id='word_1_903' title='bbox 2575 5552 2626 5604; x_wconf 91' lang='lat' dir='ltr'><strong>in</strong></span> <span class='ocrx_word' id='word_1_904' title='bbox 2655 5553 2785 5604; x_wconf 83' lang='lat' dir='ltr'><strong>viris</strong></span> <span class='ocrx_word' id='word_1_905' title='bbox 2826 5549 3160 5621; x_wconf 70' lang='lat' dir='ltr'><strong>gementibus</strong></span> <span class='ocrx_word' id='word_1_906' title='bbox 3186 5557 3241 5601; x_wconf 90' lang='lat' dir='ltr'><strong>et</strong></span> <span class='ocrx_word' id='word_1_907' title='bbox 3282 5545 3506 5599; x_wconf 81' lang='lat' dir='ltr'><strong>dolenti-</strong></span> 
     </span>
    </p>
   </div>
   <div class='ocr_carea' id='block_1_119' title="bbox 1923 5640 3505 5708">
    <p class='ocr_par' dir='ltr' id='par_1_119' title="bbox 1923 5640 3505 5708">
     <span class='ocr_line' id='line_1_119' title="bbox 1923 5640 3505 5708; baseline -0.005 -12"><span class='ocrx_word' id='word_1_908' title='bbox 1923 5641 2022 5696; x_wconf 86' lang='lat' dir='ltr'><strong>bus</strong></span> <span class='ocrx_word' id='word_1_909' title='bbox 2049 5642 2328 5697; x_wconf 83' lang='lat' dir='ltr'><strong>scientiam</strong></span> <span class='ocrx_word' id='word_1_910' title='bbox 2372 5643 2784 5698; x_wconf 87' lang='lat' dir='ltr'><strong>demonstraret.</strong></span> <span class='ocrx_word' id='word_1_911' title='bbox 2837 5643 2981 5708; x_wconf 82' lang='lat' dir='ltr'><strong>Sive,</strong></span> <span class='ocrx_word' id='word_1_912' title='bbox 3010 5650 3066 5695; x_wconf 82' lang='lat' dir='ltr'><strong>tit</strong></span> <span class='ocrx_word' id='word_1_913' title='bbox 3101 5640 3308 5692; x_wconf 68' lang='lat' dir='ltr'><strong>llrhrtri</strong></span> <span class='ocrx_word' id='word_1_914' title='bbox 3352 5647 3505 5690; x_wconf 75' lang='lat' dir='ltr'><strong>autu-</strong></span> 
     </span>
    </p>
   </div>
  </div>
