3954 6182
416 228 522 321 ᾱδδ

1049 256 1113 312 n.
1151 255 1404 311 axem
1439 236 1659 314 ictum
1692 255 2009 313 ARCHIEP.
2053 246 2362 315 MOGUNT.
2403 252 2688 315 OPERUM
2722 257 2904 315 rans
2940 258 3006 314 ιι.

3583 261 3690 319 635

415 372 617 436 latione
664 372 949 441 utriusque
992 369 1197 440 absque
1246 377 1436 423 nostro
1486 369 1760 425 admonitu
1815 370 1995 426 divina
2029 380 2071 438 Α
2103 388 2279 443 neque
2305 373 2447 428 enim
2482 373 2622 429 facie
2663 375 2732 429 ad
2777 373 2970 430 faciem
3002 372 3241 429 revelato
3270 372 3419 439 vultu
3463 376 3693 449 gloriam

416 467 686 538 intelligas
724 471 1082 528 sacramenta,
1128 469 1183 517 et
1226 460 1355 516 illud
1402 462 1545 532 quod
1589 471 1717 517 ante
1751 478 1996 519 commo-

417 559 543 622 nui,
587 555 844 627 quoniam
886 554 933 608 si
976 553 1028 607 in
1067 552 1408 607 ﬁrmamento
1444 563 1499 607 et
1536 552 1590 606 in
1625 554 1819 608 throno
1854 562 1910 607 et
1944 554 1997 607 in

419 664 579 704 manu
627 646 860 702 hominis
894 660 1000 699 non
1022 643 1243 709 veritas,
1288 645 1381 698 sed
1429 643 1723 699 similitudo
1768 644 1996 709 dicatur,

2103 466 2314 521 Domini
2363 466 2809 535 contemplamnr,
2857 467 2953 522 sed
3004 468 3056 521 in
3113 466 3465 523 similitudine
3506 471 3694 526 ornnia

2104 554 2350 608 videmus
2385 563 2441 609 et
2479 555 2732 623 imagine,
2780 555 3018 624 quamdiu
3062 554 3239 626 fragili
3278 564 3336 611 et
3379 558 3698 621 mortalia

2104 646 2440 717 corntptibili
2470 645 2875 701 c‘irc‘uthda’mur
2890 660 3147 718 corpore.

1281 794 3687 819 Μ

1654 948 1974 1075 ἸλῌὶΕΙῖ
2051 942 2466 1026 SEXTUS.

576 1287 582 1295 _
787 1293 790 1295 Α
851 1218 1197 1287 SEQUITUR
1236 1217 1460 1272 CAPUT
1498 1216 1561 1269 Χ.
1614 1273 1620 1279 ,

489 1293 623 1371 Cum
649 1293 793 1369 ratio;
814 1311 1116 1382 postularet
1146 1317 1204 1363 ut
1224 1324 1330 1361 una
1358 1308 1654 1375 eademque
1678 1303 1812 1359 visio
1842 1302 2001 1359 simul

418 1407 474 1461 in
509 1419 617 1460 uno
643 1403 911 1458 volumine
936 1400 1409 1469 complecteretur,
1442 1395 1665 1451 forsitan
1695 1395 1859 1464 aliqui
1902 1393 2004 1448 mi-

421 1503 629 1558 rantur,
660 1508 756 1547 cur
800 1507 918 1549 eam
965 1492 1016 1545 in
1064 1490 1324 1544 librorum
1368 1487 1630 1561 divisione
1662 1486 1728 1540 ab
1772 1485 2004 1541 invicem

421 1600 750 1655 separarem,
778 1583 973 1652 quibus
993 1594 1206 1650 quoque
1230 1579 1368 1633 ratio
1388 1576 1545 1646 huius
1573 1577 1850 1632 divisionis
1870 1592 2005 1647 pan-

420 1675 593 1730 denda
615 1683 716 1728 est.
747 1673 1009 1740 Quoniam
1036 1670 1173 1726 sicut
1204 1669 1497 1725 secundum
1526 1667 1719 1723 librum
1751 1664 1804 1721 in
1830 1676 2007 1722 osten-

2079 1191 2206 1279 dis;
2243 1232 2261 1266 ι
2297 1200 2441 1266 nunc
2479 1221 2657 1268 autem
2700 1214 2829 1295 dicit
2859 1213 2923 1269 de
2974 1213 3107 1269 rotis
3136 1218 3206 1295 :‘v'v
3239 1210 3475 1287 Corpora
3502 1214 3696 1271 earum

2109 1312 2164 1359 et
2206 1305 2342 1381 colla
2390 1312 2446 1375 et
2472 1320 2663 1359 manus
2692 1306 2760 1360 'et
2800 1294 3022 1376 penna),
3054 1314 3108 1360 et
3140 1294 3324 1379 circuli
3356 1305 3511 1374 plena
3541 1317 3691 1362 erant

2078 1396 2283 1476 .oculis
2320 1394 2383 1452 in
2437 1386 2673 1454 circuitu
2718 1408 2952 1470 quatuor
2993 1386 3256 1455 rotarum.
3291 1390 3587 1474 ι’(ϐτσῃον.
3643 1389 3697 1456 in

2110 1504 2290 1559 expos.
2334 1487 2559 1558 Evang.)
2587 1476 3013 1559 Sed'scielidum
3048 1490 3203 1544 nobis
3261 1496 3343 1544 est
3378 1490 3500 1558 quia
3532 1488 3696 1559 smpe,

2112 1578 2237 1633 dum
2275 1580 2395 1634 aliis
2423 1580 2583 1634 rebus
2629 1580 2979 1647 intendimus,
3011 1582 3069 1635 lit
3099 1591 3156 1635 ut
3192 1581 3295 1636 alia
3335 1582 3697 1652 negligamus,

2111 1679 2166 1725 et
2193 1671 2281 1725 ubi
2336 1670 2676 1742 negligimus,
2705 1670 2776 1725 ibi
2806 1671 2993 1742 procul
3022 1672 3183 1729 dubio
3211 1672 3424 1727 oculum
3464 1688 3571 1749 non
3604 1672 3702 1726 ita:

421 1765 571 1821 sione
618 1772 856 1819 rotarum
891 1760 1138 1830 separavi
1186 1776 1216 1814 a
1244 1759 1418 1831 primo
1456 1744 1625 1823 libro,
1657 1757 1747 1812 ubi
1779 1768 2010 1832 quatuor
2036 1752 2320 1832 Bbemus.
2356 1748 2489 1835 Nam
2540 1760 2844 1827 Pharisaeus
2873 1759 2961 1836 ille
3004 1761 3095 1831 qui
3136 1744 3702 1841 ascenderatiu‘tem-

422 1856 734 1913 animalium
786 1853 1076 1923 descriptio
1107 1841 1228 1917 fui‘t,
1274 1867 1382 1907 non
1431 1851 1648 1922 quidem
1679 1858 1898 1935 propter
1929 1848 2007 1903 si-

421 1946 783 2018 gnificationis
828 1943 1341 2006 dissimilitudinem,
1392 1940 1485 2017 scd
1542 1940 1610 1995 ad
1667 1939 2007 1995 devitandum

423 2039 600 2107 operis
624 2038 1033 2109 longitudinem,
1060 2051 1130 2093 ne
1161 2034 1443 2103 prolixitas
1478 2033 1601 2089 libri
1631 2033 1845 2088 taedium
1867 2032 2010 2089 face-

426 2139 509 2186 ret
544 2128 753 2182 lectori.
781 2127 855 2188 ita
887 2134 940 2179 et
983 2141 1125 2180 nunc
1150 2125 1218 2180 ob
1247 2125 1386 2180 idem
1420 2124 1635 2179 tmdium
1666 2123 2008 2179 devitandum

425 2229 545 2290 post
594 2218 778 2289 gloria:
830 2218 1039 2272 Domini
1085 2218 1347 2272 visionem
1394 2232 1457 2294 ac
1513 2204 1791 2270 cherubim
1850 2217 2011 2271 simul

423 2311 812 2375 ostensionetn,
841 2318 1051 2363 sextum
1082 2309 1276 2363 librum
1305 2325 1334 2362 a
1360 2318 1593 2378 quatuor
1616 2317 1851 2362 rotarum
1880 2325 2007 2362 nar-

427 2403 634 2458 ratione
673 2401 909 2470 judicavi
966 2401 1349 2467 inchoandum,
1399 2400 1466 2455 de
1500 2401 1698 2470 quibus
1741 2392 2010 2469 Propheta

425 2480 498 2548 lta
520 2500 726 2556 narrat,
756 2492 941 2546 dicens
980 2508 992 2544 :

502 2599 522 2634 ι
555 2582 623 2637 Ει
647 2582 778 2648 vidi,
808 2592 861 2638 et
887 2598 1016 2639 ecce
1042 2589 1277 2669 quatuor
1326 2574 1657 2654 rotam-juxta
1693 2579 2006 2664 cherubim:

427 2693 448 2728 ς
486 2672 625 2729 Rota
656 2690 761 2730 una
803 2673 959 2742 juxta
1010 2675 1213 2730 cherub
1234 2658 1445 2730 unum:
1481 2683 1534 2740 et
1580 2682 1697 2727 rota
1728 2673 1830 2727 alia
1856 2658 2011 2741 jtixta

2079 1839 2254 1923 Rpltlm
2285 1867 2462 1918 orare,
2482 1848 2732 1909 testante
2762 1842 3094 1926 'Evangelio,
3127 1854 3257 1924 quid
3288 1843 3421 1909 dixit
3473 1856 3688 1923 agnovi-

2110 1956 2248 1995 mus.
2278 1941 2368 1997 Ait
2393 1942 2574 1998 enim:
2602 1963 2621 1994 ι
2651 1942 2813 2011 Deus,
2839 1944 3040 2015 gratias
3068 1960 3169 2016 ago
3202 1945 3316 2000 tibi.
3352 1963 3371 1997 ι
3390 1938 3701 2017 Recte’ah-

2078 2040 2217 2107 xtem
2245 2033 2448 2103 gratias
2476 2034 2586 2089 Deo
2613 2030 2809 2110 agebat
2828 2035 2890 2107 in
2923 2026 3032 2108 quo
3081 2024 3366 2108 acceperat
3396 2022 3553 2102 bona,
3581 2054 3704 2110 quat

2112 2123 2336 2190 fecerat,
2363 2126 2452 2194 qui
2482 2114 2646 2181 etiam
2678 2120 2955 2199 subjungit
2982 2145 2996 2183 :
3028 2150 3045 2179 ς
3074 2128 3211 2196 Quia
3263 2147 3370 2185 non
3409 2147 3528 2185 sum
3562 2131 3703 2185 sicut

2110 2214 2289 2266 czrtcri
2349 2214 2599 2270 homines
2652 2224 2920 2286 raptores,
2978 2211 3185 2285 injusti,
3243 2206 3500 2295 adulteri,
3561 2221 3700 2274 vidui

2111 2302 2273 2355 etiam
2310 2296 2412 2358 hic
2442 2292 2780 2374 publicanus.
2816 2305 3006 2377 Jejuno
3056 2309 3138 2364 bis
3184 2292 3250 2363 in.
3278 2310 3530 2373 sabbato,
3563 2310 3708 2366 deci-

2112 2410 2233 2473 ntas
2259 2396 2324 2449 de
2348 2397 2588 2451 omnium
2614 2394 2733 2467 quae
2754 2400 3003 2469 possideo
3034 2400 3183 2471 (Luc.
3213 2402 3391 2473 xvut).
3423 2421 3441 2453 ι
3469 2401 3611 2456 Ecce
3632 2405 3699 2457 ad

2072 2554 2081 2566 ε
2110 2470 2465 2540 exliiizendam
2498 2482 2899 2551 abstinentiam,
2940 2482 3453 2559 ad'inipendendam
3490 2490 3703 2545 miscri-

2076 2564 2372 2643 fcordiatit,
2405 2577 2471 2631 ad
2503 2576 2813 2633 referendas
2844 2580 2952 2634 Deo
2984 2581 3214 2652 gratias,
3241 2580 3455 2635 oculum
3497 2582 3704 2636 habue-

2100 2654 2199 2716 ‘i‘at
2226 2653 2554 2731 Pharismu's,
2584 2667 2676 2720 sed
2706 2668 2772 2721 ad
2810 2667 3135 2723 hum'litatis
3162 2670 3461 2724 custodiam
3490 2669 3703 2725 oculum

430 2785 450 2820 ι
486 2766 691 2821 cherub
736 2782 920 2819 unum.
954 2765 1175 2835 Species
1223 2775 1402 2819 autem
1454 2774 1719 2819 rotarum.
1751 2763 1903 2833 quasi
1936 2763 2008 2816 vi-

2112 2766 2217 2807 non
2251 2739 2502 2810 habebat.
2551 2756 2617 2810 Et
2647 2750 2773 2826 quid
2804 2758 3037 2827 prodest,
3071 2760 3214 2829 quod
3244 2770 3432 2816 contra
3469 2762 3701 2817 hostium

432 2873 452 2907 ι
491 2856 571 2911 sio
600 2854 794 2924 lapidis
821 2855 1159 2924 chrysolithi.
1204 2854 1272 2908 Et
1317 2863 1566 2924 aspectus
1596 2870 1783 2908 earum
1819 2854 2011 2908 simili-

434 2966 455 2999 ι
490 2946 616 3000 tudo
644 2961 748 2999 una
796 2956 1047 3013 quatuor,
1076 2944 1229 3012 quasi
1282 2945 1350 2998 sit
1389 2953 1504 2999 rota
1533 2945 1584 2998 in
1636 2944 1813 2997 medio
1860 2953 2008 2999 rotae.

436 3055 454 3088 ι
492 3033 735 3104 Cumque
761 3033 1102 3088 ambularent
1127 3033 1177 3086 in
1217 3041 1449 3103 quatuor
1475 3043 1658 3102 partes
1692 3032 2011 3102 gradiebant-

2077 2840 2340 2905 Iqinsidias
2358 2860 2505 2919 pene
2547 2859 2656 2904 tota
2686 2851 2880 2906 civitas
2910 2864 3066 2906 caute
3106 2854 3426 2920 custoditur,
3457 2855 3504 2909 si
3537 2870 3703 2909 unum

2114 2941 2355 2998 foramen
2387 2950 2633 3012 apertum
2665 2943 3004 3013 relinquitur,
3056 2945 3195 2999 unde
3224 2947 3293 2999 ab
3343 2946 3589 3001 hostibus
3618 2947 3702 3000 in-

2114 3044 2306 3092 tretur.
2342 3036 2480 3104 Quid
2532 3052 2661 3108 ergo
2703 3038 2925 3107 prodest
2976 3039 3240 3101 ctistotlia,
3273 3055 3393 3108 quae
3423 3054 3563 3108 pene
3588 3039 3706 3093 ubi-

435 3145 453 3177 ‹
493 3132 598 3190 tur,
626 3132 682 3178 et
723 3139 831 3177 non
861 3122 1269 3176 revertebantur
1296 3123 1659 3188 ambulantes,
1706 3123 1799 3177 Sed
1835 3125 1900 3177 ad
1932 3124 2011 3177 lo-
2041 3111 2084 3173 C
2117 3142 2220 3197 que
2262 3127 2705 3196 circumponitur,
2732 3129 2946 3197 quando
2977 3127 3212 3203 inimicis
3252 3135 3362 3182 tota
3391 3129 3587 3184 civitas
3610 3144 3703 3199 per

434 3233 454 3268 ι
492 3230 637 3282 cum,
671 3214 738 3269 ad
765 3228 921 3283 quem
950 3213 1028 3267 ire
1059 3212 1383 3278 declinabat,
1414 3229 1533 3285 qum
1559 3215 1731 3284 prima
1759 3223 1897 3279 erat,
1925 3230 2010 3268 se-

435 3327 453 3360 ι
492 3309 791 3377 quebantur
809 3313 864 3362 et
889 3314 1119 3371 caetera,
1144 3321 1243 3360 nec
1265 3306 1739 3362 convertebantur.
1767 3305 1833 3360 Et
1851 3322 2012 3361 omne

433 3420 451 3453 ι
488 3415 682 3470 corpus
708 3413 894 3454 earum
925 3406 978 3453 et
1002 3396 1137 3453 colla
1188 3405 1241 3451 et
1294 3413 1485 3452 manus
1529 3406 1583 3452 et
1611 3413 1798 3467 penna:
1829 3384 2012 3452 et'c‘ir-

436 3511 453 3544 ι
488 3492 615 3557 culi,
648 3491 802 3562 plena
829 3497 987 3546 erant
1036 3488 1206 3544 oculis
1236 3489 1286 3549 in
1329 3490 1561 3544 circuitu
1604 3498 1836 3558 quatuor
1869 3499 2013 3571 rota-

434 3603 451 3635 t
490 3599 627 3639 rum.
655 3582 722 3636 Et
747 3591 895 3638 rotas
921 3582 1051 3659 istas
1074 3579 1287 3637 vocavit
1322 3580 1602 3645 volubiles,
1627 3580 1877 3636 audiente
1904 3596 2006 3635 me.

432 3693 453 3727 ι
491 3674 730 3741 Quatuor
774 3681 955 3728 autem
1006 3670 1171 3728 facies
1199 3671 1429 3727 habebat
1459 3688 1648 3737 unum,
1680 3670 1849 3725 facies
1881 3687 2007 3735 una,

434 3783 452 3815 ι
491 3764 656 3821 facies
678 3766 902 3821 cherub.
928 3765 994 3820 Et
1014 3763 1180 3821 facies
1205 3767 1458 3831 secunda,
1491 3764 1655 3820 facies
1678 3765 1930 3831 hominis,
1957 3774 2013 3820 et

435 3873 454 3906 ι
494 3855 545 3909 in
573 3856 732 3909 tertio
755 3854 920 3910 facies
947 3856 1134 3920 leonis,
1158 3864 1212 3909 et
1242 3857 1291 3909 in
1315 3866 1504 3925 quarto
1532 3854 1698 3911 facies
1720 3857 1935 3929 aquilio,
1957 3867 2011 3911 ct

437 3965 455 3995 ι
493 3944 697 3998 elevata
730 3955 855 3999 sunt
898 3945 1198 4025 cherubim,
1236 3967 1252 3998 ι
1280 3958 1333 4001 et
1362 3947 1587 4018 reliqua.
1614 3947 1882 4019 (Πὶειύκ.)
1905 3947 2011 4004 Ob-

431 4047 589 4085 serva
610 4031 750 4101 quod
775 4033 925 4103 prius
951 4035 1156 4101 species
1189 4035 1348 4089 fuerit
1394 4045 1658 4091 rotarum.
1691 4037 1853 4092 Juxta
1886 4038 2013 4110 Sep-

433 4123 694 4193 tuaginta,
733 4140 750 4173 t
785 4124 937 4192 quasi
975 4124 1110 4180 visio
1141 4125 1356 4179 tharsis.
1393 4144 1411 4176 ι
1444 4126 1596 4182 Nunc
1626 4137 1826 4193 autem,
1853 4128 2008 4198 juxta

432 4212 670 4279 cesdem,
703 4232 722 4265 ‹
748 4214 900 4287 quasi
931 4214 1068 4269 visio
1094 4215 1423 4279 carbunculi,
1457 4237 1474 4269 ι
1504 4225 1562 4271 ιιι
1590 4232 1885 4287 pennarum
1917 4231 2014 4289 per

433 4303 751 4375 ignem,’qui
776 4319 805 4358 a
833 4302 1046 4359 Cherub
1076 4305 1306 4358 traditur
1334 4305 1628 4362 similitudo
1659 4317 2007 4365 monstretur.

431 4393 584 4452 Licet
612 4396 665 4452 in
688 4396 953 4451 Hebraico
974 4403 1027 4451 et
1047 4411 1206 4465 supra
1234 4404 1288 4452 et
1313 4398 1397 4452 hic
1422 4415 1439 4447 ι
1478 4399 1676 4454 tharsis
1702 4419 1720 4452 ι
1749 4402 2004 4470 scriptum

431 4486 520 4543 sit.
551 4486 703 4555 Quod
721 4486 914 4557 Aquila
942 4506 960 4539 ‹
987 4487 1359 4560 chrysolitum,
1390 4509 1408 4542 ι
1444 4487 1799 4562 Symmachus
1834 4511 1853 4544 ι
1888 4494 2005 4549 hia-

432 4577 688 4649 cynthum
725 4595 744 4629 ι
780 4577 1071 4631 transtulit.
1104 4577 1442 4650 Rursumque
1471 4580 1558 4635 ubi
1597 4597 1694 4637 nos
1726 4583 2007 4651 vertimus,

437 4688 457 4719 ι
492 4674 549 4722 et
592 4681 751 4721 omne
788 4681 984 4737 corpus
1016 4681 1223 4734 earum,
1260 4688 1278 4720 ι
1320 4669 1462 4738 quod
1500 4670 1819 4727 subauditur
1868 4682 2014 4729 rota-

435 4772 579 4823 rum,
616 4757 670 4811 in
715 4756 937 4813 Hebraeo
971 4759 1228 4829 scriptum
1267 4769 1389 4815 est:
1428 4779 1448 4813 ι
1486 4762 1552 4817 Et
1604 4779 1792 4819 omnes
1823 4781 2014 4821 carnes

434 4862 642 4911 earum,
679 4866 698 4898 ι
727 4858 781 4901 et
808 4847 967 4913 colla,
1006 4858 1061 4903 et
1104 4864 1312 4913 manus,
1347 4861 1401 4906 ct
1437 4866 1658 4920 pennas,
1700 4864 1749 4907 et
1784 4855 2014 4910 circulos

436 4948 700 5002 rotarum,
726 4952 922 4993 carnes
947 4937 1202 5009 appellari
1241 4939 1292 4993 in
1322 4943 1568 5011 supernis
1615 4943 1920 5008 virtutibus,
1954 4954 2014 5000 ut

437 5026 650 5097 quando
676 5026 902 5098 legimus
934 5047 947 5082 :
981 5049 999 5080 ι
1032 5028 1170 5083 Caro
1193 5035 1243 5082 et
1279 5031 1497 5101 sanguis
1531 5047 1751 5102 regnum
1782 5033 1876 5089 Dei
1905 5051 2010 5091 non

436 5118 827 5190 possidebunt,
882 5136 1055 5192 neque
1122 5122 1394 5192 corruptio
1446 5125 1902 5195 incorruptionem
1948 5128 2010 5200 (Ι

436 5206 558 5265 Cor.
582 5211 697 5283 xv),
721 5232 740 5265 ι
759 5213 993 5269 sciamus
1020 5230 1121 5268 non
1137 5215 1489 5271 substantiam
1513 5219 1712 5283 carnis,
1743 5221 1833 5275 sed
1851 5236 2010 5291 opera

436 5299 781 5355 condemnari
810 5319 824 5356 :
852 5301 1044 5357 Bostar
1068 5304 1233 5370 enim,
1263 5305 1404 5375 quod
1433 5308 1485 5361 in
1529 5308 1632 5362 hoc
1675 5308 1790 5363 loco
1819 5310 2010 5365 scribi-

437 5396 543 5457 tur,
575 5407 682 5448 non
722 5408 918 5465 corpus
949 5395 1043 5450 sed
1073 5411 1289 5451 carnem
1323 5398 1609 5467 significat.
1642 5399 1885 5456 Circulos
1912 5418 2011 5455 au-

438 5490 546 5539 tem
596 5493 835 5542 rotarum
867 5507 886 5540 ‹
921 5491 1145 5545 canthos
1179 5509 1196 5542 ι
1230 5490 1432 5547 ferreos
1483 5493 1787 5565 appellavit,
1818 5496 2015 5565 quibus

439 5572 698 5645 lignorum
728 5579 1030 5634 rotunditas
1055 5591 1296 5637 arctatur
1329 5592 1383 5637 et
1420 5585 1722 5655 stringitur.
1757 5586 2015 5656 Superius

437 5676 565 5733 ergo
616 5666 791 5723 dixit:
827 5686 845 5721 ι
882 5668 1116 5741 Corpora
1166 5675 1475 5730 animalium
1524 5678 1680 5746 plena
1723 5689 1847 5733 sunt
1882 5694 2013 5734 ocu-

2113 3217 2415 3289 neglectutn
2444 3218 2547 3273 loci
2581 3235 2683 3273 una
2727 3218 2984 3288 aperitur.
3041 3217 3349 3274 Pharisa‘us
3396 3227 3581 3274 autem
3612 3220 3698 3289 qui

2106 3308 2371 3379 jejunium
2402 3308 2666 3374 exhibuit,
2699 3306 2937 3365 decimas
2983 3310 3146 3372 dedit,
3179 3310 3289 3366 Deo
3320 3312 3529 3382 gratias
3560 3321 3699 3367 retu—

2112 3397 2194 3462 lit,
2224 3398 2374 3467 quasi
2406 3414 2540 3469 pene
2568 3414 2669 3469 per
2702 3394 2985 3454 circuitum
3027 3401 3077 3454 in
3124 3416 3233 3455 suae
3266 3402 3505 3456 civitatis
3535 3410 3701 3456 custo-

2068 3556 2075 3565 ί
2112 3476 2486 3559 όίιιῇγίςὶιλνὶι,
2519 3488 2611 3543 sed
2638 3489 2765 3559 quia
2798 3504 2962 3543 unum
3000 3490 3053 3544 in
3078 3506 3135 3545 se
3166 3490 3409 3546 foramen
3437 3493 3697 3562 superbia:

2068 3567 2215 3649 fnon
2250 3575 2501 3642 intendit,
2531 3575 2603 3630 ibi
2645 3578 2854 3632 hostem
2885 3579 3127 3648 pertulit,
3174 3580 3262 3634 ubi
3299 3595 3399 3650 per
3430 3581 3697 3651 negligen-

2111 3668 2239 3720 tiam
2266 3666 2478 3727 oculum
2515 3666 2728 3722 clausit.
2767 3667 2888 3740 (Η.)
2922 3668 3071 3723 Bolae
3109 3680 3289 3724 autent
3336 3671 3455 3726 ista:
3486 3688 3592 3726 non
3618 3687 3697 3726 so-

2112 3758 2220 3813 lum
2247 3773 2437 3813 carnes
2480 3758 2704 3826 habent,
2731 3758 2816 3814 vel
2868 3775 3066 3831 corpus
3108 3769 3204 3815 aut
3233 3761 3502 3828 membra,
3528 3763 3622 3817 sed
3647 3770 3697 3817 et

2109 3851 2245 3905 colla
2291 3858 2345 3907 et
2390 3866 2583 3907 manus
2612 3861 2667 3907 et
2708 3867 2935 3923 pennas,
2963 3862 3024 3908 ut
3060 3852 3375 3911 eﬂicientias
3409 3870 3595 3911 rerum
3644 3858 3695 3911 in

2110 3941 2358 4012 singulis,
2390 3957 2495 3998 non
2519 3944 2885 3999 membrorum
2913 3944 3178 4015 imagines
3206 3944 3523 4001 sentiamus.
3550 3946 3699 4002 Beia:

2110 4048 2326 4101 quoque
2369 4032 2500 4103 ipsa}
2530 4033 2810 4105 appellata:
2855 4045 2980 4089 sunt
3007 4034 3186 4105 lingua
3238 4034 3501 4091 Hebraica
3531 4057 3553 4090 ί
3585 4037 3701 4094 Gel-

2110 4122 2215 4192 gel,
2249 4142 2270 4174 »
2305 4124 2448 4192 quod
2497 4123 2856 4194 Symmachus
2891 4143 2909 4177 ‹
2944 4123 3240 4192 volubiles,
3275 4143 3294 4176 ι
3329 4120 3524 4196 Aquila
3560 4147 3583 4179 ‹
3616 4144 3695 4182 ro-

2109 4220 2219 4268 tam
2244 4233 2261 4265 ι
2293 4214 2633 4285 interpretati
2661 4225 2805 4271 sunt.
2836 4214 3008 4271 Porro
3042 4220 3186 4289 quod
3224 4219 3508 4290 sequitur:
3546 4236 3567 4270 ε
3594 4218 3698 4272 Au-

2112 4304 2293 4360 dicnte
2318 4320 2403 4361 me
2432 4325 2450 4357 ι
2483 4322 2654 4378 usque
2682 4310 2749 4363 ad
2777 4324 2900 4364 eum
2931 4309 3128 4377 locum,
3162 4313 3252 4368 ubi
3284 4314 3544 4381 scriptum
3572 4323 3655 4367 est
3682 4330 3694 4364 :

2116 4415 2136 4447 ί
2170 4390 2231 4450 El
2254 4406 2388 4450 -vata
2427 4407 2552 4451 sant
2601 4399 2899 4466 cherubim,
2937 4419 2956 4453 ι
2993 4401 3048 4455 in
3085 4400 3436 4475 Septuaginta
3465 4418 3578 4457 non
3608 4404 3700 4458 ha-

2119 4486 2293 4554 betur,
2326 4488 2419 4543 sed
2445 4488 2511 4543 de
2555 4489 2821 4547 Hebraico
2850 4492 3089 4547 additum
3123 4503 3225 4549 est.
3275 4491 3331 4549 In
3384 4510 3491 4564 quo
3518 4493 3697 4549 observ

2122 4577 2373 4644 vandum,
2404 4579 2546 4649 quod
2578 4596 2915 4652 nequaquam
2948 4591 3009 4638 ut
3047 4599 3207 4654 supra
3236 4584 3455 4649 dicitur,
3486 4602 3505 4635 ί
3538 4584 3697 4640 facies

2119 4666 2385 4741 hominis,
2419 4658 2473 4724 e1
2500 4668 2663 4724 facies
2685 4671 2855 4727 leonis
2882 4688 2910 4726 a
2941 4672 3149 4728 dextris
3172 4682 3419 4743 quatuor,
3453 4682 3509 4729 et
3533 4673 3697 4730 facies

2118 4757 2271 4812 vituli
2307 4774 2335 4811 a
2364 4759 2596 4815 sinistris
2617 4754 2877 4829 quatuOr,
2909 4770 2963 4817 et
2986 4761 3150 4819 facies
3177 4762 3369 4834 aquilae
3404 4772 3641 4833 quatuor
3668 4777 3696 4815 a

2121 4845 2353 4912 dextris;
2384 4866 2401 4898 ι
2433 4857 2491 4901 ut
2520 4849 2766 4903 videlicet
2793 4850 2896 4904 alia
2925 4866 2954 4905 a
2983 4852 3250 4917 sinistris,
3286 4852 3389 4907 alia
3427 4866 3458 4906 a
3492 4851 3694 4907 dextris

2113 4949 2232 4989 esse
2254 4936 2561 5001 credantur,
2582 4938 2674 4991 sed
2696 4939 2917 5008 aequalis
2931 4941 3172 4996 omnium
3192 4942 3324 4995 ordo
3350 4942 3689 5005 describitur,

2115 5021 2326 5078 dicente
2365 5023 2641 5094 Scriptura
2690 5045 2708 5097 _:
2759 5027 3005 5094 Quatuor
3045 5040 3224 5085 autem
3264 5028 3431 5085 facies
3466 5029 3689 5086 habebat

2114 5130 2301 5180 unum,
2328 5115 2492 5173 facies
2511 5135 2634 5184 una,
2657 5119 2823 5175 facies
2843 5122 3068 5185 cheruh,
3087 5131 3139 5177 et
3156 5122 3321 5177 facies
3338 5124 3595 5184 secunda,
3620 5120 3690 5174 fa-

2115 5210 2226 5264 cies
2250 5196 2582 5274 haminis,'et
2609 5213 2659 5266 in
2691 5213 2852 5268 tertio
2878 5213 3239 5277 faciesleoais,
3260 5214 3386 5268 etin
3405 5223 3598 5283 quarto
3621 5212 3688 5266 fa-

2115 5302 2226 5357 cies
2247 5292 2468 5372 aquilze;
2492 5312 2550 5358 ut
2568 5302 2760 5375 prima,
2783 5312 2837 5359 et
2865 5307 3124 5371 secunda,
3149 5314 3202 5359 et
3235 5306 3409 5369 tertia,
3431 5316 3479 5358 ct
3503 5314 3689 5374 quarta

2117 5393 2283 5449 facies
2306 5410 2409 5448 non
2440 5394 2678 5449 locorum
2710 5394 3021 5449 diversitate
3049 5396 3219 5452 dextri
3260 5405 3313 5449 et
3340 5395 3570 5458 sinistri,
3604 5393 3689 5446 sed

2116 5498 2223 5537 uno
2257 5497 2355 5552 per
2379 5481 2577 5552 gradus
2604 5483 2795 5539 ordine
2823 5483 3177 5539 describatur.
3215 5484 3384 5539 Unam
3414 5492 3592 5539 autem
3618 5480 3685 5533 fa—

2117 5573 2274 5637 ciem,
2312 5573 2362 5627 id
2386 5582 2488 5638 est,
2517 5574 2745 5643 primam
2772 5574 3057 5643 appellavit
3084 5575 3308 5638 Cherub,
3337 5590 3436 5645 pro
3478 5590 3582 5644 quo
3605 5584 3685 5625 su-

2119 5676 2215 5730 pra
2247 5661 2457 5715 dixerat
2500 5661 2666 5716 facies
2698 5661 2868 5715 vituli.
2903 5661 2976 5715 Ex
3010 5677 3117 5732 quo
3162 5663 3479 5735 intelligitur
3506 5663 3687 5717 faciem
