3954 6182
388 324 456 379 59
995 314 1055 368 Β.
1100 306 1351 367 RABANI
1390 284 1967 361 MAURI'ARCIHEP.
2012 288 2319 348 MOGUNT.
2357 282 2641 344 OPERUM
2682 280 2862 337 PARS
2902 279 2966 335 ll.

3517 250 3611 326 (ita

352 436 564 495 Domini
606 432 903 497 orientalis,
935 427 1302 501 paulatimque
1352 417 1614 491 protectio
1664 413 1756 470 Dei
1807 410 1931 466 reli-
1962 409 2007 469 A
2034 404 2236 461 venire.
2284 401 2484 501 Dequa
2644 395 2871 450 Paulum
2901 393 3099 497 dicitur
3129 412 3147 451 ε
3176 412 3192 441 ε
3242 390 3487 495 Quinet.
3507 390 3613 501 ipsa

354 529 471 598 quit
490 524 652 581 lsrael
670 542 685 589 ;
705 523 935 594 primum
960 519 1060 574 fuit
1084 519 1135 571 in
1166 513 1384 584 templo,
1408 511 1528 565 dein
1552 509 1693 564 stetit
1714 506 1767 559 in
1796 503 1935 558 atrio

356 597 539 688 templi
566 618 678 671 sive
708 614 912 668 limine.
946 610 1061 677 Qua
1113 606 1397 662 recedente
1427 603 1491 656 de
1522 599 1738 669 templo.
1767 597 1937 651 nubes

353 720 409 764 et
437 686 607 781 caligo
635 705 871 774 implevit
904 699 1083 768 templi
1115 694 1429 767 penetralia.
1455 691 1801 757 Rursumque
1825 686 1935 755 ipsa

355 800 519 872 gloria
544 774 688 853 sedit
716 809 877 863 super
905 788 1209 849 cherubim,
1267 794 1323 839 et
1372 778 1478 837 illis
1506 774 1687 836 statim
1721 775 1940 833 avolan-

359 869 514 950 tibus,
558 895 614 942 et
658 886 723 939 ad
775 883 1047 954 exteriora
1079 875 1420 937 abeuntibus,
1474 869 1670 957 secuta;
1701 876 1823 923 sunt
1855 882 1942 922 ro—

358 991 422 1032 ta:
453 949 508 1033 et
553 975 721 1046 gloria
756 972 908 1028 stetit
943 949 1003 1024 in
1030 960 1421 1047 porta‘doutus
1466 949 1678 1040 Domitii
1707 957 1942 1012 orienta—

357 1070 441 1131 lis,
473 1083 576 1122 non
608 1067 660 1121 in
693 1066 859 1137 janua
878 1042 1082 1131 templi,
1101 1042 1352 1137 'sed‘post
1376 1044 1573 1108 atrium
1602 1060 1657 1135 et
1678 1050 1860 1112 limen,
1888 1048 1939 1101 in

357 1160 577 1213 introitu
620 1132 788 1226 porta:
812 1155 1007 1234 domus
1046 1132 1256 1205 Domini
1294 1144 1591 1223 orientalis.
1618 1132 1789 1210 Quod
1819 1156 1939 1195 cum

356 1251 615 1320 propheta
646 1229 886 1310 vidisset,
904 1229 1152 1321 qun-ipsum
1202 1248 1307 1304 est,
1342 1237 1537 1307 inquit,
1562 1231 1765 1288 animal
1801 1230 1944 1302 quod

356 1314 471 1394 vidi
493 1340 680 1393 subter
728 1314 1112 1407 Deumqlsrael,
1157 1329 1311 1398 juxta
1341 1326 1564 1382 ﬂuvium
1622 1322 1944 1407 Chobar,ct

357 1428 597 1483 intellexi
646 1410 768 1495 quia
822 1404 1103 1479 cherubim
1153 1416 1355 1475 essent.
1387 1410 1577 1491 {Quid
1610 1404 1944 1495 enimnon

357 1520 591 1589 viderat,
620 1494 765 1586 quod
796 1496 1601 1585 intelligeret‘essehcherubim,
1642 1506 1763 1589 qua:
1793 1494 1943 1572 priUS

358 1623 464 1662 non
494 1584 868 1661 intellexerat?
893 1601 1181 1657 Cherubin:
1211 1600 1263 1654 in
1290 1584 1473 1669 lingita
1502 1591 1686 1651 nestra
1715 1586 1945 1647 Scientia:

358 1687 770 1769 multitiidakest,
800 1681 989 1769 notitia
1005 1674 1478 1744 ‘sacrariteht‘brum
1493 1673 1604 1739 Ἰ)θί
1632 1692 1686 1738 et
1714 1681 1945 1737 thronus

358 1765 474 1858 ejus
504 1770 569 1841 ac
592 1766 823 1855 requies.
856 1760 1090 1839 Und‘e‘et
1122 1777 1175 1833 in
1198 1776 1487 1833 Psalmista
1515 1774 1750 1831 dicitur:
1791 1792 1809 1824 ι
1837 1771 1939 1839 Qui

359 1875 514 1931 sedes
545 1890 708 1949 super
735 1871 1036 1937 cherubim,
1070 1866 1418 1949 manifestare
1449 1884 1463 1921 :
1488 1862 1524 1919 ὅ
1558 1879 1772 1939 semper
1797 1858 1939 1920 enim

362 1962 529 2036 gloria
552 1946 759 2017 Domini
788 1956 940 2017 seum
968 1946 1294 2014 inscientia:
1324 1955 1687 2011 multitudine.
1710 1954 1788 2008 ‘Et
1817 1963 1943 2008 tunc

358 2038 739 2130 manifestatur
767 2037 989 2143 quando.
1006 2036 1200 2106 cuncta
1225 2049 1333 2119 regi
1354 2038 1697 2118 providentia
1727 2047 1946 2100 demon-

364 2148 622 2225 strantur.
652 2136 1011 2200 Nec'fortuito
1054 2143 1181 2214 quid
1220 2141 1333 2196 fieri
1370 2155 1469 2195 nec
1520 2139 1700 2193 direre
1753 2152 1942 2206 quem-

359 2218 547 2311 piam:
578 2228 926 2307 ‘cDereliquit
966 2236 1225 2291 Dominus
1273 2242 1493 2296 terram,
1531 2251 1551 2284 ι
1586 2238 1642 2285 et
1687 2228 1948 2285 Dominus

360 2318 652 2382 hon‘vidit.
695 2325 849 2382 Unde
878 2336 933 2381 et
966 2326 1192 2380 intuitus
1241 2316 1640 2386 Cherubim,'et
1682 2320 1950 2392 appetitus

360 2404 551 2474 eorum
581 2426 663 2472 est
688 2416 929 2472 oblivisci
956 2416 1377 2488 prmteritomm,
1409 2404 1464 2466 et
1487 2412 1537 2466 in
1567 2411 1746 2465 futura
1773 2426 1832 2465 se
1852 2409 1949 2464 e'x-

350 2504 609 2565 tendere.
644 2509 819 2581 igitur
861 2508 986 2580 quia
1032 2504 1445 2576 contemplativa
1483 2504 1590 2558 vita
1621 2502 1675 2557 in
1727 2501 1869 2568 aliis,
1898 2498 1953 2556 e‘t

367 2601 421 2657 in
444 2616 606 2654 manu
637 2601 815 2655 activa
841 2598 1195 2669 significatur,
1226 2605 1284 2651 ut
1308 2592 1557 2665 superius
1586 2592 1949 2657 Ostendimus,

371 2690 509 2746 bene
555 2704 697 2744 nunc
742 2689 1005 2743 iteratur:
1033 2686 1061 2739 ἐ
1108 2688 1173 2741 Et
1211 2676 1506 2741 similitudo
1544 2698 1734 2737 manus
1783 2676 1956 2738 homi-

368 2780 454 2834 nis
485 2778 585 2835 sub
622 2780 719 2835 alis
744 2795 951 2835 eorum.
974 2772 1007 2832 “›
1067 2764 1415 2849 Manus'crgo
1462 2764 1696 2831 hominis
1722 2757 1823 2830 sub
1853 2770 1954 2831 alis

350 2862 557 2925 eorum
586 2872 690 2936 est,
723 2871 774 2925 id
800 2879 903 2937 est,
946 2862 1116 2924 vi‘rtu‘s
1144 2869 1323 2938 operis
1351 2869 1452 2922 sub
1479 2866 1661 2921 vo'l'at‘u
1708 2867 1954 2922 conte’nt-

350 2952 642 3036 ‘platidnis.
679 2964 810 3033 Quis
851 2954 997 3020 eni’m
1025 2950 1355 3033 cognoscens
1402 2954 1570 3013 Deum
1601 2958 1666 3013 ad
1717 2957 1834 3029 ejus
1871 2971 1959 3011 re-

371 3060 533 3129 gnum
582 3048 913 3141 ingreditur,
958 3049 1058 3111 nisi
1111 3056 1249 3110 bene
1278 3046 1445 3128 “prius
1491 3048 1761 3120 operetur.
1826 3048 1971 3105 Sine,

351 3117 787 3219 contemplativa
823 3126 1053 3216 animae
1090 3144 1196 3225 vita
1234 3117 1444 3225 intrare
1491 3117 1717 3214 pn’Ssunt
1742 3141 1811 3195 ad
1841 3154 1954 3197 cm—
1978 3117 2027 3182 (ἶ

354 3234 558 3296 ἰοειεηι
598 3240 847 3311 patriam,
892 3229 982 3308 qui
1006 3218 1169 3303 bona,
1190 3219 1319 3308 ‘qiim
1346 3227 1568 3304 possunt
1591 3230 1824 3302 operari,
1848 3246 1954 3287 non

350 3317 667 3401 ‘negligunt.
711 3329 841 3383 Sine
882 3331 1054 3382 activa
1097 3337 1274 3381 autem
1318 3316 1523 3381 intrare
1566 3340 1671 3403 npn
1712 3331 1955 3394 possunt,

374 3420 419 3475 si
462 3420 737 3490 negligant
775 3412 911 3473 bona
947 3408 1158 3488 operari
1206 3432 1324 3488 qua:
1351 3406 1601 3487 possunt.
1624 3415 1719 3471 llla
1749 3430 1877 3486 ergo
1907 3414 1958 3468 in

375 3508 718 3589 necessitate,
752 3498 871 3563 hzec
910 3498 977 3590 in;
999 3490 1270 3589 vnlut'itate
1298 3488 1418 3562 est‘:
1444 3494 1544 3586 illa
1586 3505 1638 3559 in
1674 3498 1970 3569 servitute,

377 3594 478 3656 ἰδίει
531 3600 583 3654 in
616 3582 905 3655 libertate.
957 3578 1096 3652 llinc
1141 3596 1223 3653 est
1249 3583 1401 3651 cnim
1444 3578 1592 3666 quod
1632 3595 1700 3649 ad
1741 3582 1960 3666 mnysen

376 3689 601 3745 dicitur:
642 3687 719 3743 'Si
774 3688 972 3743 emeris
1020 3671 1235 3742 servum
1270 3681 1572 3747 llebtmum,
1604 3678 1641 3735 ἰ
1681 3700 1777 3740 sex
1806 3677 1962 3740 annis

378 3779 576 3835 serviet
611 3779 727 3842 tibi,
760 3779 812 3832 in
841 3772 1070 3848 septimo
1106 3760 1411 3847 egredietur
1430 3762 1577 3832 liber
1605 3775 1794 3849 gratis,
1839 3792 1960 3832 cum

379 3868 522 3938 quali
549 3877 697 3923 veste
720 3868 1023 3931 intraverit,
1068 3868 1190 3921 cum
1238 3854 1337 3921 tali
1384 3853 1959 3937 e‘xiet,‘tetc.{E.r0d.

379 3956 528 4029 xxi.)
580 3957 781 4013 Servus
806 3973 938 4012 vero
982 3950 1240 4012 Hebraeus
1275 3963 1489 4028 emptus
1520 3951 1614 4012 sex
1665 3956 1823 4013 annis
1852 3974 1967 4012 ser-

380 4050 496 4103 vire
522 4046 848 4119 praecipitur,
879 4047 951 4101 ita
982 4056 1038 4100 ut
1076 4044 1128 4101 in
1159 4034 1387 4116 se'ptim‘o
1425 4042 1560 4102 liber
1582 4040 1963 4118 exeatgratis.

382 4139 523 4207 Quid
551 4139 695 4194 enim
725 4152 821 4208 per
858 4136 1129 4193 senarium
1154 4152 1459 4198 numerum,
1490 4136 1592 4193 nisi
1631 4140 1819 4194 ac’tivte
1847 4126 1968 4194 vita:

382 4230 643 4303 perfectio
696 4230 1054 4302 designatur?
1102 4228 1240 4297 Quid
1279 4246 1373 4300 per
1420 4233 1809 4301 septenarium,
1862 4233 1965 4287 nisi

385 4321 798 4393 contemplativa
835 4320 1192 4392 exprimitur?
1247 4318 1355 4375 Sex
1392 4334 1520 4374 vero
1561 4321 1718 4375 annis
1756 4321 1967 4391 servit,

385 4421 440 4469 et
471 4413 700 4483 septimo
728 4413 1005 4483 egreditur
1058 4411 1212 4477 liber,
1240 4411 1329 4481 qui
1358 4428 1455 4482 per
1504 4412 1755 4477 activam,
1806 4427 1967 4483 quam

385 4504 624 4575 perfecte
671 4505 1008 4567 exhibuerat,
1045 4503 1112 4557 ad
1165 4501 1593 4572 contemplativa:
1634 4503 1757 4557 vita:
1811 4502 1972 4557 liber-

389 4604 552 4649 tatem
589 4594 802 4647 transit.
834 4593 900 4646 Et
943 4593 1232 4647 notandum
1260 4592 1401 4662 quod
1446 4592 1615 4660 gratis
1654 4591 1788 4645 liber
1816 4606 1968 4661 egre-

389 4684 553 4748 ditur,
587 4684 711 4753 quia
748 4684 802 4737 hi
839 4682 928 4753 qui
960 4692 1240 4752 postquam
1285 4682 1466 4736 omnia
1495 4680 1739 4744 fecerint,
1790 4682 1974 4735 dicunt

389 4789 446 4830 se
474 4775 689 4829 inutiles
716 4790 921 4829 servos.
954 4774 1043 4829 Bis
1072 4775 1254 4844 procul
1284 4773 1446 4828 dubio
1477 4773 1616 4828 sicut
1648 4775 1757 4842 ipsa
1796 4774 1971 4827 activa

391 4864 492 4919 fuit
537 4879 605 4917 ex
654 4879 876 4919 munere
912 4903 927 4927 ,
968 4864 1039 4917 ita
1067 4865 1172 4918 erit
1211 4879 1276 4919 ex
1308 4864 1479 4934 gratia
1517 4864 1678 4917 etiam
1732 4874 1976 4919 eontem-

392 4957 608 5028 plativa.
638 4973 658 5007 ‹
687 4954 819 5010 Cum
845 4955 987 5024 quali
1017 4963 1165 5009 veste
1194 4956 1477 5010 intraverit
1496 4970 1616 5009 cum
1646 4955 1735 5009 tali
1760 4965 1968 5011 exeat.»

392 5048 535 5116 Quia
581 5047 801 5102 omnino
840 5061 1057 5101 necesse
1104 5056 1271 5100 estut
1317 5047 1686 5118 unusquisque
1735 5058 1974 5102 nostrum

396 5141 448 5196 in
504 5139 609 5194 hoc
660 5136 802 5207 quod
860 5136 1043 5206 incipit
1098 5145 1425 5205 perseveret,
1484 5146 1645 5207 atque
1690 5153 1857 5206 usque
1909 5140 1977 5195 ad

397 5233 560 5287 ﬁnem
597 5230 794 5301 operis,
828 5229 880 5283 in
910 5244 973 5283 ea
1022 5243 1128 5297 q'ta
1172 5227 1445 5281 inchoavit
1490 5229 1808 5293 intentione,
1856 5244 1977 5300 per-

396 5328 571 5382 duret.
602 5324 695 5380 llle
723 5324 918 5394 quippe
956 5323 1091 5376 bene
1131 5321 1197 5375 ad
1246 5323 1721 5393 contemplativam
1765 5323 1975 5387 transit,

330 5404 333 5407 λ
398 5417 489 5486 qui
520 5417 572 5471 in
604 5416 776 5472 activa
821 5415 927 5468 vita
977 5411 1287 5468 intentionis
1318 5428 1428 5467 sua:
1476 5420 1677 5467 vestem
1714 5412 1779 5466 ad
1831 5412 1979 5465 dete-

400 5509 542 5564 riora
572 5523 678 5563 non
718 5507 964 5562 mutavit.
1012 5504 1222 5560 Etenim
1246 5498 1434 5559 servus
1465 5512 1564 5568 est,
1597 5503 1686 5573 qui
1715 5518 1814 5574 per
1840 5504 1976 5557 acti-

401 5610 521 5652 vam
564 5599 731 5653 vitam
789 5595 1099 5651 hominibus
1152 5593 1358 5648 servire
1409 5592 1692 5662 disposuit,
1750 5599 1808 5645 ut
1859 5601 1981 5662 post

405 5700 637 5759 prxsens
668 5689 920 5747 saeculum
948 5688 1011 5742 al
1058 5686 1359 5741 libertatem
1416 5698 1594 5740 veram
1640 5682 1816 5737 valeat
1860 5698 1980 5752 per-

2037 500 2287 549 creatura
2340 486 2662 544 liberabitur
2695 501 2725 540 a
2778 485 3037 539 servitute
3079 480 3441 552 cormptioois
3475 480 3526 533 in
3558 481 3615 532 li-

2038 588 2301 642 bertatem
2347 582 2532 655 gloriae
2560 580 2791 635 ﬁliorum
2836 577 2929 631 Dei
2959 576 2978 648 (
3003 574 3150 628 Rom.
3179 589 3278 629 vnt
3304 573 3356 647 ).
3395 593 3415 626 ι
3470 572 3614 627 Τιιηο

2038 676 2235 733 etenim
2264 690 2393 730 vera
2421 673 2473 727 in
2505 672 2661 726 nobis
2702 671 2924 725 libertas
2964 668 3089 732 erit,
3121 682 3243 722 cum
3282 668 3347 720 ad
3397 665 3615 736 gloriam

2041 760 2271 823 ﬁliorum
2302 764 2395 819 Dei
2437 763 2656 832 adeptio
2674 762 2871 815 "nostra
2912 759 3253 828 ’pervenerit.
3298 754 3464 810 Nilne
3495 770 3617 809 vero

2040 863 2146 915 bon
2178 857 2349 913 solum
2399 857 2571 910 activa
2602 854 2712 908 vita
2730 852 2797 908 ‘in
2843 853 3105 908 servitute
3133 849 3237 915 est,
3267 850 3361 905 sed
3396 850 3448 902 in
3509 849 3618 918 ipsa

2040 953 2253 1020 Quoque
2302 930 2778 1016 contemplatiOne,
2832 958 2938 1012 qua
2990 948 3155 1011 seper
3209 954 3307 993 nos
3359 939 3618 1020 rapimur,

2042 1016 2345 1095 libertatem
2381 1032 2576 1091 mentis
2622 1034 2795 1089 adhuc
2810 1028 3064 1102 ‘perl‘ecte
3110 1040 3215 1084 non
3248 1029 3494 1091 obtinet,
3531 1016 3621 1081 sed

2036 1126 2305 1195 imitator,
2349 1119 2475 1199 q‘itia
2500 1124 2590 1181 illa
2624 1130 2759 1196 quae
2788 1123 2869 1179 ᾱςι
2912 1124 3101 1177 intima
3132 1122 3184 1175 iu
3209 1117 3495 1190 :enigt'uate
3541 1119 3620 1170 vi-

2043 1221 2218 1276 detur.
2246 1219 2364 1289 Ipsa
2398 1213 2661 1271 tamenin
2707 1211 3044 1283 quantalibet
3068 1212 3136 1265 sit
3162 1207 3623 1277 contemplationis

2044 1311 2311 1384 angustia,
2354 1311 2543 1365 activa:
2585 1306 2720 1361 Vitae
2758 1306 2889 1377 *jam
2937 1304 3095 1359 valde
3143 1312 3229 1357 est
3266 1302 3424 1355 latior
3467 1308 3623 1369 atque

2044 1398 2343 1466 sublimior,
2366 1389 2490 1472 una:
2509 1399 2579 1456 ad
2605 1387 3427 1470 ti'hamdam‘meutis‘iibertatem
3455 1401 3625 1447 trans-

2047 1497 2108 1562 it,
2145 1492 2459 1565 temporalia
2495 1500 2602 1549 nOn
2640 1490 2907 1563 cogitauit,
2935 1491 3027 1545 sed
3064 1491 3284 1545 attenta.

2617 1598 2866 1676 icar'u'r
2926 1607 3019 1674 xi.

1975 1758 2017 1818 Β
2048 1732 2125 1789 De
2157 1732 2338 1804 viginti
2362 1718 2786 1818 inmanes,-
2814 1714 3218 1818 degenptieitqte,
3249 1730 3339 1800 qui
3365 1727 3620 1818 ipsierant

2120 1797 2303 1859 carnes
2332 1797 2388 1859 εί
2407 1797 2577 1857 Israel
2601 1802 2771 1866 labes;
2806 1805 2869 1855 de
2892 1797 3216 1870 Hiiperiio‘ne
3234 1797 3433 1869 populi,
3453 1807 3556 1851 etc.

2126 1954 2144 1985 ι
2166 1933 2241 1988 Et
2267 1928 2495 1989 elevavit
2518 1946 2605 1986 me
2635 1920 3280 2003 spiritus,"tet‘ititroduxlt
3304 1935 3397 1982 me
3418 1928 3483 1982 ad
3495 1938 3626 1996 por-

2057 2044 2076 2077 α
2109 2034 2217 2079 tam
2240 2026 2431 2080 domus
2448 2023 2657 2079 Doniini
2687 2020 2983 2087 orientalis,
3015 2036 3137 2090 qua:
3170 2019 3387 2089 reSpicit
3410 2021 3474 2071 ad
3504 2017 3628 2071 solis

2057 2132 2077 2167 ε
2105 2124 2309 2170 ortum.
2346 2133 2365 2166 ι
2398 2111 2671 2185 (Ηὶενσηέ)
2700 2112 2837 2179 Quia
2868 2122 3084 2182 egressa
3110 2118 3190 2164 est
3224 2108 3391 2181 gloria
3424 2107 3628 2161 Domini

2052 2221 2084 2261 a
2108 2206 2293 2261 limine
2320 2204 2527 2274 templi,
2561 2207 2616 2260 et
2644 2204 2799 2258 stetit
2825 2198 2987 2272 super
3013 2202 3322 2265 Cberubim,
3354 2210 3629 2271 postquam

2055 2297 2395 2354 avolantibus
2417 2292 2731 2351 'Cherubim
2766 2295 2915 2350 stetit
2962 2294 3076 2363 ipsa
3113 2292 3283 2364 gloria
3318 2293 3372 2345 in
3408 2291 3630 2345 introitu

2039 2396 2225 2462 "portae
2245 2390 2438 2444 domus
2461 2387 2671 2442 Domini
2692 2387 2994 2446 orientalis,
3018 2395 3073 2440 et
3088 2385 3380 2454 Propheta,
3395 2385 3517 2455 quia
3538 2400 3632 2455 per

2048 2484 2116 2537 se
2143 2481 2210 2537 ad
2235 2488 2354 2536 eam
2385 2481 2463 2536 ire
2487 2494 2593 2535 non
2620 2489 2864 2549 poterat,
2895 2479 3134 2533 elevatus
3162 2494 3192 2531 a
3232 2479 3421 2548 spiritu
3452 2488 3555 2541 est,
3582 2489 3632 2533 et

2058 2573 2250 2628 dualis
2296 2573 2364 2628 ad
2389 2572 2899 2640 “eamdem’portam
2941 2572 3132 2625 domus
3165 2569 3370 2624 Domini
3400 2570 3637 2623 orienta-

2061 2663 2187 2729 le‘m',
2236 2665 2355 2733 quae
2384 2662 2606 2733 reSpic‘it
2642 2661 2809 2717 solem
2839 2661 3100 2732 iustitiae.
3130 2659 3205 2715 De
3241 2675 3350 2730 quo
3382 2660 3560 2729 scripti
3581 2675 3629 2712 ιιι

2040 2741 2141 2811 ‘est
2161 2773 2206 2809 ς(
2225 2754 2364 2809 Ecce
2385 2754 2469 2808 vir
2491 2753 2685 2809 Oriens
2707 2759 2904 2807 nomen
2926 2750 3093 2821 ejus.»
3113 2759 3174 2805 ut
3195 2765 3527 2820 nequaquam
3551 2764 3635 2802 re-

2045 2852 2307 2901 ‘maneret
2333 2847 2385 2898 in
2409 2843 2627 2913 templo,
2660 2843 2802 2912 quod
2831 2851 2950 2897 erat
2977 2842 3295 2911 ignorantia:
3330 2844 3472 2896 nube
3514 2857 3637 2894 con-

2062 2935 2259 3001 fnsum,
2291 2936 2383 2991 sed
2409 2944 2558 2989 stans
2605 2934 2658 2988 in
2695 2941 2847 3004 porta
2878 2933 3069 2987 domus
3097 2932 3306 2987 Domini
3348 2931 3633 2987 orientalis.

2034 3041 2182 3096 ’qna:
2211 3031 2513 3096 sequuntur
2538 3032 2877 3079 sacramenta
2916 3030 3252 3091 agnosceret.

2134 3136 2151 3167 ι
2191 3116 2255 3170 Et
2275 3128 2402 3171 ecce
2432 3115 2484 3169 in
2515 3114 2738 3169 introitu
2768 3123 2940 3183 porta:
2964 3113 3152 3184 viginti
3185 3122 3240 3168 et
3261 3114 3496 3182 quinque
3519 3112 3635 3165 viri.

2068 3227 2086 3260 ι
2121 3209 2188 3263 Et
2232 3207 2341 3262 vidi
2396 3206 2453 3261 in
2484 3205 2663 3261 medio
2707 3220 2894 3260 eorum
2944 3202 3223 3258 Jezoniam
3265 3203 3437 3257 ﬁlium
3475 3202 3641 3259 Amr,

2065 3316 2086 3350 ι
2121 3297 2462 3354 et‘Pheltiam
2498 3297 2665 3352 ﬁlium
2696 3295 3215 3368 Batiaite.prhteipes
3248 3286 3445 3368 pepuli.
3478 3294 3648 3351 Dixit-

2067 3407 2085 3441 ι
2118 3403 2223 3459 que
2249 3388 2317 3443 ad
2343 3398 2430 3443 nte
2455 3386 2880 3452 :‘Fili’homiuis,
2906 3386 2961 3441 hi
2989 3386 3089 3442 viri
3124 3386 3363 3457 cogitant
3390 3386 3642 3455 iniquita-

2067 3500 2084 3531 ι
2124 3490 2252 3543 tem,
2280 3489 2337 3535 et
2360 3485 2599 3534 tractant
2628 3474 2921 3533 deusilium
2942 3478 3232 3549 pessimum
3274 3479 3326 3531 in
3358 3477 3490 3532 urbe
3518 3477 3639 3539 ista,

2052 3586 2085 3625 'r
2118 3574 2357 3628 dicentes
2374 3561 2595 3627 :Nonne
2621 3572 2821 3627 dudum
2841 3570 3119 3626 aediﬁcatae
3142 3578 3269 3626 sunt
3288 3569 3645 3627 domusﬂicc

2068 3684 2088 3717 ‹
2125 3675 2210 3721 est
2246 3664 2415 3730 lebes,
2457 3681 2557 3721 nos
2596 3673 2777 3721 autem
2828 3679 3043 3722 carnes.
3101 3664 3309 3720 Idcirco
3353 3665 3646 3720 vaticinare

2069 3775 2088 3808 ‹
2123 3758 2190 3813 de
2212 3757 2315 3824 eis,
2341 3757 2660 3820 vaticinare,
2685 3756 2761 3812 ﬁli
2793 3755 3131 3812 hominis.Et
3158 3756 3318 3810 irruit
3344 3756 3395 3810 in
3431 3770 3514 3810 ηις
3542 3756 3643 3824 spi-

2069 3868 2087 3901 ‹
2118 3850 2253 3903 ritus
2274 3848 2505 3903 Domini.
2530 3847 2599 3902 Et
2620 3848 2755 3902 dixit
2795 3848 2862 3902 ad
2902 3856 3035 3903 me':‘
3060 3846 3305 3916 Loquere
3330 3845 3498 3900 :‘lltire
3515 3845 3643 3900 dicit

2071 3955 2089 3988 ι
2123 3936 2411 3991 Dominus:
2446 3934 2538 3988 Sic
2559 3932 2721 3988 locuti
2751 3933 2905 3998 estis,
2941 3933 3133 3987 domus
3156 3931 3339 3987 lsraei.
3366 3930 3645 3998 Bteogita-

2058 4034 2092 4078 ἰ
2130 4025 2304 4081 tiones
2345 4024 2524 4080 cordis
2563 4024 2728 4079 vestri
2754 4038 2854 4095 ego
2889 4023 3343 4095 novi,='plurimos
3379 4022 3644 4081 occidistis

2073 4137 2092 4170 ι
2132 4118 2184 4172 in
2206 4116 2338 4171 urbe
2365 4116 2488 4171 hac.
2515 4113 2585 4169 Et
2610 4114 2874 4184 implestis
2899 4114 3014 4168 vias
3041 4112 3157 4182 ejus
3181 4113 3495 4168 interfectis.
3522 4111 3646 4170 Pro-

2054 4210 2094 4262 ‘1
2128 4217 2317 4280 pterea
2360 4208 2481 4262 haec
2509 4206 2641 4261 dicit
2666 4206 2941 4260 Dominus
2977 4205 3118 4259 Deus
3138 4222 3152 4258 :
3172 4202 3459 4259 interfecti
3486 4202 3642 4257 vestri

2077 4320 2095 4353 ‹
2131 4297 2644 4370 quos-posuistis‘iu
2676 4295 2855 4351 medio
2887 4297 3037 4367 ejus,
3082 4296 3134 4350 hi
3191 4304 3319 4350 sunt
3356 4310 3563 4359 carnes,
3594 4300 3645 4349 et

2078 4406 2098 4441 ι
2128 4389 2250 4445 ιιωο
2276 4388 2551 4444 est‘lebes.
2596 4387 2663 4442 Et
2689 4387 2916 4443 educam
2944 4402 3042 4442 vos
3063 4387 3132 4443 de
3163 4385 3339 4441 medio
3362 4387 3495 4456 ejus.
3529 4386 3647 4441 Gla-

2074 4499 2099 4534 v
2142 4482 2291 4538 dium
2334 4480 2621 4547 metuistis,
2656 4489 2712 4535 et
2752 4480 2989 4551 gladium
3024 4480 3273 4536 inducam
3325 4496 3486 4549 super
3530 4495 3643 4539 vos.

2080 4591 2101 4625 ι
2138 4575 2215 4628 ait
2248 4573 2507 4630 Dominus
2533 4573 2674 4629 Deus
2700 4590 2712 4626 :
2741 4573 2805 4627 Et
2836 4572 3049 4641 ejiciam
3075 4588 3173 4627 vos
3208 4573 3276 4628 de
3297 4573 3475 4628 medio
3501 4572 3642 4642 ejus,

2082 4685 2099 4717 ι
2145 4667 2393 4737 daboque
2430 4676 2524 4721 vos
2550 4666 2606 4720 in
2637 4671 2795 4719 manu
2827 4665 3084 4727 hostium,
3110 4670 3165 4719 et
3188 4664 3380 4719 faciam
3412 4664 3465 4717 in
3500 4664 3647 4719 vobis

2084 4779 2103 4810 ι
2144 4760 2366 4830 judicia.
2390 4758 2597 4815 Gladio
2623 4758 2849 4819 cadetis,
2877 4758 2929 4811 in
2964 4757 3165 4812 ﬁnibus
3197 4756 3362 4811 israel
3404 4756 3649 4827 judicabo

2085 4871 2103 4905 ς
2146 4868 2261 4909 vos.
2292 4852 2362 4907 Et
2396 4852 2583 4907 scietis
2607 4851 2733 4921 quia
2777 4865 2876 4921 ego
2916 4850 3192 4904 Dominus.
3234 4848 3376 4905 ’llazc
3421 4850 3650 4903 nouerit

2089 4962 2108 4994 ‹
2153 4943 2306 4998 vobis
2336 4943 2389 4997 in
2424 4943 2675 5005 lebetem,
2714 4950 2767 4994 et
2795 4956 2889 4995 vos
2923 4956 3027 4994 non
3070 4940 3227 4994 eritis
3263 4940 3318 4993 in
3346 4940 3521 4994 medio
3542 4940 3651 5010 ejus

2089 5051 2108 5083 ‹
2151 5032 2206 5087 in
2225 5046 2454 5088 carnes:
2480 5034 2533 5087 in
2561 5030 2756 5086 ﬁnibus
2781 5030 2939 5085 lsrael
2960 5030 3212 5099 judiCabo
3238 5046 3354 5095 vos,
3385 5041 3440 5086 et
3476 5030 3653 5085 scietis

2089 5143 2108 5175 ¢
2153 5125 2278 5195 quia
2330 5136 2430 5193 ego
2477 5123 2756 5179 Dominus.
2799 5145 2816 5173 ι
2852 5121 3020 5187 Quod
3062 5121 3309 5190 sequitur
3343 5122 3398 5175 in
3426 5120 3653 5191 Septua-

2084 5218 2228 5290 ginta
2282 5230 2386 5271 nou
2443 5213 2701 5278 habetur,
2729 5214 2821 5267 sed
2869 5214 2933 5265 de
2970 5211 3198 5265 “eiram
3242 5212 3481 5265 additum
3528 5218 3651 5263 est:

2089 5327 2107 5361 ι
2142 5307 2278 5374 Quia
2311 5307 2365 5360 in
2389 5305 2674 5374 prfeceptis
2705 5304 2839 5357 meis
2866 5318 2969 5356 non
3001 5302 3333 5362 ambulastis,
3366 5310 3423 5356 et
3457 5300 3653 5371 judicia

2084 5417 2202 5456 mea
2257 5406 2360 5455 non
2410 5399 2636 5462 fecistis,
2669 5405 2726 5452 et
2746 5395 2898 5465 juxta
2926 5396 3128 5467 judicia
3160 5396 3423 5467 gentium,
3455 5411 3573 5466 quae
3603 5393 3652 5447 in

2081 5494 2312 5550 circuitu
2366 5500 2551 5546 vestro
2610 5497 2772 5549 sunt,
2830 5489 2961 5543 estis
3009 5488 3236 5558 operati,
3289 5508 3307 5540 ι
3353 5496 3410 5542 et
3449 5496 3653 5540 cetera.

2082 5586 2394 5641 Assumitur
2425 5582 2708 5653 propheta,
2739 5578 2895 5648 juxta
2926 5579 3055 5634 illud
3096 5579 3236 5648 quod
3266 5578 3528 5647 scriptum
3547 5582 3654 5630 est:

2090 5699 2109 5729 ‹
2148 5679 2442 5733 Assumcus
2483 5683 2794 5730 mansuetos
2829 5668 3086 5727 Dominus
3129 5672 3148 5743 (
3184 5668 3331 5725 Paul.
3386 5685 3538 5724 cxm
3564 5684 3603 5739 j.
3628 5684 3647 5718 ι
