3954 6182
360 318 429 399 et
444 320 457 370 ι

1328 305 1682 387 ῼΟρΙΜΕΝΤ.
1724 305 1788 360 ιΝ
1827 301 2278 391 ΕΖΕΩΙΙΙΕΗᾏΙ.
2311 333 2378 343 -
2421 301 2545 390 μω.
2586 302 2672 363 γι.

3538 301 3644 359 013

358 430 488 481 Sive
533 426 780 502 elevatur
832 438 864 478 a
906 431 1072 501 terra,
1108 430 1167 505 et
1215 421 1580 491 introducitur
1616 421 1684 474 ad
1736 427 1946 489 portam
1977 422 2023 480 Α
2051 432 2155 487 que
2189 431 2375 482 unum,
2408 426 2463 472 ct
2506 416 2666 503 solvit
2709 414 2942 471 medium
2994 416 3281 487 parietem,
3334 416 3645 477 inimicitias

318 514 325 529 '
357 520 554 572 domus
592 516 802 571 Domini
834 514 1178 593 orientalem,
1207 523 1266 569 ut
1292 513 1464 599 possit
1498 512 1684 598 viginti
1716 511 1951 581 quinque

356 612 623 674 virorum,
662 607 752 677 qui
807 618 965 663 erant
1100 590 1334 687 circuitu
1381 590 1593 687 porge,
1616 613 1672 658 et
1715 601 1952 687 {ezonize

360 686 457 753 nia
526 673 694 763 Aznr,
745 707 905 779 atque
950 676 1302 781 enauigauit
1347 673 1591 781 139nm;
1649 673 1950 763 principum

357 790 543 862 populi
588 772 931 865 sacramenta
979 768 1331 865 cognoscere.
1366 768 1452 863 illi
1491 785 1655 860 igitur
1693 785 1783 861 qui
1838 784 1951 865 ele-

359 881 493 943 rant
520 882 573 935 in
612 880 834 947 introitu
874 862 1262 951 pertze'domus
1289 862 1498 935 Domini
1522 870 1833 939 orientalis,
1859 863 1953 931 de-

356 954 650 1044 sperantes
688 960 915 1025 salutem
954 978 1009 1024 et
1030 956 1301 1050 scelerum
1328 967 1659 1023 conscientia
1692 966 1861 1036 parati
1886 967 1952 1050 ad

357 1042 667 1147 interitum,
699 1046 800 1116 nec
843 1042 1088 1143 volentes
1136 1076 1235 1147 per
1297 1059 1687 1145 pmtiimdinem
1732 1042 1953 1128 peccata

357 1155 656 1233 corrigere,
696 1153 884 1233 dicunt
929 1151 1055 1231 licet
1083 1167 1255 1232 nuper
1294 1159 1417 1222 post
1455 1151 1689 1227 primam
1729 1150 1955 1233 captivi-

357 1256 528 1319 tatem
564 1245 843 1326 mdiiicata:
872 1245 981 1301 sint
1013 1244 1226 1327 domins,
1280 1259 1401 1315 quae
1440 1252 1566 1299 ante
1606 1250 1952 1325 corruerant,

360 1336 539 1398 tamen
582 1322 784 1401 scimus
833 1335 977 1389 hanc
1024 1322 1296 1389 civitatem
1340 1349 1461 1389 esse
1502 1333 1674 1388 instar
1718 1322 1931 1406 lebetis,

356 1441 459 1479 nos
488 1408 707 1495 quoque
749 1410 846 1495 pro
878 1406 1135 1480 carnibus
1174 1434 1233 1479 ut
1271 1425 1322 1479 in
1363 1440 1424 1479 ea
1466 1440 1854 1481 consumantur
1898 1431 1955 1479 et

359 1498 807 1580 concrememur,
855 1500 1034 1585 juxta.
1063 1514 1191 1589 illud
1243 1501 1385 1584 quod
1437 1507 1697 1589 scriptum
1751 1524 1834 1571 est
1900 1514 1954 1572 in

355 1603 496 1661 Isaia
523 1624 537 1659 :
577 1592 953 1677 (Tempestas
1053 1586 1349 1687 transierit,
1374 1622 1479 1679 non
1517 1594 1756 1675 assumet
1785 1594 1948 1687 nos.»

2057 506 2108 560 in
2134 520 2228 560 sua
2252 521 2425 579 carne
2446 490 2811 560 condemnatis
2840 503 2859 575 (
2884 504 3075 572 Epltes.
3112 521 3150 561 tt
3176 505 3228 579 ).
3268 504 3424 562 Unde
3450 516 3505 563 et
3549 522 3645 562 au-

2052 596 2262 669 gustius
2299 574 2429 666 quid
2476 592 2715 669 loquitur
2772 603 2936 665 atque
2989 574 3311 653 sublimius:
3349 614 3367 648 ‹
3428 596 3538 668 Ego
3590 606 3647 653 et

2051 662 2207 757 pater
2237 662 2400 738 unum
2431 662 2619 739 suinus
2645 684 2663 757 (
2698 662 2862 739 Joan:
2904 702 2936 740 ι
2964 685 3017 758 ),
3055 704 3079 738 ι
3123 694 3180 740 ut
3208 702 3237 741 a
3267 662 3501 743 Judaica
3514 688 3647 742 dua-

2053 773 2205 827 litate
2269 773 2321 826 in
2375 772 2629 827 unionem
2682 790 2780 828 nos
2834 783 3052 829 revocet
3117 774 3241 837 fidei
3302 776 3640 831 Christianae.

2054 854 2296 934 Denique
2355 865 2667 935 pontificatu
2726 866 2940 937 perdito
3007 866 3316 923 Iudaeorum
3386 868 3646 924 Dominus

2053 955 2260 1029 patitur
2323 970 2661 1024 nequaquam
2714 957 2814 1011 sub
2869 972 2975 1011 uno
3028 957 3314 1027 principe,
3380 958 3476 1012 sed
3545 959 3645 1013 sub

2054 1035 2286 1110 duobus,
2308 1046 2461 1100 Anna
2486 1057 2540 1101 et
2575 1047 2800 1117 Caipha,
2831 1057 2891 1102 ut
2931 1048 3205 1120 religionis
3233 1064 3422 1104 eorum
3451 1049 3645 1104 falsum

2055 1147 2386 1193 monstraret
2433 1155 2695 1194 errorem.
2729 1139 2868 1195 Sunt
2892 1141 3045 1195 multi
3091 1141 3144 1196 in
3174 1141 3333 1212 hujus
3355 1151 3524 1213 porta:
3563 1143 3645 1197 in-

2056 1214 2221 1281 troitu
2267 1235 2393 1283 ante
2430 1228 2648 1283 domum
2709 1228 2923 1284 Domini
2967 1230 3308 1296 orientalem,
3360 1232 3450 1302 qui
3498 1231 3646 1286 vitiis

2055 1320 2167 1373 suis
2221 1319 2529 1379 nationibus
2575 1333 2983 1390 comparantur,
3014 1330 3069 1376 et
3115 1330 3463 1392 peccatorum
3514 1337 3645 1381 con-

2056 1402 2281 1489 scientia
2328 1404 2617 1485 desperant
2676 1411 2924 1479 salutem,
2967 1423 3021 1469 et
3061 1413 3246 1468 dicunt
3288 1432 3300 1467 :
3343 1413 3546 1469 Civitas
3587 1412 3643 1467 in

2068 1491 2161 1573 qua
2204 1492 2507 1570 versamur,
2554 1496 2701 1561 lebes
2745 1514 2847 1573 est,
2885 1514 2938 1562 et
2973 1522 3071 1562 nos
3112 1521 3300 1562 omnes
3350 1521 3561 1571 carnes,
3590 1514 3647 1561 et

2097 1520 2161 1557 ua
2207 1520 2507 1570 versamur,
2554 1520 2701 1561 tenes
2745 1520 2847 1573 εει,
2885 1520 2938 1562 et
2973 1522 3071 1562 nos
3112 1521 3300 1562 omnes
3350 1521 3561 1571 carnes,
3590 1520 3643 1561 et

2055 1520 2347 1677 glabyloni-o
2375 1580 2757 1677 consumemur
2777 1597 2970 1677 ardore
2995 1595 3112 1665 ejus
3134 1597 3288 1667 cujus
3312 1596 3453 1652 idola
3476 1594 3643 1666 ignita

2070 1662 2079 1683 Ι

355 1692 469 1750 Illis
507 1695 609 1749 ista
658 1669 1211 1773 dicentibusxirruit‘
1248 1695 1301 1774 in
1338 1669 1685 1774 Prophetam
1732 1669 1955 1774 spiritus
2058 1669 2226 1774 Simila.
2250 1669 2505 1774 ῌόξρηίθῡ
2539 1670 2711 1774 igitur
2750 1704 2908 1769 agere
2944 1671 3318 1774 ptenitentiam
3351 1698 3407 1744 et
3449 1690 3643 1760 despe-

354 1784 571 1840 Domini
608 1793 664 1839 et
688 1784 923 1863 secundo
954 1764 1210 1870 precept:
1236 1772 1294 1838 ut
1321 1762 1731 1870 va'uciiiétarac
1756 1762 1946 1869 dicat:
1980 1778 2025 1838 Β
2055 1766 2238 1861 rantes
2269 1762 2521 1843 saiutem.
2563 1762 2855 1865 tiro'ntcrca:
2909 1762 3154 1862 addiuat.
3206 1780 3347 1851 quod
3380 1796 3487 1836 non
3543 1780 3643 1851 ipsi

358 1877 627 1945 Quoniam
676 1876 781 1931 ista
810 1862 1073 1942 dixistis,
1130 1862 1465 1932 et'cordium
1499 1862 1825 1933 "vestrorum
1866 1862 1951 1943 me

357 1975 569 2024 secreta
618 1954 723 2021 non
778 1964 989 2030 fallunt,
1018 1981 1119 2037 ego
1161 1965 1314 2021 vobis
1355 1966 1774 2038 interpretabor,
1820 1952 1953 2039 quo-

358 2058 524 2114 modo
563 2058 758 2113 civitas
790 2057 842 2110 in
886 2056 1140 2124 lebetem,
1167 2065 1221 2112 et
1268 2073 1363 2113 vos
1392 2058 1443 2119 in
1500 2074 1694 2113 carnes
1740 2066 1955 2129 repute-

359 2148 517 2213 mini,
557 2162 666 2201 non
702 2145 855 2215 juxta
906 2146 1055 2200 illum
1091 2161 1329 2213 sensum,
1373 2163 1534 2217 quem
1577 2147 1742 2203 locuti
1795 2149 1949 2214 estis,

359 2238 457 2293 sed
482 2239 637 2309 juxta
672 2237 924 2301 alterum,
978 2251 1138 2307 quem
1178 2253 1282 2292 non
1330 2238 1553 2295 timetis.
1596 2239 1691 2294 Est
1736 2240 1955 2310 quidem

359 2324 559 2385 civitas
605 2328 658 2383 in
711 2317 904 2383 lebetis
953 2320 1384 2394 similitudinem,
1441 2330 1537 2386 sed
1594 2346 1700 2385 non
1754 2332 1953 2388 vestris

361 2419 674 2490 implebitur
709 2402 985 2495 carnibus,
1032 2405 1217 2474 verum
1246 2435 1459 2483 eorum.
1504 2436 1640 2489 quos
1686 2419 1957 2476 interfeci-

360 2512 484 2568 stis.
520 2510 626 2567 Vos
684 2495 886 2578 autem,
948 2511 1041 2581 qui
1090 2499 1431 2567 arbitramini
1468 2527 1565 2568 vos
1590 2513 1645 2567 in
1686 2503 1788 2570 hac
1823 2515 1956 2568 urbe

356 2604 681 2685 morituros,
708 2590 935 2661 educam
994 2592 1061 2657 de
1100 2601 1278 2657 medio
1327 2602 1583 2669 civitatis,
1639 2614 1695 2658 et
1744 2605 1952 2660 tradam

361 2678 602 2759 hostium
658 2694 926 2767 manibus,
977 2692 1283 2764 faciamque
1325 2694 1379 2749 in
1429 2695 1582 2751 vobis
1633 2695 1857 2767 judicia,
1896 2705 1957 2752 ut

356 2799 487 2860 cum
512 2766 817 2867 cecideritis
844 2773 1043 2867 gladio,
1067 2770 1405 2867 nequaquam
1435 2784 1488 2840 in
1514 2766 1648 2841 urbe
1675 2802 1776 2843 nec
1800 2796 1952 2843 extra

361 2858 629 2930 terminos
671 2858 994 2936 Israel,'sed
1034 2858 1101 2928 in.
1144 2866 1340 2929 ﬁnibus
1397 2883 1596 2931 vestrae
1640 2876 1950 2946 provincia,

363 2972 497 3032 tunc
559 2963 899 3032 cognoscetis
954 2964 1096 3033 quod
1158 2980 1259 3035 ego
1324 2966 1426 3019 sim
1486 2965 1765 3022 Dominus.
1829 2965 1955 3022 “rec

360 3062 547 3109 autem
571 3050 819 3109 universa
852 3053 1154 3127 patiemini,
1201 3044 1431 3123 quia‘in
1485 3056 1771 3131 przeceptis
1818 3056 1953 3111 meis

2052 1866 2162 1957 sint
2210 1882 2404 1922 carnes
2437 1869 2723 1943 praeterita:
2769 1880 2822 1925 et
2870 1872 3090 1952 perdita:
3126 1872 3380 1937 civitatis,
3428 1872 3524 1927 sed
3564 1872 3642 1938 hi,

2053 1974 2189 2029 quos
2236 1960 2747 2031 scagndalizaverint,
2815 1977 2950 2032 quos
3023 1961 3412 2018 interfecerint.
3449 1963 3518 2018 Et
3564 1962 3647 2018 id-

2024 2042 2206 2102 circo
2237 2044 2402 2118 super
2448 2039 2542 2105 eos
2585 2050 2794 2121 gladius
2846 2052 3138 2118 inducitur,
3164 2062 3222 2107 ut
3257 2062 3545 2124 postquam
3589 2053 3644 2108 in

2056 2136 2251 2194 finibus
2303 2136 2466 2221 lsrael
2506 2156 2845 2230 nequaquam
2901 2142 3041 2198 inter
3099 2150 3308 2216 gentes,
3364 2145 3459 2199 sed
3506 2144 3650 2200 inter

2054 2220 2390 2284 Christianos
2424 2228 2626 2286 fuerint
2669 2220 2920 2307 judicati,
2972 2240 3099 2288 tunc
3129 2242 3478 2304 cognoscant,
3518 2234 3647 2303 quia

2055 2319 2170 2390 ipse
2218 2321 2288 2376 sit
2328 2318 2617 2389 Dominus,
2655 2313 2947 2379 secundum
2973 2324 3126 2389 illud
3159 2326 3381 2395 quodin
3420 2325 3649 2381 Psalmis

2055 2410 2281 2482 legitur:
2335 2431 2354 2465 ι
2422 2412 2556 2467 Cum
2595 2400 2930 2483 interficeret
2973 2420 3088 2481 eos,
3131 2416 3482 2487 requirebant
3520 2431 3645 2471 eum

2056 2497 2075 2574 (
2107 2499 2255 2556 Paul.
2295 2518 2479 2561 Lxxvu
2504 2502 2524 2577 )
2547 2544 2562 2566 ,
2597 2494 2615 2557 ἑ
2652 2504 2720 2558 ut
2756 2520 2916 2585 quem
2948 2521 3047 2583 per
3073 2505 3337 2563 beneﬁcia
3386 2521 3496 2566 non
3523 2522 3649 2563 seu-

2055 2602 2257 2658 serant,
2291 2608 2383 2660 per
2410 2602 2678 2673 tormenta
2713 2604 3062 2667 cognoscant.

2131 2704 2150 2735 «
2188 2685 2256 2738 Ει
2284 2685 2483 2741 factum
2511 2695 2596 2742 est
2621 2703 2743 2743 cum
2767 2674 3148 2763 prophetarem
3173 2689 3488 2762 prophetias
3508 2690 3652 2755 filius

2064 2793 2083 2827 ι
2119 2776 2337 2831 Banaiaa
2368 2786 2614 2835 mortuus
2653 2768 2758 2845 est,
2812 2787 2866 2833 et
2922 2779 3091 2837 cecidi
3127 2780 3181 2835 in
3233 2779 3426 2851 faciem
3471 2796 3650 2845 meam

2061 2884 2079 2918 ι
2114 2866 2354 2951 clamans
2382 2883 2512 2924 voce
2535 2885 2750 2942 magna,
2782 2879 2828 2929 et
2859 2870 2969 2927 dixi
3006 2888 3019 2926 :
3052 2870 3191 2938 Heu,
3228 2872 3357 2951 heu,
3383 2873 3510 2941 heu,
3542 2874 3650 2932 Do-

2062 2976 2080 3010 ι
2120 2950 2264 3013 mine
2296 2958 2455 3023 Deus,
2487 2954 3008 3019 consunnnationem
3047 2972 3101 3018 tu
3136 2961 3270 3023 facis
3303 2950 3651 3034 reliquiarum

2061 3067 2080 3099 ‹
2129 3037 2327 3103 Israel?
2362 3069 2379 3101 ι
2445 3044 2786 3106 Vaticinaute
2829 3038 3110 3132 propheta,
3169 3069 3309 3109 unus
3367 3070 3398 3109 e
3446 3055 3654 3110 duobus

357 3161 471 3201 non
502 3124 925 3227 ambulasti’sfet
958 3145 1160 3227 judicia
1192 3160 1310 3199 mea
1339 3161 1443 3200 non
1472 3124 1697 3212 fecistis,
1728 3147 1821 3201 sed
1844 3164 1953 3203 ea:-

2064 3136 2412 3205 principibus,
2469 3132 2717 3194 ’Pheltias
2771 3124 3190 3201 filius'Banaite
3258 3145 3506 3210 moritur,
3560 3146 3650 3215 qui

362 3245 611 3290 terarum
647 3235 700 3288 in
743 3222 973 3289 circuitu
1017 3222 1257 3305 gentium
1304 3226 1510 3301 Scelera
1548 3235 1682 3290 estis
1722 3236 1953 3305 operati.

358 3325 612 3393 Cumque
653 3323 948 3378 secundum
989 3324 1227 3379 litteram
1269 3322 1613 3384 manifestum
1680 3326 1774 3390 sit,
1813 3326 1957 3396 quod

359 3416 589 3478 dicitur,
628 3416 842 3471 omissis
867 3431 1160 3488 parumper
1190 3413 1427 3472 Jezonire
1471 3425 1526 3471 et
1579 3414 1747 3481 Azur,
1802 3416 1956 3472 Phel-

362 3507 458 3561 the
509 3514 567 3560 et
620 3505 835 3561 Banaia:
890 3506 1220 3573 nominibus,
1270 3520 1391 3577 qua:
1452 3506 1523 3567 in,
1555 3514 1764 3577 tempus
1815 3506 1957 3564 aliud

363 3613 735 3664 reservamus,
773 3599 875 3653 hoc
920 3598 1207 3653 dicendum
1242 3606 1344 3663 est,
1395 3598 1537 3667 quod
1579 3613 1750 3668 usque
1798 3598 1958 3660 hodie

365 3691 424 3744 in
459 3689 710 3755 ecclesia,
734 3705 855 3759 quae
882 3697 966 3743 est
1000 3689 1193 3744 domus
1238 3688 1358 3755 Dei,
1391 3696 1445 3744 et
1488 3696 1614 3742 ante
1654 3698 1863 3758 portam
1905 3697 1961 3745 et

367 3782 425 3835 in
471 3781 714 3845 introitu,
740 3781 853 3836 sive
881 3780 933 3833 in
960 3779 1043 3851 via
1066 3788 1256 3848 portae,
1284 3795 1403 3849 qua:
1427 3778 1697 3851 significat
1719 3778 1962 3834 Salvato-

368 3887 510 3935 rem.
535 3888 632 3942 per
671 3887 829 3941 quem
866 3860 1199 3942 ingredimur
1234 3872 1302 3926 ad
1324 3871 1564 3939 Patrem,
1612 3880 1738 3927 sunt
1769 3871 1962 3943 viginti

367 3964 618 4033 quinque
645 3946 742 4016 viri
783 3962 849 4017 ad
878 3944 1073 4016 sensus
1099 3970 1293 4031 cuncta
1334 3956 1650 4024 referentes.
1694 3962 1762 4017 Et
1793 3978 1962 4033 quan-

368 4065 491 4109 tum
523 4069 629 4108 non
671 4052 994 4129 subterfugit
1021 4037 1337 4117 memoriam
1368 4044 1565 4119 meam,
1604 4068 1878 4129 nunquam
1906 4053 1961 4113 in

371 4147 573 4201 bonam
602 4127 806 4213 partem
838 4143 983 4201 hunc
1018 4130 1302 4197 numerum
1338 4140 1489 4212 potui
1516 4127 1789 4209 invenire,
1838 4142 1965 4215 licet

374 4237 429 4289 in
483 4233 783 4289 Leviticum
834 4221 902 4287 et.
928 4215 1264 4287 sacerdotale
1306 4224 1666 4287 ministerium
1712 4248 1742 4287 a
1774 4232 1963 4304 viginti

372 4327 619 4396 quinque
644 4322 801 4377 annis
828 4323 1096 4393 eligantur
1113 4314 1213 4387 ;in
1240 4321 1466 4378 Hebrzeo
1492 4323 1637 4378 enim
1663 4339 1771 4378 non
1801 4324 1965 4379 habet

378 4419 528 4472 hunc
555 4414 969 4484 numerum,qui
999 4399 1053 4467 in
1079 4412 1432 4485 Septuaginta
1457 4413 1674 4481 dicitur,
1692 4416 1785 4470 sed
1811 4416 1967 4469 trice-

370 4506 619 4567 narinm,
665 4503 835 4573 quiin
882 4503 1105 4559 exordio
1135 4504 1295 4574 liujus
1344 4498 1624 4574 Propheta:
1651 4513 1705 4559 et
1755 4505 1965 4560 Domini

380 4594 695 4649 continetur
722 4601 901 4657 aetate,
933 4592 1149 4662 quando
1174 4594 1322 4648 venit
1349 4593 1416 4647 ad
1468 4592 1667 4647 ﬂuenta
1724 4591 1973 4649 Iordanis

380 4695 439 4740 et
470 4701 502 4739 a
545 4684 753 4739 Joanne.
796 4672 1100 4755 baptizatus
1123 4696 1221 4740 est.
1255 4684 1351 4740 Sin
1380 4693 1557 4740 autem
1583 4686 1635 4739 in
1679 4685 1970 4759 Evangelia

383 4779 405 4850 (
439 4776 633 4831 Matth.
663 4792 770 4830 xxv
810 4774 832 4851 )
875 4776 1112 4846 quinque
1136 4766 1370 4848 virgines
1398 4772 1715 4846 prudentes,
1737 4785 1791 4830 et
1815 4778 1972 4847 quiu-

386 4884 497 4938 que
558 4866 721 4921 fatum
785 4868 1147 4936 reperiuntur,
1202 4868 1434 4923 sciamus
1488 4869 1631 4921 hunc
1686 4884 1968 4923 numerum

387 4963 445 5017 in
476 4960 653 5015 medio
681 4960 936 5029 positum,
983 4967 1038 5014 et
1061 4974 1162 5029 pro
1188 4960 1447 5030 qualitate
1479 4962 1763 5025 utentium,
1790 4962 1870 5017 vel
1911 4962 1978 5017 ad

386 5063 612 5125 bonam,
666 5060 751 5115 vel
778 5061 846 5116 ad
897 5060 1093 5114 malam
1146 5068 1355 5131 partem
1391 5075 1549 5130 posse
1608 5059 1862 5115 conferri.
1913 5060 1977 5116 lli

386 5152 559 5221 igitur
613 5150 742 5214 viri,
799 5150 891 5219 qui
955 5161 1152 5205 cuncta
1205 5151 1273 5205 ad
1338 5166 1530 5205 sensus
1592 5150 1849 5215 referunt,
1909 5159 1965 5205 et

388 5240 597 5294 habent
635 5240 768 5294 duos
800 5240 1092 5311 principes,
1140 5240 1207 5296 de
1262 5242 1458 5310 quibus
1515 5257 1677 5312 supra
1721 5243 1975 5309 diximus,

389 5332 540 5386 dnali
582 5347 809 5387 numero
855 5334 1225 5397 continentur,
1295 5336 1385 5405 qui
1436 5335 1634 5390 scindit
1692 5338 1977 5405 unitatem,

388 5432 450 5478 et
492 5423 545 5477 in
585 5424 834 5478 secunda:
869 5423 973 5478 diei
1004 5439 1232 5479 numero
1265 5440 1372 5479 non
1420 5426 1631 5481 videtur
1657 5444 1685 5481 a
1730 5423 1977 5495 Domino,

384 5513 545 5584 juxta
595 5512 912 5569 llebraicam
954 5517 1258 5571 veritatem.
1308 5516 1458 5572 Unde
1511 5528 1565 5574 et
1608 5520 1660 5573 in
1699 5536 1824 5576 arca
1869 5520 1982 5577 Noe

392 5606 524 5659 bina
558 5613 617 5658 et
656 5607 781 5660 bina
817 5608 1231 5663 introducantur
1271 5609 1544 5664 immunda
1597 5610 1614 5680 (
1654 5610 1780 5666 Cen.
1831 5628 1901 5665 vn
1937 5610 1978 5684 ).

392 5698 659 5754 Bumiuus
681 5698 992 5754 scissionem
1024 5702 1073 5756 in
1105 5718 1267 5757 unum
1294 5713 1593 5767 coarctans,
1627 5702 1749 5757 fecit
1773 5713 1982 5757 utrum-

2057 3229 2446 3298 interpretatur
2481 3231 2635 3284 ruina
2666 3232 2965 3287 declinans.
2996 3233 3064 3293 Et
3087 3245 3172 3289 cst
3194 3234 3335 3291 filius
3363 3237 3654 3293 structoris

2058 3320 2170 3376 sive
2210 3323 2570 3377 coementarii.
2626 3323 2691 3378 Et
2728 3325 2865 3378 alter
2918 3327 3220 3396 principum
3282 3338 3532 3386 servatur
3572 3330 3655 3385 in-

2056 3411 2311 3477 columis,
2354 3411 2607 3468 Jezonias
2651 3413 2790 3469 filius
2833 3412 2993 3469 A'zur.
3036 3414 3286 3472 Jezonias
3331 3434 3490 3475 aures
3538 3418 3656 3487 ejus

2020 3512 2233 3571 sonat,
2294 3505 2436 3575 quod
2498 3505 2818 3560 subauditur
2879 3506 3093 3562 animae.
3155 3505 3304 3562 Azur
3366 3523 3495 3564 vero
3548 3509 3656 3576 {ul-

2061 3611 2209 3649 crum
2273 3595 2387 3650 sive
2443 3594 2772 3664 adjutorium
2845 3596 3253 3666 interpretatur.
3308 3596 3410 3665 Qui
3487 3598 3654 3668 igitur

2060 3682 2352 3743 caderidoa
2403 3690 2630 3744 Domino
2672 3689 2984 3773 ’dcelinarat
3034 3698 3230 3745 eterat
3276 3689 3652 3746 atdilicationis

2061 3781 2327 3852 pessimte,
2387 3791 2534 3837 recte
2578 3783 2746 3847 cadit,
2803 3784 3160 3853 pi-opbetante
3212 3798 3277 3838 eo
3315 3797 3478 3853 quem
3525 3797 3655 3837 con-

2062 3874 2282 3933 fortavit
2329 3874 2624 3945 Dominus;
2686 3876 2779 3945 qui
2814 3884 2995 3929 autem
3042 3875 3327 3945 praeceptis
3370 3875 3656 3930 obediebat

2063 3963 2178 4030 Dei,
2225 3977 2280 4019 et
2308 3964 2450 4020 illius
2485 3965 2892 4020 sustentabatur
2936 3980 3001 4021 ac
3056 3965 3381 4022 fulciebatur
3428 3964 3655 4029 auxilio,

2062 4062 2209 4118 recte
2266 4054 2319 4116 in
2401 4053 2627 4126 imperio
2699 4054 2880 4125 populi
2945 4065 3241 4123 permanet.
3300 4055 3550 4126 Legimus
3601 4055 3656 4110 in

2068 4144 2254 4207 Exodo
2284 4149 2302 4215 (
2330 4142 2501 4205 Exod.
2538 4160 2575 4199 ιι
2621 4143 2885 4217 )mortuo
2938 4144 3219 4201 Pharaone
3265 4161 3391 4215 rege
3437 4145 3656 4220 Egypti

2067 4237 2394 4308 ingemuisse
2452 4237 2591 4293 filios
2633 4237 2821 4303 Israel,
2865 4239 2932 4293 ab
2971 4239 3223 4309 operibus
3262 4238 3541 4307 palearum
3591 4254 3657 4293 ac

2066 4326 2274 4393 lateris,
2304 4337 2365 4405 et
2398 4327 2665 4384 clamasse
2691 4330 2758 4383 ad
2792 4328 3097 4393 Dominum,
3137 4343 3297 4397 quem
3329 4328 3420 4383 illo
3444 4330 3659 4384 vivente

2071 4418 2359 4481 inclamare
2388 4435 2495 4474 non
2531 4429 2798 4489 poterant.
2849 4418 3012 4473 Isaias
3039 4433 3256 4488 quoque
3289 4427 3504 4473 mortuo
3528 4418 3659 4474 Ozia

2073 4491 2203 4580 rege
2227 4509 2472 4590 leproso:
2504 4531 2523 4562 ι
2545 4509 2663 4571 Vidi
2702 4508 2987 4579 Dominum
3012 4508 3286 4575 sedentem
3314 4524 3476 4579 super
3506 4510 3658 4565 thro-

2076 4584 2535 4677 num'ekeeisum
2589 4607 2642 4671 et
2692 4598 2982 4677 elevatum,
3035 4606 3089 4655 et
3137 4599 3411 4669 seraphim
3459 4600 3660 4654 stantia

2073 4676 2220 4744 circa
2248 4672 2366 4744 cum
2444 4688 2557 4743 Im.
2592 4705 2644 4743 γι
2676 4674 2737 4761 ).’
2768 4708 2787 4741 ι
2841 4688 3254 4759 lntelligensque
3298 4689 3573 4746 immunda
3601 4706 3663 4746 se

2074 4782 2276 4838 habere
2305 4783 2463 4849 labia,
2492 4792 2546 4837 et
2568 4784 2814 4840 habitare
2852 4785 2905 4838 in
2959 4785 3157 4855 populo
3211 4785 3487 4842 immunda
3520 4786 3661 4841 labia

2072 4871 2320 4939 trahente,
2354 4882 2592 4930 meretur
2618 4883 2677 4929 ut
2701 4875 2766 4929 de
2792 4875 2949 4930 altari
2971 4877 3134 4954 carbo
3159 4877 3422 4943 mittatur,
3450 4886 3505 4932 et
3524 4877 3659 4931 labia

2080 4964 2199 5034 ejus
2221 4974 2413 5037 purget
2438 4965 2735 5020 immunda.
2768 4964 2866 5021 llic
2893 4974 3097 5031 autem,
3130 4968 3486 5035 prophetante
3507 4964 3655 5019 forti-

2085 5057 2270 5110 tudine
2292 5056 2409 5121 Dei,
2440 5055 2710 5126 princeps,
2741 5056 2886 5125 quia
2918 5055 3129 5111 Domini
3160 5055 3527 5110 declinaverat
3551 5068 3665 5108 ser-

2081 5150 2273 5211 vitute,
2298 5150 2443 5205 cadit
2484 5158 2541 5203 ut
2574 5148 2878 5205 elevaretur
2903 5166 2933 5203 a
2960 5148 3197 5206 Christo.
3225 5148 3283 5206 Si
3314 5148 3457 5203 enim
3490 5160 3664 5201 resur-

2082 5240 2250 5295 rectio
2280 5240 2557 5307 Dominus,
2600 5242 2754 5296 ruina
2784 5240 3031 5296 diabolus
3053 5247 3156 5303 est,
3190 5240 3243 5293 in
3272 5252 3380 5308 quo
3402 5236 3664 5306 quaeritur

2088 5332 2355 5401 quomodo
2384 5332 2449 5387 de
2495 5331 2777 5387 Salvatore
2805 5333 3045 5389 dicatur:
3085 5349 3103 5383 ι
3157 5331 3298 5385 Ecce
3340 5329 3429 5383 hic
3456 5327 3664 5396 positus

2088 5433 2172 5477 est
2203 5423 2254 5476 in
2295 5423 2505 5479 ruinam
2544 5432 2597 5477 et
2630 5424 3080 5479 resurrectionem
3113 5422 3405 5475 multorum
3431 5418 3482 5472 in
3510 5416 3657 5471 lsrae

2090 5510 2255 5583 (Luc.
2294 5529 2328 5567 ιι
2362 5511 2399 5583 ).
2441 5533 2458 5565 ι
2495 5514 2551 5569 In
2583 5515 2790 5569 ruinam
2817 5532 3028 5580 eorum,
3054 5514 3143 5584 qui
3175 5512 3389 5565 stabant
3410 5508 3658 5577 pessime,

2088 5614 2141 5656 et
2171 5606 2621 5660 resurrectionem
2654 5622 2838 5662 eorum
2864 5607 2953 5675 qui
2976 5605 3302 5660 ceciderant.
3350 5597 3501 5666 Quod
3539 5612 3664 5653 cum

2091 5694 2357 5766 Propheta
2389 5699 2435 5752 vi
2461 5700 2627 5791 fisset,
2660 5699 2851 5754 cecidit
2892 5698 2945 5751 in
2979 5696 3169 5751 faciem
3205 5710 3360 5749 suam
3395 5708 3500 5748 non
3541 5704 3666 5763 peor
