3954 6182
362 348 469 412 (il?)

1104 352 1355 411 RABANI
1394 351 1612 435 MAURI
1650 352 1975 431 ARCHIEP.
2017 352 2328 408 MOGUNT.
2372 352 2656 411 OPERUM
2696 352 2876 411 PARS
2910 353 2974 410 ll.

3532 356 3633 412 (ut

362 469 542 538 cautis
600 466 816 541 merito,
882 468 979 533 sed
1034 448 1341 539 plangentis
1405 450 1623 521 affectu.
1822 479 1953 521 voce
1982 468 2027 527 Α
2063 483 2081 515 ι
2127 474 2181 520 et
2226 463 2660 520 abominationes
2690 478 2818 521 suas
2854 463 3097 519 ambulat
3130 482 3143 519 ;
3178 451 3373 523 lterum
3400 467 3544 524 viam
3579 468 3637 525 in

363 579 583 637 magna,
613 576 731 633 qua:
771 561 838 616 de
876 572 1070 632 magno
1091 560 1213 615 ﬁdei
1240 560 1434 615 ardore
1460 559 1733 625 veniebat,
1786 559 1951 613 tertio

362 653 619 708 clamavit
640 662 694 708 et
721 652 886 705 dixit:
910 669 927 702 ι
951 649 1086 715 lleu,
1103 650 1232 716 heu,
1248 651 1373 717 heu,
1388 649 1615 704 Domine
1637 649 1799 713 Deus,
1825 663 1954 703 con-

369 764 389 798 ‹
427 743 843 801 summationem
876 748 930 796 tu
976 741 1109 796 facis
1159 740 1516 811 reliquiarum
1568 739 1781 794 Israel?
1814 758 1835 792 ι
1886 737 1956 813 Et

363 848 447 896 est
474 852 694 894 sensus:
741 835 916 890 Etiam
957 834 1350 906 ipsaereliquia:
1375 847 1495 914 qua:
1527 845 1649 911 esse
1696 830 1955 889 videban-

364 938 454 983 tur
474 929 527 982 in
556 927 754 997 populo
782 935 834 980 te
874 927 1186 996 indignante
1208 924 1492 980 delentur?

440 1039 459 1070 ε
490 1019 557 1075 Et
578 1018 777 1073 factum
799 1026 883 1072 est
911 1020 1132 1071 verbum
1155 1016 1365 1101 Domini
1390 1016 1456 1071 ad
1478 1030 1578 1083 me,
1608 1016 1829 1073 dicens:
1855 1015 1957 1071 Fili

370 1132 388 1164 ι
433 1110 685 1174 hominis,
720 1108 916 1165 fratres
948 1108 1040 1172 tui,
1070 1107 1265 1181 fratres
1288 1108 1389 1179 tui,
1416 1108 1514 1163 viri
1546 1108 1832 1180 propinqui
1856 1108 1954 1173 tui,

370 1220 387 1253 ι
436 1209 491 1256 et
515 1200 692 1255 omnis
731 1199 922 1255 domus
952 1199 1119 1255 lsrae'l
1162 1200 1432 1274 universi,
1467 1201 1663 1269 quibus
1705 1202 1960 1259 dixerunt

372 1310 391 1342 ‹
442 1291 779 1346 habitatores
802 1289 1099 1345 Jerusalem
1133 1308 1145 1344 :
1177 1288 1359 1361 Longe
1385 1291 1621 1355 recedite
1643 1307 1674 1346 a
1700 1292 1955 1357 Domino,

371 1402 389 1434 ι
444 1382 598 1438 nobis
637 1381 764 1436 data
796 1390 880 1448 est
936 1386 1080 1442 terra
1121 1382 1175 1436 in
1213 1383 1633 1455 possessionem.
1664 1380 1959 1452 Propterea

373 1488 390 1522 ι
429 1474 543 1541 lucc
575 1471 705 1533 dicit
738 1472 998 1527 Dominus
1038 1472 1201 1538 Deus,
1236 1474 1363 1544 quia
1406 1473 1563 1545 longe
1610 1473 1718 1530 feci
1763 1491 1860 1531 eos
1904 1476 1958 1531 in

373 1581 391 1612 ι
448 1562 717 1632 gentibus,
750 1566 805 1616 et
827 1561 953 1632 quia
981 1562 1235 1633 dissipavi
1266 1578 1364 1618 eos
1390 1562 1445 1617 in
1500 1572 1726 1629 terram,
1757 1578 1853 1619 ero
1880 1565 1960 1620 eis

376 1669 394 1703 ι
434 1652 486 1706 in
546 1650 1039 1707 sanetificationem
1087 1652 1358 1716 modicam
1411 1652 1467 1719 in
1518 1652 1682 1709 terris
1728 1654 1797 1708 ad
1824 1669 1960 1724 quas

373 1760 392 1793 ς
443 1741 711 1795 venerint.
759 1760 778 1793 ι
837 1741 1033 1796 Factus
1055 1749 1141 1796 est
1181 1742 1345 1815 igitur
1390 1757 1570 1798 sermo
1621 1743 1835 1800 Domini
1891 1744 1962 1799 ad

2060 569 2079 607 ι
2124 555 2299 626 capite
2326 571 2424 610 suo
2448 570 2671 627 ponam,
2696 556 2830 612 dicit
2854 556 3117 621 Dominus
3142 559 3304 628 Deus,
3324 579 3344 613 ι
3376 569 3485 619 etc.

2125 645 2393 716 Loquitur
2420 662 2601 703 sermo
2642 649 2858 706 divinus
2882 649 2949 705 ad
2978 665 3094 716 eos,
3122 651 3216 722 qui
3242 654 3444 725 captivi
3486 663 3641 711 erant

2055 735 2110 791 in
2149 745 2292 793 terra
2322 737 2630 810 Babylonis,
2663 740 2731 794 ad
2759 739 2960 798 fratres
3002 742 3301 800 Ezechielis
3343 747 3642 817 prophetat,

2055 836 2112 883 et
2134 829 2201 884 ad
2221 829 2553 900 propinquos
2575 830 2771 901 quibus
2795 831 3048 889 dixerunt
3076 833 3413 892 habitatores
3438 837 3601 893 Israel
3626 857 3639 893 :

2053 915 2237 989 Longe
2265 919 2567 976 recessistis
2597 935 2628 974 a
2658 921 2908 990 Domino,
2937 923 3095 979 nobis
3121 925 3245 980 data
3272 934 3357 982 est
3396 936 3544 985 terra
3589 929 3644 985 in

2055 1009 2477 1082 possessionem.
2504 1010 2773 1083 Loquitur
2793 1022 2975 1071 autem
3005 1015 3122 1073 hmo
3156 1033 3277 1088 quae
3306 1031 3642 1091 sequuntur:

2062 1116 2082 1151 ι
2115 1098 2467 1172 Congregabo
2506 1116 2603 1156 vos
2637 1101 2705 1157 de
2745 1103 2976 1176 populis,
3017 1113 3075 1162 et
3113 1107 3335 1173 reddam
3364 1108 3519 1165 vobis
3542 1104 3649 1174 'ter-

2060 1204 2177 1243 ram
2225 1188 2408 1245 lsrael.
2440 1211 2460 1244 ι
2513 1192 2760 1263 Cumque
2804 1195 3033 1265 ingressi
3096 1195 3340 1263 fueritis,
3391 1198 3649 1255 auferetis

2061 1288 2254 1334 cuneta
2301 1280 2472 1347 idola,
2518 1291 2742 1354 prepter
2782 1283 3302 1355 quateolfenderatis
3346 1288 3540 1345 Deum.
3584 1290 3644 1347 Et

2060 1370 2201 1427 dabo
2238 1372 2393 1429 vobis
2427 1389 2522 1428 cor
2550 1391 2713 1441 unum
2753 1376 2982 1443 timoris,
3016 1372 3072 1433 'et
3100 1375 3382 1437 servitutis
3429 1380 3564 1450 Dei,
3594 1390 3653 1437 ut

2061 1476 2406 1532 nequaquam
2453 1462 2684 1539 diversis
2723 1465 2881 1521 idolis
2913 1466 3200 1544 .serviatis,
3243 1452 3357 1526 sive
3394 1468 3648 1535 alterum.

2061 1567 2225 1622 quam
2268 1555 2423 1623 prius,
2470 1542 2761 1629 habuistis,
2804 1565 2861 1616 et
2904 1542 3386 1628 spii'it‘unt'novum
3418 1560 3650 1615 tribuam

2063 1644 2117 1698 in
2146 1643 2443 1707 visceribus
2473 1632 2689 1713 vestris,
2712 1646 2869 1716 juxta
2897 1646 3027 1719 illud
3058 1650 3205 1723 quod
3228 1651 3499 1725 scriptum
3519 1661 3609 1708 est
3636 1672 3651 1708 :

2068 1750 2087 1784 ι
2115 1732 2221 1789 Cor
2241 1735 2498 1789 mundum
2525 1750 2648 1790 crea
2675 1735 2729 1813 in
2759 1752 2864 1802 me,
2893 1736 3054 1820 Deus,
3086 1726 3416 1817 et'Spirittnu
3446 1752 3655 1821 rectum

368 1832 637 1898 Ezechiel,
660 1833 750 1902 qui
774 1834 1016 1888 dixerat:
1046 1822 1210 1900 clleu‘,
1238 1836 1362 1901 heu,
1384 1835 1511 1901 heu,
1543 1836 1768 1892 Domine
1796 1835 1958 1903 Deus,

2072 1825 2259 1880 innova
2281 1824 2341 1905 in
2354 1826 2650 1905 visceribus
2671 1829 2808 1884 meis
2826 1822 2999 1901 (Prol.
3022 1829 3130 1902 1.).»
3157 1831 3225 1886 Et
3246 1831 3489 1888 auferam
3515 1850 3548 1887 a
3571 1849 3659 1889 vo-

372 1923 886 1988 uousummationem
940 1931 995 1985 tu
1030 1923 1167 1979 facis
1215 1924 1565 2011 reliquiarum
1592 1926 1803 1981 Israel?
1833 1947 1853 1987 ι
1903 1927 1959 1982 in

373 2014 593 2069 Pheltite
636 2013 887 2069 videlicet
916 2022 1112 2079 morte,
1138 2022 1193 2080 et
1231 2030 1441 2081 eorum,
1490 2016 1582 2087 qui
1615 2033 1738 2072 cum
1786 2032 1851 2073 eo
1881 2017 1963 2073 in-

372 2106 588 2161 terfecti
615 2114 763 2172 sunt,
805 2107 948 2176 quod
983 2122 1322 2178 nequaquam
1352 2106 1456 2162 illae
1505 2118 1633 2163 sunt
1682 2108 1959 2180 reliquim,

376 2213 512 2268 quas
550 2198 602 2251 in
638 2196 939 2253 JeruSalem
986 2198 1211 2266 putabat
1265 2196 1556 2268 Propheta,
1614 2198 1710 2255 sed
1750 2200 1825 2264 bi,
1872 2199 1964 2270 qui

377 2289 429 2343 in
458 2288 730 2360 Babylone
758 2287 1081 2343 videbantur
1107 2303 1227 2343 esse
1254 2286 1470 2358 captivi.
1521 2289 1589 2353 Et
1625 2299 1710 2345 est
1732 2305 1961 2346 sensus:

378 2380 423 2443 0
451 2379 524 2434 illi
557 2379 808 2449 hominis,
854 2378 1053 2434 fratres
1094 2380 1170 2434 tui
1222 2380 1290 2435 de
1333 2381 1523 2443 eadem
1573 2389 1750 2453 tecum
1797 2380 1968 2461 stirpe

386 2472 652 2547 generati,
678 2468 899 2535 fratres,
927 2470 1170 2541 inquam,
1206 2471 1282 2525 tui
1309 2472 1505 2542 quibus
1531 2470 1784 2539 dixerunt
1814 2471 1968 2549 babi-

379 2551 583 2617 tatores
617 2560 916 2622 Jerusalem
946 2576 963 2616 :
1002 2561 1109 2618 Vos
1141 2562 1441 2618 recessistis
1464 2577 1494 2616 a
1534 2562 1786 2629 Domino,
1840 2561 1966 2634 quia

378 2653 576 2723 captivi
601 2653 751 2717 estis,
779 2660 832 2705 et
863 2667 986 2707 cum
1023 2651 1286 2709 Jechouia
1312 2668 1407 2709 vos
1435 2655 1753 2719 tradidistis,
1811 2654 1972 2720 nobis

382 2749 563 2796 autem
593 2748 737 2795 terra
783 2740 949 2796 lsrael
984 2742 1108 2796 data
1138 2751 1221 2797 est
1267 2744 1320 2798 in
1369 2754 1632 2798 aeternam
1670 2745 1969 2817 possessio-

383 2848 527 2887 nem.
571 2832 665 2886 Dic
710 2845 839 2902 ergo
862 2832 943 2885 eis
982 2834 1125 2901 quod
1169 2833 1326 2905 longe
1375 2834 1595 2909 quidem
1622 2849 1716 2892 eos
1744 2832 1967 2902 fecerim

379 2938 410 2983 a
429 2930 573 2978 terra
594 2922 776 2986 lsrarl,
801 2931 855 2977 et
877 2922 1221 2992 disperserim
1246 2923 1298 2977 in
1329 2925 1599 2997 nationes,
1621 2926 1752 2981 etin
1779 2924 1971 2992 alienis

381 3014 541 3068 terris
600 3012 1148 3089 esse’przeceperim,
1190 3012 1283 3067 sed
1328 3014 1453 3083 quia
1498 3030 1631 3070 mea:
1670 3007 1972 3083 obedieriut

380 3104 605 3177 iussioni
632 3105 733 3171 sim
769 3103 848 3159 eis
868 3102 1077 3158 futurus
1102 3103 1265 3159 etiam
1289 3105 1340 3158 in
1357 3106 1680 3177 peregrinis,
1702 3116 1759 3161 et
1802 3105 1970 3173 hosti—

2063 1915 2148 1973 his
2174 1933 2269 1973 cor
2296 1903 2587 1993 lapideum,
2617 1919 2670 1976 id
2692 1922 2817 1988 est;
2841 1935 2942 1976 'cor
2960 1921 3176 1991 durum,
3200 1925 3495 1980 secundum
3527 1924 3658 1982 illud

2064 2009 2209 2081 quod
2236 2002 2478 2081 loquitur
2504 2008 2817 2081 Stephanus
2840 2011 3051 2083 primus
3072 2023 3281 2086 martyr
3318 2015 3377 2074 in
3403 2014 3652 2073 Christo:

2071 2086 2098 2153 ι’
2115 2101 2262 2155 Dura
2293 2089 2502 2156 cervice
2528 2110 2583 2157 et
2610 2101 2978 2169 incircumcisi
3007 2104 3171 2161 corde
3196 2106 3335 2179 (Act.
3362 2107 3482 2179 vn).
3532 2124 3555 2162 ι
3590 2106 3658 2161 Et

2078 2188 2371 2245 induratur
2393 2207 2490 2245 cor
2509 2191 2827 2251 Pharaonis.
2854 2206 2920 2247 ne
2939 2191 3175 2247 dimittat
3200 2194 3459 2262 populum
3478 2192 3640 2249 Israel

2082 2284 2279 2355 (Exod.
2307 2282 2445 2355 vui).
2476 2303 2494 2334 ι
2523 2284 2592 2362 Et
2612 2284 2772 2351 dabo,
2799 2282 2998 2355 inquit,
3020 2283 3173 2340 vobis
3197 2300 3292 2341 eor
3319 2300 3638 2358 carneumq

2068 2369 2311 2426 melleet
2351 2380 2629 2439 tenerum,
2660 2382 2715 2427 et
2744 2371 2887 2445 quod
2929 2374 3103 2444 possit
3145 2376 3240 2451 Dei
3270 2379 3525 2434 mandata
3572 2395 3655 2432 su—

2067 2460 2297 2532 soipere,
2337 2470 2399 2517 ut
2445 2464 2757 2519 scribantur
2794 2464 2851 2525 in
2885 2465 3083 2541 tabulis
3111 2469 3290 2537 cordis
3313 2469 3656 2543 carnalibus;

2070 2541 2270 2607 ideirco
2312 2562 2492 2608 autem
2540 2554 2700 2609 datur
2739 2570 2833 2611 cor
2862 2555 3043 2624 molle,
3075 2567 3130 2613 et
3160 2541 3404 2616 aufertur
3437 2578 3533 2618 cor
3565 2563 3657 2631 du-

2071 2659 2226 2711 rum,
2272 2654 2331 2698 ut
2378 2646 2432 2701 iu
2479 2642 2763 2727 prteceptis
2807 2647 3310 2716 meis‘ambulent,
3342 2654 3659 2724 Judieiaque

2069 2735 2403 2799 custodiam,
2443 2745 2499 2791 et
2536 2738 2646 2792 sint
2670 2738 2729 2795 "in
2773 2739 2973 2810 populo
3001 2734 3119 2807 Dei,
3163 2741 3528 2814 Dominusque
3567 2746 3659 2815 qui

2068 2827 2220 2903 prius
2266 2826 2441 2883 fuerat
2486 2829 2851 2899 adversarius,
2891 2834 2963 2888 sit
2999 2834 3078 2890 eis
3105 2834 3158 2888 in
3203 2833 3392 2891 Deum.
3426 2839 3527 2907 Qui
3565 2856 3658 2895 au-

2072 2907 2179 2981 tem
2206 2933 2546 2990 nequaquam
2575 2923 2893 2992 poenitentia
2922 2925 3101 3002 priora
3138 2939 3368 2997 peccata
3396 2936 3666 2987 correxe-

2074 3007 2198 3071 rint,
2224 3009 2319 3065 sed
2349 3010 2744 3067 ambulaverint
2776 3016 2897 3085 poSt
2936 3014 3371 3074 abomin‘atioues
3400 3035 3549 3085 suas,
3578 3036 3673 3077 rea

2075 3098 2327 3166 tribuam,
2365 3101 2461 3168 ait,
2493 3101 2593 3169 eis,
2623 3108 2769 3173 quod
2790 3115 3097 3173 merentur,
3129 3117 3187 3162 ut
3211 3109 3311 3164 vite
3352 3125 3538 3166 eorum
3568 3127 3662 3182 po-

381 3194 522 3251 libus
546 3193 686 3249 locis
710 3193 761 3247 in
784 3191 1534 3265 parvam:sanctiﬁcationem,
1562 3197 1691 3251 dum
1722 3197 1965 3269 plerique
1993 3195 2036 3256 C
2072 3198 2270 3244 “amur
2313 3192 2581 3263 θθρίίίδυδ
2633 3208 2839 3249 eorm“-
2887 3194 3011 3251 ι’ίίεο
3055 3198 3154 3251 sub
3202 3198 3503 3255 zombabd
3549 3201 3662 3255 “"0

383 3281 729 3345 inveniantur
750 3297 815 3336 ex
846 3283 947 3347 eis,
975 3282 1065 3354 qui
1094 3282 1409 3350 idololatria:
1442 3301 1781 3362 nequaquam
1828 3287 1967 3342 colla

381 3373 735 3435 submittant,
782 3372 876 3428 sed
930 3387 1200 3428 memores
1252 3375 1360 3430 sint
1409 3377 1788 3433 mandatorum
1840 3379 1967 3445 Dei,

384 3451 525 3518 sicut
564 3463 780 3518 fuerunt
820 3464 1007 3520 Daniel
1033 3474 1089 3520 et
1128 3475 1240 3522 tres
1276 3467 1427 3537 pueri
1454 3477 1509 3529 et
1533 3479 1759 3526 cazteros
1800 3471 1969 3528 fuisse

383 3555 709 3609 credendum
751 3563 865 3621 est,
899 3555 953 3609 in
999 3556 1406 3613 similitudinem
1450 3567 1721 3615 tantorum
1768 3552 1970 3633 princi-

386 3661 531 3719 pum,
563 3660 699 3716 quos
725 3646 1007 3718 Scriptura
1048 3664 1194 3704 nunc
1223 3648 1629 3706 commemorat.
1658 3652 1735 3717 Ex
1774 3654 1972 3723 quibus

387 3736 650 3793 universis
691 3736 951 3792 discimus
990 3752 1097 3793 non
1143 3752 1266 3794 esse
1326 3738 1691 3796 insultaudum
1735 3742 1820 3808 his
1875 3743 1969 3813 qui

387 3825 481 3880 Dei
505 3825 710 3896 judicio
752 3826 927 3895 pomis
973 3827 1155 3881 traditi
1200 3836 1352 3893 sunt,
1390 3845 1492 3884 nec
1532 3830 1968 3905 exprobrandam

391 3915 595 3970 homini
643 3929 905 3969 converso
931 3930 963 3968 a
999 3918 1237 3984 peccatis
1280 3920 1410 3983 suis,
1442 3935 1544 3977 nec
1584 3907 1973 3991 paenitentibus

386 4014 443 4061 et
478 4003 725 4074 egressis
746 4003 812 4058 de
853 4003 1093 4058 Ecclesia
1137 4005 1427 4076 aliquando
1466 4009 1775 4078 dicendum,
1816 4013 1972 4085 longe

387 4093 687 4159 recessistis
725 4108 755 4146 a
798 4093 1046 4158 Domino,
1096 4096 1250 4149 nobis
1286 4096 1411 4150 data
1446 4108 1529 4153 est
1571 4108 1713 4156 terra
1764 4103 1817 4157 in
1848 4119 1974 4183 pos-

384 4183 723 4249 sessionem,
769 4184 892 4252 quia
937 4182 1050 4238 bzec
1078 4185 1209 4240 dicit
1251 4186 1528 4256 Dominus,
1574 4190 1700 4245 licet
1742 4182 1970 4265 eospa-

386 4286 608 4351 runtper
634 4288 665 4326 a
697 4289 815 4328 mea
853 4272 1094 4333 Ecclesia
1130 4277 1517 4346 separaverim,
1541 4289 1595 4333 et
1620 4280 1761 4336 inter
1787 4292 1974 4353 gentes

386 4346 762 4434 disperserim,
806 4371 990 4419 tamen
1018 4379 1113 4419 ero
1141 4365 1223 4421 eis
1258 4366 1311 4420 iu
1342 4367 1827 4426 sanetilieationem
1859 4387 1973 4429 mo-

385 4439 600 4520 dicam,
649 4455 777 4508 dum
826 4453 1174 4511 meminerint
1222 4465 1571 4527 peccatorum
1622 4476 1861 4516 suorum.
1907 4463 1973 4518 Et

2073 3278 2353 3348 Salathiel,
2399 3289 2454 3336 et
2491 3282 2593 3337 sub
2619 3280 2747 3339 Jesu
2791 3284 2901 3341 filio
2926 3284 3193 3343 Joseleclt
3235 3291 3518 3346 sacerdote
3545 3308 3661 3347 rua-

2070 3381 2281 3439 gno,et
2318 3372 2419 3428 sub
2448 3373 2587 3428 Ezra
2628 3383 2683 3429 et
2728 3374 2953 3433 Neemia
2995 3379 3258 3437 accidisse
3286 3381 3452 3436 tribui
3486 3381 3657 3459 ludus

2071 3473 2126 3516 et
2156 3464 2243 3520 bis
2270 3465 2361 3534 qui
2401 3482 2523 3521 cum
2558 3466 2643 3522 bis
2675 3470 2875 3527 reversi
2903 3476 3051 3538 sunt,
3079 3470 3323 3547 plerique
3364 3475 3658 3530 aestimant.

2072 3552 2414 3609 llahitatores
2478 3572 2692 3627 quoque
2740 3557 3082 3628 Jerusalem,
3128 3558 3219 3633 qui
3282 3567 3382 3621 sub
3435 3566 3657 3623 Sedecia

2072 3661 2199 3717 rege
2226 3645 2377 3700 Juda:
2403 3649 2544 3718 capti
2573 3658 2718 3716 sunt,
2757 3650 2840 3704 vel
2870 3653 2961 3723 qui
2989 3651 3246 3725 fugerunt
3273 3671 3395 3711 cum
3424 3657 3657 3714 Jeretuia

2073 3735 2128 3793 in
2154 3735 2450 3808 Aigyptum
2478 3737 2530 3791 iu
2558 3754 2746 3794 omnes
2781 3749 2951 3797 terras
2990 3730 3112 3799 esse
3145 3746 3444 3817 dispersos,
3479 3758 3534 3803 et
3561 3764 3655 3804 ne-

2074 3842 2344 3896 quaquam
2370 3843 2620 3883 reversos
2671 3830 2722 3883 in
2760 3832 2951 3886 urbem
2992 3831 3329 3909 Jerusalem;
3371 3838 3528 3907 plena
3562 3854 3654 3891 au-

2075 3909 2182 3970 tem
2225 3918 2511 3990 conversio
2556 3934 2742 3973 eorum
2774 3921 2865 3991 qui
2902 3924 3289 3999 captivicrant
3324 3929 3629 4002 et'reliquia

2075 4027 2195 4067 rum
2227 4013 2390 4068 lsrael
2425 4014 2741 4086 intelligitur
2782 4017 2834 4075 in
2877 4019 3113 4085 Christo,
3158 4007 3378 4093 quando
3417 4009 3653 4096 reliquis

2074 4103 2235 4160 salva:
2266 4104 2422 4161 facta:
2450 4117 2594 4173 sunt,
2624 4117 2679 4164 et
2707 4124 2817 4163 una
2848 4111 2939 4185 die
2963 4111 3064 4165 tria
3090 4113 3260 4169 millia
3289 4116 3646 4176 crediderunt.

2078 4205 2133 4251 et
2158 4197 2355 4252 iterum
2378 4199 2615 4269 quinque
2653 4200 2840 4267 millia,
2864 4211 2919 4257 et
2951 4203 3067 4279 alii,
3095 4205 3160 4260 de
3180 4207 3390 4276 Lquibus
3424 4210 3641 4279 loquitur

2075 4285 2310 4343 Jacobus
2330 4289 2396 4343 ad
2422 4280 2725 4359 apostolum
2746 4276 3010 4348 Paulum}
3043 4296 3258 4362 iVides,
3287 4297 3476 4361 frater,
3493 4276 3648 4354 tanta

2074 4376 2242 4433 millia
2266 4379 2599 4436 credentium
2630 4381 2973 4441 Judzeorum?
2997 4386 3053 4443 hi
3092 4403 3282 4446 omnes
3316 4391 3650 4447 mmulatoms

2076 4469 2208 4542 legis
2251 4481 2380 4527 sunt
2422 4472 2561 4543 (Act.
2589 4476 2726 4547 XXI),
2748 4496 2767 4529 ι
2807 4478 2906 4537 sed
2944 4486 2999 4535 et
3030 4480 3272 4551 quotidie
3308 4484 3527 4552 superbi
3556 4486 3651 4538 ha-

386 4545 480 4627 qui
531 4552 751 4629 propter
792 4545 924 4601 vitia
974 4555 1317 4602 recesserunt
1369 4548 1435 4603 de
1489 4558 1632 4605 terra
1677 4566 1795 4618 sua,
1828 4569 1972 4642 ipro-
2000 4550 2050 4609 D
2077 4560 2337 4624 bitatores
2384 4564 2533 4635 urbis
2585 4545 2907 4637 Jerusalem,
2947 4545 3175 4639 quorum
3207 4586 3302 4626 cor
3331 4545 3453 4642 post
3489 4572 3656 4627 otl‘en-

387 4624 507 4709 pter
550 4624 920 4704 patuiteutiam
967 4636 1037 4691 ad
1082 4638 1239 4692 sedes
1276 4637 1532 4707 pristinas
1588 4640 1972 4698 redii-eifesti-

389 4732 538 4799 nent.
1419 4766 1425 4777 ρ
1476 4806 1479 4807 ν

430 4835 484 4870 ιι
520 4815 813 4885 Propterea
847 4816 1105 4887 loquere:
1139 4817 1265 4874 Hzec
1313 4822 1443 4885 dicit
1495 4823 1754 4881 Dominus
1788 4844 1801 4880 :
1832 4826 1974 4883 Con-

398 4926 417 4962 ι
461 4909 695 4983 gregabo
726 4924 822 4965 vos
846 4911 915 4965 de
946 4910 1176 4981 populis,
1205 4922 1261 4967 et
1286 4904 1567 4971 adducam
1592 4933 1690 4973 vos
1716 4910 1786 4973 de
1813 4908 1974 4979 terris

396 5015 416 5049 ι
463 4997 739 5066 inquibus
773 4996 1003 5071 dispersi
1048 5000 1210 5066 estis,
1258 5003 1503 5074 daboque
1546 5007 1701 5062 vobis
1748 5008 1971 5063 humum

397 5108 416 5143 ι
462 5087 648 5152 Israel.
698 5091 763 5146 Et
796 5092 1172 5160 ingredientur
1195 5095 1339 5152 illuc.
1382 5098 1450 5154 Et
1496 5101 1744 5156 auferent
1781 5118 1972 5160 omnes

395 5187 414 5260 ξ
459 5181 804 5250 offensiones,
846 5192 1177 5254 cunctasque
1200 5187 1631 5255 abominationes
1668 5192 1735 5248 de
1766 5193 1879 5248 illa.
1908 5192 1976 5249 Et

395 5294 414 5327 ι
459 5276 598 5355 dabo
620 5277 700 5333 eis
720 5292 819 5334 cor
842 5293 1032 5344 unum,
1067 5284 1122 5333 et
1149 5278 1398 5350 spiritum
1424 5298 1623 5340 novum
1656 5284 1889 5341 tribuam
1920 5286 1974 5342 in

393 5384 414 5417 ς
458 5367 758 5425 visceribus
803 5383 1012 5433 eorum,
1068 5376 1125 5423 et
1165 5368 1406 5427 auferam
1450 5388 1546 5429 cor
1593 5373 1863 5445 lapideum
1908 5377 1976 5432 de

397 5476 417 5509 ι
460 5473 625 5516 carne
657 5474 868 5526 eorum,
917 5468 973 5516 et
1001 5458 1141 5516 dabo
1164 5461 1245 5517 eis
1263 5476 1356 5518 cor
1376 5478 1661 5533 carueum,
1683 5474 1743 5520 ut
1766 5466 1820 5521 in
1841 5482 1979 5538 pra:-

398 5564 417 5598 ι
458 5552 627 5619 ceptis
661 5552 792 5607 meis
835 5550 1145 5616 ambulent,
1178 5559 1235 5607 et
1255 5552 1456 5624 judicia
1498 5570 1617 5611 mea
1645 5557 1974 5623 custodiant,

400 5657 417 5690 ι
464 5640 766 5713 faciantque
792 5658 877 5709 ea,
913 5651 968 5697 et
994 5642 1103 5697 sint
1127 5644 1258 5700 mihi
1288 5645 1340 5700 in
1365 5647 1643 5718 populum,
1669 5658 1724 5704 et
1749 5665 1849 5721 ego
1872 5650 1975 5706 sim

398 5746 420 5781 ι
464 5731 543 5786 eis
568 5734 620 5786 iu
649 5734 836 5790 Deum.
880 5733 1119 5801 Quorum
1153 5746 1333 5792 autem
1363 5753 1459 5794 cor
1490 5747 1615 5818 post
1654 5737 1973 5797 offendicula

2074 4652 2249 4707 dicula
2288 4661 2344 4708 et
2379 4653 2805 4712 abominationes
2846 4674 2975 4714 suas
3010 4660 3271 4726 ambulat,
3308 4661 3400 4718 Dei
3437 4678 3651 4718 meren-

2077 4753 2165 4799 tur
2209 4744 2500 4814 offensam,
2546 4757 2601 4802 et
2644 4748 2698 4803 hi
2736 4749 2829 4820 qui
2875 4749 3012 4807 foris
3056 4764 3232 4819 erant,
3273 4755 3457 4811 ablato
3497 4757 3654 4812 corde

2073 4838 2307 4921 lapideo,
2336 4849 2392 4895 et
2426 4850 2648 4921 accepto
2696 4843 2859 4899 corde
2887 4844 3226 4912 mollissimo,
3269 4863 3368 4917 per
3394 4850 3655 4921 paeniten-

2074 4918 2203 4986 tiam
2238 4918 2583 4991 revertuntur
2608 4936 2675 5001 ad
2703 4938 3014 5008 ecclesiam,
3035 4948 3091 4994 et
3118 4918 3413 4997 ambulant
3440 4946 3497 4999 iu
3526 4959 3654 5014 pm

2074 5028 2248 5096 ceptis
2282 5027 2511 5094 Domini,
2553 5030 2868 5103 judiciaque
2912 5030 3030 5101 ejus
3058 5034 3387 5100 custodiunt,
3421 5036 3653 5108 fluatque

2075 5115 2286 5171 Domini
2317 5121 2568 5195 populus,
2593 5130 2650 5179 et
2674 5123 2933 5187 Dominus
2957 5141 3117 5196 quem
3136 5126 3300 5199 prius
3324 5126 3655 5185 oﬂ‘ende:aut

2076 5205 2136 5273 fit
2163 5208 2243 5263 eis
2267 5208 2430 5266 Deus.

2153 5317 2173 5350 ι
2204 5299 2268 5354 Et
2292 5300 2639 5366 elevaverunt
2666 5307 2951 5365 cherubim
2979 5310 3094 5369 alas
3118 5327 3269 5380 suas,
3293 5320 3351 5370 et
3378 5321 3510 5373 rota
3536 5328 3655 5371 cum

2083 5407 2102 5440 ι
2149 5389 2247 5446 eis.
2276 5391 2341 5447 Et
2366 5391 2536 5463 gloria
2565 5396 2659 5452 Dei
2684 5396 2851 5455 lsrael
2876 5409 2997 5458 erat
3023 5418 3188 5475 super
3212 5418 3297 5460 ea.
3325 5405 3394 5460 Et
3420 5406 3655 5461 ascendt

2080 5498 2099 5533 α
2145 5480 2314 5551 gloria
2355 5483 2568 5541 Domini
2610 5488 2678 5545 de
2705 5490 2886 5547 medio
2927 5493 3187 5561 civitatis,
3215 5486 3473 5567 stetitque
3500 5511 3657 5567 super

2082 5587 2102 5622 ι
2146 5584 2402 5639 montem,
2439 5578 2532 5646 qui
2575 5586 2661 5635 est
2705 5580 2775 5635 ad
2812 5582 3079 5639 orientem
3126 5585 3299 5642 urbis.
3330 5605 3348 5639 ι
3396 5586 3655 5642 Paulatim

2061 5659 2243 5733 .gloria
2275 5662 2487 5721 Domini
2540 5670 2741 5725 recedit
2791 5672 2858 5728 de
2899 5672 3223 5730 Jerusalem.
3260 5675 3504 5732 Primum
3533 5686 3655 5731 vem-

2078 5750 2225 5831 plum
2266 5752 2542 5827 deserens,
2585 5767 2695 5818 stat
2737 5760 2791 5816 in
2844 5763 2984 5819 atrio
3025 5765 3105 5820 vel
3138 5765 3191 5821 in
3223 5766 3409 5823 limine
3446 5765 3658 5843 domus,
