3954 6182
334 348 452 409 λϋιιῦ

1302 341 1656 403 COliMENT.
1696 340 1759 397 IN
1795 343 2249 401 EZECIIJELEM.
2289 375 2359 387 -
2393 346 2522 402 LIB.
2570 347 2652 403 Vl.

3503 354 3605 412 6δῦ

332 467 531 532 postea
565 456 623 515 in
668 454 889 510 introitu
910 460 1099 531 ,μοι-ωε
1127 452 1425 508 orientalis.
1459 452 1781 528 Novissime,
1805 453 1930 508 sub-
1959 460 2001 517 Α
2036 456 2229 511 tiorum
2275 473 2494 513 suorum
2556 461 2940 529 amaritudine,
2988 461 3119 519 facit
3160 479 3406 521 amarum
3448 479 3612 541 atque

341 547 470 604 latis
514 544 707 618 pennis
761 540 1001 610 rotisque
1029 541 1400 609 sequentibus,
1443 548 1551 594 stat
1574 556 1735 610 super
1777 556 1926 595 mon-

340 646 477 705 tem,
515 637 608 708 qui
636 636 813 709 estad
839 635 1104 689 orientem
1134 633 1301 687 urbis.
1348 628 1499 696 Haud
1528 620 1749 690 dubium
1796 633 1923 702 quin

341 736 584 784 montem
618 724 891 799 signiﬁcat
916 723 1110 779 Oliveti
1141 723 1280 776 unde
1310 720 1561 778 Salvator
1590 725 1834 778 ascendit
1859 725 1927 778 ad

336 818 583 887 Patrem.
612 815 909 883 Stabatque
928 813 1099 883 gloria
1132 812 1361 877 Domini,
1381 828 1501 881 quae
1529 812 1596 867 de
1621 810 1925 873 Jerusalem

337 911 478 967 urbe
516 896 866 971 discesserat,
909 920 1072 975 super
1108 914 1344 960 montem
1391 902 1585 960 Oliveti
1627 904 1681 958 in
1713 904 1924 975 signum

336 999 760 1058 resurrectionis
792 1006 848 1053 et
887 996 1129 1061 luminis,
1174 1006 1231 1052 ut
1271 995 1397 1052 inde
1425 995 1722 1066 perituram
1767 1012 1922 1050 arsu-

338 1105 572 1164 ramque
604 1100 854 1146 cerneret
888 1088 1211 1145 Jerusalem.
1257 1086 1518 1157 Quodque
1546 1087 1678 1143 dicit
1718 1105 1732 1142 :
1778 1108 1797 1139 ‹
1825 1087 1925 1141 As-

338 1184 528 1242 cendit
542 1183 713 1255 gloria
723 1181 791 1236 de
814 1180 994 1238 medio
1015 1181 1276 1246 civitatis,
1303 1200 1322 1232 ›
1343 1180 1465 1235 aliis
1480 1179 1660 1252 verbis
1684 1177 1925 1249 loquitur

336 1257 605 1331 Dominus
648 1273 718 1328 ad
763 1270 1055 1341 discipulos
1091 1288 1104 1325 :
1143 1288 1162 1321 t
1200 1269 1447 1342 Surgite,
1495 1269 1752 1324 abeamus
1798 1268 1925 1345 hinc

338 1352 528 1440 (ἔφαγέ.
568 1363 702 1436 xw).
733 1383 753 1418 ι
794 1362 864 1418 Et
901 1363 973 1418 ad
1012 1361 1230 1423 Judzeos
1263 1380 1277 1415 :
1319 1380 1339 1413 ‹
1373 1361 1730 1430 Relinquetur
1770 1360 1925 1415 vobis

336 1450 537 1513 dornus
560 1463 742 1512 vestra
764 1454 983 1513 deserta
1008 1451 1222 1525 (Matth.
1249 1450 1427 1524 mu).
1454 1471 1474 1504 ›
1504 1449 1772 1522 Josephus
1797 1464 1926 1520 quo-

336 1560 449 1618 que
475 1546 643 1604 refert
686 1546 927 1629 auditam
953 1529 1141 1603 vocem
1166 1546 1229 1601 in
1255 1544 1453 1614 templo
1491 1543 1841 1616 Angelornm,
1869 1550 1924 1596 et

334 1622 1066 1719 fortitudipem'ctelestium,
1089 1653 1212 1708 qua:
1235 1637 1388 1709 prius
1412 1637 1466 1692 in
1494 1637 1643 1692 urbis
1671 1636 1923 1713 praesidio

332 1716 519 1799 erant,
547 1752 567 1785 ι
593 1717 855 1789 abeamus
878 1748 945 1791 ex
972 1733 1060 1788 his
1087 1732 1323 1789 sedibus.
1347 1753 1366 1786 ι
1400 1732 1703 1802 Mirumque
1729 1728 1782 1787 in
1815 1747 1924 1786 mo-

2029 547 2318 627 crudclem.
2345 549 2594 624 Alioquin
2621 552 2686 607 de
2720 551 2830 607 Deo
2850 552 3077 626 legimus
3108 573 3121 608 :
3156 576 3173 607 ‹
3196 554 3422 613 Gustate
3450 567 3511 625 et
3532 560 3612 617 vi-

2027 637 2170 703 dete,
2210 640 2335 710 quia
2367 643 2549 697 suavis
2600 642 2715 699 sive
2760 640 2933 701 dulcis
2990 656 3075 701 est
3123 648 3381 705 Dominus
3431 648 3607 724 (Psal.

2029 733 2300 801 xxxm).o
2328 732 2546 801 Habitat
2589 747 2772 796 autem
2816 736 3086 815 [Nephele
3128 739 3179 793 in
3212 742 3389 797 medio
3429 743 3613 813 populi

2029 820 2192 877 Deum
2212 823 2278 876 ad
2303 824 2715 880 amaritudinem
2739 829 3099 895 provocantis,
3125 830 3217 897 qui
3245 830 3408 885 habet
3427 832 3614 889 oculos

2026 901 2090 963 et'
2108 924 2211 979 non
2240 911 2403 975 videt,
2432 924 2592 966 aures
2617 908 2680 966 et'
2708 930 2813 967 non
2844 917 3014 982 audit,
3040 931 3148 972 non
3174 919 3304 974 vitio
3332 935 3607 987 sensuum,

2026 1000 2120 1054 sed
2164 1001 2459 1070 pertinacia
2496 1004 2801 1072 pravitatis.
2832 1004 2986 1062 Unde
3014 1017 3069 1062 et
3107 1007 3366 1066 Dominus
3406 1012 3475 1067 ad
3519 1013 3615 1068 Ju-

2025 1087 2197 1144 (Leos:
2223 1110 2240 1141 ι
2270 1089 2340 1145 Si.
2366 1092 2516 1157 casei,
2555 1092 2746 1163 inquit,
2774 1096 2984 1161 essetis,
3010 1109 3288 1166 peccatum
3311 1116 3418 1155 non
3449 1102 3616 1158 habe-

2027 1179 2157 1233 retis
2199 1180 2380 1258 (Joan.
2426 1182 2526 1253 ιι),
2562 1202 2582 1235 ι
2635 1172 2992 1249 voluntariam
3046 1188 3349 1244 carcitatem
3406 1191 3461 1245 in
3508 1192 3615 1249 illis

2025 1284 2258 1353 arguens
2297 1280 2459 1342 atque
2511 1270 2896 1338 condemnans;
2941 1276 3077 1344 Quia
3124 1293 3253 1350 ergo
3282 1280 3467 1337 oculos
3510 1281 3611 1337 ha-

2023 1360 2154 1418 bent
2173 1363 2241 1418 ad
2282 1364 2593 1431 videndum,
2633 1373 2687 1422 et
2708 1383 2816 1423 non
2843 1369 3063 1424 vident:
3090 1354 3249 1426 aures
3275 1372 3345 1428 ad
3387 1373 3611 1430 audien-

2024 1452 2173 1519 dum,
2198 1463 2253 1510 et
2280 1471 2385 1510 non
2411 1457 2654 1525 audiunt,
2695 1465 2750 1513 et
2776 1466 2863 1513 tua
2889 1459 3052 1514 verba
3086 1470 3456 1529 contemnunt,
3483 1465 3615 1520 doce

2023 1556 2117 1599 eos
2154 1561 2253 1615 per
2294 1545 2583 1618 imaginem
2619 1556 2780 1617 atque
2819 1548 3109 1618 picturam,
3140 1559 3195 1605 et
3242 1554 3613 1611 schematibus

2022 1636 2245 1715 ostende
2303 1638 2607 1715 corporeis,
2651 1645 2721 1705 ut.
2753 1647 3037 1712 venturam
3077 1642 3451 1710 captivitatem
3502 1660 3608 1700 non

2024 1712 2196 1777 solum
2219 1724 2425 1790 auditu,
2451 1716 2558 1780 sed
2582 1712 2638 1781 et
2664 1717 2834 1781 oculis
2864 1740 3274 1798 recognoscant.

332 1821 466 1878 dum
492 1838 678 1907 usque.
707 1824 765 1895 in
807 1828 1140 1909 pergentem.
1159 1821 1503 1894 diem'gloria
1533 1822 1770 1887 Domini,
1798 1837 1919 1893 qua,
1947 1815 1993 1874 Β
2096 1813 2205 1867 «Tu
2225 1815 2467 1909 ergo,tlli
2486 1816 2943 1909 hominis,factibi
2961 1834 3085 1875 vasa
3103 1823 3610 1894 transmigrationis,

333 1907 886 1993 deseruittemplum,
915 1907 1031 1973 stat
1060 1924 1225 1986 super
1252 1923 1489 1971 montem
1536 1915 1755 1980 Oliveti,
1788 1922 1842 1969 et
1870 1915 1925 1970 in

332 2008 519 2085 erucis
568 1994 726 2080 signo
772 2007 1003 2062 rutilans
1048 2014 1259 2090 spectat
1317 2005 1604 2090 templum,
1654 2005 1924 2090 quondam

329 2084 618 2165 Jndaieum
643 2099 698 2154 in
724 2096 937 2155 favillas
959 2104 1015 2152 et
1043 2084 1264 2177 cineres
1283 2087 1584 2171 redactum.
1610 2108 1617 2116 '
1748 2088 1776 2103 ”

409 2212 429 2246 ι
459 2192 529 2267 Et
563 2192 788 2262 spiritus
819 2190 1020 2267 levavit
1053 2205 1160 2258 me,
1190 2180 1494 2245 et‘adduxit
1535 2188 1589 2243 in
1619 2186 1923 2242 Chaldaeum

335 2303 360 2337 ι
391 2268 454 2339 ad
473 2268 998 2356 transmigratiOnem
1014 2282 1068 2337 in
1082 2275 1289 2338 viSione
1304 2282 1357 2338 in
1371 2281 1560 2352 spiritu
1578 2281 1692 2337 Dei.
1714 2279 1922 2339 Etsub—

335 2362 368 2429 ι’
391 2377 501 2432 lata
529 2383 614 2433 est
642 2392 673 2430 a
714 2392 801 2432 me
823 2376 983 2442 visio,
1006 2376 1172 2446 quam
1201 2362 1460 2430 videram.
1483 2375 1544 2431 Et
1576 2375 1786 2429 locutus
1801 2388 1924 2428 sum

336 2485 359 2518 ι
396 2467 465 2525 ad
492 2463 1019 2536 transmigrationem
1046 2466 1228 2522 omnia
1250 2466 1416 2521 verba
1438 2465 1671 2530 Domini,
1689 2479 1808 2535 qua:
1834 2478 1923 2518 os-

333 2576 354 2608 (
390 2557 637 2612 tenderat
655 2557 805 2613 mihi.
837 2577 857 2610 ι
876 2556 982 2613 Pro
995 2572 1060 2613 eo
1078 2557 1219 2626 quod
1233 2571 1332 2612 nos
1342 2571 1406 2612 ex
1421 2556 1681 2613 Hebraica
1698 2555 1926 2611 veritate

330 2649 729 2714 transtulimus,
764 2669 783 2702 ι
814 2657 868 2704 et
895 2649 1102 2705 sublata
1133 2657 1217 2705 est
1246 2664 1277 2703 a
1304 2664 1391 2704 me
1411 2649 1568 2715 visio,
1589 2664 1750 2718 quam
1772 2648 1922 2705 vide-

328 2756 502 2805 ram,»
524 2738 872 2810 Septuaginta
898 2738 1302 2805 transtulerunt,
1323 2747 1407 2794 tet
1428 2738 1646 2793 ascendi
1667 2753 1699 2792 a
1718 2737 1925 2793 visione

327 2845 495 2901 quam
521 2830 784 2898 videram,
809 2831 954 2901 quod
983 2839 1271 2899 utrumque
1291 2827 1562 2899 signiﬁcat
1582 2843 1690 2883 non
1718 2828 1775 2882 in
1802 2843 1924 2883 cor-

329 2936 466 2992 pore
486 2937 589 2992 per
618 2923 936 2993 prophetam
962 2922 1016 2977 in
1042 2919 1338 2979 Jerusalem
1361 2921 1428 2976 de
1451 2920 1721 2992 Babylone
1746 2928 1925 2975 trans-

329 3013 527 3078 latum,
556 3014 651 3069 sed
678 3013 731 3068 in
759 3013 950 3084 spiritu
968 3055 984 3081 ,
1022 3013 1341 3083 sublataque
1377 3012 1586 3068 visione
1604 3052 1621 3078 ,
1649 3028 1770 3083 quae
1798 3027 1923 3067 eum

326 3103 388 3158 in
426 3103 622 3172 spiritu
663 3104 892 3159 duxerat
915 3103 1234 3171 Jerusalem,
1264 3112 1321 3160 et
1365 3104 1618 3159 universa
1647 3111 1919 3158 monstra-

2036 1920 2055 1953 ι
2089 1911 2144 1956 et
2173 1904 2430 1975 migrabis
2458 1920 2558 1976 per
2599 1908 2741 1962 diem
2770 1919 2954 1986 coram
3007 1909 3112 1987 his,
3144 1912 3400 1983 Migrabis
3429 1924 3609 1970 autem

2033 2009 2055 2069 ς
2088 1992 2153 2048 de
2181 1993 2300 2049 loco
2329 2003 2419 2050 tuo
2445 1996 2512 2050 ad
2537 1997 2712 2061 locum
2740 1986 2970 2061 alterum
2999 2001 3053 2056 l.‘.
3082 2013 3372 2072 conspectu
3398 2019 3607 2073 eorum,

2032 2076 2063 2134 «³
2084 2085 2127 2138 si
2146 2083 2283 2141 forte
2307 2087 2571 2161 aspiciant
2596 2090 2721 2158 quia
2748 2091 2938 2146 domus
2959 2107 3287 2162 exasperans
3312 2105 3397 2150 est
3425 2115 3442 2148 ι
3458 2136 3474 2162 ,
3497 2105 3607 2153 etc.

2027 2171 2165 2226 Nulli
2194 2174 2412 2228 dubium
2436 2176 2564 2244 quin
2589 2172 2837 2233 universa
2865 2174 2964 2236 loci
2992 2180 3152 2251 hujus
3175 2182 3507 2239 continentia
3538 2184 3618 2241 fu.

2027 2271 2204 2319 turam
2229 2267 2595 2336 captivitatem
2642 2269 2842 2325 indicet
2887 2273 3032 2342 regis
3064 2272 3303 2329 Sedecize
3339 2283 3396 2331 et
3438 2277 3612 2334 tribus

2024 2359 2196 2425 Judte,
2227 2365 2317 2434 qui
2341 2374 2532 2434 captus
2562 2374 2646 2421 est
2673 2382 2795 2424 cum
2830 2366 3155 2423 Jerusalem.
3198 2368 3306 2425 Sed
3356 2374 3612 2442 quoniam

2026 2452 2244 2520 quidam
2291 2454 2476 2508 volunt
2516 2456 2884 2525 captivitatem
2929 2456 3193 2525 Sedecisa,
3223 2461 3317 2531 qui
3354 2461 3617 2532 interpre-

2027 2553 2172 2598 tatur
2214 2545 2400 2600 Justus
2447 2547 2725 2616 Dominus,
2760 2551 2815 2605 in
2847 2559 3032 2623 typum
3077 2554 3385 2624 praecedere
3425 2554 3611 2612 Salva-

2026 2633 2179 2701 toris,
2220 2636 2313 2707 qui
2343 2637 2411 2693 de
2455 2638 2767 2697 coelestibus
2796 2643 2861 2697 ad
2894 2652 3109 2699 terrena
3137 2645 3472 2703 descendens
3513 2649 3615 2704 hn-

2025 2743 2241 2781 manum
2264 2743 2460 2799 corpus
2482 2741 2870 2803 assumpscrat,
2885 2743 2939 2788 et
2959 2734 3076 2791 btec
3098 2751 3218 2793 esse
3234 2754 3365 2794 vasa
3386 2740 3613 2810 captivi-

2026 2820 2172 2883 tatis,
2192 2819 2311 2874 ideo
2333 2823 2770 2888 prtemonendum
2794 2832 2924 2893 pulo
2945 2826 3263 2895 prudentem
3285 2838 3614 2903 cautumque

2024 2908 2305 2976 lectorem,
2341 2921 2396 2966 et
2421 2912 2536 2967 haec
2563 2912 2780 2982 quidem
2820 2930 2918 2970 nos
2943 2930 3164 2986 ponere,
3196 2933 3264 2973 ne
3298 2920 3427 2989 quid
3471 2935 3610 2990 prte-

2027 2998 2193 3054 terire
2221 2998 2520 3065 videamur,
2555 3002 2649 3056 sed
2698 3018 2803 3058 non
2829 3005 3079 3075 probare.
3114 3006 3296 3078 Neque
3325 3010 3469 3065 enim
3517 3026 3611 3069 rex

2026 3088 2225 3160 impius
2250 3091 2304 3144 in
2331 3090 2558 3161 ﬁguram
2584 3102 2765 3164 potest
2794 3097 3100 3166 przecedere
3138 3097 3275 3168 ejus,
3322 3101 3414 3172 qui
3449 3102 3614 3158 totius

325 3203 507 3259 verat,
539 3209 659 3263 qua:
685 3194 936 3265 superior
965 3209 1144 3250 sermo
1170 3195 1431 3260 narravit,
1460 3209 1710 3249 reversus
1738 3201 1823 3249 est
1863 3194 1919 3248 in
1946 3164 1992 3228 C
2021 3178 2241 3250 Pietatis
2291 3182 2597 3252 exemplum
2645 3193 2749 3239 εδει
2802 3186 3028 3257 Caluum
3077 3198 3257 3244 autem
3303 3206 3423 3246 esse
3453 3190 3615 3248 Sedc-

325 3282 687 3352 semetipsum
752 3291 808 3337 et
853 3282 1065 3339 locutus
1119 3289 1222 3346 est,
1265 3282 1332 3335 ad
1383 3282 1917 3351 transmigrationem

325 3371 514 3441 omnia
537 3360 657 3444 qum
681 3371 731 3426 ei
754 3370 969 3427 fuerant
1007 3372 1394 3436 demonstrata,
1424 3371 1674 3426 videlicet
1719 3371 1786 3426 ad
1824 3386 1917 3426 cos

338 3456 394 3519 le
434 3450 646 3534 quibus
695 3477 857 3533 supra
898 3463 1162 3532 scriptum
1187 3472 1313 3518 est:
1351 3481 1369 3514 ι
1419 3461 1528 3534 Ego
1557 3462 1807 3523 sedebam
1860 3461 1915 3516 in

325 3557 491 3612 domo
523 3570 658 3617 mea,
684 3563 739 3609 et
772 3569 930 3611 senes
959 3552 1095 3608 Juda
1118 3553 1376 3608 sedebant
1391 3552 1548 3621 juxta
1576 3567 1681 3608 me.
1723 3551 1790 3606 Et
1824 3566 1915 3607 ce-

324 3646 463 3702 cidit
490 3659 653 3715 super
667 3658 752 3698 me
776 3643 850 3699 ibi
864 3658 1054 3697 manus
1067 3641 1279 3696 Domini
1305 3641 1399 3696 Dei
1423 3649 1478 3695 et
1494 3640 1622 3695 vidi.
1646 3660 1665 3695 ι
1696 3641 1917 3695 Mirum-

264 3721 285 3727 ’
323 3750 432 3805 que
481 3733 539 3789 in
578 3733 796 3788 modum
840 3731 1150 3787 sedentibus
1190 3731 1295 3796 his,
1322 3730 1413 3799 qui
1453 3730 1521 3785 ad
1569 3745 1628 3786 se
1658 3739 1919 3786 venerant

323 3814 676 3889 v'isitandum,
728 3821 962 3877 visiones
1016 3819 1275 3895 mysticus
1304 3818 1574 3890 Propheta
1626 3819 1913 3886 cernebat,

320 3924 377 3977 et
401 3915 599 3973 absens
628 3921 748 3971 erat
771 3914 838 3973 ab
864 3913 973 3980 his,
999 3906 1097 3982 qui“
1123 3926 1305 3966 coram
1328 3924 1387 3966 se
1410 3909 1684 3975 sederant,
1718 3911 1915 3965 absens

322 3986 543 4075 spiritu,
572 4018 813 4075 praesens
842 4016 1088 4073 corpore.
1138 3999 1441 4070 Omniaque
1472 4000 1606 4055 ﬁunt
1638 4009 1697 4055 ut
1722 4016 1916 4057 conso—

323 4096 587 4150 lationem
609 4095 893 4165 recipiant,
950 4093 1040 4164 qui
1093 4093 1288 4169 captivi
1335 4100 1512 4158 erant,
1564 4092 1709 4162 quod
1752 4093 1913 4148 redu-

320 4184 482 4242 cendi
509 4185 621 4240 sint
655 4185 709 4239 in
752 4193 954 4239 terram
1002 4181 1185 4248 Israel,
1222 4191 1277 4239 et
1313 4182 1640 4240 ambulaturi
1678 4184 1730 4239 in
1777 4199 1915 4255 prae-

324 4277 500 4346 ceptis
522 4276 761 4342 Domini,
790 4275 1064 4346 futurique
1114 4276 1165 4332 ei
1214 4276 1268 4332 in
1301 4277 1579 4349 populum,
1605 4286 1660 4332 et
1710 4276 1798 4332 ille
1836 4276 1915 4331 fu-

325 4378 481 4423 turus
507 4368 579 4422 sit
604 4367 684 4422 eis
732 4367 787 4430 in
831 4367 1020 4422 Deum.
1051 4367 1151 4435 Qui
1176 4376 1355 4423 autem
1386 4384 1493 4424 non
1531 4367 1729 4424 fuerint
1782 4383 1913 4433 eon—

322 4459 467 4513 versi
490 4458 559 4512 ad
586 4457 981 4527 penitentiam,
1013 4459 1107 4514 sed
1129 4459 1519 4515 ambulaverint
1546 4468 1670 4530 post
1707 4458 1912 4513 abomi-

322 4548 577 4603 nationes
603 4561 750 4612 suas,
787 4547 1055 4619 recipiant
1078 4562 1198 4617 qua:
1232 4547 1492 4613 fecertmt,
1526 4549 1688 4604 verba
1727 4558 1909 4604 autem

321 4638 377 4693 in
436 4636 736 4708 Scripturis
778 4637 981 4693 sanctis
1028 4652 1130 4709 pro
1184 4636 1345 4698 rebus
1396 4637 1499 4693 dici
1558 4652 1698 4712 saepe
1726 4637 1914 4692 admo-

320 4729 565 4785 nuimus.
920 4737 924 4743 '

326 4814 333 4834 ²
556 4830 559 4831 ν
947 4817 1176 4887 CAPUT
1204 4816 1318 4877 xu.

324 4888 577 4960 Exemplo
611 4888 796 4960 probat
820 4885 1097 4960 Propheta;
1126 4888 1422 4960 angustiam
1451 4885 1731 4941 obsidionis
1758 4886 1915 4942 Jeru-

328 4980 336 4989 ο
491 4958 497 4960 ⁷
613 4958 620 4960 ἡ
750 4958 941 5026 salem,
964 4970 1012 5013 et
1033 4959 1146 5038 ejus
1166 4958 1489 5012 instantiam.

395 5090 414 5122 ι
442 5070 509 5125 Et
540 5069 716 5127 factus
754 5077 842 5126 est
892 5080 1073 5127 sermo
1100 5071 1313 5127 Domini
1342 5070 1410 5125 ad
1437 5083 1523 5124 me
1550 5070 1737 5125 dicens
1768 5088 1780 5123 :
1813 5069 1917 5145 Fili

323 5180 342 5214 ς
379 5163 641 5230 hominis,
667 5164 722 5218 in
754 5164 935 5219 medio
956 5163 1148 5218 domus
1173 5161 1549 5232 exasperantis
1579 5169 1633 5215 tu
1676 5150 1910 5228 habitas,

323 5240 341 5299 ἀ
370 5250 657 5318 qniocnlos
675 5252 875 5306 habent
888 5251 956 5306 ad
975 5251 1263 5307 videndum
1278 5262 1333 5307 et
1354 5266 1457 5306 non
1472 5249 1741 5316 vident,et
1756 5266 1916 5308 aures

324 5360 340 5393 ι
372 5342 439 5397 ad
470 5343 794 5400 audiendum
824 5353 881 5400 et
910 5359 1016 5400 non
1056 5345 1300 5413 audiunt,
1323 5346 1448 5416 quia
1470 5346 1662 5400 domus
1689 5358 1913 5416 eanpe-

320 5452 339 5511 t
370 5451 498 5488 rans
527 5443 627 5501 est,
647 5446 780 5494 ιρις.
800 5436 905 5492 Pro
929 5437 1339 5508 exasperatione
1378 5449 1591 5506 quoque
1628 5436 1729 5491 diei
1767 5451 1916 5491 ama-

319 5526 554 5580 ritudine
603 5527 794 5581 crebro
839 5527 1141 5594 docuimus,
1174 5535 1236 5581 ut
1280 5528 1352 5582 sit
1390 5539 1622 5581 sensus:
1650 5525 1702 5579 in
1736 5526 1914 5581 medio

1934 4508 1989 4568 D

2021 3270 2159 3324 ciam
2218 3286 2250 3324 a
2306 3271 2616 3342 Babyloniis
2666 3283 2829 3345 atque
2878 3276 3175 3345 Chaldaeis,
3234 3288 3289 3334 et
3345 3278 3611 3339 Jeremias

2017 3361 2280 3429 propheta
2304 3401 2320 3426 ,
2367 3369 2423 3417 et
2463 3360 2668 3434 Regum
2714 3374 2901 3420 narrat
2940 3367 3187 3435 historia,
3220 3376 3274 3423 et
3300 3370 3517 3425 ductum
3546 3373 3612 3429 de

2018 3448 2135 3504 loco
2162 3450 2215 3504 in
2239 3450 2436 3516 locum,
2463 3453 2565 3507 hoc
2613 3460 2715 3519 est,
2757 3455 2822 3510 de
2850 3454 3146 3510 Jerusalem
3173 3457 3227 3510 in
3256 3457 3607 3531 Babylonem,

2019 3550 2072 3596 et
2105 3550 2322 3610 caetera,
2345 3560 2465 3614 quae
2492 3544 2742 3601 Ezechiel
2775 3547 2827 3602 in
2867 3551 3319 3618 consequentibus
3344 3551 3603 3622 loquitur.

2018 3629 2119 3697 Qui
2163 3641 2344 3687 autem
2393 3631 2638 3689 referunt
2677 3635 2742 3688 ad
2770 3630 3053 3690 Dominum
3085 3634 3277 3691 ‘Jesum
3329 3637 3608 3696 Christum

2017 3720 2384 3789 captivitatem
2426 3720 2546 3790 ejus
2589 3730 2642 3775 ct
2674 3723 3201 3793 transmigrationem
3231 3725 3368 3794 ejus,
3392 3726 3459 3781 de
3487 3728 3606 3784 loco

2016 3809 2071 3863 in
2116 3810 2317 3877 locum,
2345 3812 2754 3868 descensionem
2801 3828 2868 3868 ex
2917 3812 3235 3872 coelestibus
3279 3817 3347 3872 ad
3391 3826 3609 3875 terrena

2018 3901 2314 3972 significari
2337 3911 2549 3973 putant.

2091 4008 2110 4042 ι
2151 3991 2220 4046 Ει
2260 3991 2455 4049 etl'eres
2493 3992 2641 4049 foras
2693 4010 2821 4050 vasa
2874 4004 2985 4063 tua,
3010 3998 3164 4068 quasi
3193 4014 3323 4054 vasa
3354 4000 3607 4057 transmi-

2019 4100 2039 4134 ς
2075 4083 2286 4154 grantis
2330 4099 2428 4155 per
2469 4084 2612 4140 diem
2660 4087 2714 4140 in
2746 4097 3038 4158 conspectu
3069 4106 3280 4154 eorum.
3315 4091 3395 4147 Tu
3424 4102 3606 4150 autem

2019 4188 2039 4224 ι
2070 4171 2368 4244 egredieris
2397 4189 2623 4250 vespere
2652 4190 2833 4232 coram
2860 4179 2959 4243 eis,
2995 4179 3137 4243 sicut
3183 4182 3462 4252 egreditur
3510 4185 3610 4240 mit-

2017 4280 2036 4313 c
2065 4279 2230 4334 graus
2252 4272 2377 4319 ante
2404 4266 2588 4328 oculos
2616 4282 2825 4337 eorum,
2871 4269 3093 4339 perfode
3117 4271 3211 4326 tibi
3238 4274 3522 4342 parietem,
3551 4282 3610 4342 et

2018 4373 2036 4405 ι
2068 4356 2365 4426 egredieris
2386 4372 2481 4428 per
2518 4372 2664 4424 eum,
2694 4359 2747 4412 in
2776 4342 3065 4428 conspectu
3088 4375 3296 4417 eorum.
3319 4363 3377 4418 in
3418 4365 3610 4435 homo,

2019 4462 2037 4498 ε
2072 4446 2148 4502 ris
2171 4447 2435 4516 portabis,
2477 4448 2529 4502 in
2571 4448 2798 4520 caligine
2829 4447 3073 4519 eﬂ'ugies,
3109 4449 3303 4519 faciem
3346 4444 3607 4513 tuam‘ve-a

2019 4553 2037 4585 ι
2070 4533 2209 4609 labis
2235 4545 2289 4591 et
2313 4553 2417 4591 non
2448 4538 2654 4593 videbis
2679 4548 2898 4604 terram,
2922 4540 3047 4609 quia
3075 4530 3379 4611 portentum
3403 4546 3525 4601 dedi
3553 4555 3607 4603 te

2020 4647 2038 4681 ι
2074 4630 2257 4685 domui
2310 4630 2497 4696 Israel,
2534 4651 2553 4683 ι
2588 4640 2694 4687 etc.
2736 4628 2953 4698 Facere
2980 4632 3202 4702 jubetur
3243 4638 3506 4709 prepheta
3547 4641 3604 4710 in

2017 4716 2208 4792 ﬁgura,
2250 4737 2370 4790 quze
2417 4720 2672 4777 Sedccias
2720 4723 2960 4780 facturus
2995 4728 3159 4794 estin
3196 4730 3434 4794 veritate.
3481 4732 3607 4790 Cola-

2017 4812 2123 4883 lige
2152 4814 2295 4869 enim
2346 4814 2586 4870 sarcinas
2625 4827 2765 4881 tuas,
2793 4816 2908 4873 htec
2930 4819 3073 4873 enim
3112 4835 3240 4889 vasa
3275 4830 3400 4879 sunt
3428 4832 3606 4891 trans-

2019 4903 2303 4973 migrantis
2336 4903 2641 4960 videntibus
2664 4906 2760 4962 eis.
2788 4906 2857 4962 Et
2891 4919 3178 4979 postquam
3206 4913 3444 4969 viderint
3480 4932 3602 4987 qua

2018 4989 2258 5047 facturus
2277 5008 2355 5059 cs,
2371 4995 2665 5065 egredieris
2684 5012 2907 5068 vespere
2929 5000 2980 5053 in
3000 5000 3404 5064 similitudinem
3430 5000 3605 5071 trans-

2018 5083 2321 5154 migrantis.
2361 5085 2613 5157 Legimus
2638 5088 2782 5142 enim
2813 5087 3094 5146 Sedeciam
3129 5106 3287 5150 nocte
3310 5111 3464 5150 muro
3485 5092 3600 5168 suf-

2015 5175 2165 5231 fosso
2191 5174 2392 5248 fugisse
2431 5177 2497 5232 ad
2540 5177 2753 5234 deserta
2781 5177 3053 5249 Iordanis,
3106 5185 3285 5255 ibique
3312 5202 3342 5240 a
3370 5186 3600 5258 Babylo-

2016 5265 2121 5320 niis
2132 5277 2253 5321 esse
2264 5267 2733 5337 comprehensum,
2758 5278 2814 5325 et
2839 5272 2943 5327 hoc
2967 5273 3274 5344 signiﬁcare
3293 5270 3597 5345 perfossum

2013 5355 2466 5426 parietem.Quod
2491 5367 2670 5414 autem
2695 5359 2856 5416 dicit:
2891 5380 2909 5413 ε
2941 5360 2997 5417 ln
3026 5363 3262 5418 humeris
3278 5364 3539 5434 portabis,
3568 5385 3592 5421 ι

2013 5447 2336 5502 subauditur
2378 5449 2623 5506 sarcinas
2661 5459 2801 5519 tuas,
2830 5462 2886 5507 et
2912 5453 3172 5524 quidquid
3211 5455 3277 5508 ad
3324 5453 3422 5508 vite
3459 5454 3598 5519 sola-

2017 5538 2153 5615 tium
2195 5535 2464 5610 fugientes
2492 5549 2713 5611 portare
2746 5552 3179 5597 consueverunt:
3210 5561 3229 5595 ι
3268 5542 3320 5595 in
3366 5542 3596 5615 caligine

312 5612 509 5671 domus
567 5616 633 5671 ad
679 5619 1094 5676 amaritudinem
1143 5618 1513 5675 convertentis
1565 5625 1621 5671 tu
1674 5617 1906 5685 habitas,
2007 5612 2223 5696 efferes,
2252 5649 2271 5683 ι
2303 5646 2371 5686 ne
2392 5632 2627 5689 videaris
2652 5642 2993 5704 aquoquam,
3031 5652 3049 5685 ι
3087 5632 3280 5689 faciem
3312 5612 3601 5688 ευριπ-νε-

316 5721 435 5776 qua:
474 5708 758 5766 Dominum
790 5727 980 5770 natura
1020 5715 1231 5772 dulcem
1261 5724 1423 5788 atque
1453 5713 1795 5781 clementem,
1830 5713 1910 5769 vi'-
2006 5721 2169 5789 labis,
2204 5738 2223 5773 ι
2255 5719 2338 5777 vel
2364 5722 2663 5781 caecitatem
2686 5740 2805 5803 quae
2836 5723 2885 5782 ci
2915 5723 3134 5789 accidit,
3169 5725 3337 5781 crutis
3363 5722 3537 5783 oculis
3563 5739 3595 5780 a
