3954 6182
385 343 487 398 657

1017 341 1076 395 Β.
1119 338 1371 403 RABANI
1409 338 1629 400 MAURI
1669 337 1985 400 ABCIIIEP.
2028 335 2341 394 MOGUNT.
2385 334 2668 398 OPERUM
2706 333 2886 397 PARS
2923 333 2986 389 ll.

3555 335 3663 390 648

385 453 894 520 Nabuchodonosor,
926 453 1008 509 vel
1053 470 1119 508 ne
1153 440 1529 528 cognoscatur,
1561 437 1703 523 quod
1757 431 1870 522 ipse
1897 453 1966 508 sit
1997 460 2039 515 Α
2076 469 2093 501 ι
2128 452 2243 522 ejus
2273 438 2327 504 et
2351 451 2567 521 agmina
2600 449 2744 506 illius
2765 449 3070 521 dispergam
3100 449 3152 503 in
3179 465 3395 504 omnem
3423 465 3666 520 ventem,

384 564 480 602 rex
509 557 589 601 et
637 544 806 613 major
850 545 944 598 ﬁat
981 559 1110 598 cura
1169 528 1525 629 seirvan‘tium.
1577 532 1838 627 Quodque
1891 558 1976 598 sc-

387 639 567 706 quitur
597 652 610 694 :
646 655 662 686 ι
717 637 783 689 Et
813 651 918 690 non
958 613 1421 712 videbis'ter‘ram,’
1453 654 1470 686 ›
1508 613 1638 703 ilbid
1683 633 1971 712 significat,

383 727 525 798 quod
579 741 750 780 cmcus
778 726 971 779 ductus
999 725 1067 778 sit
1113 724 1165 778 in
1217 716 1572 794 Babj'lonem,’
1605 722 1834 793 camq'uc
1863 717 1972 778 non

384 820 598 873 viderit.
656 837 674 867 ι
706 817 842 883 Quia
885 825 1216 886 portentum,
1273 815 1467 884 inquit,
1513 817 1632 870 dedi
1693 826 1744 870 te
1789 807 1972 870 domui

381 908 562 964 lsrael.
605 928 622 960 ι
660 908 715 962 ln
767 906 977 978 signum
1033 907 1174 959 enim
1218 915 1272 960 et
1323 906 1376 959 in
1405 907 1630 975 figuram
1680 908 1968 978 propheta-

384 1017 500 1053 rum
539 1007 646 1051 tam
696 981 1026 1065 dictaiquam
1065 993 1202 1048 facta
1242 995 1386 1048 sunt'.
1439 991 1589 1050 Unde
1618 997 1744 1070 etin
1775 991 1973 1050 Zacha-

382 1091 460 1144 tia
490 1091 590 1143 viri
628 1089 923 1158 portentosi
950 1096 1235 1152 vocantur,
1259 1079 1395 1156 quia
1422 1081 1599 1140 littora
1624 1073 1965 1157 portendant.

386 1185 449 1240 Et
503 1185 555 1249 in
601 1173 1001 1262 Osea’l‘oquitur
1029 1187 1168 1240 Deus
1198 1204 1210 1238 :
1265 1204 1281 1236 ι
1317 1185 1374 1239 In
1405 1167 1650 1256 manibus
1679 1183 1970 1252 propheta-

382 1294 498 1330 rum
525 1294 640 1343 sum
676 1265 1002 1332 assimilatus
1041 1276 1184 1349 (Ose.
1226 1280 1345 1354 xu).
1382 1297 1398 1327 ι
1435 1277 1536 1342 Qui
1573 1285 1753 1354 autem
1783 1273 1969 1354 volunt

382 1369 433 1422 in
460 1357 996 1435 Ezechielispersoua
1021 1355 1562 1444 Christumintelligi,
1585 1352 1716 1419 'vasa
1743 1348 1966 1435 captivi-

385 1461 530 1528 tatis,
568 1452 866 1530 immanium
897 1446 1104 1528 corpus
1139 1445 1432 1532 accipiunt,
1464 1469 1517 1511 ct
1545 1456 1843 1530 perfossum
1875 1472 1968 1526 pa-

382 1537 592 1620 rietem,
623 1535 726 1622 quo
759 1536 1088 1624 infernarum
1117 1549 1353 1624 claustra
1397 1535 1673 1624 perfregit,
1712 1533 1968 1604 etI‘resitr-

379 1655 510 1710 gens
534 1657 562 1694 a
586 1641 713 1696 solis
741 1642 1083 1696 credentibus
1106 1623 1376 1706 visus'cst,
1405 1623 1760 1710 portatusque
1789 1639 1840 1692 in
1871 1638 1968 1691 lm-

380 1735 567 1798 meris,
597 1737 810 1803 quanlo
838 1723 959 1788 cum
989 1721 1248 1814 angelicis
1270 1735 1626 1814 potestatibus
1655 1737 1720 1788 ad
1761 1733 1960 1787 cwlum

2085 539 2102 592 ά
2138 529 2191 595 et
2213 540 2450 610 gladium
2469 540 2769 614 evaginabo
2790 547 2912 610 post
2939 554 3052 592 eos.
3096 537 3163 592 Et
3202 539 3377 593 scient
3403 542 3527 610 quia
3566 559 3670 615 ego

2083 629 2103 682 ὁ
2137 629 2417 696 Dominus,
2446 621 2659 698 quando
2682 615 2996 699 dispersero
3055 627 3175 682 illos
3206 630 3258 682 in
3305 631 3580 700 gentibus,
3611 642 3668 687 et

2083 739 2100 771 ι
2135 721 2564 776 dissemiuavero
2601 721 2723 775 illos
2753 720 2806 774 in
2836 729 3026 784 terras.
3061 721 3125 774 Et
3157 720 3454 790 relinquam
3495 738 3559 776 ex
3588 724 3673 777 eis

2080 831 2096 861 ι
2136 811 2278 864 viros
2299 826 2499 880 paucos
2521 827 2549 864 a
2575 810 2754 881 gladio
2775 817 2827 863 ct
2854 808 3060 864 fame'et
3079 799 3403 880 pestilentia,
3431 821 3488 865 ut
3514 825 3674 866 enar-

2079 919 2097 951 ι
2143 908 2263 955 rent
2295 902 2475 955 omnia
2506 900 2713 955 scelera
2736 887 2933 955 'eot'uui'
2955 902 3007 954 in
3035 888 3282 969 gentibus
3303 899 3374 973 ‘ail
3403 891 3544 972 quas
3582 902 3671 956 ln-

2077 1006 2095 1039 (
2133 987 2559 1060 ετειίἰεηιιιινζΈι
2587 991 2761 1044 seicnt
2783 989 2906 1058 quia
2931 1004 3030 1058 ego
3072 990 3348 1045 Dominus;
3397 982 3666 1063 {Utica}

2069 1064 2685 1150 Primumexpouamus
2702 1080 3003 1133 historiam.
3053 1079 3168 1144 Dic,
3213 1081 3402 1150 inquit,
3436 1083 3503 1134 ad
3546 1098 3663 1145 eos,

2068 1186 2101 1226 ο
2135 1169 2208 1224 ﬁli
2239 1170 2496 1235 hominis,
2547 1170 2636 1238 qui
2699 1169 3162 1238 vel‘interrogaut,
3195 1172 3279 1225 vel
3332 1189 3436 1225 non
3489 1174 3664 1226 inter-

2069 1269 2260 1332 rogant
2290 1279 2302 1313 :
2336 1260 2474 1327 Quid
2516 1268 2572 1312 tu
2615 1259 2750 1314 facis
2780 1259 2931 1314 lucc?
2951 1260 3093 1329 quod
3121 1277 3282 1329 super
3305 1261 3495 1314 ducem
3519 1259 3666 1338 otius

2070 1352 2230 1415 istud,
2264 1360 2318 1404 et
2371 1351 2507 1404 visio
2555 1352 2626 1405 sit
2656 1351 2729 1415 ci,
2760 1351 2852 1420 qui
2898 1360 2977 1406 est
3010 1352 3062 1404 in
3111 1349 3432 1414 Jerusalem,
3467 1352 3660 1405 ductim

2067 1439 2330 1509 significat
2351 1438 2652 1494 Sedcciam.
2673 1439 2738 1492 Et
2754 1440 2837 1494 die
2854 1439 3019 1509 uligo
3036 1448 3342 1508 portentum
3361 1448 3622 1501 vestrum,
3638 1461 3655 1490 ι

2066 1534 2200 1595 sive,
2225 1541 2281 1585 ut
2303 1531 2652 1601 Septuaginta
2681 1531 3094 1595 transtulerunt,
3115 1550 3132 1581 ‹
3164 1530 3272 1602 Ego
3295 1514 3660 1601 qui-portenta

2067 1622 2258 1683 facio,»
2279 1632 2335 1676 ut
2354 1638 2420 1677 ex
2446 1621 2803 1691 pnesentibu's'
2824 1619 2998 1675 littora
3023 1611 3436 1693 cognoscantur.
3475 1639 3494 1670 ε
3523 1611 3662 1686 θόο-

2067 1713 2224 1768 modo
2251 1712 2371 1776 feci,
2398 1714 2475 1766 sic
2505 1711 2598 1765 liet'
2619 1711 2746 1776 illis,
2771 1730 2787 1762 ι
2828 1697 3030 1766 ὀιῖεῖίρι
3059 1713 3266 1766 cunctis
3284 1712 3373 1780 qui
3405 1711 3457 1763 in
3489 1715 3659 1764 comi-

378 1801 626 1880 ascendit
669 1826 859 1880 victor.
915 1827 981 1880 Et
1011 1801 1536 1896 qdodviabsteonditus
1574 1826 1868 1897 egreditur,
1909 1832 1963 1879 ει
1993 1801 2036 1858 Β
2067 1809 2178 1856 tatu
2227 1803 2380 1857 ducis
2422 1811 2546 1857 sunt
2582 1814 2595 1855 ε
2626 1803 2677 1855 in
2733 1803 3260 1873 transmigratiouem
3305 1803 3542 1873 Babylon
3568 1818 3654 1854 am

378 1918 520 1971 velat
558 1916 748 1971 faciem
785 1933 958 1981 suam,
989 1935 1055 1972 ne
1087 1919 1139 1972 in
1168 1933 1332 1974 carne
1369 1905 1582 1974 mortali
1611 1918 1856 1972 videatur
1885 1917 1965 1971 di-

379 2007 501 2060 vina
551 2007 826 2076 majeslas.
877 2009 940 2061 Et
968 2024 1073 2062 non
1105 2009 1251 2088 videt
1275 2018 1494 2088 terram,
1525 2023 1591 2063 ne
1613 2008 1785 2062 oculis
1824 2007 1966 2062 illius

378 2095 698 2161 illustretur,
729 2113 848 2168 qua}
875 2096 989 2165 ejus
1033 2112 1136 2152 non
1172 2079 1729 2167 mercturaSpe'ctum.
1763 2116 1781 2148 c
1811 2097 1963 2176 Oculi

377 2187 517 2264 enim
551 2187 761 2264 Domini
793 2188 1138 2264 superjustos
1167 2175 1337 2259 (Paul.
1379 2187 1598 2259 χχχιιι),
1634 2207 1652 2240 ι
1687 2197 1742 2264 et
1766 2175 1966 2264 avertit

377 2256 751 2354 facieui'sqam
784 2278 850 2331 ab
881 2263 1079 2356 impiis.
1105 2277 1229 2332 lltec
1261 2287 1457 2340 autem,
1489 2256 1964 2352 inquittnt,'omnia

377 2368 572 2445 fecisse
601 2353 960 2440 narratur,‘ut
986 2384 1081 2442 per
1103 2369 1509 2434 similizudinem
1555 2365 1789 2448 hominis
1831 2353 1963 2452 dura

375 2460 444 2513 ad
471 2443 628 2536 [idem
667 2459 940 2513 lsraelitici
971 2459 1149 2529 populi
1185 2461 1348 2530 corda
1390 2443 1745 2548 coiit'eiitcrct,
1779 2448 1852 2516 ὀι

374 2533 681 2619 portentum
729 2551 888 2604 datur
942 2550 1124 2604 domui
1180 2540 1366 2615 lsrael,
1418 2533 1574 2618 jti'xta
1634 2533 1762 2605 illdd
1821 2533 1964 2622 quod

373 2629 631 2722 scriptum
661 2650 778 2704 est;
815 2661 831 2690 ι
866 2641 1006 2718 Ecce
1052 2641 1140 2696 hic
1169 2642 1377 2711 positus
1409 2651 1491 2697 est
1520 2643 1573 2696 in
1608 2633 1963 2699 resurrectio-

375 2749 494 2786 nem
542 2741 596 2784 et
627 2729 677 2786 in
711 2732 920 2809 ruinam
957 2733 1269 2803 multorum,
1303 2742 1360 2798 et
1389 2735 1441 2788 in
1472 2735 1680 2806 signum
1715 2737 1800 2789 cui
1828 2750 1960 2808 cop-

375 2823 690 2879 tradicctur.
723 2842 740 2874 ι
825 2809 829 2814 ’
983 2819 987 2824 ’
1870 2817 1872 2819 ›
1907 2814 1913 2822 .

383 2917 386 2922 '
452 2931 471 2963 ‹
509 2905 637 2966 Feci
666 2899 796 2981 ergo
824 2910 964 2987 sicut
992 2921 1322 2983 praeceperat
1349 2913 1504 2980 mihi,
1531 2929 1655 2966 vasa
1686 2929 1802 2966 mea
1833 2927 1958 2982 pro-

379 3024 396 3054 ‹
431 3005 544 3067 tuli,
573 2991 726 3073 quasi
754 3001 882 3058 vasa
905 3005 1186 3075 migrantis
1207 2991 1302 3073 per
1323 3005 1484 3070 diem,
1509 3016 1562 3059 ct
1591 3020 1812 3074 vespere
1835 2993 1959 3075 per-

377 3113 395 3145 ‹
432 3095 537 3148 fodi
566 3094 691 3147 mihi
717 3093 975 3162 parietem
1002 3087 1183 3147 manu.
1213 3092 1271 3147 ln
1299 3093 1524 3164 caligine
1551 3087 1799 3160 egressus
1819 3111 1958 3158 sum,

2065 1894 2260 1963 captivi
2288 1894 2579 1957 dueentur;
2606 1901 2701 1946 ιἐι
2724 1892 2828 1950 dux
2861 1894 2951 1963 qui
2980 1903 3063 1946 est
3092 1894 3145 1946 in
3178 1893 3354 1947 medio
3377 1907 3566 1945 eorum
3602 1892 3654 1944 in

2064 1981 2305 2041 littirieris
2333 1966 2655 2056 portabitui',
2670 1980 2705 2036 ι’
2722 1986 2804 2040 vel
2820 1985 3211 2054 ‘jninentorum,
3229 1984 3327 2040 'vel
3347 1997 3536 2038 eorum
3561 1983 3654 2052 qui

2065 2090 2186 2130 cum
2211 2091 2274 2130 eo
2296 2076 2544 2148 fugerant
2573 2095 2590 2127 ι
2624 2077 2674 2130 in
2699 2076 2928 2146 caligine
2957 2095 3003 2140 ι,
3024 2065 3358 2129 etinuootis
3375 2064 3652 2135 tenebris;

2071 2165 2442 2244 i'égredietur,
2467 2153 2789 2235 niueumque
2828 2165 3122 2221 sullmlient‘
3147 2185 3166 2218 ›
3198 2159 3330 2220 socii
3351 2160 3491 2233 ejus,
3530 2182 3548 2213 ι
3591 2171 3656 2217 ut

2067 2241 2298 2314 educant
2325 2275 2447 2313 eum
2475 2277 2488 2324 ;
2522 2260 2687 2313 facies
2709 2259 2831 2328 ejus
2863 2257 3148 2318 velalzutir,
3181 2277 3198 2308 ι
3238 2257 3316 2309 vel
3347 2257 3539 2309 timore
3568 2253 3654 2307 fu-

2065 2352 2263 2422 gientis
2299 2348 2380 2404 vel
2414 2351 2672 2404 czecitatis
2717 2349 2933 2417 il‘ijuria',
2967 2368 2983 2399 ε
3019 2339 3277 2403 ιιι⁵ςωρυδ
3309 2358 3509 2402 terram
3541 2362 3651 2402 non

2066 2443 2246 2497 videat
2279 2428 2311 2494 ι’
2353 2442 2672 2511 Babylonis.
2705 2459 2721 2490 ε
2767 2441 2842 2494 Et
2882 2455 2980 2507 ego
3017 2441 3300 2495 extendam
3329 2448 3441 2492 rete
3469 2453 3648 2492 meum

2067 2550 2228 2604 super
2275 2533 2444 2598 illum,
2481 2542 2535 2587 et
2577 2533 2821 2602 capietur
2872 2533 2922 2585 in
2973 2547 3167 2601 sagena
3207 2545 3346 2585 mea.
3387 2549 3405 2581 ι
3443 2529 3653 2584 Com-e-

2067 2628 2225 2682 dente
2274 2626 2500 2680 Domine
2540 2627 2738 2696 quippe
2787 2641 2816 2678 a
2873 2624 3182 2696 Babyloniis
3217 2632 3409 2692 captus
3444 2630 3548 2675 est.
3583 2620 3652 2674 Et

2066 2720 2180 2774 haec
2222 2734 2342 2788 qua:
2391 2719 2460 2772 ab
2501 2718 2744 2772 hostibus
2793 2733 2982 2787 passus
3035 2727 3116 2771 est
3173 2716 3307 2776 ticri,
3355 2730 3414 2770 se
3457 2715 3652 2769 fecisse

2067 2818 2314 2864 testatur.
2347 2808 2656 2878 Ductusque
2685 2809 2738 2862 in
2767 2807 3118 2881 Babylonem,
3150 2817 3346 2861 terram
3371 2805 3652 2861 Chaldaeo-

2064 2911 2182 2955 rum
2211 2915 2316 2954 non
2367 2899 2588 2962 videbit.
2619 2899 2799 2970 ibique
2822 2899 3068 2969 captivus
3125 2899 3405 2953 morietur.
3447 2897 3651 2954 Omnes

2065 3000 2246 3045 autem
2270 2991 2444 3045 socios
2477 2989 2592 3059 cjus
2621 2999 2676 3043 et
2704 2990 2977 3057 adjutores
3007 2998 3060 3044 et
3084 2979 3310 3044 cantites
3334 2990 3491 3059 l‘ugze‘,
3524 2987 3648 3044 eum

2066 3082 2154 3137 ille
2204 3083 2363 3136 fuerit
2405 3077 2847 3151 comprehensus,
2881 3083 2984 3137 huc
3011 3066 3264 3151 {illucque
3315 3071 3644 3152 dispergam,

377 3206 393 3236 ι
426 3195 477 3239 ct
507 3185 813 3238 iulmmeris
834 3184 1551 3254 portatusinoculiscorum.
1593 3205 1610 3236 ι
1644 3184 1772 3251 Qum
1799 3201 1952 3254 supra

2064 3191 2164 3229 nec
2204 3190 2426 3229 securos
2472 3174 2620 3228 abire
2662 3173 2994 3244 permittam,
3026 3176 3116 3230 sed
3151 3175 3201 3227 in
3248 3173 3500 3227 manibus
3523 3173 3648 3227 bos-

365 3276 545 3346 jussus
570 3285 652 3330 est
707 3277 887 3329 facere
939 3291 1100 3344 opere
1145 3292 1202 3330 se
1231 3275 1531 3345 complesse
1568 3285 1810 3340 testatur,
1859 3291 1957 3330 nec

368 3367 812 3437 interpretatione
869 3369 1068 3438 indiget
1114 3366 1271 3436 juxta
1319 3378 1600 3437 utramque
1630 3368 1952 3422 sententiam

367 3459 509 3532 quod
555 3473 716 3528 supra
761 3459 1064 3528 expositum
1093 3469 1196 3513 est.
1248 3458 1379 3512 Illud
1430 3468 1610 3512 autem
1661 3458 1953 3512 notandum

367 3557 471 3612 est,
501 3549 642 3617 quod
689 3565 794 3602 uno
834 3557 995 3617 atque
1026 3550 1214 3605 eodem
1247 3557 1487 3619 tenqiore
1532 3547 1797 3603 Jeremias
1830 3563 1954 3616 pro-

364 3636 696 3716 phetabatin
725 3635 1050 3704 Jerusalem,
1083 3647 1138 3694 et
1187 3639 1436 3693 Ezechiel
1482 3639 1533 3692 in
1580 3638 1850 3708 Babylone
1899 3646 1954 3692 et

365 3727 509 3792 illius
537 3729 816 3798 prophetia
857 3731 1170 3784 mittebatur
1196 3731 1260 3784 ad
1296 3731 1536 3798 captivos
1564 3746 1578 3793 ;
1615 3735 1670 3782 et
1700 3727 1856 3796 lmjus
1885 3729 1950 3781 ad

365 3833 457 3872 eos
483 3819 570 3887 qui
601 3819 913 3873 habitabant
935 3820 984 3872 in
1015 3818 1332 3882 Jerusalem,
1368 3828 1424 3872 ut
1452 3819 1608 3872 unius
1644 3820 1696 3872 in
1725 3818 1950 3872 diversis

365 3908 680 3984 regionibus
709 3908 802 3961 Dei
833 3909 1167 3976 providentia
1197 3917 1611 3969 n‘ioustraretur,
1642 3918 1695 3963 et
1744 3908 1946 3963 intelli-

364 4006 556 4075 gerent
583 3996 862 4059 audientes
891 4011 1220 4068 quiecunque
1245 3999 1562 4052 accidebant
1595 3997 1809 4068 populo,
1855 4013 1946 4051 uc-

361 4102 630 4156 quaquam
679 4085 940 4148 idolorum
989 4095 1276 4162 potestate,
1329 4088 1420 4140 sed
1455 4087 1668 4141 Domini
1702 4086 1945 4155 jussioue

362 4177 674 4231 consistere.
1727 4173 1730 4178 ’

437 4284 454 4317 ‹
485 4268 548 4320 Et
577 4267 750 4321 factus
799 4275 881 4322 est
904 4282 1082 4322 sermo
1131 4267 1341 4321 Domini
1376 4268 1441 4321 ad
1473 4282 1557 4320 me
1596 4267 1778 4321 dicens
1807 4286 1817 4320 :
1845 4267 1942 4320 Fili

365 4375 382 4406 ι
425 4357 678 4420 hominis,
704 4357 944 4426 nunquid
972 4373 1075 4420 non
1103 4356 1357 4410 dixerunt
1378 4357 1444 4410 ad
1478 4365 1526 4410 te
1554 4356 1743 4410 domus
1758 4355 1940 4421 Israel,

364 4467 380 4498 ι
417 4449 607 4502 donms
629 4463 987 4518 exasperatis:
1022 4447 1159 4514 Quid
1191 4457 1242 4500 tu
1274 4447 1440 4502 facis?
1464 4447 1589 4511 Haec
1611 4447 1739 4502 dicit
1764 4448 1944 4501 Domi-

2063 3266 2191 3319 tium
2223 3265 2517 3336 evaginabo
2542 3264 2775 3334 gladiqu
2830 3279 3026 3328 meum,
3065 3272 3122 3318 ut
3151 3265 3365 3334 quando
3417 3264 3645 3334 dispersi

2060 3356 2260 3411 fuerint
2308 3357 2360 3409 in
2404 3355 2671 3425 gentibus,
2706 3353 3003 3425 intelligant
3050 3354 3190 3424 quod
3226 3369 3326 3425 ego
3379 3355 3483 3409 sim
3536 3354 3644 3409 Do—

2060 3449 2253 3510 minus,
2289 3455 2342 3501 et
2376 3462 2490 3500 mea
2530 3454 2722 3500 cuncta
2773 3444 3047 3500 voluntate
3075 3446 3182 3498 sint
3216 3443 3378 3498 facta.
3411 3463 3429 3494 ι
3466 3444 3534 3498 Et
3563 3458 3644 3497 re-

2057 3538 2320 3608 linquam,
2373 3538 2568 3607 iuquit,
2614 3553 2678 3592 ex
2729 3538 2890 3591 sociis
2926 3557 2944 3590 ι
2986 3537 3073 3606 qui
3108 3552 3230 3591 cum
3267 3553 3332 3590 eo
3382 3536 3639 3606 fugerint,

2054 3637 2110 3683 et
2141 3629 2231 3699 qui
2260 3629 2490 3682 evadere
2526 3629 2799 3698 potuerint
2834 3647 2852 3679 ι
2890 3644 3108 3698 paucos,
3146 3646 3163 3680 ι
3200 3628 3290 3698 qui
3323 3627 3556 3698 gladium
3587 3617 3642 3706 et

2055 3721 2248 3775 famem
2279 3727 2332 3772 et
2378 3719 2740 3789 pestilentiam
2793 3716 3175 3791 evaserint;‘ut
3223 3729 3347 3773 cuiu
3400 3718 3482 3774 νει
3518 3720 3636 3790 fuga

2052 3814 2135 3867 vel
2190 3812 2530 3881 captivitate,
2584 3813 2650 3866 ad
2701 3813 2942 3866 diversas
2978 3807 3324 3882 pervenerint
3367 3796 3636 3883 regiones,

2052 3915 2270 3960 narrent
2300 3906 2480 3959 omnia
2510 3905 2712 3960 scelera
2743 3920 2837 3958 sua
2856 3904 2947 3958 vel
2969 3918 3220 3958 sermone
3247 3904 3327 3958 vel
3359 3906 3634 3974 exernplo';

2050 4005 2411 4066 pmpterqiue
2479 4002 2626 4048 tanta
2678 3991 2976 4048 meruerint
3024 3994 3188 4062 mala,
3235 4002 3290 4048 ct
3337 3995 3637 4066 intelligant

2047 4091 2190 4159 quod
2217 4090 2329 4158 ipse
2354 4088 2456 4142 sim
2485 4088 2645 4149 Deus.
2772 4082 2826 4114 Ψ
2903 4075 2970 4105 ¹·υ’
3279 4084 3286 4090 μ
3587 4086 3609 4110 ,λ

2123 4197 2140 4229 ι
2173 4180 2235 4232 Et
2284 4177 2459 4231 factus
2493 4181 2576 4232 e‘st
2600 4167 2780 4231 sermo
2807 4177 3017 4231 Domini
3047 4179 3112 4230 ad
3143 4194 3228 4232 me
3270 4179 3458 4251 dicens
3487 4197 3499 4230 :
3539 4177 3632 4240 Fili

2053 4290 2071 4319 ‹
2106 4269 2356 4330 hominis,
2390 4284 2580 4342 panem
2613 4277 2759 4322 tuum
2784 4269 2836 4322 in
2870 4270 3280 4322 (onturbatioue
3311 4271 3554 4334 comede,
3583 4263 3634 4322 et

2052 4380 2069 4412 ι
2105 4368 2298 4429 squam
2334 4355 2572 4413 tuam'in
2621 4357 2961 4412 festinatione
3006 4367 3059 4412 ct
3095 4373 3328 4413 interere
3375 4360 3521 4422 bibe,
3581 4365 3633 4412 c‘t

2053 4473 2070 4502 ‹
2113 4453 2198 4507 die
2246 4453 2310 4506 ad
2341 4451 2593 4522 populum
2626 4460 2820 4504 terra):
2866 4450 2989 4503 llaec
3033 4451 3159 4504 dicit
3190 4451 3443 4505 dominus
3495 4451 3630 4513 Deus

362 4557 380 4594 ς
419 4557 516 4593 uus
539 4540 675 4592 Deus
705 4558 715 4591 :
751 4539 805 4592 Si
849 4548 921 4601 te,
949 4539 1140 4607 inquit,
1168 4537 1790 4609 interrogaveritdomus
1813 4554 1939 4592 exa-
1968 4536 2016 4594 Ι)
2049 4566 2065 4596 ‹
2102 4547 2168 4600 ad
2217 4561 2311 4599 eos
2346 4544 2468 4622 “qui
2513 4543 2760 4606 habitant
2802 4541 3097 4622 Jerusalem
3151 4543 3201 4596 in
3258 4553 3405 4610 terra
3431 4541 3627 4608 ‘lst‘ael,

361 4649 378 4680 ι
419 4646 663 4712 sperans,
690 4646 857 4698 quare
885 4631 983 4684 ista
1012 4630 1165 4694 facis,
1193 4630 1276 4685 die
1303 4630 1370 4683 ad
1399 4645 1510 4686 eos.
1532 4629 1655 4683 Ηιιῖο
1683 4630 1811 4683 dicit
1835 4629 1937 4683 Do-

363 4739 381 4770 ‹
420 4721 595 4774 minus
621 4721 760 4774 Deus
799 4738 810 4772 :
841 4719 1014 4789 Super
1038 4721 1333 4790 principem
1362 4737 1496 4774 onus
1536 4720 1697 4785 istud,
1731 4721 1820 4789 qui
1855 4730 1937 4788 est

360 4829 378 4860 ι
418 4813 468 4865 in
504 4810 828 4875 Jerusalem,
892 4820 946 4865 et
1004 4828 1166 4882 super
1218 4801 1440 4868 onmem
1494 4813 1712 4867 domum
1772 4813 1935 4867 Israel

358 4921 376 4952 σ
415 4918 533 4971 qua:
561 4909 643 4955 est
671 4901 722 4956 in
768 4903 944 4963 medio
970 4919 1178 4958 eorum.
1210 4905 1304 4959 Dic
1331 4925 1342 4958 :
1368 4905 1480 4975 Ego
1502 4914 1810 4977 portentum
1845 4922 1936 4959 ve-

358 5014 374 5044 ί
415 5003 618 5056 strtun;
647 4992 913 5062 quomodo
957 4993 1078 5060 feci,
1115 4996 1193 5051 sic
1218 4996 1308 5050 ﬁet
1330 4997 1434 5052 illis
1455 5039 1470 5062 ,
1498 4998 1550 5051 in
1579 4997 1933 5066 transmigra-

357 5107 374 5138 ‹
418 5087 615 5139 tionem
639 5093 693 5138 et
723 5084 1088 5154 captivitatem
1116 5086 1286 5146 ibunt.
1316 5087 1571 5158 Princeps
1599 5098 1800 5151 autem,
1842 5086 1932 5156 qui

357 5196 374 5227 ι
412 5175 569 5230 estin
603 5173 778 5228 medio
799 5188 1003 5236 eorum,
1034 5174 1085 5227 in
1117 5176 1354 5230 humeris
1380 5175 1699 5247 perlabitur.
1719 5177 1773 5230 lu
1799 5178 1931 5231 cali-

357 5288 374 5320 e
407 5271 528 5340 gine
563 5268 870 5340 egredietur
906 5286 917 5321 :
955 5270 1214 5338 parietem
1245 5270 1567 5340 perfodient,
1600 5282 1658 5326 ut
1700 5271 1931 5325 educant

357 5380 374 5412 ι
410 5376 561 5424 eum;
592 5358 752 5413 facies
782 5359 894 5426 ejus
917 5360 1203 5428 operietur,
1226 5370 1407 5431 utnon
1433 5363 1612 5434 videat
1639 5362 1808 5416 oculis
1833 5367 1932 5416 ter-

356 5470 375 5504 ί
414 5467 546 5506 ram.
568 5452 630 5506 Et
653 5451 937 5505 extendam
963 5459 1075 5505 rete
1099 5467 1273 5504 meum
1303 5467 1464 5522 super
1487 5437 1651 5515 illum,
1676 5463 1730 5507 et
1751 5453 1926 5522 capie-

355 5563 372 5594 ‹
412 5552 499 5598 tur
529 5545 582 5598 iu
608 5558 802 5614 sagena
829 5559 943 5598 mea
965 5584 977 5608 ,
1011 5552 1065 5597 et
1091 5543 1352 5597 adducam
1378 5560 1498 5598 eum
1523 5545 1573 5597 in
1600 5544 1925 5613 Babylonem

354 5652 372 5686 ς
404 5633 458 5688 in
485 5642 683 5688 terram
706 5633 1100 5698 Chaldzeorum,
1124 5645 1176 5689 et
1198 5635 1365 5705 ipsam
1387 5651 1489 5689 non
1510 5625 1728 5702 videbit,
1750 5635 1929 5704 ibique

355 5741 376 5776 I
407 5727 685 5785 morietur.
713 5729 777 5783 Et
807 5745 992 5785 omnes
1015 5731 1103 5801 qui
1130 5730 1271 5784 circa
1302 5744 1422 5784 eum
1451 5741 1595 5795 sunt,
1620 5725 1927 5799 praesidium

355 5827 361 5832 -
412 5812 426 5836 Δ

2051 4656 2068 4686 ι
2106 4636 2303 4690 Panem
2333 4637 2488 4689 suu‘m
2519 4635 2573 4688 ln
2597 4633 2958 4687 sollicitudine
2995 4628 3302 4714 comedent,
3329 4643 3384 4687 et
3432 4629 3626 4705 :tquatb

2050 4749 2067 4778 ι
2099 4743 2249 4781 suam
2277 4727 2328 4780 in
2357 4725 2689 4789 desolatioue
2721 4726 2931 4789 bibent,
2977 4733 3032 4778 ut
3073 4725 3343 4779 desolctur
3399 4735 3545 4779 terra
3599 4741 3626 4779 a

2049 4835 2066 4872 ι
2107 4815 2448 4893 multitudine
2471 4830 2587 4894 sua,
2623 4819 2850 4885 propter
2895 4815 3231 4883 iniquitatem
3265 4817 3509 4870 Omnium
3540 4819 3624 4886 qui

2048 4928 2064 4958 ι
2103 4890 2347 4962 habitant
2389 4893 2442 4959 in
2472 4890 2571 4959 ea:
2599 4917 2655 4958 et
2696 4905 2946 4959 civitates
2971 4921 3090 4973 quae
3121 4921 3262 4958 nunc
3291 4905 3623 4968 habitantur,

2047 5017 2064 5048 ι
2100 4998 2354 5054 desolata:
2407 5005 2587 5062 erunt,
2638 4989 2889 5066 terraque
2918 4996 3150 5051 deserta.
3196 4995 3262 5078 Et
3288 4997 3477 5060 scietis
3503 5000 3620 5070 quia

2043 5112 2060 5143 ‹
2098 5108 2197 5162 ego
2246 5091 2525 5154 Dominus,
2561 5100 2666 5145 etc.
2717 5111 2734 5142 ι
2770 5090 2898 5146 Post
2936 5080 3195 5172 principis
3243 5099 3298 5146 et
3353 5094 3619 5147 sociorum

2038 5183 2153 5252 ejus
2182 5181 2546 5251 prophetiam,
2577 5197 2698 5250 qua:
2734 5182 2834 5256 sub
2883 5167 3147 5256 corporali
3181 5182 3414 5254 imagine
3475 5200 3622 5236 mon-

2037 5271 2330 5334 strabatur,
2361 5271 2509 5325 venit
2535 5272 2601 5326 ad
2637 5253 2909 5344 puppium,
2939 5253 3000 5327 et
3044 5253 3311 5342 quidquid
3349 5279 3620 5343 prop‘acte

2036 5364 2253 5428 dicitur,
2281 5353 2374 5430 per
2409 5352 2724 5433 prophetam
2762 5349 2994 5419 refertur
3016 5366 3079 5420 ad
3111 5368 3446 5421 habitatores
3465 5367 3616 5420 Jeru-

2036 5453 2203 5507 salem
2252 5454 2393 5524 quod
2425 5454 2479 5506 in
2521 5455 2814 5509 obsidionis
2865 5455 3004 5509 malo
3034 5471 3227 5525 panem
3257 5474 3413 5511 suum
3447 5476 3616 5512 Come-

2037 5543 2166 5597 dant
2223 5544 2274 5596 in
2329 5551 2567 5613 egestate
2609 5554 2664 5598 et
2693 5546 2963 5616 angustia,
3008 5554 3062 5599 et
3117 5562 3311 5614 aquam
3351 5564 3504 5601 suam
3532 5561 3612 5597 ne-

2036 5650 2307 5705 quaquam
2340 5635 2392 5688 iu
2420 5635 2767 5701 abundantia,
2801 5637 2895 5690 sed
2944 5654 3064 5692 cum
3114 5647 3381 5694 tormento
3439 5641 3570 5692 bibat

2038 5715 2090 5782 ut
2139 5721 2502 5783 tribulatione.
2537 5727 2657 5781 llrec
2690 5737 2890 5793 autem,
2928 5730 3119 5799 inquit,
3153 5746 3183 5783 0
3220 5733 3503 5800 propinet,
3535 5730 3606 5782 di—
