  <div class='ocr_page' id='page_1' title='image "/cluster/home/n/w/nwhite01/storage/ocr_20150623/110/hvd.32044054759758/330.png"; bbox 0 0 3954 6182; ppageno 0'>
   <div class='ocr_carea' id='block_1_1' title="bbox 280 351 387 411">
    <p class='ocr_par' dir='ltr' id='par_1_1' title="bbox 280 351 387 411">
     <span class='ocr_line' id='line_1_1' title="bbox 280 351 387 411; baseline 0.009 -1"><span class='ocrx_word' id='word_1_1' title='bbox 280 351 387 411; x_wconf 73' lang='lat' dir='ltr'><strong>M9</strong></span> 
     </span>
    </p>
   </div>
   <div class='ocr_carea' id='block_1_2' title="bbox 1201 345 2554 433">
    <p class='ocr_par' dir='ltr' id='par_1_2' title="bbox 1201 345 2554 433">
     <span class='ocr_line' id='line_1_2' title="bbox 1201 345 2554 433; baseline -0.003 -27"><span class='ocrx_word' id='word_1_2' title='bbox 1201 347 1551 406; x_wconf 76' lang='lat' dir='ltr'><strong>COMMENT.</strong></span> <span class='ocrx_word' id='word_1_3' title='bbox 1578 347 1659 433; x_wconf 11' lang='grc' dir='ltr'><strong>»ιΝ</strong></span> <span class='ocrx_word' id='word_1_4' title='bbox 1697 345 2148 407; x_wconf 75' lang='lat' dir='ltr'><strong>EZEClllELEM.</strong></span> <span class='ocrx_word' id='word_1_5' title='bbox 2188 378 2258 390; x_wconf 91' lang='lat'><strong>—-</strong></span> <span class='ocrx_word' id='word_1_6' title='bbox 2295 348 2422 405; x_wconf 85' lang='lat' dir='ltr'><strong>LIB.</strong></span> <span class='ocrx_word' id='word_1_7' title='bbox 2464 349 2554 404; x_wconf 77' lang='lat' dir='ltr'><strong>Yl.</strong></span> 
     </span>
    </p>
   </div>
   <div class='ocr_carea' id='block_1_3' title="bbox 3445 345 3554 402">
    <p class='ocr_par' dir='ltr' id='par_1_3' title="bbox 3445 345 3554 402">
     <span class='ocr_line' id='line_1_3' title="bbox 3445 345 3554 402; baseline 0.009 -1"><span class='ocrx_word' id='word_1_8' title='bbox 3445 345 3554 402; x_wconf 81' lang='lat'><strong>650</strong></span> 
     </span>
    </p>
   </div>
   <div class='ocr_carea' id='block_1_4' title="bbox 271 458 3551 531">
    <p class='ocr_par' dir='ltr' id='par_1_4' title="bbox 271 458 3551 531">
     <span class='ocr_line' id='line_1_4' title="bbox 271 458 3551 531; baseline -0.001 -14"><span class='ocrx_word' id='word_1_9' title='bbox 271 469 469 523; x_wconf 85' lang='lat' dir='ltr'><strong>cuntur</strong></span> <span class='ocrx_word' id='word_1_10' title='bbox 500 461 617 524; x_wconf 88' lang='lat' dir='ltr'><strong>tibi,</strong></span> <span class='ocrx_word' id='word_1_11' title='bbox 649 468 708 516; x_wconf 90' lang='lat' dir='ltr'><strong>ut</strong></span> <span class='ocrx_word' id='word_1_12' title='bbox 743 468 799 515; x_wconf 92' lang='lat' dir='ltr'><strong>tu</strong></span> <span class='ocrx_word' id='word_1_13' title='bbox 821 458 1060 530; x_wconf 74' lang='lat' dir='ltr'><strong>loquaris</strong></span> <span class='ocrx_word' id='word_1_14' title='bbox 1084 459 1150 515; x_wconf 91' lang='lat' dir='ltr'><strong>ad</strong></span> <span class='ocrx_word' id='word_1_15' title='bbox 1179 460 1432 530; x_wconf 88' lang='lat' dir='ltr'><strong>populum</strong></span> <span class='ocrx_word' id='word_1_16' title='bbox 1463 469 1621 518; x_wconf 72' lang='lat' dir='ltr'><strong>terra:</strong></span> <span class='ocrx_word' id='word_1_17' title='bbox 1644 468 1769 524; x_wconf 69' lang='lat' dir='ltr'><strong>tute,</strong></span> <span class='ocrx_word' id='word_1_18' title='bbox 1819 467 1874 514; x_wconf 88' lang='lat' dir='ltr'><strong>et</strong></span> <span class='ocrx_word' id='word_1_19' title='bbox 1894 469 1947 523; x_wconf 81' lang='grc' dir='ltr'>Α</span> <span class='ocrx_word' id='word_1_20' title='bbox 1976 460 2344 531; x_wconf 72' lang='lat' dir='ltr'><strong>captivitatem</strong></span> <span class='ocrx_word' id='word_1_21' title='bbox 2391 459 2540 516; x_wconf 84' lang='lat' dir='ltr'><strong>urbis</strong></span> <span class='ocrx_word' id='word_1_22' title='bbox 2578 460 2898 528; x_wconf 83' lang='lat' dir='ltr'><strong>Jerusalem,</strong></span> <span class='ocrx_word' id='word_1_23' title='bbox 2950 468 3005 517; x_wconf 92' lang='lat' dir='ltr'><strong>et</strong></span> <span class='ocrx_word' id='word_1_24' title='bbox 3060 459 3379 516; x_wconf 88' lang='lat' dir='ltr'><strong>Sedechiam</strong></span> <span class='ocrx_word' id='word_1_25' title='bbox 3416 475 3551 521; x_wconf 70' lang='lat' dir='ltr'><strong>,cum</strong></span> 
     </span>
    </p>
   </div>
   <div class='ocr_carea' id='block_1_5' title="bbox 250 548 1862 620">
    <p class='ocr_par' dir='ltr' id='par_1_5' title="bbox 250 548 1862 620">
     <span class='ocr_line' id='line_1_5' title="bbox 250 548 1862 620; baseline -0.003 -12"><span class='ocrx_word' id='word_1_26' title='bbox 250 551 454 608; x_wconf 86' lang='lat' dir='ltr'><strong>-dlcas.</strong></span> <span class='ocrx_word' id='word_1_27' title='bbox 487 549 613 620; x_wconf 62' lang='lat' dir='ltr'><strong>llaec</strong></span> <span class='ocrx_word' id='word_1_28' title='bbox 642 550 774 613; x_wconf 86' lang='lat' dir='ltr'><strong>dicit</strong></span> <span class='ocrx_word' id='word_1_29' title='bbox 811 549 1076 605; x_wconf 87' lang='lat' dir='ltr'><strong>Dominus</strong></span> <span class='ocrx_word' id='word_1_30' title='bbox 1118 550 1514 605; x_wconf 75' lang='lat' dir='ltr'><strong>habitatoribus</strong></span> <span class='ocrx_word' id='word_1_31' title='bbox 1539 548 1862 613; x_wconf 74' lang='lat' dir='ltr'><strong>Jerusalem,</strong></span> 
     </span>
    </p>
   </div>
   <div class='ocr_carea' id='block_1_6' title="bbox 280 630 1867 713">
    <p class='ocr_par' dir='ltr' id='par_1_6' title="bbox 280 630 1867 713">
     <span class='ocr_line' id='line_1_6' title="bbox 280 630 1867 713; baseline -0.004 -14"><span class='ocrx_word' id='word_1_32' title='bbox 280 659 401 713; x_wconf 82' lang='lat' dir='ltr'><strong>quae</strong></span> <span class='ocrx_word' id='word_1_33' title='bbox 424 650 511 698; x_wconf 89' lang='lat' dir='ltr'><strong>est</strong></span> <span class='ocrx_word' id='word_1_34' title='bbox 546 640 601 697; x_wconf 91' lang='lat' dir='ltr'><strong>in</strong></span> <span class='ocrx_word' id='word_1_35' title='bbox 632 650 773 695; x_wconf 89' lang='lat' dir='ltr'><strong>terra</strong></span> <span class='ocrx_word' id='word_1_36' title='bbox 801 640 967 695; x_wconf 90' lang='lat' dir='ltr'><strong>lsrael</strong></span> <span class='ocrx_word' id='word_1_37' title='bbox 997 657 1011 693; x_wconf 89' lang='lat'><strong>:</strong></span> <span class='ocrx_word' id='word_1_38' title='bbox 1043 637 1265 696; x_wconf 83' lang='lat' dir='ltr'><strong>Obsessi</strong></span> <span class='ocrx_word' id='word_1_39' title='bbox 1311 656 1341 693; x_wconf 89' lang='lat' dir='ltr'><strong>a</strong></span> <span class='ocrx_word' id='word_1_40' title='bbox 1368 630 1867 697; x_wconf 84' lang='lat' dir='ltr'><strong>Nabuchodonosor</strong></span> 
     </span>
    </p>
   </div>
   <div class='ocr_carea' id='block_1_7' title="bbox 271 727 1864 809">
    <p class='ocr_par' dir='ltr' id='par_1_7' title="bbox 271 727 1864 809">
     <span class='ocr_line' id='line_1_7' title="bbox 271 727 1864 809; baseline -0.003 -22"><span class='ocrx_word' id='word_1_41' title='bbox 271 741 446 807; x_wconf 70' lang='lat' dir='ltr'><strong>atque</strong></span> <span class='ocrx_word' id='word_1_42' title='bbox 473 729 766 809; x_wconf 58' lang='lat' dir='ltr'><strong>Chaldaeis,</strong></span> <span class='ocrx_word' id='word_1_43' title='bbox 822 729 983 784; x_wconf 82' lang='lat' dir='ltr'><strong>famis</strong></span> <span class='ocrx_word' id='word_1_44' title='bbox 1023 738 1081 784; x_wconf 88' lang='lat' dir='ltr'><strong>et</strong></span> <span class='ocrx_word' id='word_1_45' title='bbox 1131 729 1251 784; x_wconf 86' lang='lat' dir='ltr'><strong>sitis</strong></span> <span class='ocrx_word' id='word_1_46' title='bbox 1277 729 1615 809; x_wconf 84' lang='lat' dir='ltr'><strong>sustinebitis</strong></span> <span class='ocrx_word' id='word_1_47' title='bbox 1644 727 1864 797; x_wconf 83' lang='lat' dir='ltr'><strong>malum,</strong></span> 
     </span>
    </p>
   </div>
   <div class='ocr_carea' id='block_1_8' title="bbox 279 804 1871 899">
    <p class='ocr_par' dir='ltr' id='par_1_8' title="bbox 279 804 1871 899">
     <span class='ocr_line' id='line_1_8' title="bbox 279 804 1871 899; baseline -0.003 -22"><span class='ocrx_word' id='word_1_48' title='bbox 279 831 340 877; x_wconf 89' lang='lat' dir='ltr'><strong>ut</strong></span> <span class='ocrx_word' id='word_1_49' title='bbox 364 804 555 885; x_wconf 80' lang='lat' dir='ltr'><strong>omnis</strong></span> <span class='ocrx_word' id='word_1_50' title='bbox 568 804 719 887; x_wconf 81' lang='lat' dir='ltr'><strong>terra</strong></span> <span class='ocrx_word' id='word_1_51' title='bbox 738 835 862 875; x_wconf 91' lang='lat' dir='ltr'><strong>cum</strong></span> <span class='ocrx_word' id='word_1_52' title='bbox 884 818 1369 899; x_wconf 44' lang='lat' dir='ltr'><strong>suamuttitudine,</strong></span> <span class='ocrx_word' id='word_1_53' title='bbox 1390 804 1650 883; x_wconf 74' lang='lat' dir='ltr'><strong>deleatur.</strong></span> <span class='ocrx_word' id='word_1_54' title='bbox 1702 816 1871 874; x_wconf 88' lang='lat' dir='ltr'><strong>Habi-</strong></span> 
     </span>
    </p>
   </div>
   <div class='ocr_carea' id='block_1_9' title="bbox 279 898 1871 987">
    <p class='ocr_par' dir='ltr' id='par_1_9' title="bbox 279 898 1871 987">
     <span class='ocr_line' id='line_1_9' title="bbox 279 898 1871 987; baseline -0.003 -20"><span class='ocrx_word' id='word_1_55' title='bbox 279 922 487 970; x_wconf 86' lang='lat' dir='ltr'><strong>tatores</strong></span> <span class='ocrx_word' id='word_1_56' title='bbox 542 900 856 983; x_wconf 76' lang='lat' dir='ltr'><strong>Signiﬁcans</strong></span> <span class='ocrx_word' id='word_1_57' title='bbox 888 926 985 982; x_wconf 88' lang='lat' dir='ltr'><strong>per</strong></span> <span class='ocrx_word' id='word_1_58' title='bbox 1024 898 1179 987; x_wconf 80' lang='lat' dir='ltr'><strong>eam,</strong></span> <span class='ocrx_word' id='word_1_59' title='bbox 1228 898 1349 980; x_wconf 67' lang='lat' dir='ltr'><strong>qua:</strong></span> <span class='ocrx_word' id='word_1_60' title='bbox 1393 908 1744 977; x_wconf 87' lang='lat' dir='ltr'><strong>inbabitatur.</strong></span> <span class='ocrx_word' id='word_1_61' title='bbox 1803 909 1871 963; x_wconf 83' lang='lat' dir='ltr'><strong>Et</strong></span> 
     </span>
    </p>
   </div>
   <div class='ocr_carea' id='block_1_10' title="bbox 281 1001 1866 1076">
    <p class='ocr_par' dir='ltr' id='par_1_10' title="bbox 281 1001 1866 1076">
     <span class='ocr_line' id='line_1_10' title="bbox 281 1001 1866 1076; baseline -0.001 -18"><span class='ocrx_word' id='word_1_62' title='bbox 281 1020 350 1073; x_wconf 85' lang='lat' dir='ltr'><strong>ne</strong></span> <span class='ocrx_word' id='word_1_63' title='bbox 377 1010 592 1076; x_wconf 20' lang='lat' dir='ltr'><strong>putem.</strong></span> <span class='ocrx_word' id='word_1_64' title='bbox 618 1002 721 1067; x_wconf 85' lang='lat' dir='ltr'><strong>sibi</strong></span> <span class='ocrx_word' id='word_1_65' title='bbox 745 1002 990 1073; x_wconf 77' lang='lat' dir='ltr'><strong>evenire</strong></span> <span class='ocrx_word' id='word_1_66' title='bbox 1018 1002 1142 1069; x_wconf 34' lang='lat' dir='ltr'><strong>sine,</strong></span> <span class='ocrx_word' id='word_1_67' title='bbox 1164 1016 1348 1071; x_wconf 84' lang='lat' dir='ltr'><strong>causa.</strong></span> <span class='ocrx_word' id='word_1_68' title='bbox 1376 1001 1507 1067; x_wconf 77' lang='lat' dir='ltr'><strong>Dic,</strong></span> <span class='ocrx_word' id='word_1_69' title='bbox 1531 1001 1726 1075; x_wconf 75' lang='lat' dir='ltr'><strong>inquit,</strong></span> <span class='ocrx_word' id='word_1_70' title='bbox 1765 1002 1866 1064; x_wconf 84' lang='lat' dir='ltr'><strong>eis,</strong></span> 
     </span>
    </p>
   </div>
   <div class='ocr_carea' id='block_1_11' title="bbox 268 1078 1870 1169">
    <p class='ocr_par' dir='ltr' id='par_1_11' title="bbox 268 1078 1870 1169">
     <span class='ocr_line' id='line_1_11' title="bbox 268 1078 1870 1169; baseline -0.001 -19"><span class='ocrx_word' id='word_1_71' title='bbox 268 1078 426 1167; x_wconf 10' lang='lat' dir='ltr'><strong>equod</strong></span> <span class='ocrx_word' id='word_1_72' title='bbox 452 1102 697 1166; x_wconf 73' lang='lat' dir='ltr'><strong>propter</strong></span> <span class='ocrx_word' id='word_1_73' title='bbox 718 1078 968 1163; x_wconf 38' lang='lat' dir='ltr'><strong>scelera.</strong></span> <span class='ocrx_word' id='word_1_74' title='bbox 991 1109 1179 1155; x_wconf 89' lang='lat' dir='ltr'><strong>eorum</strong></span> <span class='ocrx_word' id='word_1_75' title='bbox 1228 1084 1285 1149; x_wconf 85' lang='lat' dir='ltr'><strong>et</strong></span> <span class='ocrx_word' id='word_1_76' title='bbox 1308 1086 1652 1169; x_wconf 78' lang='lat' dir='ltr'><strong>iniquitatem</strong></span> <span class='ocrx_word' id='word_1_77' title='bbox 1682 1107 1870 1151; x_wconf 86' lang='lat' dir='ltr'><strong>omnes</strong></span> 
     </span>
    </p>
   </div>
   <div class='ocr_carea' id='block_1_12' title="bbox 278 1170 1873 1263">
    <p class='ocr_par' dir='ltr' id='par_1_12' title="bbox 278 1170 1873 1263">
     <span class='ocr_line' id='line_1_12' title="bbox 278 1170 1873 1263; baseline 0 -26"><span class='ocrx_word' id='word_1_78' title='bbox 278 1170 668 1257; x_wconf 40' lang='lat' dir='ltr'><strong>umquam</strong></span> <span class='ocrx_word' id='word_1_79' title='bbox 688 1183 764 1252; x_wconf 81' lang='lat' dir='ltr'><strong>ad</strong></span> <span class='ocrx_word' id='word_1_80' title='bbox 791 1181 1155 1259; x_wconf 41' lang='lat' dir='ltr'><strong>solitudinem,</strong></span> <span class='ocrx_word' id='word_1_81' title='bbox 1177 1176 1486 1257; x_wconf 74' lang='lat' dir='ltr'><strong>redigenda:</strong></span> <span class='ocrx_word' id='word_1_82' title='bbox 1514 1183 1644 1263; x_wconf 87' lang='lat' dir='ltr'><strong>sint,</strong></span> <span class='ocrx_word' id='word_1_83' title='bbox 1675 1190 1731 1247; x_wconf 88' lang='lat' dir='ltr'><strong>et</strong></span> <span class='ocrx_word' id='word_1_84' title='bbox 1751 1181 1873 1237; x_wconf 90' lang='lat' dir='ltr'><strong>uni-</strong></span> 
     </span>
    </p>
   </div>
   <div class='ocr_carea' id='block_1_13' title="bbox 280 1266 1871 1350">
    <p class='ocr_par' dir='ltr' id='par_1_13' title="bbox 280 1266 1871 1350">
     <span class='ocr_line' id='line_1_13' title="bbox 280 1266 1871 1350; baseline 0.003 -27"><span class='ocrx_word' id='word_1_85' title='bbox 280 1288 455 1328; x_wconf 74' lang='lat' dir='ltr'><strong>versa:</strong></span> <span class='ocrx_word' id='word_1_86' title='bbox 481 1280 640 1339; x_wconf 58' lang='lat' dir='ltr'><strong>terra:</strong></span> <span class='ocrx_word' id='word_1_87' title='bbox 670 1272 880 1327; x_wconf 85' lang='lat' dir='ltr'><strong>cultura</strong></span> <span class='ocrx_word' id='word_1_88' title='bbox 908 1273 1200 1344; x_wconf 79' lang='lat' dir='ltr'><strong>diSpereat,</strong></span> <span class='ocrx_word' id='word_1_89' title='bbox 1229 1282 1289 1337; x_wconf 88' lang='lat' dir='ltr'><strong>ut</strong></span> <span class='ocrx_word' id='word_1_90' title='bbox 1327 1282 1658 1344; x_wconf 73' lang='lat' dir='ltr'><strong>cognoscant</strong></span> <span class='ocrx_word' id='word_1_91' title='bbox 1678 1266 1871 1350; x_wconf 80' lang='lat' dir='ltr'><strong>Deum</strong></span> 
     </span>
    </p>
   </div>
   <div class='ocr_carea' id='block_1_14' title="bbox 282 1356 1871 1439">
    <p class='ocr_par' dir='ltr' id='par_1_14' title="bbox 282 1356 1871 1439">
     <span class='ocr_line' id='line_1_14' title="bbox 282 1356 1871 1439; baseline 0 -23"><span class='ocrx_word' id='word_1_92' title='bbox 282 1362 614 1433; x_wconf 71' lang='lat' dir='ltr'><strong>saevientem,</strong></span> <span class='ocrx_word' id='word_1_93' title='bbox 638 1377 806 1437; x_wconf 76' lang='lat' dir='ltr'><strong>quem</strong></span> <span class='ocrx_word' id='word_1_94' title='bbox 831 1361 1180 1435; x_wconf 81' lang='lat' dir='ltr'><strong>miserantem</strong></span> <span class='ocrx_word' id='word_1_95' title='bbox 1207 1356 1535 1431; x_wconf 75' lang='lat' dir='ltr'><strong>cognoscere</strong></span> <span class='ocrx_word' id='word_1_96' title='bbox 1563 1358 1871 1439; x_wconf 86' lang='lat' dir='ltr'><strong>noluerunt.</strong></span> 
     </span>
    </p>
   </div>
   <div class='ocr_carea' id='block_1_15' title="bbox 281 1448 1875 1524">
    <p class='ocr_par' dir='ltr' id='par_1_15' title="bbox 281 1448 1875 1524">
     <span class='ocr_line' id='line_1_15' title="bbox 281 1448 1875 1524; baseline 0.002 -20"><span class='ocrx_word' id='word_1_97' title='bbox 281 1448 604 1517; x_wconf 31' lang='lat' dir='ltr'><strong>Possumus,</strong></span> <span class='ocrx_word' id='word_1_98' title='bbox 618 1449 777 1522; x_wconf 84' lang='lat' dir='ltr'><strong>juxta</strong></span> <span class='ocrx_word' id='word_1_99' title='bbox 833 1465 1111 1524; x_wconf 84' lang='lat' dir='ltr'><strong>anagogen</strong></span> <span class='ocrx_word' id='word_1_100' title='bbox 1178 1450 1510 1517; x_wconf 86' lang='lat' dir='ltr'><strong>habitatores</strong></span> <span class='ocrx_word' id='word_1_101' title='bbox 1572 1450 1875 1509; x_wconf 81' lang='lat' dir='ltr'><strong>Jerusalem</strong></span> 
     </span>
    </p>
   </div>
   <div class='ocr_carea' id='block_1_16' title="bbox 281 1528 1875 1625">
    <p class='ocr_par' dir='ltr' id='par_1_16' title="bbox 281 1528 1875 1625">
     <span class='ocr_line' id='line_1_16' title="bbox 281 1528 1875 1625; baseline 0.002 -31"><span class='ocrx_word' id='word_1_102' title='bbox 281 1528 571 1601; x_wconf 83' lang='lat' dir='ltr'><strong>credentes</strong></span> <span class='ocrx_word' id='word_1_103' title='bbox 600 1529 845 1613; x_wconf 16' lang='lat' dir='ltr'><strong>&quot;Christo,</strong></span> <span class='ocrx_word' id='word_1_104' title='bbox 871 1528 1073 1615; x_wconf 79' lang='lat' dir='ltr'><strong>dicere,</strong></span> <span class='ocrx_word' id='word_1_105' title='bbox 1108 1532 1235 1625; x_wconf 20' lang='lat' dir='ltr'><strong>:qui,</strong></span> <span class='ocrx_word' id='word_1_106' title='bbox 1260 1541 1509 1601; x_wconf 78' lang='lat' dir='ltr'><strong>habitant</strong></span> <span class='ocrx_word' id='word_1_107' title='bbox 1533 1543 1587 1597; x_wconf 89' lang='lat' dir='ltr'><strong>in</strong></span> <span class='ocrx_word' id='word_1_108' title='bbox 1623 1534 1875 1625; x_wconf 68' lang='lat' dir='ltr'><strong>ecclesia,</strong></span> 
     </span>
    </p>
   </div>
   <div class='ocr_carea' id='block_1_17' title="bbox 282 1616 1875 1713">
    <p class='ocr_par' dir='ltr' id='par_1_17' title="bbox 282 1616 1875 1713">
     <span class='ocr_line' id='line_1_17' title="bbox 282 1616 1875 1713; baseline 0 -27"><span class='ocrx_word' id='word_1_109' title='bbox 282 1631 388 1686; x_wconf 87' lang='lat' dir='ltr'><strong>etsi</strong></span> <span class='ocrx_word' id='word_1_110' title='bbox 418 1645 535 1701; x_wconf 38' lang='lat' dir='ltr'><strong>per.</strong></span> <span class='ocrx_word' id='word_1_111' title='bbox 561 1639 783 1701; x_wconf 72' lang='lat' dir='ltr'><strong>peccata</strong></span> <span class='ocrx_word' id='word_1_112' title='bbox 833 1631 979 1687; x_wconf 90' lang='lat' dir='ltr'><strong>illius</strong></span> <span class='ocrx_word' id='word_1_113' title='bbox 1009 1616 1269 1711; x_wconf 63' lang='lat' dir='ltr'><strong>offensam</strong></span> <span class='ocrx_word' id='word_1_114' title='bbox 1309 1631 1657 1713; x_wconf 31' lang='lat' dir='ltr'><strong>tmeruerint,‘</strong></span> <span class='ocrx_word' id='word_1_115' title='bbox 1691 1616 1875 1711; x_wconf 76' lang='lat' dir='ltr'><strong>come-</strong></span> 
     </span>
    </p>
   </div>
   <div class='ocr_carea' id='block_1_18' title="bbox 282 1706 1876 1808">
    <p class='ocr_par' dir='ltr' id='par_1_18' title="bbox 282 1706 1876 1808">
     <span class='ocr_line' id='line_1_18' title="bbox 282 1706 1876 1808; baseline 0.006 -33"><span class='ocrx_word' id='word_1_116' title='bbox 282 1724 418 1777; x_wconf 89' lang='lat' dir='ltr'><strong>dant</strong></span> <span class='ocrx_word' id='word_1_117' title='bbox 445 1714 639 1797; x_wconf 77' lang='lat' dir='ltr'><strong>panem</strong></span> <span class='ocrx_word' id='word_1_118' title='bbox 679 1738 806 1778; x_wconf 88' lang='lat' dir='ltr'><strong>cum</strong></span> <span class='ocrx_word' id='word_1_119' title='bbox 834 1706 1107 1805; x_wconf 68' lang='lat' dir='ltr'><strong>egestate,</strong></span> <span class='ocrx_word' id='word_1_120' title='bbox 1142 1733 1198 1778; x_wconf 90' lang='lat' dir='ltr'><strong>ct</strong></span> <span class='ocrx_word' id='word_1_121' title='bbox 1240 1706 1457 1795; x_wconf 78' lang='lat' dir='ltr'><strong>bibant</strong></span> <span class='ocrx_word' id='word_1_122' title='bbox 1508 1738 1703 1808; x_wconf 77' lang='lat' dir='ltr'><strong>aquam</strong></span> <span class='ocrx_word' id='word_1_123' title='bbox 1750 1737 1876 1803; x_wconf 73' lang='lat' dir='ltr'><strong>cum</strong></span> 
     </span>
    </p>
   </div>
   <div class='ocr_carea' id='block_1_19' title="bbox 1966 547 3550 621">
    <p class='ocr_par' dir='ltr' id='par_1_19' title="bbox 1966 547 3550 621">
     <span class='ocr_line' id='line_1_19' title="bbox 1966 547 3550 621; baseline -0.001 -18"><span class='ocrx_word' id='word_1_124' title='bbox 1966 548 2163 621; x_wconf 87' lang='lat' dir='ltr'><strong>populo</strong></span> <span class='ocrx_word' id='word_1_125' title='bbox 2190 547 2326 603; x_wconf 81' lang='lat' dir='ltr'><strong>luda</strong></span> <span class='ocrx_word' id='word_1_126' title='bbox 2357 547 2578 621; x_wconf 84' lang='lat' dir='ltr'><strong>jamque</strong></span> <span class='ocrx_word' id='word_1_127' title='bbox 2630 548 2968 619; x_wconf 90' lang='lat' dir='ltr'><strong>capiendum.</strong></span> <span class='ocrx_word' id='word_1_128' title='bbox 3018 547 3134 603; x_wconf 88' lang='lat' dir='ltr'><strong>Non</strong></span> <span class='ocrx_word' id='word_1_129' title='bbox 3166 547 3339 603; x_wconf 90' lang='lat' dir='ltr'><strong>s&#39;olum</strong></span> <span class='ocrx_word' id='word_1_130' title='bbox 3369 558 3550 604; x_wconf 88' lang='lat' dir='ltr'><strong>autem</strong></span> 
     </span>
    </p>
   </div>
   <div class='ocr_carea' id='block_1_20' title="bbox 1970 618 3556 711">
    <p class='ocr_par' dir='ltr' id='par_1_20' title="bbox 1970 618 3556 711">
     <span class='ocr_line' id='line_1_20' title="bbox 1970 618 3556 711; baseline -0.001 -17"><span class='ocrx_word' id='word_1_131' title='bbox 1970 638 2336 710; x_wconf 85' lang='lat' dir='ltr'><strong>illotempore,</strong></span> <span class='ocrx_word' id='word_1_132' title='bbox 2365 640 2459 694; x_wconf 88' lang='lat' dir='ltr'><strong>sed</strong></span> <span class='ocrx_word' id='word_1_133' title='bbox 2489 618 2660 708; x_wconf 68' lang='lat' dir='ltr'><strong>usque</strong></span> <span class='ocrx_word' id='word_1_134' title='bbox 2700 618 2871 695; x_wconf 63' lang='lat' dir='ltr'><strong>hodie.</strong></span> <span class='ocrx_word' id='word_1_135' title='bbox 2893 640 3084 711; x_wconf 82' lang='lat' dir='ltr'><strong>vulgus</strong></span> <span class='ocrx_word' id='word_1_136' title='bbox 3136 637 3472 694; x_wconf 87' lang='lat' dir='ltr'><strong>ineredulum</strong></span> <span class='ocrx_word' id='word_1_137' title='bbox 3501 645 3556 693; x_wconf 88' lang='lat' dir='ltr'><strong>et</strong></span> 
     </span>
    </p>
   </div>
   <div class='ocr_carea' id='block_1_21' title="bbox 1971 728 3554 801">
    <p class='ocr_par' dir='ltr' id='par_1_21' title="bbox 1971 728 3554 801">
     <span class='ocr_line' id='line_1_21' title="bbox 1971 728 3554 801; baseline 0.001 -19"><span class='ocrx_word' id='word_1_138' title='bbox 1971 729 2116 782; x_wconf 84' lang='lat' dir='ltr'><strong>dura</strong></span> <span class='ocrx_word' id='word_1_139' title='bbox 2134 730 2297 786; x_wconf 86' lang='lat' dir='ltr'><strong>corda</strong></span> <span class='ocrx_word' id='word_1_140' title='bbox 2326 730 2632 784; x_wconf 85' lang='lat' dir='ltr'><strong>mortalium</strong></span> <span class='ocrx_word' id='word_1_141' title='bbox 2654 731 2991 800; x_wconf 84' lang='lat' dir='ltr'><strong>prophetiam</strong></span> <span class='ocrx_word' id='word_1_142' title='bbox 3042 731 3136 785; x_wconf 89' lang='lat' dir='ltr'><strong>Dei</strong></span> <span class='ocrx_word' id='word_1_143' title='bbox 3186 745 3293 784; x_wconf 90' lang='lat' dir='ltr'><strong>non</strong></span> <span class='ocrx_word' id='word_1_144' title='bbox 3341 728 3554 801; x_wconf 86' lang='lat' dir='ltr'><strong>recipit,</strong></span> 
     </span>
    </p>
   </div>
   <div class='ocr_carea' id='block_1_22' title="bbox 1972 818 3554 892">
    <p class='ocr_par' dir='ltr' id='par_1_22' title="bbox 1972 818 3554 892">
     <span class='ocr_line' id='line_1_22' title="bbox 1972 818 3554 892; baseline 0.003 -21"><span class='ocrx_word' id='word_1_145' title='bbox 1972 818 2067 872; x_wconf 91' lang='lat' dir='ltr'><strong>sed</strong></span> <span class='ocrx_word' id='word_1_146' title='bbox 2100 819 2281 872; x_wconf 86' lang='lat' dir='ltr'><strong>omnia</strong></span> <span class='ocrx_word' id='word_1_147' title='bbox 2328 834 2448 889; x_wconf 66' lang='lat' dir='ltr'><strong>quae</strong></span> <span class='ocrx_word' id='word_1_148' title='bbox 2493 820 2777 889; x_wconf 71' lang='lat' dir='ltr'><strong>Propheta:</strong></span> <span class='ocrx_word' id='word_1_149' title='bbox 2814 820 3230 884; x_wconf 84' lang='lat' dir='ltr'><strong>comminantur,</strong></span> <span class='ocrx_word' id='word_1_150' title='bbox 3264 834 3384 889; x_wconf 70' lang='lat' dir='ltr'><strong>quae</strong></span> <span class='ocrx_word' id='word_1_151' title='bbox 3414 824 3554 892; x_wconf 71' lang='lat' dir='ltr'><strong>pm-</strong></span> 
     </span>
    </p>
   </div>
   <div class='ocr_carea' id='block_1_23' title="bbox 1972 908 3556 987">
    <p class='ocr_par' dir='ltr' id='par_1_23' title="bbox 1972 908 3556 987">
     <span class='ocr_line' id='line_1_23' title="bbox 1972 908 3556 987; baseline 0.002 -26"><span class='ocrx_word' id='word_1_152' title='bbox 1972 908 2117 963; x_wconf 92' lang='lat' dir='ltr'><strong>dicat</strong></span> <span class='ocrx_word' id='word_1_153' title='bbox 2145 908 2493 979; x_wconf 81' lang='lat' dir='ltr'><strong>Evangelium</strong></span> <span class='ocrx_word' id='word_1_154' title='bbox 2523 911 2574 963; x_wconf 91' lang='lat' dir='ltr'><strong>in</strong></span> <span class='ocrx_word' id='word_1_155' title='bbox 2618 910 2767 964; x_wconf 83' lang='lat' dir='ltr'><strong>aliud</strong></span> <span class='ocrx_word' id='word_1_156' title='bbox 2820 918 3034 980; x_wconf 89' lang='lat' dir='ltr'><strong>tempus</strong></span> <span class='ocrx_word' id='word_1_157' title='bbox 3083 910 3355 987; x_wconf 72' lang='lat' dir='ltr'><strong>aestimant</strong></span> <span class='ocrx_word' id='word_1_158' title='bbox 3404 908 3556 965; x_wconf 77' lang='lat' dir='ltr'><strong>diffe-</strong></span> 
     </span>
    </p>
   </div>
   <div class='ocr_carea' id='block_1_24' title="bbox 1958 998 3555 1070">
    <p class='ocr_par' dir='ltr' id='par_1_24' title="bbox 1958 998 3555 1070">
     <span class='ocr_line' id='line_1_24' title="bbox 1958 998 3555 1070; baseline 0.003 -19"><span class='ocrx_word' id='word_1_159' title='bbox 1958 999 2220 1060; x_wconf 80' lang='lat' dir='ltr'><strong>rendum.</strong></span> <span class='ocrx_word' id='word_1_160' title='bbox 2253 998 2605 1068; x_wconf 89' lang='lat' dir='ltr'><strong>Sciamusque</strong></span> <span class='ocrx_word' id='word_1_161' title='bbox 2635 1000 2722 1054; x_wconf 93' lang='lat' dir='ltr'><strong>hic</strong></span> <span class='ocrx_word' id='word_1_162' title='bbox 2750 999 3080 1069; x_wconf 88' lang='lat' dir='ltr'><strong>parabolam,</strong></span> <span class='ocrx_word' id='word_1_163' title='bbox 3116 1015 3236 1068; x_wconf 84' lang='lat' dir='ltr'><strong>quae</strong></span> <span class='ocrx_word' id='word_1_164' title='bbox 3262 1015 3291 1054; x_wconf 92' lang='lat' dir='ltr'><strong>a</strong></span> <span class='ocrx_word' id='word_1_165' title='bbox 3323 999 3555 1070; x_wconf 88' lang='lat' dir='ltr'><strong>Septua-</strong></span> 
     </span>
    </p>
   </div>
   <div class='ocr_carea' id='block_1_25' title="bbox 1974 1087 3558 1159">
    <p class='ocr_par' dir='ltr' id='par_1_25' title="bbox 1974 1087 3558 1159">
     <span class='ocr_line' id='line_1_25' title="bbox 1974 1087 3558 1159; baseline 0.001 -18"><span class='ocrx_word' id='word_1_166' title='bbox 1974 1087 2125 1158; x_wconf 75' lang='lat' dir='ltr'><strong>ginta</strong></span> <span class='ocrx_word' id='word_1_167' title='bbox 2150 1089 2391 1157; x_wconf 83' lang='lat' dir='ltr'><strong>ponitur,</strong></span> <span class='ocrx_word' id='word_1_168' title='bbox 2430 1088 2600 1159; x_wconf 87' lang='lat' dir='ltr'><strong>accipi</strong></span> <span class='ocrx_word' id='word_1_169' title='bbox 2634 1089 2918 1158; x_wconf 88' lang='lat' dir='ltr'><strong>proverbio</strong></span> <span class='ocrx_word' id='word_1_170' title='bbox 2946 1088 3102 1158; x_wconf 80' lang='lat' dir='ltr'><strong>juxta</strong></span> <span class='ocrx_word' id='word_1_171' title='bbox 3135 1088 3284 1157; x_wconf 89' lang='lat' dir='ltr'><strong>illud,</strong></span> <span class='ocrx_word' id='word_1_172' title='bbox 3310 1089 3453 1158; x_wconf 90' lang='lat' dir='ltr'><strong>quod</strong></span> <span class='ocrx_word' id='word_1_173' title='bbox 3500 1089 3558 1143; x_wconf 88' lang='lat' dir='ltr'><strong>in</strong></span> 
     </span>
    </p>
   </div>
   <div class='ocr_carea' id='block_1_26' title="bbox 1958 1168 3556 1261">
    <p class='ocr_par' dir='ltr' id='par_1_26' title="bbox 1958 1168 3556 1261">
     <span class='ocr_line' id='line_1_26' title="bbox 1958 1168 3556 1261; baseline -0.001 -27"><span class='ocrx_word' id='word_1_174' title='bbox 1958 1168 2181 1261; x_wconf 31' lang='lat' dir='ltr'><strong>l&#39;psalmo</strong></span> <span class='ocrx_word' id='word_1_175' title='bbox 2204 1172 2497 1248; x_wconf 82' lang='lat' dir='ltr'><strong>&#39;legimus:</strong></span> <span class='ocrx_word' id='word_1_176' title='bbox 2531 1197 2549 1228; x_wconf 76' lang='grc' dir='ltr'><strong>ι</strong></span> <span class='ocrx_word' id='word_1_177' title='bbox 2604 1177 2672 1232; x_wconf 87' lang='lat' dir='ltr'><strong>Et</strong></span> <span class='ocrx_word' id='word_1_178' title='bbox 2702 1177 2877 1232; x_wconf 90' lang='lat' dir='ltr'><strong>factus</strong></span> <span class='ocrx_word' id='word_1_179' title='bbox 2912 1194 3029 1233; x_wconf 90' lang='lat' dir='ltr'><strong>sum</strong></span> <span class='ocrx_word' id='word_1_180' title='bbox 3060 1179 3139 1233; x_wconf 89' lang='lat' dir='ltr'><strong>eis</strong></span> <span class='ocrx_word' id='word_1_181' title='bbox 3166 1179 3219 1233; x_wconf 90' lang='lat' dir='ltr'><strong>in</strong></span> <span class='ocrx_word' id='word_1_182' title='bbox 3246 1180 3556 1248; x_wconf 87' lang='lat' dir='ltr'><strong>parabolam</strong></span> 
     </span>
    </p>
   </div>
   <div class='ocr_carea' id='block_1_27' title="bbox 1977 1265 3560 1338">
    <p class='ocr_par' dir='ltr' id='par_1_27' title="bbox 1977 1265 3560 1338">
     <span class='ocr_line' id='line_1_27' title="bbox 1977 1265 3560 1338; baseline 0.004 -19"><span class='ocrx_word' id='word_1_183' title='bbox 1977 1265 2149 1337; x_wconf 81' lang='lat' dir='ltr'><strong>(Psal.</strong></span> <span class='ocrx_word' id='word_1_184' title='bbox 2176 1266 2385 1336; x_wconf 77' lang='lat' dir='ltr'><strong>vant).</strong></span> <span class='ocrx_word' id='word_1_185' title='bbox 2424 1287 2442 1318; x_wconf 75' lang='grc' dir='ltr'><strong>ι</strong></span> <span class='ocrx_word' id='word_1_186' title='bbox 2478 1266 2546 1321; x_wconf 87' lang='lat' dir='ltr'><strong>Et</strong></span> <span class='ocrx_word' id='word_1_187' title='bbox 2575 1267 2627 1321; x_wconf 92' lang='lat' dir='ltr'><strong>in</strong></span> <span class='ocrx_word' id='word_1_188' title='bbox 2658 1267 2763 1322; x_wconf 92' lang='lat' dir='ltr'><strong>hoc</strong></span> <span class='ocrx_word' id='word_1_189' title='bbox 2804 1269 2993 1324; x_wconf 89' lang='lat' dir='ltr'><strong>eodem</strong></span> <span class='ocrx_word' id='word_1_190' title='bbox 3036 1266 3335 1338; x_wconf 81' lang='lat' dir='ltr'><strong>prepheta:</strong></span> <span class='ocrx_word' id='word_1_191' title='bbox 3370 1290 3390 1321; x_wconf 74' lang='grc' dir='ltr'><strong>ι</strong></span> <span class='ocrx_word' id='word_1_192' title='bbox 3419 1270 3560 1337; x_wconf 83' lang='lat' dir='ltr'><strong>Quid</strong></span> 
     </span>
    </p>
   </div>
   <div class='ocr_carea' id='block_1_28' title="bbox 1976 1356 3558 1429">
    <p class='ocr_par' dir='ltr' id='par_1_28' title="bbox 1976 1356 3558 1429">
     <span class='ocr_line' id='line_1_28' title="bbox 1976 1356 3558 1429; baseline 0.003 -19"><span class='ocrx_word' id='word_1_193' title='bbox 1976 1363 2059 1410; x_wconf 88' lang='lat' dir='ltr'><strong>est</strong></span> <span class='ocrx_word' id='word_1_194' title='bbox 2085 1357 2237 1429; x_wconf 84' lang='lat' dir='ltr'><strong>vobis</strong></span> <span class='ocrx_word' id='word_1_195' title='bbox 2285 1357 2541 1425; x_wconf 88' lang='lat' dir='ltr'><strong>parabola</strong></span> <span class='ocrx_word' id='word_1_196' title='bbox 2580 1356 2684 1411; x_wconf 90' lang='lat' dir='ltr'><strong>ista</strong></span> <span class='ocrx_word' id='word_1_197' title='bbox 2713 1357 2767 1411; x_wconf 93' lang='lat' dir='ltr'><strong>in</strong></span> <span class='ocrx_word' id='word_1_198' title='bbox 2796 1358 2995 1426; x_wconf 89' lang='lat' dir='ltr'><strong>populo</strong></span> <span class='ocrx_word' id='word_1_199' title='bbox 3024 1358 3212 1423; x_wconf 86' lang='lat' dir='ltr'><strong>lsrael,</strong></span> <span class='ocrx_word' id='word_1_200' title='bbox 3241 1358 3558 1424; x_wconf 77' lang='lat' dir='ltr'><strong>dicentium,</strong></span> 
     </span>
    </p>
   </div>
   <div class='ocr_carea' id='block_1_29' title="bbox 1977 1448 3562 1517">
    <p class='ocr_par' dir='ltr' id='par_1_29' title="bbox 1977 1448 3562 1517">
     <span class='ocr_line' id='line_1_29' title="bbox 1977 1448 3562 1517; baseline 0.003 -16"><span class='ocrx_word' id='word_1_201' title='bbox 1977 1457 2160 1517; x_wconf 83' lang='lat' dir='ltr'><strong>patres</strong></span> <span class='ocrx_word' id='word_1_202' title='bbox 2187 1448 2541 1511; x_wconf 87' lang='lat' dir='ltr'><strong>comederunt</strong></span> <span class='ocrx_word' id='word_1_203' title='bbox 2574 1464 2737 1503; x_wconf 88' lang='lat' dir='ltr'><strong>uvam</strong></span> <span class='ocrx_word' id='word_1_204' title='bbox 2765 1448 3038 1513; x_wconf 89' lang='lat' dir='ltr'><strong>acerbam,</strong></span> <span class='ocrx_word' id='word_1_205' title='bbox 3099 1458 3153 1504; x_wconf 92' lang='lat' dir='ltr'><strong>et</strong></span> <span class='ocrx_word' id='word_1_206' title='bbox 3198 1449 3384 1503; x_wconf 88' lang='lat' dir='ltr'><strong>dentes</strong></span> <span class='ocrx_word' id='word_1_207' title='bbox 3425 1449 3562 1505; x_wconf 86' lang='lat' dir='ltr'><strong>tilio-</strong></span> 
     </span>
    </p>
   </div>
   <div class='ocr_carea' id='block_1_30' title="bbox 1954 1522 3561 1621">
    <p class='ocr_par' dir='ltr' id='par_1_30' title="bbox 1954 1522 3561 1621">
     <span class='ocr_line' id='line_1_30' title="bbox 1954 1522 3561 1621; baseline 0.003 -29"><span class='ocrx_word' id='word_1_208' title='bbox 1954 1552 2097 1614; x_wconf 58' lang='lat' dir='ltr'><strong>rum</strong></span> <span class='ocrx_word' id='word_1_209' title='bbox 2126 1522 2551 1608; x_wconf 74' lang='lat' dir='ltr'><strong>obStupuerunt?</strong></span> <span class='ocrx_word' id='word_1_210' title='bbox 2572 1559 2590 1593; x_wconf 78' lang='grc' dir='ltr'><strong>ι</strong></span> <span class='ocrx_word' id='word_1_211' title='bbox 2628 1538 2911 1595; x_wconf 80' lang='lat' dir='ltr'><strong>Manifesta</strong></span> <span class='ocrx_word' id='word_1_212' title='bbox 2945 1541 3376 1612; x_wconf 84' lang='lat' dir='ltr'><strong>perstringimus,</strong></span> <span class='ocrx_word' id='word_1_213' title='bbox 3396 1548 3457 1597; x_wconf 87' lang='lat' dir='ltr'><strong>ut</strong></span> 
     </span>
    </p>
   </div>
   <div class='ocr_carea' id='block_1_31' title="bbox 1979 1608 2784 1701">
    <p class='ocr_par' dir='ltr' id='par_1_31' title="bbox 1979 1610 2784 1701">
     <span class='ocr_line' id='line_1_31' title="bbox 1979 1610 2784 1701; baseline 0.004 -19"><span class='ocrx_word' id='word_1_214' title='bbox 1979 1610 2384 1701; x_wconf 80' lang='lat' dir='ltr'><strong>obscurioribus</strong></span> <span class='ocrx_word' id='word_1_215' title='bbox 2406 1629 2784 1697; x_wconf 77' lang='lat' dir='ltr'><strong>immorentur.</strong></span> 
     </span>
    </p>
   </div>
   <div class='ocr_carea' id='block_1_32' title="bbox 2272 1708 2961 1809">
    <p class='ocr_par' dir='ltr' id='par_1_32' title="bbox 2272 1708 2961 1809">
     <span class='ocr_line' id='line_1_32' title="bbox 2272 1708 2961 1809; baseline 0.01 -17"><span class='ocrx_word' id='word_1_216' title='bbox 2272 1714 2277 1717; x_wconf 72' lang='grc'><em>’</em></span> <span class='ocrx_word' id='word_1_217' title='bbox 2498 1716 2499 1719; x_wconf 7' lang='grc' dir='ltr'>γ</span> <span class='ocrx_word' id='word_1_218' title='bbox 2557 1737 2791 1809; x_wconf 77' lang='lat' dir='ltr'><strong>CAPUT</strong></span> <span class='ocrx_word' id='word_1_219' title='bbox 2826 1742 2961 1799; x_wconf 86' lang='lat' dir='ltr'><strong>xm.</strong></span> 
     </span>
    </p>
   </div>
   <div class='ocr_carea' id='block_1_33' title="bbox 283 1812 3565 1907">
    <p class='ocr_par' dir='ltr' id='par_1_33' title="bbox 283 1812 3565 1907">
     <span class='ocr_line' id='line_1_33' title="bbox 283 1812 3565 1907; baseline 0.007 -38"><span class='ocrx_word' id='word_1_220' title='bbox 283 1828 525 1870; x_wconf 68' lang='lat' dir='ltr'><strong>maerore</strong></span> <span class='ocrx_word' id='word_1_221' title='bbox 567 1822 623 1869; x_wconf 90' lang='lat' dir='ltr'><strong>et</strong></span> <span class='ocrx_word' id='word_1_222' title='bbox 672 1816 920 1907; x_wconf 63' lang='lat' dir='ltr'><strong>angustia</strong></span> <span class='ocrx_word' id='word_1_223' title='bbox 980 1830 1147 1901; x_wconf 27' lang='lat' dir='ltr'><strong>:‘Hnon</strong></span> <span class='ocrx_word' id='word_1_224' title='bbox 1198 1816 1392 1907; x_wconf 20' lang='lat' dir='ltr'><strong>Acibttm</strong></span> <span class='ocrx_word' id='word_1_225' title='bbox 1447 1816 1603 1907; x_wconf 59' lang='lat' dir='ltr'><strong>panis</strong></span> <span class='ocrx_word' id='word_1_226' title='bbox 1628 1855 1663 1907; x_wconf 11' lang='grc' dir='ltr'><strong>,ί</strong></span> <span class='ocrx_word' id='word_1_227' title='bbox 1699 1812 1965 1907; x_wconf 47' lang='lat'><strong>1189093</strong></span> <span class='ocrx_word' id='word_1_228' title='bbox 1979 1824 2160 1907; x_wconf 70' lang='lat' dir='ltr'><strong>Sermo</strong></span> <span class='ocrx_word' id='word_1_229' title='bbox 2191 1827 2404 1907; x_wconf 57' lang='grc' dir='ltr'><strong>Πυριέηὶ</strong></span> <span class='ocrx_word' id='word_1_230' title='bbox 2425 1820 2605 1884; x_wconf 67' lang='lat' dir='ltr'><strong>contra</strong></span> <span class='ocrx_word' id='word_1_231' title='bbox 2634 1830 2805 1907; x_wconf 64' lang='lat' dir='ltr'><strong>falsos</strong></span> <span class='ocrx_word' id='word_1_232' title='bbox 2838 1835 3114 1907; x_wconf 72' lang='lat' dir='ltr'><strong>prophetas</strong></span> <span class='ocrx_word' id='word_1_233' title='bbox 3137 1835 3448 1905; x_wconf 81' lang='lat' dir='ltr'><strong>decipientes</strong></span> <span class='ocrx_word' id='word_1_234' title='bbox 3472 1853 3565 1907; x_wconf 81' lang='lat' dir='ltr'><strong>po-</strong></span> 
     </span>
    </p>
   </div>
   <div class='ocr_carea' id='block_1_34' title="bbox 285 1891 1889 1976">
    <p class='ocr_par' dir='ltr' id='par_1_34' title="bbox 285 1891 1889 1976">
     <span class='ocr_line' id='line_1_34' title="bbox 285 1891 1889 1976; baseline 0 -17"><span class='ocrx_word' id='word_1_235' title='bbox 285 1913 476 1976; x_wconf 88' lang='lat' dir='ltr'><strong>potum</strong></span> <span class='ocrx_word' id='word_1_236' title='bbox 502 1919 679 1974; x_wconf 59' lang='lat' dir='ltr'><strong>aquae,</strong></span> <span class='ocrx_word' id='word_1_237' title='bbox 722 1891 827 1971; x_wconf 75' lang='lat' dir='ltr'><strong>sed</strong></span> <span class='ocrx_word' id='word_1_238' title='bbox 858 1891 1055 1967; x_wconf 76' lang='lat' dir='ltr'><strong>famem</strong></span> <span class='ocrx_word' id='word_1_239' title='bbox 1095 1906 1364 1975; x_wconf 80' lang='lat' dir='ltr'><strong>sermonis</strong></span> <span class='ocrx_word' id='word_1_240' title='bbox 1400 1892 1469 1961; x_wconf 26' lang='lat' dir='ltr'><strong>et.</strong></span> <span class='ocrx_word' id='word_1_241' title='bbox 1496 1906 1755 1969; x_wconf 68' lang='lat' dir='ltr'><strong>doctrina:</strong></span> <span class='ocrx_word' id='word_1_242' title='bbox 1779 1896 1889 1963; x_wconf 80' lang='lat' dir='ltr'><strong>Dei</strong></span> 
     </span>
    </p>
   </div>
   <div class='ocr_carea' id='block_1_35' title="bbox 284 1984 1877 2067">
    <p class='ocr_par' dir='ltr' id='par_1_35' title="bbox 284 1984 1877 2067">
     <span class='ocr_line' id='line_1_35' title="bbox 284 1984 1877 2067; baseline 0.001 -18"><span class='ocrx_word' id='word_1_243' title='bbox 284 1993 637 2050; x_wconf 88' lang='lat' dir='ltr'><strong>sustinentes.</strong></span> <span class='ocrx_word' id='word_1_244' title='bbox 666 1993 892 2063; x_wconf 85' lang='lat' dir='ltr'><strong>Quando</strong></span> <span class='ocrx_word' id='word_1_245' title='bbox 921 1995 1068 2053; x_wconf 89' lang='lat' dir='ltr'><strong>enim</strong></span> <span class='ocrx_word' id='word_1_246' title='bbox 1088 2048 1093 2053; x_wconf 88' lang='lat'><strong>.</strong></span> <span class='ocrx_word' id='word_1_247' title='bbox 1112 1994 1199 2055; x_wconf 83' lang='lat' dir='ltr'><strong>vel</strong></span> <span class='ocrx_word' id='word_1_248' title='bbox 1245 1996 1379 2052; x_wconf 87' lang='lat' dir='ltr'><strong>vitio</strong></span> <span class='ocrx_word' id='word_1_249' title='bbox 1416 1984 1752 2067; x_wconf 85' lang='lat' dir='ltr'><strong>principum,</strong></span> <span class='ocrx_word' id='word_1_250' title='bbox 1783 1994 1877 2065; x_wconf 86' lang='lat' dir='ltr'><strong>qui</strong></span> 
     </span>
    </p>
   </div>
   <div class='ocr_carea' id='block_1_36' title="bbox 289 2083 1877 2163">
    <p class='ocr_par' dir='ltr' id='par_1_36' title="bbox 289 2083 1877 2163">
     <span class='ocr_line' id='line_1_36' title="bbox 289 2083 1877 2163; baseline 0.001 -24"><span class='ocrx_word' id='word_1_251' title='bbox 289 2084 542 2152; x_wconf 84' lang='lat' dir='ltr'><strong>capiendi</strong></span> <span class='ocrx_word' id='word_1_252' title='bbox 591 2093 737 2148; x_wconf 90' lang='lat' dir='ltr'><strong>sunt,</strong></span> <span class='ocrx_word' id='word_1_253' title='bbox 777 2093 833 2140; x_wconf 89' lang='lat' dir='ltr'><strong>et</strong></span> <span class='ocrx_word' id='word_1_254' title='bbox 882 2083 1126 2163; x_wconf 77' lang='lat' dir='ltr'><strong>tradendi</strong></span> <span class='ocrx_word' id='word_1_255' title='bbox 1165 2085 1497 2161; x_wconf 87' lang='lat' dir='ltr'><strong>Babyloniis,</strong></span> <span class='ocrx_word' id='word_1_256' title='bbox 1549 2086 1637 2141; x_wconf 83' lang='lat' dir='ltr'><strong>vel</strong></span> <span class='ocrx_word' id='word_1_257' title='bbox 1692 2086 1877 2141; x_wconf 88' lang='lat' dir='ltr'><strong>nostra</strong></span> 
     </span>
    </p>
   </div>
   <div class='ocr_carea' id='block_1_37' title="bbox 289 2170 1879 2249">
    <p class='ocr_par' dir='ltr' id='par_1_37' title="bbox 289 2170 1879 2249">
     <span class='ocr_line' id='line_1_37' title="bbox 289 2170 1879 2249; baseline 0.003 -24"><span class='ocrx_word' id='word_1_258' title='bbox 289 2170 495 2226; x_wconf 85' lang='lat' dir='ltr'><strong>duritia</strong></span> <span class='ocrx_word' id='word_1_259' title='bbox 540 2173 935 2245; x_wconf 81' lang='lat' dir='ltr'><strong>perdiderimus</strong></span> <span class='ocrx_word' id='word_1_260' title='bbox 984 2189 1289 2232; x_wconf 87' lang='lat' dir='ltr'><strong>sermonem</strong></span> <span class='ocrx_word' id='word_1_261' title='bbox 1319 2174 1437 2240; x_wconf 90' lang='lat' dir='ltr'><strong>Dei,</strong></span> <span class='ocrx_word' id='word_1_262' title='bbox 1464 2170 1740 2249; x_wconf 84' lang='lat' dir='ltr'><strong>aquasque</strong></span> <span class='ocrx_word' id='word_1_263' title='bbox 1768 2190 1879 2232; x_wconf 89' lang='lat' dir='ltr'><strong>non</strong></span> 
     </span>
    </p>
   </div>
   <div class='ocr_carea' id='block_1_38' title="bbox 286 2263 1881 2341">
    <p class='ocr_par' dir='ltr' id='par_1_38' title="bbox 286 2263 1881 2341">
     <span class='ocr_line' id='line_1_38' title="bbox 286 2263 1881 2341; baseline 0.004 -25"><span class='ocrx_word' id='word_1_264' title='bbox 286 2263 651 2319; x_wconf 88' lang='lat' dir='ltr'><strong>meruerimus</strong></span> <span class='ocrx_word' id='word_1_265' title='bbox 682 2265 881 2323; x_wconf 87' lang='lat' dir='ltr'><strong>habere</strong></span> <span class='ocrx_word' id='word_1_266' title='bbox 909 2265 1090 2331; x_wconf 81' lang='lat' dir='ltr'><strong>utiles,</strong></span> <span class='ocrx_word' id='word_1_267' title='bbox 1120 2266 1329 2341; x_wconf 87' lang='lat' dir='ltr'><strong>tunein</strong></span> <span class='ocrx_word' id='word_1_268' title='bbox 1346 2266 1532 2327; x_wconf 83' lang='lat' dir='ltr'><strong>dolore</strong></span> <span class='ocrx_word' id='word_1_269' title='bbox 1574 2275 1628 2324; x_wconf 91' lang='lat' dir='ltr'><strong>et</strong></span> <span class='ocrx_word' id='word_1_270' title='bbox 1654 2266 1881 2341; x_wconf 90' lang='lat' dir='ltr'><strong>penuria</strong></span> 
     </span>
    </p>
   </div>
   <div class='ocr_carea' id='block_1_39' title="bbox 287 2357 1882 2441">
    <p class='ocr_par' dir='ltr' id='par_1_39' title="bbox 287 2357 1882 2441">
     <span class='ocr_line' id='line_1_39' title="bbox 287 2357 1882 2441; baseline 0.003 -32"><span class='ocrx_word' id='word_1_271' title='bbox 287 2363 539 2409; x_wconf 88' lang='lat' dir='ltr'><strong>nostrum</strong></span> <span class='ocrx_word' id='word_1_272' title='bbox 589 2369 866 2411; x_wconf 89' lang='lat' dir='ltr'><strong>sumemus</strong></span> <span class='ocrx_word' id='word_1_273' title='bbox 913 2357 1117 2425; x_wconf 85' lang='lat' dir='ltr'><strong>cibum,</strong></span> <span class='ocrx_word' id='word_1_274' title='bbox 1145 2365 1201 2415; x_wconf 90' lang='lat' dir='ltr'><strong>et</strong></span> <span class='ocrx_word' id='word_1_275' title='bbox 1246 2364 1393 2415; x_wconf 87' lang='lat' dir='ltr'><strong>terra</strong></span> <span class='ocrx_word' id='word_1_276' title='bbox 1423 2358 1882 2441; x_wconf 12' lang='lat' dir='ltr'><strong>pe‘rdetmultitu-</strong></span> 
     </span>
    </p>
   </div>
   <div class='ocr_carea' id='block_1_40' title="bbox 287 2436 1880 2527">
    <p class='ocr_par' dir='ltr' id='par_1_40' title="bbox 287 2436 1880 2527">
     <span class='ocr_line' id='line_1_40' title="bbox 287 2436 1880 2527; baseline 0.006 -29"><span class='ocrx_word' id='word_1_277' title='bbox 287 2443 475 2498; x_wconf 89' lang='lat' dir='ltr'><strong>dinem</strong></span> <span class='ocrx_word' id='word_1_278' title='bbox 510 2445 872 2523; x_wconf 79' lang='lat' dir='ltr'><strong>credentium,</strong></span> <span class='ocrx_word' id='word_1_279' title='bbox 895 2439 951 2502; x_wconf 79' lang='lat' dir='ltr'><strong>et</strong></span> <span class='ocrx_word' id='word_1_280' title='bbox 975 2448 1241 2515; x_wconf 82' lang='lat' dir='ltr'><strong>civitates,</strong></span> <span class='ocrx_word' id='word_1_281' title='bbox 1274 2464 1394 2527; x_wconf 66' lang='lat' dir='ltr'><strong>quae</strong></span> <span class='ocrx_word' id='word_1_282' title='bbox 1420 2436 1483 2527; x_wconf 28' lang='lat' dir='ltr'><strong>in.</strong></span> <span class='ocrx_word' id='word_1_283' title='bbox 1510 2436 1771 2507; x_wconf 35' lang='lat' dir='ltr'><strong>toto&#39;orbe</strong></span> <span class='ocrx_word' id='word_1_284' title='bbox 1792 2450 1880 2506; x_wconf 88' lang='lat' dir='ltr'><strong>in-</strong></span> 
     </span>
    </p>
   </div>
   <div class='ocr_carea' id='block_1_41' title="bbox 289 2524 1883 2605">
    <p class='ocr_par' dir='ltr' id='par_1_41' title="bbox 289 2524 1883 2605">
     <span class='ocr_line' id='line_1_41' title="bbox 289 2524 1883 2605; baseline 0.005 -16"><span class='ocrx_word' id='word_1_285' title='bbox 289 2530 613 2604; x_wconf 82' lang='lat' dir='ltr'><strong>telliguntur</strong></span> <span class='ocrx_word' id='word_1_286' title='bbox 641 2534 883 2591; x_wconf 68' lang='lat' dir='ltr'><strong>ecclesiae</strong></span> <span class='ocrx_word' id='word_1_287' title='bbox 928 2524 1340 2605; x_wconf 80' lang='lat' dir='ltr'><strong>desolabuntur,</strong></span> <span class='ocrx_word' id='word_1_288' title='bbox 1384 2547 1438 2594; x_wconf 91' lang='lat' dir='ltr'><strong>et</strong></span> <span class='ocrx_word' id='word_1_289' title='bbox 1478 2524 1629 2595; x_wconf 75' lang='lat' dir='ltr'><strong>terra</strong></span> <span class='ocrx_word' id='word_1_290' title='bbox 1667 2540 1883 2597; x_wconf 88' lang='lat' dir='ltr'><strong>deserta</strong></span> 
     </span>
    </p>
   </div>
   <div class='ocr_carea' id='block_1_42' title="bbox 290 2622 1883 2705">
    <p class='ocr_par' dir='ltr' id='par_1_42' title="bbox 290 2622 1883 2705">
     <span class='ocr_line' id='line_1_42' title="bbox 290 2622 1883 2705; baseline 0.006 -28"><span class='ocrx_word' id='word_1_291' title='bbox 290 2622 425 2705; x_wconf 64' lang='lat' dir='ltr'><strong>eﬁt,</strong></span> <span class='ocrx_word' id='word_1_292' title='bbox 449 2631 508 2678; x_wconf 92' lang='lat' dir='ltr'><strong>ut</strong></span> <span class='ocrx_word' id='word_1_293' title='bbox 526 2639 717 2699; x_wconf 78' lang='lat' dir='ltr'><strong>omnes</strong></span> <span class='ocrx_word' id='word_1_294' title='bbox 738 2625 913 2701; x_wconf 79' lang='lat' dir='ltr'><strong>sciant</strong></span> <span class='ocrx_word' id='word_1_295' title='bbox 937 2626 1063 2699; x_wconf 90' lang='lat' dir='ltr'><strong>quia</strong></span> <span class='ocrx_word' id='word_1_296' title='bbox 1104 2625 1306 2682; x_wconf 85' lang='lat' dir='ltr'><strong>oil‘ensa</strong></span> <span class='ocrx_word' id='word_1_297' title='bbox 1354 2627 1425 2683; x_wconf 91' lang='lat' dir='ltr'><strong>sit</strong></span> <span class='ocrx_word' id='word_1_298' title='bbox 1472 2627 1710 2695; x_wconf 88' lang='lat' dir='ltr'><strong>Domini,</strong></span> <span class='ocrx_word' id='word_1_299' title='bbox 1740 2631 1883 2705; x_wconf 82' lang='lat' dir='ltr'><strong>quod</strong></span> 
     </span>
    </p>
   </div>
   <div class='ocr_carea' id='block_1_43' title="bbox 290 2702 1885 2791">
    <p class='ocr_par' dir='ltr' id='par_1_43' title="bbox 290 2702 1885 2791">
     <span class='ocr_line' id='line_1_43' title="bbox 290 2702 1885 2791; baseline 0.004 -25"><span class='ocrx_word' id='word_1_300' title='bbox 290 2702 515 2782; x_wconf 78' lang='lat' dir='ltr'><strong>quidem</strong></span> <span class='ocrx_word' id='word_1_301' title='bbox 545 2720 599 2768; x_wconf 88' lang='lat' dir='ltr'><strong>et</strong></span> <span class='ocrx_word' id='word_1_302' title='bbox 640 2714 693 2768; x_wconf 90' lang='lat' dir='ltr'><strong>in</strong></span> <span class='ocrx_word' id='word_1_303' title='bbox 723 2714 1119 2789; x_wconf 76' lang='lat' dir='ltr'><strong>persecutionis</strong></span> <span class='ocrx_word' id='word_1_304' title='bbox 1141 2710 1384 2791; x_wconf 83' lang='lat' dir='ltr'><strong>tempore</strong></span> <span class='ocrx_word' id='word_1_305' title='bbox 1420 2708 1733 2788; x_wconf 74' lang='lat' dir='ltr'><strong>intelligere</strong></span> 
     </span>
    </p>
   </div>
   <div class='ocr_carea' id='block_1_44' title="bbox 292 2796 1749 2858">
    <p class='ocr_par' dir='ltr' id='par_1_44' title="bbox 292 2796 1749 2858">
     <span class='ocr_line' id='line_1_44' title="bbox 292 2796 1749 2858; baseline -0.003 0"><span class='ocrx_word' id='word_1_306' title='bbox 292 2817 508 2858; x_wconf 86' lang='lat' dir='ltr'><strong>sumus.</strong></span> <span class='ocrx_word' id='word_1_307' title='bbox 1182 2802 1219 2853; x_wconf 83' lang='lat'><strong>.&#39;</strong></span> <span class='ocrx_word' id='word_1_308' title='bbox 1744 2796 1749 2803; x_wconf 86' lang='grc'><em>’</em></span> 
     </span>
    </p>
   </div>
   <div class='ocr_carea' id='block_1_45' title="bbox 375 2891 1886 2973">
    <p class='ocr_par' dir='ltr' id='par_1_45' title="bbox 375 2891 1886 2973">
     <span class='ocr_line' id='line_1_45' title="bbox 375 2891 1886 2973; baseline 0.006 -28"><span class='ocrx_word' id='word_1_309' title='bbox 375 2911 394 2944; x_wconf 77' lang='grc' dir='ltr'><strong>ι</strong></span> <span class='ocrx_word' id='word_1_310' title='bbox 437 2893 504 2947; x_wconf 87' lang='lat' dir='ltr'><strong>Et</strong></span> <span class='ocrx_word' id='word_1_311' title='bbox 524 2891 701 2968; x_wconf 82' lang='lat' dir='ltr'><strong>factus</strong></span> <span class='ocrx_word' id='word_1_312' title='bbox 739 2903 823 2955; x_wconf 88' lang='lat' dir='ltr'><strong>est</strong></span> <span class='ocrx_word' id='word_1_313' title='bbox 860 2910 1041 2973; x_wconf 83' lang='lat' dir='ltr'><strong>sermo</strong></span> <span class='ocrx_word' id='word_1_314' title='bbox 1062 2895 1275 2963; x_wconf 91' lang='lat' dir='ltr'><strong>Domini</strong></span> <span class='ocrx_word' id='word_1_315' title='bbox 1297 2896 1365 2965; x_wconf 86' lang='lat' dir='ltr'><strong>ad</strong></span> <span class='ocrx_word' id='word_1_316' title='bbox 1389 2912 1478 2953; x_wconf 90' lang='lat' dir='ltr'><strong>me</strong></span> <span class='ocrx_word' id='word_1_317' title='bbox 1519 2897 1704 2969; x_wconf 83' lang='lat' dir='ltr'><strong>dicens</strong></span> <span class='ocrx_word' id='word_1_318' title='bbox 1738 2915 1751 2954; x_wconf 88' lang='lat'><strong>:</strong></span> <span class='ocrx_word' id='word_1_319' title='bbox 1784 2898 1886 2973; x_wconf 71' lang='lat' dir='ltr'><strong>Fili</strong></span> 
     </span>
    </p>
   </div>
   <div class='ocr_carea' id='block_1_46' title="bbox 300 2970 1888 3062">
    <p class='ocr_par' dir='ltr' id='par_1_46' title="bbox 300 2970 1888 3062">
     <span class='ocr_line' id='line_1_46' title="bbox 300 2970 1888 3062; baseline 0.005 -27"><span class='ocrx_word' id='word_1_320' title='bbox 300 3000 321 3033; x_wconf 76' lang='grc' dir='ltr'><strong>ι</strong></span> <span class='ocrx_word' id='word_1_321' title='bbox 359 2982 617 3050; x_wconf 86' lang='lat' dir='ltr'><strong>hominis,</strong></span> <span class='ocrx_word' id='word_1_322' title='bbox 644 2984 790 3054; x_wconf 91' lang='lat' dir='ltr'><strong>quod</strong></span> <span class='ocrx_word' id='word_1_323' title='bbox 819 2992 905 3040; x_wconf 90' lang='lat' dir='ltr'><strong>est</strong></span> <span class='ocrx_word' id='word_1_324' title='bbox 929 2970 1275 3055; x_wconf 84' lang='lat' dir='ltr'><strong>proverbium</strong></span> <span class='ocrx_word' id='word_1_325' title='bbox 1301 2985 1445 3061; x_wconf 87' lang='lat' dir='ltr'><strong>istud</strong></span> <span class='ocrx_word' id='word_1_326' title='bbox 1475 2972 1626 3051; x_wconf 78' lang='lat' dir='ltr'><strong>vobis</strong></span> <span class='ocrx_word' id='word_1_327' title='bbox 1655 2987 1713 3055; x_wconf 22' lang='lat' dir='ltr'><strong>in,</strong></span> <span class='ocrx_word' id='word_1_328' title='bbox 1744 2970 1888 3062; x_wconf 77' lang='lat' dir='ltr'><strong>terra</strong></span> 
     </span>
    </p>
   </div>
   <div class='ocr_carea' id='block_1_47' title="bbox 300 3070 1889 3153">
    <p class='ocr_par' dir='ltr' id='par_1_47' title="bbox 300 3070 1889 3153">
     <span class='ocr_line' id='line_1_47' title="bbox 300 3070 1889 3153; baseline 0.006 -29"><span class='ocrx_word' id='word_1_329' title='bbox 300 3092 321 3124; x_wconf 73' lang='grc' dir='ltr'><strong>ι</strong></span> <span class='ocrx_word' id='word_1_330' title='bbox 355 3071 522 3128; x_wconf 88' lang='lat' dir='ltr'><strong>lsrael</strong></span> <span class='ocrx_word' id='word_1_331' title='bbox 544 3072 1172 3153; x_wconf 82' lang='lat' dir='ltr'><strong>dicentium,lulongum</strong></span> <span class='ocrx_word' id='word_1_332' title='bbox 1203 3070 1520 3132; x_wconf 83' lang='lat' dir='ltr'><strong>diil&#39;erentur</strong></span> <span class='ocrx_word' id='word_1_333' title='bbox 1543 3070 1673 3143; x_wconf 80' lang='lat' dir='ltr'><strong>dies,</strong></span> <span class='ocrx_word' id='word_1_334' title='bbox 1692 3086 1747 3134; x_wconf 90' lang='lat' dir='ltr'><strong>et</strong></span> <span class='ocrx_word' id='word_1_335' title='bbox 1767 3093 1889 3151; x_wconf 90' lang='lat' dir='ltr'><strong>pcr-</strong></span> 
     </span>
    </p>
   </div>
   <div class='ocr_carea' id='block_1_48' title="bbox 299 3152 1960 3241">
    <p class='ocr_par' dir='ltr' id='par_1_48' title="bbox 299 3152 1960 3241">
     <span class='ocr_line' id='line_1_48' title="bbox 299 3152 1960 3241; baseline 0.006 -24"><span class='ocrx_word' id='word_1_336' title='bbox 299 3183 321 3217; x_wconf 71' lang='grc'>.</span> <span class='ocrx_word' id='word_1_337' title='bbox 359 3164 463 3221; x_wconf 90' lang='lat' dir='ltr'><strong>ibit</strong></span> <span class='ocrx_word' id='word_1_338' title='bbox 486 3166 664 3221; x_wconf 86' lang='lat' dir='ltr'><strong>omnis</strong></span> <span class='ocrx_word' id='word_1_339' title='bbox 691 3167 863 3237; x_wconf 82' lang='lat' dir='ltr'><strong>visio?</strong></span> <span class='ocrx_word' id='word_1_340' title='bbox 898 3167 1022 3222; x_wconf 91' lang='lat' dir='ltr'><strong>ldeo</strong></span> <span class='ocrx_word' id='word_1_341' title='bbox 1056 3168 1145 3223; x_wconf 89' lang='lat' dir='ltr'><strong>die</strong></span> <span class='ocrx_word' id='word_1_342' title='bbox 1169 3168 1236 3223; x_wconf 89' lang='lat' dir='ltr'><strong>ad</strong></span> <span class='ocrx_word' id='word_1_343' title='bbox 1262 3184 1376 3235; x_wconf 88' lang='lat' dir='ltr'><strong>eos,</strong></span> <span class='ocrx_word' id='word_1_344' title='bbox 1414 3170 1529 3239; x_wconf 77' lang='lat' dir='ltr'><strong>haec</strong></span> <span class='ocrx_word' id='word_1_345' title='bbox 1557 3170 1688 3226; x_wconf 91' lang='lat' dir='ltr'><strong>dicit</strong></span> <span class='ocrx_word' id='word_1_346' title='bbox 1713 3172 1890 3241; x_wconf 83' lang='lat' dir='ltr'><strong>Domi-</strong></span> <span class='ocrx_word' id='word_1_347' title='bbox 1915 3152 1960 3212; x_wconf 86' lang='lat' dir='ltr'><strong>C</strong></span> 
     </span>
    </p>
   </div>
   <div class='ocr_carea' id='block_1_49' title="bbox 300 3256 1887 3331">
    <p class='ocr_par' dir='ltr' id='par_1_49' title="bbox 300 3256 1887 3331">
     <span class='ocr_line' id='line_1_49' title="bbox 300 3256 1887 3331; baseline 0.006 -23"><span class='ocrx_word' id='word_1_348' title='bbox 300 3274 321 3308; x_wconf 77' lang='grc' dir='ltr'><strong>ι</strong></span> <span class='ocrx_word' id='word_1_349' title='bbox 357 3258 465 3312; x_wconf 80' lang='lat' dir='ltr'><strong>nus</strong></span> <span class='ocrx_word' id='word_1_350' title='bbox 500 3256 663 3322; x_wconf 90' lang='lat' dir='ltr'><strong>Deus,</strong></span> <span class='ocrx_word' id='word_1_351' title='bbox 696 3258 986 3325; x_wconf 89' lang='lat' dir='ltr'><strong>Quiescere</strong></span> <span class='ocrx_word' id='word_1_352' title='bbox 1008 3257 1203 3315; x_wconf 82' lang='lat' dir='ltr'><strong>faciam</strong></span> <span class='ocrx_word' id='word_1_353' title='bbox 1222 3261 1567 3331; x_wconf 90' lang='lat' dir='ltr'><strong>proverbium</strong></span> <span class='ocrx_word' id='word_1_354' title='bbox 1591 3260 1753 3327; x_wconf 88' lang='lat' dir='ltr'><strong>istud,</strong></span> <span class='ocrx_word' id='word_1_355' title='bbox 1790 3277 1887 3318; x_wconf 89' lang='lat' dir='ltr'><strong>ne-</strong></span> 
     </span>
    </p>
   </div>
   <div class='ocr_carea' id='block_1_50' title="bbox 299 3348 1887 3431">
    <p class='ocr_par' dir='ltr' id='par_1_50' title="bbox 299 3348 1887 3431">
     <span class='ocr_line' id='line_1_50' title="bbox 299 3348 1887 3431; baseline 0.007 -34"><span class='ocrx_word' id='word_1_356' title='bbox 299 3362 320 3397; x_wconf 74' lang='grc'><strong>(</strong></span> <span class='ocrx_word' id='word_1_357' title='bbox 351 3361 462 3417; x_wconf 88' lang='lat' dir='ltr'><strong>que</strong></span> <span class='ocrx_word' id='word_1_358' title='bbox 491 3348 651 3418; x_wconf 87' lang='lat' dir='ltr'><strong>vulgo</strong></span> <span class='ocrx_word' id='word_1_359' title='bbox 667 3348 877 3404; x_wconf 91' lang='lat' dir='ltr'><strong>dicetur</strong></span> <span class='ocrx_word' id='word_1_360' title='bbox 898 3349 1037 3404; x_wconf 92' lang='lat' dir='ltr'><strong>ultra</strong></span> <span class='ocrx_word' id='word_1_361' title='bbox 1054 3350 1109 3405; x_wconf 90' lang='lat' dir='ltr'><strong>in</strong></span> <span class='ocrx_word' id='word_1_362' title='bbox 1137 3350 1322 3406; x_wconf 86' lang='lat' dir='ltr'><strong>lsrael.</strong></span> <span class='ocrx_word' id='word_1_363' title='bbox 1352 3351 1420 3406; x_wconf 89' lang='lat' dir='ltr'><strong>Et</strong></span> <span class='ocrx_word' id='word_1_364' title='bbox 1440 3352 1661 3431; x_wconf 77' lang='lat' dir='ltr'><strong>loquere</strong></span> <span class='ocrx_word' id='word_1_365' title='bbox 1682 3353 1749 3411; x_wconf 83' lang='lat' dir='ltr'><strong>ad</strong></span> <span class='ocrx_word' id='word_1_366' title='bbox 1772 3369 1887 3420; x_wconf 90' lang='lat' dir='ltr'><strong>eos,</strong></span> 
     </span>
    </p>
   </div>
   <div class='ocr_carea' id='block_1_51' title="bbox 298 3431 1892 3521">
    <p class='ocr_par' dir='ltr' id='par_1_51' title="bbox 298 3431 1892 3521">
     <span class='ocr_line' id='line_1_51' title="bbox 298 3431 1892 3521; baseline 0.005 -28"><span class='ocrx_word' id='word_1_367' title='bbox 298 3457 319 3492; x_wconf 75' lang='grc' dir='ltr'><strong>ι</strong></span> <span class='ocrx_word' id='word_1_368' title='bbox 351 3442 497 3510; x_wconf 81' lang='lat' dir='ltr'><strong>quod</strong></span> <span class='ocrx_word' id='word_1_369' title='bbox 533 3442 1084 3521; x_wconf 87' lang='lat' dir='ltr'><strong>appropinquaverint</strong></span> <span class='ocrx_word' id='word_1_370' title='bbox 1106 3442 1240 3509; x_wconf 90' lang='lat' dir='ltr'><strong>dies,</strong></span> <span class='ocrx_word' id='word_1_371' title='bbox 1257 3452 1312 3500; x_wconf 88' lang='lat' dir='ltr'><strong>et</strong></span> <span class='ocrx_word' id='word_1_372' title='bbox 1332 3458 1511 3519; x_wconf 78' lang='lat' dir='ltr'><strong>sermo</strong></span> <span class='ocrx_word' id='word_1_373' title='bbox 1530 3446 1708 3501; x_wconf 89' lang='lat' dir='ltr'><strong>omnis</strong></span> <span class='ocrx_word' id='word_1_374' title='bbox 1729 3431 1892 3515; x_wconf 82' lang='lat' dir='ltr'><strong>visio-</strong></span> 
     </span>
    </p>
   </div>
   <div class='ocr_carea' id='block_1_52' title="bbox 254 3531 1892 3607">
    <p class='ocr_par' dir='ltr' id='par_1_52' title="bbox 254 3531 1892 3607">
     <span class='ocr_line' id='line_1_52' title="bbox 254 3531 1892 3607; baseline 0.007 -28"><span class='ocrx_word' id='word_1_375' title='bbox 254 3568 261 3579; x_wconf 75' lang='lat'><strong>.</strong></span> <span class='ocrx_word' id='word_1_376' title='bbox 300 3550 320 3584; x_wconf 79' lang='grc' dir='ltr'><strong>ι</strong></span> <span class='ocrx_word' id='word_1_377' title='bbox 355 3532 465 3587; x_wconf 90' lang='lat' dir='ltr'><strong>nis.</strong></span> <span class='ocrx_word' id='word_1_378' title='bbox 492 3531 611 3587; x_wconf 81' lang='lat' dir='ltr'><strong>Non</strong></span> <span class='ocrx_word' id='word_1_379' title='bbox 649 3533 793 3587; x_wconf 88' lang='lat' dir='ltr'><strong>enim</strong></span> <span class='ocrx_word' id='word_1_380' title='bbox 819 3533 1133 3605; x_wconf 73' lang='lat' dir='ltr'><strong>eritomnis</strong></span> <span class='ocrx_word' id='word_1_381' title='bbox 1156 3533 1298 3607; x_wconf 85' lang='lat' dir='ltr'><strong>ultra</strong></span> <span class='ocrx_word' id='word_1_382' title='bbox 1344 3534 1478 3607; x_wconf 69' lang='lat' dir='ltr'><strong>visio</strong></span> <span class='ocrx_word' id='word_1_383' title='bbox 1505 3550 1680 3601; x_wconf 85' lang='lat' dir='ltr'><strong>cassa,</strong></span> <span class='ocrx_word' id='word_1_384' title='bbox 1714 3548 1892 3607; x_wconf 86' lang='lat' dir='ltr'><strong>neque</strong></span> 
     </span>
    </p>
   </div>
   <div class='ocr_carea' id='block_1_53' title="bbox 303 3600 1892 3711">
    <p class='ocr_par' dir='ltr' id='par_1_53' title="bbox 303 3600 1892 3711">
     <span class='ocr_line' id='line_1_53' title="bbox 303 3600 1892 3711; baseline 0.006 -39"><span class='ocrx_word' id='word_1_385' title='bbox 303 3640 323 3672; x_wconf 75' lang='grc' dir='ltr'><strong>ι</strong></span> <span class='ocrx_word' id='word_1_386' title='bbox 358 3620 623 3701; x_wconf 79' lang='lat' dir='ltr'><strong>divinatio</strong></span> <span class='ocrx_word' id='word_1_387' title='bbox 663 3600 921 3694; x_wconf 81' lang='lat' dir='ltr'><strong>ambigua</strong></span> <span class='ocrx_word' id='word_1_388' title='bbox 962 3623 1016 3677; x_wconf 91' lang='lat' dir='ltr'><strong>in</strong></span> <span class='ocrx_word' id='word_1_389' title='bbox 1060 3600 1502 3693; x_wconf 80' lang='lat' dir='ltr'><strong>medioiiliorum</strong></span> <span class='ocrx_word' id='word_1_390' title='bbox 1527 3610 1725 3711; x_wconf 62' lang='lat' dir='ltr'><strong>lsrael,</strong></span> 
     </span>
    </p>
   </div>
   <div class='ocr_carea' id='block_1_54' title="bbox 301 3700 1893 3801">
    <p class='ocr_par' dir='ltr' id='par_1_54' title="bbox 301 3700 1893 3801">
     <span class='ocr_line' id='line_1_54' title="bbox 301 3700 1893 3801; baseline 0.007 -39"><span class='ocrx_word' id='word_1_391' title='bbox 301 3730 321 3762; x_wconf 78' lang='grc' dir='ltr'><strong>ι</strong></span> <span class='ocrx_word' id='word_1_392' title='bbox 358 3725 462 3782; x_wconf 88' lang='lat' dir='ltr'><strong>ego</strong></span> <span class='ocrx_word' id='word_1_393' title='bbox 498 3700 781 3787; x_wconf 81' lang='lat' dir='ltr'><strong>Dominus</strong></span> <span class='ocrx_word' id='word_1_394' title='bbox 818 3712 1028 3795; x_wconf 84' lang='lat' dir='ltr'><strong>loquar,</strong></span> <span class='ocrx_word' id='word_1_395' title='bbox 1072 3715 1429 3786; x_wconf 86' lang='lat' dir='ltr'><strong>quodcunque</strong></span> <span class='ocrx_word' id='word_1_396' title='bbox 1472 3700 1688 3801; x_wconf 79' lang='lat' dir='ltr'><strong>loeutus</strong></span> <span class='ocrx_word' id='word_1_397' title='bbox 1718 3700 1893 3801; x_wconf 63' lang='lat' dir='ltr'><strong>ifuero</strong></span> 
     </span>
    </p>
   </div>
   <div class='ocr_carea' id='block_1_55' title="bbox 303 3794 1891 3883">
    <p class='ocr_par' dir='ltr' id='par_1_55' title="bbox 303 3794 1891 3883">
     <span class='ocr_line' id='line_1_55' title="bbox 303 3794 1891 3883; baseline 0.006 -29"><span class='ocrx_word' id='word_1_398' title='bbox 303 3821 324 3854; x_wconf 79' lang='grc' dir='ltr'><strong>ι</strong></span> <span class='ocrx_word' id='word_1_399' title='bbox 361 3804 612 3871; x_wconf 78' lang='lat' dir='ltr'><strong>verbum,</strong></span> <span class='ocrx_word' id='word_1_400' title='bbox 635 3811 690 3858; x_wconf 92' lang='lat' dir='ltr'><strong>et</strong></span> <span class='ocrx_word' id='word_1_401' title='bbox 717 3804 831 3860; x_wconf 79' lang='lat' dir='ltr'><strong>fiet.</strong></span> <span class='ocrx_word' id='word_1_402' title='bbox 864 3794 979 3860; x_wconf 87' lang='lat' dir='ltr'><strong>Non</strong></span> <span class='ocrx_word' id='word_1_403' title='bbox 998 3798 1411 3879; x_wconf 81' lang='lat' dir='ltr'><strong>prolongabitur</strong></span> <span class='ocrx_word' id='word_1_404' title='bbox 1436 3794 1808 3883; x_wconf 82' lang='lat' dir='ltr'><strong>amplius,_sed</strong></span> <span class='ocrx_word' id='word_1_405' title='bbox 1836 3794 1891 3879; x_wconf 73' lang='lat' dir='ltr'><strong>in</strong></span> 
     </span>
    </p>
   </div>
   <div class='ocr_carea' id='block_1_56' title="bbox 310 3892 1891 3968">
    <p class='ocr_par' dir='ltr' id='par_1_56' title="bbox 310 3892 1891 3968">
     <span class='ocr_line' id='line_1_56' title="bbox 310 3892 1891 3968; baseline 0.01 -29"><span class='ocrx_word' id='word_1_406' title='bbox 310 3910 329 3939; x_wconf 80' lang='grc' dir='ltr'><strong>ι</strong></span> <span class='ocrx_word' id='word_1_407' title='bbox 364 3892 559 3947; x_wconf 86' lang='lat' dir='ltr'><strong>diebus</strong></span> <span class='ocrx_word' id='word_1_408' title='bbox 589 3895 784 3951; x_wconf 85' lang='lat' dir='ltr'><strong>vestris</strong></span> <span class='ocrx_word' id='word_1_409' title='bbox 827 3896 1019 3967; x_wconf 84' lang='lat' dir='ltr'><strong>domus</strong></span> <span class='ocrx_word' id='word_1_410' title='bbox 1046 3911 1391 3967; x_wconf 85' lang='lat' dir='ltr'><strong>exasperans,</strong></span> <span class='ocrx_word' id='word_1_411' title='bbox 1423 3896 1615 3968; x_wconf 88' lang='lat' dir='ltr'><strong>loquar</strong></span> <span class='ocrx_word' id='word_1_412' title='bbox 1661 3901 1891 3963; x_wconf 76' lang='lat' dir='ltr'><strong>verbum</strong></span> 
     </span>
    </p>
   </div>
   <div class='ocr_carea' id='block_1_57' title="bbox 302 3978 1895 4064">
    <p class='ocr_par' dir='ltr' id='par_1_57' title="bbox 302 3978 1895 4064">
     <span class='ocr_line' id='line_1_57' title="bbox 302 3978 1895 4064; baseline 0.004 -28"><span class='ocrx_word' id='word_1_413' title='bbox 302 4003 322 4035; x_wconf 75' lang='grc' dir='ltr'><strong>ι</strong></span> <span class='ocrx_word' id='word_1_414' title='bbox 353 3993 411 4038; x_wconf 89' lang='lat' dir='ltr'><strong>et</strong></span> <span class='ocrx_word' id='word_1_415' title='bbox 441 3983 636 4040; x_wconf 82' lang='lat' dir='ltr'><strong>faciam</strong></span> <span class='ocrx_word' id='word_1_416' title='bbox 655 3985 805 4053; x_wconf 89' lang='lat' dir='ltr'><strong>illud,</strong></span> <span class='ocrx_word' id='word_1_417' title='bbox 836 3987 966 4042; x_wconf 91' lang='lat' dir='ltr'><strong>dicit</strong></span> <span class='ocrx_word' id='word_1_418' title='bbox 991 3987 1248 4044; x_wconf 86' lang='lat' dir='ltr'><strong>Dominus</strong></span> <span class='ocrx_word' id='word_1_419' title='bbox 1276 3978 1480 4059; x_wconf 71' lang='lat' dir='ltr'><strong>Deus.»</strong></span> <span class='ocrx_word' id='word_1_420' title='bbox 1498 3988 1770 4064; x_wconf 82' lang='lat' dir='ltr'><strong>(Hieron.)</strong></span> <span class='ocrx_word' id='word_1_421' title='bbox 1800 3993 1895 4048; x_wconf 82' lang='lat' dir='ltr'><strong>Est</strong></span> 
     </span>
    </p>
   </div>
   <div class='ocr_carea' id='block_1_58' title="bbox 299 4070 1895 4159">
    <p class='ocr_par' dir='ltr' id='par_1_58' title="bbox 299 4070 1895 4159">
     <span class='ocr_line' id='line_1_58' title="bbox 299 4070 1895 4159; baseline 0.004 -30"><span class='ocrx_word' id='word_1_422' title='bbox 299 4084 484 4139; x_wconf 84' lang='lat' dir='ltr'><strong>autem</strong></span> <span class='ocrx_word' id='word_1_423' title='bbox 509 4092 701 4147; x_wconf 80' lang='lat' dir='ltr'><strong>sensus</strong></span> <span class='ocrx_word' id='word_1_424' title='bbox 717 4078 900 4155; x_wconf 50' lang='lat' dir='ltr'><strong>lomnis</strong></span> <span class='ocrx_word' id='word_1_425' title='bbox 919 4078 1137 4159; x_wconf 76' lang='lat' dir='ltr'><strong>capituli</strong></span> <span class='ocrx_word' id='word_1_426' title='bbox 1153 4079 1262 4159; x_wconf 82' lang='lat' dir='ltr'><strong>hic,</strong></span> <span class='ocrx_word' id='word_1_427' title='bbox 1281 4076 1459 4159; x_wconf 83' lang='lat' dir='ltr'><strong>Supra</strong></span> <span class='ocrx_word' id='word_1_428' title='bbox 1478 4070 1895 4149; x_wconf 62' lang='lat' dir='ltr'><strong>prophetaverat</strong></span> 
     </span>
    </p>
   </div>
   <div class='ocr_carea' id='block_1_59' title="bbox 298 4154 1896 4247">
    <p class='ocr_par' dir='ltr' id='par_1_59' title="bbox 298 4154 1896 4247">
     <span class='ocr_line' id='line_1_59' title="bbox 298 4154 1896 4247; baseline 0.003 -23"><span class='ocrx_word' id='word_1_429' title='bbox 298 4177 497 4224; x_wconf 90' lang='lat' dir='ltr'><strong>contra</strong></span> <span class='ocrx_word' id='word_1_430' title='bbox 524 4154 865 4245; x_wconf 72' lang='lat' dir='ltr'><strong>principem,</strong></span> <span class='ocrx_word' id='word_1_431' title='bbox 888 4169 980 4240; x_wconf 90' lang='lat' dir='ltr'><strong>qui</strong></span> <span class='ocrx_word' id='word_1_432' title='bbox 1008 4154 1211 4235; x_wconf 74' lang='lat' dir='ltr'><strong>eratin</strong></span> <span class='ocrx_word' id='word_1_433' title='bbox 1232 4154 1564 4236; x_wconf 77' lang='lat' dir='ltr'><strong>JeruSalem,</strong></span> <span class='ocrx_word' id='word_1_434' title='bbox 1584 4160 1776 4247; x_wconf 82' lang='lat' dir='ltr'><strong>deinde</strong></span> <span class='ocrx_word' id='word_1_435' title='bbox 1799 4187 1896 4243; x_wconf 89' lang='lat' dir='ltr'><strong>po-</strong></span> 
     </span>
    </p>
   </div>
   <div class='ocr_carea' id='block_1_60' title="bbox 298 4244 1893 4335">
    <p class='ocr_par' dir='ltr' id='par_1_60' title="bbox 298 4244 1893 4335">
     <span class='ocr_line' id='line_1_60' title="bbox 298 4244 1893 4335; baseline 0.005 -24"><span class='ocrx_word' id='word_1_436' title='bbox 298 4256 429 4328; x_wconf 90' lang='lat' dir='ltr'><strong>pulo</strong></span> <span class='ocrx_word' id='word_1_437' title='bbox 462 4248 661 4327; x_wconf 86' lang='lat' dir='ltr'><strong>famem</strong></span> <span class='ocrx_word' id='word_1_438' title='bbox 685 4268 740 4314; x_wconf 90' lang='lat' dir='ltr'><strong>et</strong></span> <span class='ocrx_word' id='word_1_439' title='bbox 770 4258 1179 4335; x_wconf 75' lang='lat' dir='ltr'><strong>ardoremsitis</strong></span> <span class='ocrx_word' id='word_1_440' title='bbox 1207 4248 1586 4334; x_wconf 80' lang='lat' dir='ltr'><strong>nuntiaverat,</strong></span> <span class='ocrx_word' id='word_1_441' title='bbox 1610 4244 1730 4319; x_wconf 81' lang='lat' dir='ltr'><strong>esse</strong></span> <span class='ocrx_word' id='word_1_442' title='bbox 1761 4279 1893 4319; x_wconf 88' lang='lat' dir='ltr'><strong>ven-</strong></span> 
     </span>
    </p>
   </div>
   <div class='ocr_carea' id='block_1_61' title="bbox 298 4350 1896 4431">
    <p class='ocr_par' dir='ltr' id='par_1_61' title="bbox 298 4350 1896 4431">
     <span class='ocr_line' id='line_1_61' title="bbox 298 4350 1896 4431; baseline 0.005 -28"><span class='ocrx_word' id='word_1_443' title='bbox 298 4356 506 4403; x_wconf 86' lang='lat' dir='ltr'><strong>turum.</strong></span> <span class='ocrx_word' id='word_1_444' title='bbox 526 4350 692 4417; x_wconf 84' lang='lat' dir='ltr'><strong>Quod</strong></span> <span class='ocrx_word' id='word_1_445' title='bbox 727 4350 1017 4423; x_wconf 84' lang='lat' dir='ltr'><strong>multitudo</strong></span> <span class='ocrx_word' id='word_1_446' title='bbox 1052 4366 1160 4406; x_wconf 91' lang='lat' dir='ltr'><strong>non</strong></span> <span class='ocrx_word' id='word_1_447' title='bbox 1188 4352 1446 4431; x_wconf 82' lang='lat' dir='ltr'><strong>credens,</strong></span> <span class='ocrx_word' id='word_1_448' title='bbox 1478 4362 1631 4431; x_wconf 77' lang='lat' dir='ltr'><strong>vetus</strong></span> <span class='ocrx_word' id='word_1_449' title='bbox 1653 4370 1896 4411; x_wconf 89' lang='lat' dir='ltr'><strong>assume-</strong></span> 
     </span>
    </p>
   </div>
   <div class='ocr_carea' id='block_1_62' title="bbox 297 4430 1891 4517">
    <p class='ocr_par' dir='ltr' id='par_1_62' title="bbox 297 4430 1891 4517">
     <span class='ocr_line' id='line_1_62' title="bbox 297 4430 1891 4517; baseline 0.002 -21"><span class='ocrx_word' id='word_1_450' title='bbox 297 4439 418 4503; x_wconf 85' lang='lat' dir='ltr'><strong>bat,</strong></span> <span class='ocrx_word' id='word_1_451' title='bbox 437 4440 735 4510; x_wconf 89' lang='lat' dir='ltr'><strong>tritumque</strong></span> <span class='ocrx_word' id='word_1_452' title='bbox 754 4430 1099 4511; x_wconf 75' lang='lat' dir='ltr'><strong>proverbium</strong></span> <span class='ocrx_word' id='word_1_453' title='bbox 1128 4440 1218 4496; x_wconf 92' lang='lat' dir='ltr'><strong>:ln</strong></span> <span class='ocrx_word' id='word_1_454' title='bbox 1241 4430 1457 4517; x_wconf 82' lang='lat' dir='ltr'><strong>longum</strong></span> <span class='ocrx_word' id='word_1_455' title='bbox 1484 4452 1692 4513; x_wconf 85' lang='lat' dir='ltr'><strong>tempus</strong></span> <span class='ocrx_word' id='word_1_456' title='bbox 1710 4445 1891 4501; x_wconf 84' lang='lat' dir='ltr'><strong>ditl&#39;er-</strong></span> 
     </span>
    </p>
   </div>
   <div class='ocr_carea' id='block_1_63' title="bbox 301 4524 1891 4607">
    <p class='ocr_par' dir='ltr' id='par_1_63' title="bbox 301 4524 1891 4607">
     <span class='ocr_line' id='line_1_63' title="bbox 301 4524 1891 4607; baseline 0.003 -23"><span class='ocrx_word' id='word_1_457' title='bbox 301 4538 391 4584; x_wconf 89' lang='lat' dir='ltr'><strong>tnr</strong></span> <span class='ocrx_word' id='word_1_458' title='bbox 417 4531 767 4607; x_wconf 86' lang='lat' dir='ltr'><strong>comminatio</strong></span> <span class='ocrx_word' id='word_1_459' title='bbox 793 4533 1179 4603; x_wconf 88' lang='lat' dir='ltr'><strong>prophetarum</strong></span> <span class='ocrx_word' id='word_1_460' title='bbox 1200 4572 1215 4596; x_wconf 90' lang='lat'><strong>,</strong></span> <span class='ocrx_word' id='word_1_461' title='bbox 1242 4540 1298 4587; x_wconf 85' lang='lat' dir='ltr'><strong>et</strong></span> <span class='ocrx_word' id='word_1_462' title='bbox 1317 4524 1494 4589; x_wconf 79' lang='lat' dir='ltr'><strong>Omnis</strong></span> <span class='ocrx_word' id='word_1_463' title='bbox 1518 4534 1652 4589; x_wconf 88' lang='lat' dir='ltr'><strong>visio</strong></span> <span class='ocrx_word' id='word_1_464' title='bbox 1676 4535 1891 4605; x_wconf 77' lang='lat' dir='ltr'><strong>peribit.</strong></span> 
     </span>
    </p>
   </div>
   <div class='ocr_carea' id='block_1_64' title="bbox 301 4614 1898 4693">
    <p class='ocr_par' dir='ltr' id='par_1_64' title="bbox 301 4614 1898 4693">
     <span class='ocr_line' id='line_1_64' title="bbox 301 4614 1898 4693; baseline 0.004 -20"><span class='ocrx_word' id='word_1_465' title='bbox 301 4619 400 4676; x_wconf 84' lang='lat' dir='ltr'><strong>Dic</strong></span> <span class='ocrx_word' id='word_1_466' title='bbox 420 4636 577 4692; x_wconf 83' lang='lat' dir='ltr'><strong>ergo,</strong></span> <span class='ocrx_word' id='word_1_467' title='bbox 608 4621 781 4691; x_wconf 87' lang='lat' dir='ltr'><strong>inquit</strong></span> <span class='ocrx_word' id='word_1_468' title='bbox 800 4623 904 4687; x_wconf 90' lang='lat' dir='ltr'><strong>eis,</strong></span> <span class='ocrx_word' id='word_1_469' title='bbox 936 4623 1080 4693; x_wconf 88' lang='lat' dir='ltr'><strong>quod</strong></span> <span class='ocrx_word' id='word_1_470' title='bbox 1104 4638 1442 4693; x_wconf 84' lang='lat' dir='ltr'><strong>nequaquam</strong></span> <span class='ocrx_word' id='word_1_471' title='bbox 1460 4639 1577 4678; x_wconf 87' lang='lat' dir='ltr'><strong>mea</strong></span> <span class='ocrx_word' id='word_1_472' title='bbox 1603 4614 1898 4679; x_wconf 71' lang='lat' dir='ltr'><strong>cetnmina-</strong></span> 
     </span>
    </p>
   </div>
   <div class='ocr_carea' id='block_1_65' title="bbox 298 4704 1901 4795">
    <p class='ocr_par' dir='ltr' id='par_1_65' title="bbox 298 4704 1901 4795">
     <span class='ocr_line' id='line_1_65' title="bbox 298 4704 1901 4795; baseline 0.005 -29"><span class='ocrx_word' id='word_1_473' title='bbox 298 4713 379 4767; x_wconf 89' lang='lat' dir='ltr'><strong>tio</strong></span> <span class='ocrx_word' id='word_1_474' title='bbox 406 4712 692 4769; x_wconf 72' lang='lat' dir='ltr'><strong>differatur</strong></span> <span class='ocrx_word' id='word_1_475' title='bbox 718 4729 819 4771; x_wconf 86' lang='lat' dir='ltr'><strong>nec</strong></span> <span class='ocrx_word' id='word_1_476' title='bbox 839 4715 1097 4771; x_wconf 70' lang='lat' dir='ltr'><strong>divinatio</strong></span> <span class='ocrx_word' id='word_1_477' title='bbox 1117 4714 1251 4771; x_wconf 80' lang='lat' dir='ltr'><strong>falsa</strong></span> <span class='ocrx_word' id='word_1_478' title='bbox 1268 4704 1430 4786; x_wconf 80' lang='lat' dir='ltr'><strong>atque</strong></span> <span class='ocrx_word' id='word_1_479' title='bbox 1454 4718 1701 4788; x_wconf 82' lang='lat' dir='ltr'><strong>ambigua</strong></span> <span class='ocrx_word' id='word_1_480' title='bbox 1724 4716 1901 4795; x_wconf 82' lang='lat' dir='ltr'><strong>profc-</strong></span> 
     </span>
    </p>
   </div>
   <div class='ocr_carea' id='block_1_66' title="bbox 302 4804 1900 4885">
    <p class='ocr_par' dir='ltr' id='par_1_66' title="bbox 302 4804 1900 4885">
     <span class='ocr_line' id='line_1_66' title="bbox 302 4804 1900 4885; baseline 0.004 -28"><span class='ocrx_word' id='word_1_481' title='bbox 302 4812 462 4858; x_wconf 88' lang='lat' dir='ltr'><strong>ratur</strong></span> <span class='ocrx_word' id='word_1_482' title='bbox 497 4805 551 4859; x_wconf 92' lang='lat' dir='ltr'><strong>in</strong></span> <span class='ocrx_word' id='word_1_483' title='bbox 590 4805 843 4885; x_wconf 74' lang='lat' dir='ltr'><strong>populos,</strong></span> <span class='ocrx_word' id='word_1_484' title='bbox 871 4821 991 4885; x_wconf 71' lang='lat' dir='ltr'><strong>qure</strong></span> <span class='ocrx_word' id='word_1_485' title='bbox 1030 4804 1191 4861; x_wconf 78' lang='lat' dir='ltr'><strong>tinem</strong></span> <span class='ocrx_word' id='word_1_486' title='bbox 1227 4808 1426 4865; x_wconf 89' lang='lat' dir='ltr'><strong>habeat</strong></span> <span class='ocrx_word' id='word_1_487' title='bbox 1469 4809 1757 4867; x_wconf 87' lang='lat' dir='ltr'><strong>incertum.</strong></span> <span class='ocrx_word' id='word_1_488' title='bbox 1791 4809 1900 4869; x_wconf 81' lang='lat' dir='ltr'><strong>Aut</strong></span> 
     </span>
    </p>
   </div>
   <div class='ocr_carea' id='block_1_67' title="bbox 301 4883 1894 4985">
    <p class='ocr_par' dir='ltr' id='par_1_67' title="bbox 301 4883 1894 4985">
     <span class='ocr_line' id='line_1_67' title="bbox 301 4883 1894 4985; baseline 0.003 -36"><span class='ocrx_word' id='word_1_489' title='bbox 301 4895 413 4949; x_wconf 87' lang='lat' dir='ltr'><strong>alio</strong></span> <span class='ocrx_word' id='word_1_490' title='bbox 437 4895 653 4951; x_wconf 86' lang='lat' dir='ltr'><strong>dicatur</strong></span> <span class='ocrx_word' id='word_1_491' title='bbox 680 4883 944 4975; x_wconf 80' lang='lat' dir='ltr'><strong>tempere,</strong></span> <span class='ocrx_word' id='word_1_492' title='bbox 975 4896 1082 4952; x_wconf 91' lang='lat' dir='ltr'><strong>alio</strong></span> <span class='ocrx_word' id='word_1_493' title='bbox 1105 4898 1462 4985; x_wconf 62' lang='lat' dir='ltr'><strong>compleatur.</strong></span> <span class='ocrx_word' id='word_1_494' title='bbox 1493 4898 1600 4955; x_wconf 91' lang='lat' dir='ltr'><strong>Sed</strong></span> <span class='ocrx_word' id='word_1_495' title='bbox 1620 4916 1772 4977; x_wconf 84' lang='lat' dir='ltr'><strong>nunc</strong></span> <span class='ocrx_word' id='word_1_496' title='bbox 1815 4899 1894 4954; x_wconf 84' lang='lat' dir='ltr'><strong>vi-</strong></span> 
     </span>
    </p>
   </div>
   <div class='ocr_carea' id='block_1_68' title="bbox 301 4970 1955 5067">
    <p class='ocr_par' dir='ltr' id='par_1_68' title="bbox 301 4970 1955 5067">
     <span class='ocr_line' id='line_1_68' title="bbox 301 4970 1955 5067; baseline 0.005 -30"><span class='ocrx_word' id='word_1_497' title='bbox 301 4992 468 5040; x_wconf 86' lang='lat' dir='ltr'><strong>vente</strong></span> <span class='ocrx_word' id='word_1_498' title='bbox 502 4992 555 5040; x_wconf 90' lang='lat' dir='ltr'><strong>te</strong></span> <span class='ocrx_word' id='word_1_499' title='bbox 590 4970 852 5067; x_wconf 81' lang='lat' dir='ltr'><strong>loqueris,</strong></span> <span class='ocrx_word' id='word_1_500' title='bbox 879 4994 936 5042; x_wconf 86' lang='lat' dir='ltr'><strong>et</strong></span> <span class='ocrx_word' id='word_1_501' title='bbox 957 4988 1045 5044; x_wconf 90' lang='lat' dir='ltr'><strong>bis</strong></span> <span class='ocrx_word' id='word_1_502' title='bbox 1073 4970 1165 5065; x_wconf 35' lang='lat' dir='ltr'><strong>q’ui</strong></span> <span class='ocrx_word' id='word_1_503' title='bbox 1194 4990 1440 5065; x_wconf 79' lang='lat' dir='ltr'><strong>audiunt,</strong></span> <span class='ocrx_word' id='word_1_504' title='bbox 1484 4970 1706 5061; x_wconf 80' lang='lat' dir='ltr'><strong>verbum</strong></span> <span class='ocrx_word' id='word_1_505' title='bbox 1755 4989 1898 5060; x_wconf 86' lang='lat' dir='ltr'><strong>quod</strong></span> <span class='ocrx_word' id='word_1_506' title='bbox 1949 4980 1955 4985; x_wconf 69' lang='grc'><em>’</em></span> 
     </span>
    </p>
   </div>
   <div class='ocr_carea' id='block_1_69' title="bbox 304 5074 1045 5155">
    <p class='ocr_par' dir='ltr' id='par_1_69' title="bbox 304 5074 1045 5155">
     <span class='ocr_line' id='line_1_69' title="bbox 304 5074 1045 5155; baseline 0.004 -26"><span class='ocrx_word' id='word_1_507' title='bbox 304 5074 523 5155; x_wconf 55' lang='lat' dir='ltr'><strong>locutus,</strong></span> <span class='ocrx_word' id='word_1_508' title='bbox 540 5092 664 5149; x_wconf 86' lang='lat' dir='ltr'><strong>sum</strong></span> <span class='ocrx_word' id='word_1_509' title='bbox 678 5078 1045 5153; x_wconf 82' lang='lat' dir='ltr'><strong>compleatur.</strong></span> 
     </span>
    </p>
   </div>
   <div class='ocr_carea' id='block_1_70' title="bbox 384 5187 1899 5265">
    <p class='ocr_par' dir='ltr' id='par_1_70' title="bbox 384 5187 1899 5265">
     <span class='ocr_line' id='line_1_70' title="bbox 384 5187 1899 5265; baseline 0.002 -26"><span class='ocrx_word' id='word_1_510' title='bbox 384 5207 405 5239; x_wconf 72' lang='grc' dir='ltr'><strong>ι</strong></span> <span class='ocrx_word' id='word_1_511' title='bbox 439 5188 509 5242; x_wconf 86' lang='lat' dir='ltr'><strong>Et</strong></span> <span class='ocrx_word' id='word_1_512' title='bbox 533 5187 714 5249; x_wconf 77' lang='lat' dir='ltr'><strong>factus</strong></span> <span class='ocrx_word' id='word_1_513' title='bbox 750 5197 834 5246; x_wconf 87' lang='lat' dir='ltr'><strong>est</strong></span> <span class='ocrx_word' id='word_1_514' title='bbox 862 5205 1045 5265; x_wconf 81' lang='lat' dir='ltr'><strong>sermo</strong></span> <span class='ocrx_word' id='word_1_515' title='bbox 1068 5190 1293 5255; x_wconf 87' lang='lat' dir='ltr'><strong>Domini</strong></span> <span class='ocrx_word' id='word_1_516' title='bbox 1331 5190 1402 5247; x_wconf 90' lang='lat' dir='ltr'><strong>ad</strong></span> <span class='ocrx_word' id='word_1_517' title='bbox 1446 5205 1534 5245; x_wconf 88' lang='lat' dir='ltr'><strong>me</strong></span> <span class='ocrx_word' id='word_1_518' title='bbox 1558 5189 1767 5253; x_wconf 85' lang='lat' dir='ltr'><strong>dicens,</strong></span> <span class='ocrx_word' id='word_1_519' title='bbox 1799 5187 1899 5243; x_wconf 79' lang='lat' dir='ltr'><strong>Fili</strong></span> 
     </span>
    </p>
   </div>
   <div class='ocr_carea' id='block_1_71' title="bbox 314 5277 1899 5349">
    <p class='ocr_par' dir='ltr' id='par_1_71' title="bbox 314 5277 1899 5349">
     <span class='ocr_line' id='line_1_71' title="bbox 314 5277 1899 5349; baseline 0 -18"><span class='ocrx_word' id='word_1_520' title='bbox 314 5294 333 5329; x_wconf 80' lang='grc' dir='ltr'><strong>ι</strong></span> <span class='ocrx_word' id='word_1_521' title='bbox 366 5277 623 5345; x_wconf 83' lang='lat' dir='ltr'><strong>hominis,</strong></span> <span class='ocrx_word' id='word_1_522' title='bbox 653 5294 780 5343; x_wconf 80' lang='lat' dir='ltr'><strong>ecce</strong></span> <span class='ocrx_word' id='word_1_523' title='bbox 801 5280 993 5339; x_wconf 82' lang='lat' dir='ltr'><strong>domus</strong></span> <span class='ocrx_word' id='word_1_524' title='bbox 1014 5279 1181 5337; x_wconf 89' lang='lat' dir='ltr'><strong>lsrael</strong></span> <span class='ocrx_word' id='word_1_525' title='bbox 1209 5280 1538 5337; x_wconf 89' lang='lat' dir='ltr'><strong>dicentium:</strong></span> <span class='ocrx_word' id='word_1_526' title='bbox 1563 5280 1711 5336; x_wconf 78' lang='lat' dir='ltr'><strong>Visio</strong></span> <span class='ocrx_word' id='word_1_527' title='bbox 1738 5295 1899 5349; x_wconf 87' lang='lat' dir='ltr'><strong>quam</strong></span> 
     </span>
    </p>
   </div>
   <div class='ocr_carea' id='block_1_72' title="bbox 314 5369 1897 5445">
    <p class='ocr_par' dir='ltr' id='par_1_72' title="bbox 314 5369 1897 5445">
     <span class='ocr_line' id='line_1_72' title="bbox 314 5369 1897 5445; baseline 0.002 -22"><span class='ocrx_word' id='word_1_528' title='bbox 314 5385 336 5437; x_wconf 67' lang='grc' dir='ltr'>ς</span> <span class='ocrx_word' id='word_1_529' title='bbox 371 5369 460 5424; x_wconf 90' lang='lat' dir='ltr'><strong>hic</strong></span> <span class='ocrx_word' id='word_1_530' title='bbox 479 5370 626 5427; x_wconf 87' lang='lat' dir='ltr'><strong>videt</strong></span> <span class='ocrx_word' id='word_1_531' title='bbox 653 5371 708 5426; x_wconf 92' lang='lat' dir='ltr'><strong>in</strong></span> <span class='ocrx_word' id='word_1_532' title='bbox 740 5372 859 5427; x_wconf 89' lang='lat' dir='ltr'><strong>dies</strong></span> <span class='ocrx_word' id='word_1_533' title='bbox 888 5373 1109 5439; x_wconf 84' lang='lat' dir='ltr'><strong>multos,</strong></span> <span class='ocrx_word' id='word_1_534' title='bbox 1136 5382 1192 5429; x_wconf 90' lang='lat' dir='ltr'><strong>et</strong></span> <span class='ocrx_word' id='word_1_535' title='bbox 1229 5373 1284 5429; x_wconf 92' lang='lat' dir='ltr'><strong>in</strong></span> <span class='ocrx_word' id='word_1_536' title='bbox 1324 5384 1567 5445; x_wconf 85' lang='lat' dir='ltr'><strong>tempora</strong></span> <span class='ocrx_word' id='word_1_537' title='bbox 1594 5372 1753 5444; x_wconf 85' lang='lat' dir='ltr'><strong>longa</strong></span> <span class='ocrx_word' id='word_1_538' title='bbox 1796 5373 1897 5433; x_wconf 77' lang='lat' dir='ltr'><strong>i$tc</strong></span> 
     </span>
    </p>
   </div>
   <div class='ocr_carea' id='block_1_73' title="bbox 313 5462 1900 5535">
    <p class='ocr_par' dir='ltr' id='par_1_73' title="bbox 313 5462 1900 5535">
     <span class='ocr_line' id='line_1_73' title="bbox 313 5462 1900 5535; baseline -0.001 -18"><span class='ocrx_word' id='word_1_539' title='bbox 313 5476 337 5512; x_wconf 71' lang='grc' dir='ltr'>ί</span> <span class='ocrx_word' id='word_1_540' title='bbox 361 5462 675 5533; x_wconf 82' lang='lat' dir='ltr'><strong>prephetat,</strong></span> <span class='ocrx_word' id='word_1_541' title='bbox 721 5473 1008 5535; x_wconf 89' lang='lat' dir='ltr'><strong>propterea</strong></span> <span class='ocrx_word' id='word_1_542' title='bbox 1049 5465 1137 5520; x_wconf 92' lang='lat' dir='ltr'><strong>dic</strong></span> <span class='ocrx_word' id='word_1_543' title='bbox 1176 5465 1247 5522; x_wconf 88' lang='lat' dir='ltr'><strong>ad</strong></span> <span class='ocrx_word' id='word_1_544' title='bbox 1288 5480 1384 5522; x_wconf 91' lang='lat' dir='ltr'><strong>eos</strong></span> <span class='ocrx_word' id='word_1_545' title='bbox 1414 5483 1427 5519; x_wconf 92' lang='lat'><strong>:</strong></span> <span class='ocrx_word' id='word_1_546' title='bbox 1454 5465 1582 5520; x_wconf 70' lang='lat' dir='ltr'><strong>llaec</strong></span> <span class='ocrx_word' id='word_1_547' title='bbox 1614 5464 1746 5519; x_wconf 88' lang='lat' dir='ltr'><strong>dicit</strong></span> <span class='ocrx_word' id='word_1_548' title='bbox 1794 5462 1900 5517; x_wconf 77' lang='lat' dir='ltr'><strong>Do-</strong></span> 
     </span>
    </p>
   </div>
   <div class='ocr_carea' id='block_1_74' title="bbox 315 5550 1899 5626">
    <p class='ocr_par' dir='ltr' id='par_1_74' title="bbox 315 5550 1899 5626">
     <span class='ocr_line' id='line_1_74' title="bbox 315 5550 1899 5626; baseline 0.004 -24"><span class='ocrx_word' id='word_1_549' title='bbox 315 5567 339 5602; x_wconf 72' lang='grc' dir='ltr'><strong>ι</strong></span> <span class='ocrx_word' id='word_1_550' title='bbox 371 5550 553 5608; x_wconf 84' lang='lat' dir='ltr'><strong>minus</strong></span> <span class='ocrx_word' id='word_1_551' title='bbox 576 5551 721 5611; x_wconf 83' lang='lat' dir='ltr'><strong>Deus</strong></span> <span class='ocrx_word' id='word_1_552' title='bbox 741 5572 753 5609; x_wconf 91' lang='lat'><strong>:</strong></span> <span class='ocrx_word' id='word_1_553' title='bbox 771 5553 887 5611; x_wconf 79' lang='lat' dir='ltr'><strong>Non</strong></span> <span class='ocrx_word' id='word_1_554' title='bbox 910 5555 1324 5626; x_wconf 85' lang='lat' dir='ltr'><strong>prolongahitur</strong></span> <span class='ocrx_word' id='word_1_555' title='bbox 1350 5556 1491 5611; x_wconf 87' lang='lat' dir='ltr'><strong>ultra</strong></span> <span class='ocrx_word' id='word_1_556' title='bbox 1512 5554 1691 5617; x_wconf 90' lang='lat' dir='ltr'><strong>omnis</strong></span> <span class='ocrx_word' id='word_1_557' title='bbox 1719 5569 1899 5610; x_wconf 88' lang='lat' dir='ltr'><strong>sermo</strong></span> 
     </span>
    </p>
   </div>
   <div class='ocr_carea' id='block_1_75' title="bbox 316 5641 1896 5717">
    <p class='ocr_par' dir='ltr' id='par_1_75' title="bbox 316 5641 1896 5717">
     <span class='ocr_line' id='line_1_75' title="bbox 316 5641 1896 5717; baseline 0.005 -26"><span class='ocrx_word' id='word_1_558' title='bbox 316 5641 504 5712; x_wconf 69' lang='lat' dir='ltr'><strong>«ejus.</strong></span> <span class='ocrx_word' id='word_1_559' title='bbox 565 5643 797 5701; x_wconf 76' lang='lat' dir='ltr'><strong>Verbum</strong></span> <span class='ocrx_word' id='word_1_560' title='bbox 847 5647 993 5715; x_wconf 87' lang='lat' dir='ltr'><strong>quod</strong></span> <span class='ocrx_word' id='word_1_561' title='bbox 1028 5646 1243 5704; x_wconf 90' lang='lat' dir='ltr'><strong>locutus</strong></span> <span class='ocrx_word' id='word_1_562' title='bbox 1302 5645 1455 5702; x_wconf 88' lang='lat' dir='ltr'><strong>fuero</strong></span> <span class='ocrx_word' id='word_1_563' title='bbox 1515 5646 1896 5717; x_wconf 87' lang='lat' dir='ltr'><strong>complebitur,</strong></span> 
     </span>
    </p>
   </div>
   <div class='ocr_carea' id='block_1_76' title="bbox 323 5729 1897 5809">
    <p class='ocr_par' dir='ltr' id='par_1_76' title="bbox 323 5729 1897 5809">
     <span class='ocr_line' id='line_1_76' title="bbox 323 5729 1897 5809; baseline 0.006 -28"><span class='ocrx_word' id='word_1_564' title='bbox 323 5745 346 5782; x_wconf 77' lang='grc' dir='ltr'><strong>ι</strong></span> <span class='ocrx_word' id='word_1_565' title='bbox 377 5729 516 5788; x_wconf 79' lang='lat' dir='ltr'><strong>dicit</strong></span> <span class='ocrx_word' id='word_1_566' title='bbox 560 5732 818 5795; x_wconf 85' lang='lat' dir='ltr'><strong>Dominus</strong></span> <span class='ocrx_word' id='word_1_567' title='bbox 839 5736 1000 5793; x_wconf 84' lang='lat' dir='ltr'><strong>Deus.</strong></span> <span class='ocrx_word' id='word_1_568' title='bbox 1035 5758 1053 5790; x_wconf 69' lang='grc' dir='ltr'><strong>ι</strong></span> <span class='ocrx_word' id='word_1_569' title='bbox 1091 5736 1371 5809; x_wconf 81' lang='lat' dir='ltr'><strong>Signiﬁcat</strong></span> <span class='ocrx_word' id='word_1_570' title='bbox 1428 5746 1609 5793; x_wconf 87' lang='lat' dir='ltr'><strong>autem</strong></span> <span class='ocrx_word' id='word_1_571' title='bbox 1666 5737 1897 5793; x_wconf 83' lang='lat' dir='ltr'><strong>vicinam</strong></span> 
     </span>
    </p>
   </div>
   <div class='ocr_carea' id='block_1_77' title="bbox 716 5829 1172 5893">
    <p class='ocr_par' dir='ltr' id='par_1_77' title="bbox 716 5829 1172 5893">
     <span class='ocr_line' id='line_1_77' title="bbox 716 5829 1172 5893; baseline 0.015 -7"><span class='ocrx_word' id='word_1_572' title='bbox 716 5829 998 5891; x_wconf 73' lang='grc' dir='ltr'>ΡΑτιιοι..</span> <span class='ocrx_word' id='word_1_573' title='bbox 1035 5829 1172 5893; x_wconf 81' lang='lat' dir='ltr'><strong>CX.</strong></span> 
     </span>
    </p>
   </div>
   <div class='ocr_carea' id='block_1_78' title="bbox 1968 1895 3490 1976">
    <p class='ocr_par' dir='ltr' id='par_1_78' title="bbox 1968 1895 3490 1976">
     <span class='ocr_line' id='line_1_78' title="bbox 1968 1895 3490 1976; baseline 0.008 -28"><span class='ocrx_word' id='word_1_574' title='bbox 1968 1970 1974 1976; x_wconf 28' lang='grc' dir='ltr'><strong><em>ο</em></strong></span> <span class='ocrx_word' id='word_1_575' title='bbox 2046 1895 2235 1966; x_wconf 69' lang='lat' dir='ltr'><strong>pulum,</strong></span> <span class='ocrx_word' id='word_1_576' title='bbox 2256 1896 2370 1962; x_wconf 78' lang='lat' dir='ltr'><strong>Dei,</strong></span> <span class='ocrx_word' id='word_1_577' title='bbox 2392 1908 2439 1952; x_wconf 81' lang='lat' dir='ltr'><strong>et</strong></span> <span class='ocrx_word' id='word_1_578' title='bbox 2471 1895 2653 1965; x_wconf 65' lang='lat' dir='ltr'><strong>contra</strong></span> <span class='ocrx_word' id='word_1_579' title='bbox 2681 1895 3078 1971; x_wconf 51' lang='lat' dir='ltr'><strong>femin&#39;as&#39;falsa</strong></span> <span class='ocrx_word' id='word_1_580' title='bbox 3106 1895 3490 1975; x_wconf 59' lang='lat' dir='ltr'><strong>prophetanles&#39;.</strong></span> 
     </span>
    </p>
   </div>
   <div class='ocr_carea' id='block_1_79' title="bbox 2054 1980 3565 2079">
    <p class='ocr_par' dir='ltr' id='par_1_79' title="bbox 2054 1980 3565 2079">
     <span class='ocr_line' id='line_1_79' title="bbox 2054 1980 3565 2079; baseline 0.008 -41"><span class='ocrx_word' id='word_1_581' title='bbox 2054 2003 2086 2071; x_wconf 31' lang='grc' dir='ltr'>ιγ</span> <span class='ocrx_word' id='word_1_582' title='bbox 2105 1980 2177 2039; x_wconf 85' lang='lat' dir='ltr'><strong>Et</strong></span> <span class='ocrx_word' id='word_1_583' title='bbox 2193 1984 2370 2061; x_wconf 86' lang='lat' dir='ltr'><strong>factus</strong></span> <span class='ocrx_word' id='word_1_584' title='bbox 2390 1994 2475 2065; x_wconf 83' lang='lat' dir='ltr'><strong>est</strong></span> <span class='ocrx_word' id='word_1_585' title='bbox 2504 2003 2685 2057; x_wconf 90' lang='lat' dir='ltr'><strong>sermo</strong></span> <span class='ocrx_word' id='word_1_586' title='bbox 2725 1986 2935 2045; x_wconf 87' lang='lat' dir='ltr'><strong>Domini</strong></span> <span class='ocrx_word' id='word_1_587' title='bbox 2982 1992 3049 2047; x_wconf 93' lang='lat' dir='ltr'><strong>ad</strong></span> <span class='ocrx_word' id='word_1_588' title='bbox 3092 2008 3180 2047; x_wconf 91' lang='lat' dir='ltr'><strong>me</strong></span> <span class='ocrx_word' id='word_1_589' title='bbox 3214 1993 3432 2048; x_wconf 89' lang='lat' dir='ltr'><strong>dicens:</strong></span> <span class='ocrx_word' id='word_1_590' title='bbox 3460 1993 3565 2079; x_wconf 79' lang='lat' dir='ltr'><strong>Fili</strong></span> 
     </span>
    </p>
   </div>
   <div class='ocr_carea' id='block_1_80' title="bbox 1985 2069 3564 2154">
    <p class='ocr_par' dir='ltr' id='par_1_80' title="bbox 1985 2069 3564 2154">
     <span class='ocr_line' id='line_1_80' title="bbox 1985 2069 3564 2154; baseline 0.006 -25"><span class='ocrx_word' id='word_1_591' title='bbox 1985 2093 2005 2128; x_wconf 77' lang='grc' dir='ltr'><strong>ι</strong></span> <span class='ocrx_word' id='word_1_592' title='bbox 2044 2069 2299 2143; x_wconf 79' lang='lat' dir='ltr'><strong>heminis,</strong></span> <span class='ocrx_word' id='word_1_593' title='bbox 2325 2077 2623 2135; x_wconf 88' lang='lat' dir='ltr'><strong>vaticinare</strong></span> <span class='ocrx_word' id='word_1_594' title='bbox 2664 2081 2732 2134; x_wconf 86' lang='lat' dir='ltr'><strong>ad</strong></span> <span class='ocrx_word' id='word_1_595' title='bbox 2771 2081 3056 2151; x_wconf 89' lang='lat' dir='ltr'><strong>prophetas</strong></span> <span class='ocrx_word' id='word_1_596' title='bbox 3086 2080 3271 2147; x_wconf 88' lang='lat' dir='ltr'><strong>lsrael,</strong></span> <span class='ocrx_word' id='word_1_597' title='bbox 3305 2083 3397 2153; x_wconf 91' lang='lat' dir='ltr'><strong>qui</strong></span> <span class='ocrx_word' id='word_1_598' title='bbox 3436 2069 3564 2154; x_wconf 81' lang='lat' dir='ltr'><strong>pre-</strong></span> 
     </span>
    </p>
   </div>
   <div class='ocr_carea' id='block_1_81' title="bbox 1986 2163 3561 2241">
    <p class='ocr_par' dir='ltr' id='par_1_81' title="bbox 1986 2163 3561 2241">
     <span class='ocr_line' id='line_1_81' title="bbox 1986 2163 3561 2241; baseline 0.004 -21"><span class='ocrx_word' id='word_1_599' title='bbox 1986 2182 2007 2218; x_wconf 79' lang='grc' dir='ltr'><strong>ι</strong></span> <span class='ocrx_word' id='word_1_600' title='bbox 2038 2163 2303 2238; x_wconf 76' lang='lat' dir='ltr'><strong>pbetant,</strong></span> <span class='ocrx_word' id='word_1_601' title='bbox 2333 2176 2389 2223; x_wconf 90' lang='lat' dir='ltr'><strong>et</strong></span> <span class='ocrx_word' id='word_1_602' title='bbox 2427 2168 2586 2241; x_wconf 83' lang='lat' dir='ltr'><strong>dices</strong></span> <span class='ocrx_word' id='word_1_603' title='bbox 2622 2170 3071 2240; x_wconf 88' lang='lat' dir='ltr'><strong>prophetantibus</strong></span> <span class='ocrx_word' id='word_1_604' title='bbox 3112 2171 3178 2227; x_wconf 90' lang='lat' dir='ltr'><strong>de</strong></span> <span class='ocrx_word' id='word_1_605' title='bbox 3218 2172 3381 2228; x_wconf 88' lang='lat' dir='ltr'><strong>corde</strong></span> <span class='ocrx_word' id='word_1_606' title='bbox 3423 2188 3561 2228; x_wconf 89' lang='lat' dir='ltr'><strong>suo:</strong></span> 
     </span>
    </p>
   </div>
   <div class='ocr_carea' id='block_1_82' title="bbox 1984 2252 3561 2331">
    <p class='ocr_par' dir='ltr' id='par_1_82' title="bbox 1984 2252 3561 2331">
     <span class='ocr_line' id='line_1_82' title="bbox 1984 2252 3561 2331; baseline 0.005 -21"><span class='ocrx_word' id='word_1_607' title='bbox 1984 2272 2007 2310; x_wconf 78' lang='grc' dir='ltr'><strong>ι</strong></span> <span class='ocrx_word' id='word_1_608' title='bbox 2041 2252 2240 2314; x_wconf 74' lang='lat' dir='ltr'><strong>Audite</strong></span> <span class='ocrx_word' id='word_1_609' title='bbox 2267 2259 2489 2325; x_wconf 87' lang='lat' dir='ltr'><strong>verbum</strong></span> <span class='ocrx_word' id='word_1_610' title='bbox 2504 2258 2754 2325; x_wconf 86' lang='lat' dir='ltr'><strong>Domini;</strong></span> <span class='ocrx_word' id='word_1_611' title='bbox 2788 2259 2903 2317; x_wconf 58' lang='lat' dir='ltr'><strong>haec</strong></span> <span class='ocrx_word' id='word_1_612' title='bbox 2923 2260 3319 2319; x_wconf 88' lang='lat' dir='ltr'><strong>dicitdominus</strong></span> <span class='ocrx_word' id='word_1_613' title='bbox 3344 2264 3505 2331; x_wconf 90' lang='lat' dir='ltr'><strong>Deus,</strong></span> <span class='ocrx_word' id='word_1_614' title='bbox 3540 2285 3561 2318; x_wconf 76' lang='grc' dir='ltr'><strong>ι</strong></span> 
     </span>
    </p>
   </div>
   <div class='ocr_carea' id='block_1_83' title="bbox 1980 2346 3572 2425">
    <p class='ocr_par' dir='ltr' id='par_1_83' title="bbox 1980 2346 3572 2425">
     <span class='ocr_line' id='line_1_83' title="bbox 1980 2346 3572 2425; baseline 0.002 -18"><span class='ocrx_word' id='word_1_615' title='bbox 1980 2355 2088 2407; x_wconf 85' lang='lat' dir='ltr'><strong>etc.</strong></span> <span class='ocrx_word' id='word_1_616' title='bbox 2103 2346 2202 2405; x_wconf 83' lang='lat' dir='ltr'><strong>Est</strong></span> <span class='ocrx_word' id='word_1_617' title='bbox 2223 2357 2403 2417; x_wconf 88' lang='lat' dir='ltr'><strong>autem</strong></span> <span class='ocrx_word' id='word_1_618' title='bbox 2419 2365 2596 2405; x_wconf 89' lang='lat' dir='ltr'><strong>sermo</strong></span> <span class='ocrx_word' id='word_1_619' title='bbox 2621 2359 2810 2406; x_wconf 90' lang='lat' dir='ltr'><strong>contra</strong></span> <span class='ocrx_word' id='word_1_620' title='bbox 2836 2354 3353 2425; x_wconf 88' lang='lat' dir='ltr'><strong>pseudoprophetas,</strong></span> <span class='ocrx_word' id='word_1_621' title='bbox 3372 2355 3462 2425; x_wconf 90' lang='lat' dir='ltr'><strong>qui</strong></span> <span class='ocrx_word' id='word_1_622' title='bbox 3476 2356 3572 2410; x_wconf 81' lang='lat' dir='ltr'><strong>dc-</strong></span> 
     </span>
    </p>
   </div>
   <div class='ocr_carea' id='block_1_84' title="bbox 1981 2438 3571 2521">
    <p class='ocr_par' dir='ltr' id='par_1_84' title="bbox 1981 2438 3571 2521">
     <span class='ocr_line' id='line_1_84' title="bbox 1981 2438 3571 2521; baseline 0.002 -24"><span class='ocrx_word' id='word_1_623' title='bbox 1981 2438 2256 2512; x_wconf 87' lang='lat' dir='ltr'><strong>cipiebant</strong></span> <span class='ocrx_word' id='word_1_624' title='bbox 2280 2438 2556 2521; x_wconf 85' lang='lat' dir='ltr'><strong>populum,</strong></span> <span class='ocrx_word' id='word_1_625' title='bbox 2583 2450 2638 2497; x_wconf 92' lang='lat' dir='ltr'><strong>et</strong></span> <span class='ocrx_word' id='word_1_626' title='bbox 2656 2450 2844 2507; x_wconf 84' lang='lat' dir='ltr'><strong>contra</strong></span> <span class='ocrx_word' id='word_1_627' title='bbox 2871 2443 2970 2499; x_wconf 88' lang='lat' dir='ltr'><strong>Dei</strong></span> <span class='ocrx_word' id='word_1_628' title='bbox 2995 2443 3247 2503; x_wconf 87' lang='lat' dir='ltr'><strong>mandata</strong></span> <span class='ocrx_word' id='word_1_629' title='bbox 3277 2445 3419 2499; x_wconf 82' lang='lat' dir='ltr'><strong>aliud</strong></span> <span class='ocrx_word' id='word_1_630' title='bbox 3443 2460 3571 2516; x_wconf 84' lang='lat' dir='ltr'><strong>pro-</strong></span> 
     </span>
    </p>
   </div>
   <div class='ocr_carea' id='block_1_85' title="bbox 1952 2526 3567 2619">
    <p class='ocr_par' dir='ltr' id='par_1_85' title="bbox 1952 2526 3567 2619">
     <span class='ocr_line' id='line_1_85' title="bbox 1952 2526 3567 2619; baseline 0.003 -32"><span class='ocrx_word' id='word_1_631' title='bbox 1952 2610 1956 2619; x_wconf 26' lang='lat'><strong><em>‘</em></strong></span> <span class='ocrx_word' id='word_1_632' title='bbox 1980 2528 2321 2602; x_wconf 55' lang='lat' dir='ltr'><strong>phetabant.</strong></span> <span class='ocrx_word' id='word_1_633' title='bbox 2351 2530 2463 2589; x_wconf 89' lang='lat' dir='ltr'><strong>Nec</strong></span> <span class='ocrx_word' id='word_1_634' title='bbox 2488 2526 2796 2602; x_wconf 85' lang='lat' dir='ltr'><strong>quempiam</strong></span> <span class='ocrx_word' id='word_1_635' title='bbox 2835 2542 3067 2598; x_wconf 88' lang='lat' dir='ltr'><strong>moveat,</strong></span> <span class='ocrx_word' id='word_1_636' title='bbox 3095 2534 3240 2607; x_wconf 90' lang='lat' dir='ltr'><strong>quod</strong></span> <span class='ocrx_word' id='word_1_637' title='bbox 3282 2535 3567 2606; x_wconf 59' lang='lat' dir='ltr'><strong>Propheta!</strong></span> 
     </span>
    </p>
   </div>
   <div class='ocr_carea' id='block_1_86' title="bbox 1984 2620 3570 2697">
    <p class='ocr_par' dir='ltr' id='par_1_86' title="bbox 1984 2620 3570 2697">
     <span class='ocr_line' id='line_1_86' title="bbox 1984 2620 3570 2697; baseline 0.002 -20"><span class='ocrx_word' id='word_1_638' title='bbox 1984 2622 2343 2697; x_wconf 82' lang='lat' dir='ltr'><strong>appellantur.</strong></span> <span class='ocrx_word' id='word_1_639' title='bbox 2402 2622 2558 2691; x_wconf 76' lang='lat' dir='ltr'><strong>Hanc</strong></span> <span class='ocrx_word' id='word_1_640' title='bbox 2614 2620 2759 2679; x_wconf 90' lang='lat' dir='ltr'><strong>enim</strong></span> <span class='ocrx_word' id='word_1_641' title='bbox 2827 2624 2989 2681; x_wconf 88' lang='lat' dir='ltr'><strong>habet</strong></span> <span class='ocrx_word' id='word_1_642' title='bbox 3053 2635 3237 2681; x_wconf 90' lang='lat' dir='ltr'><strong>sancta</strong></span> <span class='ocrx_word' id='word_1_643' title='bbox 3288 2624 3570 2696; x_wconf 88' lang='lat' dir='ltr'><strong>Scriptura</strong></span> 
     </span>
    </p>
   </div>
   <div class='ocr_carea' id='block_1_87' title="bbox 1982 2713 3573 2788">
    <p class='ocr_par' dir='ltr' id='par_1_87' title="bbox 1982 2713 3573 2788">
     <span class='ocr_line' id='line_1_87' title="bbox 1982 2713 3573 2788; baseline 0.004 -20"><span class='ocrx_word' id='word_1_644' title='bbox 1982 2713 2450 2781; x_wconf 81' lang='lat' dir='ltr'><strong>consuetudinem,</strong></span> <span class='ocrx_word' id='word_1_645' title='bbox 2479 2724 2539 2769; x_wconf 93' lang='lat' dir='ltr'><strong>ut</strong></span> <span class='ocrx_word' id='word_1_646' title='bbox 2566 2731 3003 2788; x_wconf 89' lang='lat' dir='ltr'><strong>unumquemque</strong></span> <span class='ocrx_word' id='word_1_647' title='bbox 3030 2716 3433 2772; x_wconf 86' lang='lat' dir='ltr'><strong>vaticinationis</strong></span> <span class='ocrx_word' id='word_1_648' title='bbox 3459 2732 3573 2774; x_wconf 62' lang='lat' dir='ltr'><strong>sua:</strong></span> 
     </span>
    </p>
   </div>
   <div class='ocr_carea' id='block_1_88' title="bbox 1983 2800 3575 2880">
    <p class='ocr_par' dir='ltr' id='par_1_88' title="bbox 1983 2800 3575 2880">
     <span class='ocr_line' id='line_1_88' title="bbox 1983 2800 3575 2880; baseline 0.004 -23"><span class='ocrx_word' id='word_1_649' title='bbox 1983 2810 2041 2857; x_wconf 89' lang='lat' dir='ltr'><strong>et</strong></span> <span class='ocrx_word' id='word_1_650' title='bbox 2085 2805 2354 2880; x_wconf 81' lang='lat' dir='ltr'><strong>sermonis</strong></span> <span class='ocrx_word' id='word_1_651' title='bbox 2403 2800 3060 2876; x_wconf 65' lang='lat' dir='ltr'><strong>prophetam‘nuncupet.</strong></span> <span class='ocrx_word' id='word_1_652' title='bbox 3113 2803 3264 2862; x_wconf 88' lang='lat' dir='ltr'><strong>Sicut</strong></span> <span class='ocrx_word' id='word_1_653' title='bbox 3297 2807 3575 2878; x_wconf 66' lang='lat' dir='ltr'><strong>propheta</strong></span> 
     </span>
    </p>
   </div>
   <div class='ocr_carea' id='block_1_89' title="bbox 1986 2894 3572 2970">
    <p class='ocr_par' dir='ltr' id='par_1_89' title="bbox 1986 2894 3572 2970">
     <span class='ocr_line' id='line_1_89' title="bbox 1986 2894 3572 2970; baseline 0.004 -22"><span class='ocrx_word' id='word_1_654' title='bbox 1986 2894 2323 2965; x_wconf 79' lang='lat' dir='ltr'><strong>appellantur</strong></span> <span class='ocrx_word' id='word_1_655' title='bbox 2377 2895 2509 2950; x_wconf 89' lang='lat' dir='ltr'><strong>Baal</strong></span> <span class='ocrx_word' id='word_1_656' title='bbox 2560 2905 2622 2953; x_wconf 77' lang='lat' dir='ltr'><strong>.et</strong></span> <span class='ocrx_word' id='word_1_657' title='bbox 2673 2898 2951 2967; x_wconf 76' lang='lat' dir='ltr'><strong>prophetae</strong></span> <span class='ocrx_word' id='word_1_658' title='bbox 3005 2897 3301 2963; x_wconf 86' lang='lat' dir='ltr'><strong>idolorum,</strong></span> <span class='ocrx_word' id='word_1_659' title='bbox 3345 2907 3400 2955; x_wconf 92' lang='lat' dir='ltr'><strong>et</strong></span> <span class='ocrx_word' id='word_1_660' title='bbox 3445 2914 3572 2970; x_wconf 87' lang='lat' dir='ltr'><strong>pro-</strong></span> 
     </span>
    </p>
   </div>
   <div class='ocr_carea' id='block_1_90' title="bbox 1954 2980 3573 3071">
    <p class='ocr_par' dir='ltr' id='par_1_90' title="bbox 1954 2980 3573 3071">
     <span class='ocr_line' id='line_1_90' title="bbox 1954 2980 3573 3071; baseline 0.002 -30"><span class='ocrx_word' id='word_1_661' title='bbox 1954 2980 2164 3069; x_wconf 59' lang='lat' dir='ltr'><strong>phetae</strong></span> <span class='ocrx_word' id='word_1_662' title='bbox 2221 2985 2575 3043; x_wconf 88' lang='lat' dir='ltr'><strong>confusionis.</strong></span> <span class='ocrx_word' id='word_1_663' title='bbox 2652 2982 2806 3043; x_wconf 85' lang='lat' dir='ltr'><strong>Unde</strong></span> <span class='ocrx_word' id='word_1_664' title='bbox 2878 2996 2933 3071; x_wconf 85' lang='lat' dir='ltr'><strong>et</strong></span> <span class='ocrx_word' id='word_1_665' title='bbox 2996 2989 3269 3058; x_wconf 89' lang='lat' dir='ltr'><strong>apostolus</strong></span> <span class='ocrx_word' id='word_1_666' title='bbox 3333 2987 3573 3055; x_wconf 87' lang='lat' dir='ltr'><strong>Paulus,</strong></span> 
     </span>
    </p>
   </div>
   <div class='ocr_carea' id='block_1_91' title="bbox 1987 3079 3581 3163">
    <p class='ocr_par' dir='ltr' id='par_1_91' title="bbox 1987 3079 3581 3163">
     <span class='ocr_line' id='line_1_91' title="bbox 1987 3079 3581 3163; baseline 0.002 -30"><span class='ocrx_word' id='word_1_667' title='bbox 1987 3086 2201 3149; x_wconf 86' lang='lat' dir='ltr'><strong>poetam</strong></span> <span class='ocrx_word' id='word_1_668' title='bbox 2228 3094 2462 3149; x_wconf 70' lang='lat' dir='ltr'><strong>graecum</strong></span> <span class='ocrx_word' id='word_1_669' title='bbox 2486 3079 2807 3163; x_wconf 72' lang='lat' dir='ltr'><strong>prophetam</strong></span> <span class='ocrx_word' id='word_1_670' title='bbox 2824 3088 2979 3135; x_wconf 86' lang='lat' dir='ltr'><strong>vocat</strong></span> <span class='ocrx_word' id='word_1_671' title='bbox 2998 3100 3010 3134; x_wconf 88' lang='lat'><strong>:</strong></span> <span class='ocrx_word' id='word_1_672' title='bbox 3034 3080 3438 3163; x_wconf 72' lang='lat' dir='ltr'><strong>«Dixitquidam</strong></span> <span class='ocrx_word' id='word_1_673' title='bbox 3455 3096 3581 3152; x_wconf 87' lang='lat' dir='ltr'><strong>pro-</strong></span> 
     </span>
    </p>
   </div>
   <div class='ocr_carea' id='block_1_92' title="bbox 1989 3169 3577 3247">
    <p class='ocr_par' dir='ltr' id='par_1_92' title="bbox 1989 3169 3577 3247">
     <span class='ocr_line' id='line_1_92' title="bbox 1989 3169 3577 3247; baseline 0.002 -22"><span class='ocrx_word' id='word_1_674' title='bbox 1989 3171 2352 3247; x_wconf 35' lang='lat' dir='ltr'><strong>priusieorum</strong></span> <span class='ocrx_word' id='word_1_675' title='bbox 2379 3171 2666 3242; x_wconf 83' lang='lat' dir='ltr'><strong>pmpheta,</strong></span> <span class='ocrx_word' id='word_1_676' title='bbox 2697 3169 2983 3227; x_wconf 85' lang='lat' dir='ltr'><strong>Cretenses</strong></span> <span class='ocrx_word' id='word_1_677' title='bbox 3010 3187 3224 3243; x_wconf 91' lang='lat' dir='ltr'><strong>semper</strong></span> <span class='ocrx_word' id='word_1_678' title='bbox 3268 3171 3577 3237; x_wconf 85' lang='lat' dir='ltr'><strong>mendaces,</strong></span> 
     </span>
    </p>
   </div>
   <div class='ocr_carea' id='block_1_93' title="bbox 1990 3248 3579 3333">
    <p class='ocr_par' dir='ltr' id='par_1_93' title="bbox 1990 3248 3579 3333">
     <span class='ocr_line' id='line_1_93' title="bbox 1990 3248 3579 3333; baseline 0.003 -19"><span class='ocrx_word' id='word_1_679' title='bbox 1990 3259 2143 3314; x_wconf 83' lang='lat' dir='ltr'><strong>malae</strong></span> <span class='ocrx_word' id='word_1_680' title='bbox 2171 3260 2382 3324; x_wconf 80' lang='lat' dir='ltr'><strong>bestiae,</strong></span> <span class='ocrx_word' id='word_1_681' title='bbox 2436 3248 2653 3315; x_wconf 83' lang='lat' dir='ltr'><strong>ventres</strong></span> <span class='ocrx_word' id='word_1_682' title='bbox 2683 3260 2822 3332; x_wconf 84' lang='lat' dir='ltr'><strong>pigri</strong></span> <span class='ocrx_word' id='word_1_683' title='bbox 2881 3260 3009 3332; x_wconf 79' lang='lat' dir='ltr'><strong>(Tit.</strong></span> <span class='ocrx_word' id='word_1_684' title='bbox 3043 3262 3105 3333; x_wconf 87' lang='grc' dir='ltr'><strong>ι).</strong></span> <span class='ocrx_word' id='word_1_685' title='bbox 3138 3282 3156 3314; x_wconf 75' lang='grc' dir='ltr'><strong>ι</strong></span> <span class='ocrx_word' id='word_1_686' title='bbox 3207 3263 3274 3317; x_wconf 88' lang='lat' dir='ltr'><strong>Et</strong></span> <span class='ocrx_word' id='word_1_687' title='bbox 3330 3264 3381 3317; x_wconf 94' lang='lat' dir='ltr'><strong>in</strong></span> <span class='ocrx_word' id='word_1_688' title='bbox 3441 3261 3579 3318; x_wconf 86' lang='lat' dir='ltr'><strong>Osca</strong></span> 
     </span>
    </p>
   </div>
   <div class='ocr_carea' id='block_1_94' title="bbox 1991 3334 3581 3423">
    <p class='ocr_par' dir='ltr' id='par_1_94' title="bbox 1991 3334 3581 3423">
     <span class='ocr_line' id='line_1_94' title="bbox 1991 3334 3581 3423; baseline 0.004 -21"><span class='ocrx_word' id='word_1_689' title='bbox 1991 3346 2215 3423; x_wconf 84' lang='lat' dir='ltr'><strong>legimus</strong></span> <span class='ocrx_word' id='word_1_690' title='bbox 2248 3367 2261 3403; x_wconf 91' lang='lat'><strong>:</strong></span> <span class='ocrx_word' id='word_1_691' title='bbox 2302 3367 2321 3399; x_wconf 79' lang='grc' dir='ltr'><strong>ι</strong></span> <span class='ocrx_word' id='word_1_692' title='bbox 2359 3334 2809 3423; x_wconf 60' lang='grc' dir='ltr'><strong>δίουιργυριιθιίι</strong></span> <span class='ocrx_word' id='word_1_693' title='bbox 2840 3351 3116 3406; x_wconf 89' lang='lat' dir='ltr'><strong>insaniens</strong></span> <span class='ocrx_word' id='word_1_694' title='bbox 3145 3352 3305 3407; x_wconf 92' lang='lat' dir='ltr'><strong>homo</strong></span> <span class='ocrx_word' id='word_1_695' title='bbox 3354 3361 3581 3422; x_wconf 86' lang='lat' dir='ltr'><strong>portans</strong></span> 
     </span>
    </p>
   </div>
   <div class='ocr_carea' id='block_1_95' title="bbox 1991 3440 3583 3521">
    <p class='ocr_par' dir='ltr' id='par_1_95' title="bbox 1991 3440 3583 3521">
     <span class='ocr_line' id='line_1_95' title="bbox 1991 3440 3583 3521; baseline 0.004 -26"><span class='ocrx_word' id='word_1_696' title='bbox 1991 3440 2239 3521; x_wconf 87' lang='lat' dir='ltr'><strong>spiritum</strong></span> <span class='ocrx_word' id='word_1_697' title='bbox 2287 3440 2434 3514; x_wconf 83' lang='lat' dir='ltr'><strong>(Use.</strong></span> <span class='ocrx_word' id='word_1_698' title='bbox 2469 3440 2566 3513; x_wconf 83' lang='lat' dir='ltr'><strong>ix).</strong></span> <span class='ocrx_word' id='word_1_699' title='bbox 2606 3461 2625 3493; x_wconf 77' lang='grc' dir='ltr'><strong>ι</strong></span> <span class='ocrx_word' id='word_1_700' title='bbox 2661 3440 2929 3521; x_wconf 84' lang='lat' dir='ltr'><strong>Quidquid</strong></span> <span class='ocrx_word' id='word_1_701' title='bbox 2972 3448 3152 3497; x_wconf 89' lang='lat' dir='ltr'><strong>autem</strong></span> <span class='ocrx_word' id='word_1_702' title='bbox 3202 3457 3268 3497; x_wconf 93' lang='lat' dir='ltr'><strong>eo</strong></span> <span class='ocrx_word' id='word_1_703' title='bbox 3338 3452 3583 3514; x_wconf 86' lang='lat' dir='ltr'><strong>tempore</strong></span> 
     </span>
    </p>
   </div>
   <div class='ocr_carea' id='block_1_96' title="bbox 1990 3530 3577 3611">
    <p class='ocr_par' dir='ltr' id='par_1_96' title="bbox 1990 3530 3577 3611">
     <span class='ocr_line' id='line_1_96' title="bbox 1990 3530 3577 3611; baseline 0.002 -24"><span class='ocrx_word' id='word_1_704' title='bbox 1990 3530 2286 3588; x_wconf 85' lang='lat' dir='ltr'><strong>Israelitico</strong></span> <span class='ocrx_word' id='word_1_705' title='bbox 2310 3532 2509 3603; x_wconf 90' lang='lat' dir='ltr'><strong>populo</strong></span> <span class='ocrx_word' id='word_1_706' title='bbox 2564 3532 2863 3597; x_wconf 83' lang='lat' dir='ltr'><strong>dicebatur,</strong></span> <span class='ocrx_word' id='word_1_707' title='bbox 2904 3532 3008 3586; x_wconf 90' lang='lat' dir='ltr'><strong>hoc</strong></span> <span class='ocrx_word' id='word_1_708' title='bbox 3063 3548 3203 3587; x_wconf 92' lang='lat' dir='ltr'><strong>nunc</strong></span> <span class='ocrx_word' id='word_1_709' title='bbox 3232 3531 3480 3611; x_wconf 82' lang='lat' dir='ltr'><strong>refertur</strong></span> <span class='ocrx_word' id='word_1_710' title='bbox 3508 3535 3577 3590; x_wconf 90' lang='lat' dir='ltr'><strong>ad</strong></span> 
     </span>
    </p>
   </div>
   <div class='ocr_carea' id='block_1_97' title="bbox 1992 3612 3582 3695">
    <p class='ocr_par' dir='ltr' id='par_1_97' title="bbox 1992 3612 3582 3695">
     <span class='ocr_line' id='line_1_97' title="bbox 1992 3612 3582 3695; baseline -0.003 -14"><span class='ocrx_word' id='word_1_711' title='bbox 1992 3625 2287 3681; x_wconf 87' lang='lat' dir='ltr'><strong>Ecclesiam</strong></span> <span class='ocrx_word' id='word_1_712' title='bbox 2310 3635 2369 3678; x_wconf 89' lang='lat' dir='ltr'><strong>nt</strong></span> <span class='ocrx_word' id='word_1_713' title='bbox 2423 3624 2699 3695; x_wconf 76' lang='lat' dir='ltr'><strong>prophetm</strong></span> <span class='ocrx_word' id='word_1_714' title='bbox 2736 3620 2921 3678; x_wconf 79' lang='lat' dir='ltr'><strong>sancti</strong></span> <span class='ocrx_word' id='word_1_715' title='bbox 2938 3623 3046 3677; x_wconf 90' lang='lat' dir='ltr'><strong>sint</strong></span> <span class='ocrx_word' id='word_1_716' title='bbox 3095 3612 3343 3693; x_wconf 88' lang='lat' dir='ltr'><strong>apostoli,</strong></span> <span class='ocrx_word' id='word_1_717' title='bbox 3374 3630 3428 3678; x_wconf 91' lang='lat' dir='ltr'><strong>et</strong></span> <span class='ocrx_word' id='word_1_718' title='bbox 3448 3639 3582 3694; x_wconf 86' lang='lat' dir='ltr'><strong>apo-</strong></span> 
     </span>
    </p>
   </div>
   <div class='ocr_carea' id='block_1_98' title="bbox 1994 3714 3584 3793">
    <p class='ocr_par' dir='ltr' id='par_1_98' title="bbox 1994 3714 3584 3793">
     <span class='ocr_line' id='line_1_98' title="bbox 1994 3714 3584 3793; baseline 0.001 -21"><span class='ocrx_word' id='word_1_719' title='bbox 1994 3716 2170 3793; x_wconf 83' lang='lat' dir='ltr'><strong>stolici</strong></span> <span class='ocrx_word' id='word_1_720' title='bbox 2195 3716 2313 3793; x_wconf 79' lang='lat' dir='ltr'><strong>viri,</strong></span> <span class='ocrx_word' id='word_1_721' title='bbox 2334 3716 2614 3787; x_wconf 74' lang='lat' dir='ltr'><strong>prophetae</strong></span> <span class='ocrx_word' id='word_1_722' title='bbox 2642 3723 2823 3769; x_wconf 85' lang='lat' dir='ltr'><strong>autem</strong></span> <span class='ocrx_word' id='word_1_723' title='bbox 2858 3714 3145 3769; x_wconf 82' lang='lat' dir='ltr'><strong>mendaces</strong></span> <span class='ocrx_word' id='word_1_724' title='bbox 3195 3725 3358 3785; x_wconf 88' lang='lat' dir='ltr'><strong>atque</strong></span> <span class='ocrx_word' id='word_1_725' title='bbox 3394 3715 3584 3773; x_wconf 85' lang='lat' dir='ltr'><strong>furiosi</strong></span> 
     </span>
    </p>
   </div>
   <div class='ocr_carea' id='block_1_99' title="bbox 1994 3786 3583 3878">
    <p class='ocr_par' dir='ltr' id='par_1_99' title="bbox 1994 3786 3583 3878">
     <span class='ocr_line' id='line_1_99' title="bbox 1994 3786 3583 3878; baseline 0.001 -17"><span class='ocrx_word' id='word_1_726' title='bbox 1994 3788 2187 3877; x_wconf 86' lang='lat' dir='ltr'><strong>omnes</strong></span> <span class='ocrx_word' id='word_1_727' title='bbox 2206 3786 2471 3875; x_wconf 58' lang='lat' dir='ltr'><strong>haeretici,</strong></span> <span class='ocrx_word' id='word_1_728' title='bbox 2500 3822 2729 3878; x_wconf 91' lang='lat' dir='ltr'><strong>quorum</strong></span> <span class='ocrx_word' id='word_1_729' title='bbox 2758 3805 3031 3878; x_wconf 78' lang='lat' dir='ltr'><strong>principes</strong></span> <span class='ocrx_word' id='word_1_730' title='bbox 3063 3824 3128 3861; x_wconf 77' lang='lat' dir='ltr'><strong>ex</strong></span> <span class='ocrx_word' id='word_1_731' title='bbox 3153 3822 3250 3862; x_wconf 92' lang='lat' dir='ltr'><strong>suo</strong></span> <span class='ocrx_word' id='word_1_732' title='bbox 3275 3809 3439 3863; x_wconf 89' lang='lat' dir='ltr'><strong>corde</strong></span> <span class='ocrx_word' id='word_1_733' title='bbox 3454 3824 3583 3864; x_wconf 86' lang='lat' dir='ltr'><strong>con-</strong></span> 
     </span>
    </p>
   </div>
   <div class='ocr_carea' id='block_1_100' title="bbox 1996 3888 3579 3973">
    <p class='ocr_par' dir='ltr' id='par_1_100' title="bbox 1996 3888 3579 3973">
     <span class='ocr_line' id='line_1_100' title="bbox 1996 3888 3579 3973; baseline 0.001 -20"><span class='ocrx_word' id='word_1_734' title='bbox 1996 3900 2221 3973; x_wconf 80' lang='lat' dir='ltr'><strong>fingant.</strong></span> <span class='ocrx_word' id='word_1_735' title='bbox 2278 3888 2395 3966; x_wconf 25' lang='lat' dir='ltr'><strong>Qui,</strong></span> <span class='ocrx_word' id='word_1_736' title='bbox 2439 3908 2619 3953; x_wconf 87' lang='lat' dir='ltr'><strong>autem</strong></span> <span class='ocrx_word' id='word_1_737' title='bbox 2649 3898 2717 3953; x_wconf 89' lang='lat' dir='ltr'><strong>ab</strong></span> <span class='ocrx_word' id='word_1_738' title='bbox 2766 3899 2848 3954; x_wconf 89' lang='lat' dir='ltr'><strong>eis</strong></span> <span class='ocrx_word' id='word_1_739' title='bbox 2893 3898 3100 3953; x_wconf 87' lang='lat' dir='ltr'><strong>seducti</strong></span> <span class='ocrx_word' id='word_1_740' title='bbox 3150 3909 3294 3967; x_wconf 88' lang='lat' dir='ltr'><strong>sunt,</strong></span> <span class='ocrx_word' id='word_1_741' title='bbox 3350 3900 3579 3969; x_wconf 85' lang='lat' dir='ltr'><strong>aliorum</strong></span> 
     </span>
    </p>
   </div>
   <div class='ocr_carea' id='block_1_101' title="bbox 1997 3990 2707 4062">
    <p class='ocr_par' dir='ltr' id='par_1_101' title="bbox 1997 3990 2707 4062">
     <span class='ocr_line' id='line_1_101' title="bbox 1997 3990 2707 4062; baseline -0.003 -16"><span class='ocrx_word' id='word_1_742' title='bbox 1997 3990 2294 4046; x_wconf 90' lang='lat' dir='ltr'><strong>mendaciis</strong></span> <span class='ocrx_word' id='word_1_743' title='bbox 2332 3990 2707 4062; x_wconf 81' lang='lat' dir='ltr'><strong>adquiescam.</strong></span> 
     </span>
    </p>
   </div>
   <div class='ocr_carea' id='block_1_102' title="bbox 2074 4072 3586 4157">
    <p class='ocr_par' dir='ltr' id='par_1_102' title="bbox 2074 4072 3586 4157">
     <span class='ocr_line' id='line_1_102' title="bbox 2074 4072 3586 4157; baseline 0.007 -28"><span class='ocrx_word' id='word_1_744' title='bbox 2074 4099 2091 4129; x_wconf 73' lang='grc' dir='ltr'><strong>ι</strong></span> <span class='ocrx_word' id='word_1_745' title='bbox 2110 4072 2195 4136; x_wconf 81' lang='lat' dir='ltr'><strong>Vae</strong></span> <span class='ocrx_word' id='word_1_746' title='bbox 2207 4076 2485 4153; x_wconf 89' lang='lat' dir='ltr'><strong>prophetis</strong></span> <span class='ocrx_word' id='word_1_747' title='bbox 2498 4079 2898 4148; x_wconf 78' lang='lat' dir='ltr'><strong>insipientibus,</strong></span> <span class='ocrx_word' id='word_1_748' title='bbox 2912 4082 3005 4152; x_wconf 88' lang='lat' dir='ltr'><strong>qui</strong></span> <span class='ocrx_word' id='word_1_749' title='bbox 3021 4095 3321 4157; x_wconf 81' lang='lat' dir='ltr'><strong>sequuntur</strong></span> <span class='ocrx_word' id='word_1_750' title='bbox 3334 4083 3586 4156; x_wconf 89' lang='lat' dir='ltr'><strong>spiritum</strong></span> 
     </span>
    </p>
   </div>
   <div class='ocr_carea' id='block_1_103' title="bbox 2003 4172 3583 4246">
    <p class='ocr_par' dir='ltr' id='par_1_103' title="bbox 2003 4172 3583 4246">
     <span class='ocr_line' id='line_1_103' title="bbox 2003 4172 3583 4246; baseline 0.003 -19"><span class='ocrx_word' id='word_1_751' title='bbox 2003 4193 2023 4227; x_wconf 78' lang='grc' dir='ltr'><strong>ι</strong></span> <span class='ocrx_word' id='word_1_752' title='bbox 2060 4190 2215 4233; x_wconf 88' lang='lat' dir='ltr'><strong>suum</strong></span> <span class='ocrx_word' id='word_1_753' title='bbox 2245 4181 2298 4230; x_wconf 89' lang='lat' dir='ltr'><strong>et</strong></span> <span class='ocrx_word' id='word_1_754' title='bbox 2326 4174 2461 4230; x_wconf 88' lang='lat' dir='ltr'><strong>nihil</strong></span> <span class='ocrx_word' id='word_1_755' title='bbox 2484 4173 2689 4229; x_wconf 87' lang='lat' dir='ltr'><strong>vident.</strong></span> <span class='ocrx_word' id='word_1_756' title='bbox 2722 4193 2741 4227; x_wconf 73' lang='grc' dir='ltr'><strong>ι</strong></span> <span class='ocrx_word' id='word_1_757' title='bbox 2790 4172 2924 4230; x_wconf 87' lang='lat' dir='ltr'><strong>Cum</strong></span> <span class='ocrx_word' id='word_1_758' title='bbox 2954 4176 3340 4246; x_wconf 86' lang='lat' dir='ltr'><strong>prophetarum</strong></span> <span class='ocrx_word' id='word_1_759' title='bbox 3386 4191 3583 4232; x_wconf 86' lang='lat' dir='ltr'><strong>nomen</strong></span> 
     </span>
    </p>
   </div>
   <div class='ocr_carea' id='block_1_104' title="bbox 1950 4258 3585 4339">
    <p class='ocr_par' dir='ltr' id='par_1_104' title="bbox 1950 4258 3585 4339">
     <span class='ocr_line' id='line_1_104' title="bbox 1950 4258 3585 4339; baseline -0.001 -16"><span class='ocrx_word' id='word_1_760' title='bbox 1950 4334 1963 4339; x_wconf 25' lang='grc' dir='ltr'><strong><em>ἢ</em></strong></span> <span class='ocrx_word' id='word_1_761' title='bbox 1982 4258 2293 4333; x_wconf 80' lang='lat' dir='ltr'><strong>secundum</strong></span> <span class='ocrx_word' id='word_1_762' title='bbox 2319 4266 2556 4335; x_wconf 81' lang='lat' dir='ltr'><strong>regulam</strong></span> <span class='ocrx_word' id='word_1_763' title='bbox 2580 4265 2783 4336; x_wconf 83' lang='lat' dir='ltr'><strong>scriptu</strong></span> <span class='ocrx_word' id='word_1_764' title='bbox 2793 4281 2971 4319; x_wconf 86' lang='lat' dir='ltr'><strong>rarum</strong></span> <span class='ocrx_word' id='word_1_765' title='bbox 2989 4266 3145 4321; x_wconf 88' lang='lat' dir='ltr'><strong>bonis</strong></span> <span class='ocrx_word' id='word_1_766' title='bbox 3159 4266 3418 4336; x_wconf 87' lang='lat' dir='ltr'><strong>malisque</strong></span> <span class='ocrx_word' id='word_1_767' title='bbox 3431 4282 3585 4321; x_wconf 87' lang='lat' dir='ltr'><strong>com-</strong></span> 
     </span>
    </p>
   </div>
   <div class='ocr_carea' id='block_1_105' title="bbox 1999 4355 3590 4428">
    <p class='ocr_par' dir='ltr' id='par_1_105' title="bbox 1999 4355 3590 4428">
     <span class='ocr_line' id='line_1_105' title="bbox 1999 4355 3590 4428; baseline -0.002 -13"><span class='ocrx_word' id='word_1_768' title='bbox 1999 4375 2161 4416; x_wconf 87' lang='lat' dir='ltr'><strong>mune</strong></span> <span class='ocrx_word' id='word_1_769' title='bbox 2180 4360 2273 4424; x_wconf 87' lang='lat' dir='ltr'><strong>sit,</strong></span> <span class='ocrx_word' id='word_1_770' title='bbox 2301 4360 2357 4413; x_wconf 86' lang='lat' dir='ltr'><strong>in</strong></span> <span class='ocrx_word' id='word_1_771' title='bbox 2410 4373 2477 4413; x_wconf 89' lang='lat' dir='ltr'><strong>eo</strong></span> <span class='ocrx_word' id='word_1_772' title='bbox 2506 4356 2775 4421; x_wconf 79' lang='lat' dir='ltr'><strong>differunt,</strong></span> <span class='ocrx_word' id='word_1_773' title='bbox 2828 4355 2969 4428; x_wconf 87' lang='lat' dir='ltr'><strong>quod</strong></span> <span class='ocrx_word' id='word_1_774' title='bbox 3019 4357 3145 4412; x_wconf 87' lang='lat' dir='ltr'><strong>boni</strong></span> <span class='ocrx_word' id='word_1_775' title='bbox 3182 4358 3459 4427; x_wconf 68' lang='lat' dir='ltr'><strong>propheta:</strong></span> <span class='ocrx_word' id='word_1_776' title='bbox 3507 4359 3590 4412; x_wconf 86' lang='lat' dir='ltr'><strong>di-</strong></span> 
     </span>
    </p>
   </div>
   <div class='ocr_carea' id='block_1_106' title="bbox 1999 4443 3585 4520">
    <p class='ocr_par' dir='ltr' id='par_1_106' title="bbox 1999 4443 3585 4520">
     <span class='ocr_line' id='line_1_106' title="bbox 1999 4443 3585 4520; baseline -0.003 -14"><span class='ocrx_word' id='word_1_777' title='bbox 1999 4459 2197 4506; x_wconf 89' lang='lat' dir='ltr'><strong>cuntur</strong></span> <span class='ocrx_word' id='word_1_778' title='bbox 2220 4464 2341 4507; x_wconf 83' lang='lat' dir='ltr'><strong>esse</strong></span> <span class='ocrx_word' id='word_1_779' title='bbox 2368 4448 2659 4520; x_wconf 85' lang='lat' dir='ltr'><strong>sapientes,</strong></span> <span class='ocrx_word' id='word_1_780' title='bbox 2719 4446 2845 4502; x_wconf 90' lang='lat' dir='ltr'><strong>mali</strong></span> <span class='ocrx_word' id='word_1_781' title='bbox 2903 4454 3082 4500; x_wconf 89' lang='lat' dir='ltr'><strong>autem</strong></span> <span class='ocrx_word' id='word_1_782' title='bbox 3135 4443 3293 4500; x_wconf 68' lang='lat' dir='ltr'><strong>stulti</strong></span> <span class='ocrx_word' id='word_1_783' title='bbox 3337 4454 3391 4500; x_wconf 89' lang='lat' dir='ltr'><strong>et</strong></span> <span class='ocrx_word' id='word_1_784' title='bbox 3450 4445 3585 4517; x_wconf 83' lang='lat' dir='ltr'><strong>insi-</strong></span> 
     </span>
    </p>
   </div>
   <div class='ocr_carea' id='block_1_107' title="bbox 1997 4530 3587 4611">
    <p class='ocr_par' dir='ltr' id='par_1_107' title="bbox 1997 4530 3587 4611">
     <span class='ocr_line' id='line_1_107' title="bbox 1997 4530 3587 4611; baseline -0.002 -16"><span class='ocrx_word' id='word_1_785' title='bbox 1997 4542 2227 4611; x_wconf 87' lang='lat' dir='ltr'><strong>pientes.</strong></span> <span class='ocrx_word' id='word_1_786' title='bbox 2262 4538 2499 4606; x_wconf 87' lang='lat' dir='ltr'><strong>Qnorum</strong></span> <span class='ocrx_word' id='word_1_787' title='bbox 2525 4536 2752 4591; x_wconf 84' lang='lat' dir='ltr'><strong>alterum</strong></span> <span class='ocrx_word' id='word_1_788' title='bbox 2780 4533 3013 4609; x_wconf 77' lang='lat' dir='ltr'><strong>refertur</strong></span> <span class='ocrx_word' id='word_1_789' title='bbox 3065 4535 3131 4588; x_wconf 87' lang='lat' dir='ltr'><strong>ad</strong></span> <span class='ocrx_word' id='word_1_790' title='bbox 3185 4530 3587 4592; x_wconf 86' lang='lat' dir='ltr'><strong>ecclesiasticos</strong></span> 
     </span>
    </p>
   </div>
   <div class='ocr_carea' id='block_1_108' title="bbox 1998 4623 3588 4698">
    <p class='ocr_par' dir='ltr' id='par_1_108' title="bbox 1998 4623 3588 4698">
     <span class='ocr_line' id='line_1_108' title="bbox 1998 4623 3588 4698; baseline -0.002 -11"><span class='ocrx_word' id='word_1_791' title='bbox 1998 4634 2163 4698; x_wconf 89' lang='lat' dir='ltr'><strong>viros,</strong></span> <span class='ocrx_word' id='word_1_792' title='bbox 2193 4631 2424 4684; x_wconf 89' lang='lat' dir='ltr'><strong>alterum</strong></span> <span class='ocrx_word' id='word_1_793' title='bbox 2441 4628 2507 4682; x_wconf 88' lang='lat' dir='ltr'><strong>ad</strong></span> <span class='ocrx_word' id='word_1_794' title='bbox 2536 4641 2724 4680; x_wconf 82' lang='lat' dir='ltr'><strong>omnes</strong></span> <span class='ocrx_word' id='word_1_795' title='bbox 2748 4623 3052 4689; x_wconf 73' lang='lat' dir='ltr'><strong>hmrcticos,</strong></span> <span class='ocrx_word' id='word_1_796' title='bbox 3081 4626 3172 4694; x_wconf 81' lang='lat' dir='ltr'><strong>qui</strong></span> <span class='ocrx_word' id='word_1_797' title='bbox 3208 4625 3459 4697; x_wconf 87' lang='lat' dir='ltr'><strong>spiritum</strong></span> <span class='ocrx_word' id='word_1_798' title='bbox 3491 4628 3588 4684; x_wconf 85' lang='lat' dir='ltr'><strong>Dei</strong></span> 
     </span>
    </p>
   </div>
   <div class='ocr_carea' id='block_1_109' title="bbox 1999 4717 3582 4793">
    <p class='ocr_par' dir='ltr' id='par_1_109' title="bbox 1999 4717 3582 4793">
     <span class='ocr_line' id='line_1_109' title="bbox 1999 4717 3582 4793; baseline -0.002 -15"><span class='ocrx_word' id='word_1_799' title='bbox 1999 4724 2387 4793; x_wconf 88' lang='lat' dir='ltr'><strong>relinquentes,</strong></span> <span class='ocrx_word' id='word_1_800' title='bbox 2417 4728 2721 4787; x_wconf 80' lang='lat' dir='ltr'><strong>sequuntur</strong></span> <span class='ocrx_word' id='word_1_801' title='bbox 2747 4717 2994 4786; x_wconf 76' lang='lat' dir='ltr'><strong>spTrituni</strong></span> <span class='ocrx_word' id='word_1_802' title='bbox 3023 4733 3201 4784; x_wconf 90' lang='lat' dir='ltr'><strong>suum,</strong></span> <span class='ocrx_word' id='word_1_803' title='bbox 3224 4718 3351 4789; x_wconf 88' lang='lat' dir='ltr'><strong>quia</strong></span> <span class='ocrx_word' id='word_1_804' title='bbox 3378 4735 3582 4791; x_wconf 87' lang='lat' dir='ltr'><strong>nequa-</strong></span> 
     </span>
    </p>
   </div>
   <div class='ocr_carea' id='block_1_110' title="bbox 2000 4808 3588 4897">
    <p class='ocr_par' dir='ltr' id='par_1_110' title="bbox 2000 4808 3588 4888">
     <span class='ocr_line' id='line_1_110' title="bbox 2000 4808 3588 4888; baseline -0.003 -19"><span class='ocrx_word' id='word_1_805' title='bbox 2000 4831 2161 4888; x_wconf 88' lang='lat' dir='ltr'><strong>quam</strong></span> <span class='ocrx_word' id='word_1_806' title='bbox 2188 4812 2371 4867; x_wconf 89' lang='lat' dir='ltr'><strong>divino</strong></span> <span class='ocrx_word' id='word_1_807' title='bbox 2398 4810 2684 4883; x_wconf 71' lang='lat' dir='ltr'><strong>instinctu,</strong></span> <span class='ocrx_word' id='word_1_808' title='bbox 2711 4808 2803 4863; x_wconf 89' lang='lat' dir='ltr'><strong>sed</strong></span> <span class='ocrx_word' id='word_1_809' title='bbox 2827 4809 3049 4878; x_wconf 84' lang='lat' dir='ltr'><strong>proprio</strong></span> <span class='ocrx_word' id='word_1_810' title='bbox 3083 4808 3247 4864; x_wconf 77' lang='lat' dir='ltr'><strong>corde</strong></span> <span class='ocrx_word' id='word_1_811' title='bbox 3295 4811 3588 4865; x_wconf 84' lang='lat' dir='ltr'><strong>vaticinan-</strong></span> 
     </span>
    </p>
   </div>
   <div class='ocr_carea' id='block_1_111' title="bbox 2001 4900 3584 4973">
    <p class='ocr_par' dir='ltr' id='par_1_111' title="bbox 2001 4900 3584 4973">
     <span class='ocr_line' id='line_1_111' title="bbox 2001 4900 3584 4973; baseline -0.003 -10"><span class='ocrx_word' id='word_1_812' title='bbox 2001 4919 2107 4972; x_wconf 90' lang='lat' dir='ltr'><strong>tur,</strong></span> <span class='ocrx_word' id='word_1_813' title='bbox 2138 4908 2279 4962; x_wconf 85' lang='lat' dir='ltr'><strong>unde</strong></span> <span class='ocrx_word' id='word_1_814' title='bbox 2307 4914 2357 4958; x_wconf 91' lang='lat' dir='ltr'><strong>et</strong></span> <span class='ocrx_word' id='word_1_815' title='bbox 2385 4901 2516 4958; x_wconf 86' lang='lat' dir='ltr'><strong>nihil</strong></span> <span class='ocrx_word' id='word_1_816' title='bbox 2548 4902 2752 4957; x_wconf 82' lang='lat' dir='ltr'><strong>vident.</strong></span> <span class='ocrx_word' id='word_1_817' title='bbox 2785 4900 2884 4968; x_wconf 88' lang='lat' dir='ltr'><strong>Qui</strong></span> <span class='ocrx_word' id='word_1_818' title='bbox 2913 4911 3093 4956; x_wconf 89' lang='lat' dir='ltr'><strong>autem</strong></span> <span class='ocrx_word' id='word_1_819' title='bbox 3117 4903 3333 4973; x_wconf 85' lang='lat' dir='ltr'><strong>sapiens</strong></span> <span class='ocrx_word' id='word_1_820' title='bbox 3362 4913 3445 4959; x_wconf 89' lang='lat' dir='ltr'><strong>est</strong></span> <span class='ocrx_word' id='word_1_821' title='bbox 3474 4918 3584 4961; x_wconf 89' lang='lat' dir='ltr'><strong>non</strong></span> 
     </span>
    </p>
   </div>
   <div class='ocr_carea' id='block_1_112' title="bbox 1999 4994 3580 5067">
    <p class='ocr_par' dir='ltr' id='par_1_112' title="bbox 1999 4994 3580 5067">
     <span class='ocr_line' id='line_1_112' title="bbox 1999 4994 3580 5067; baseline -0.003 -9"><span class='ocrx_word' id='word_1_822' title='bbox 1999 5000 2181 5058; x_wconf 90' lang='lat' dir='ltr'><strong>cordis</strong></span> <span class='ocrx_word' id='word_1_823' title='bbox 2212 4999 2296 5055; x_wconf 90' lang='lat' dir='ltr'><strong>sui</strong></span> <span class='ocrx_word' id='word_1_824' title='bbox 2340 4995 2714 5067; x_wconf 81' lang='lat' dir='ltr'><strong>cogitationes,</strong></span> <span class='ocrx_word' id='word_1_825' title='bbox 2738 4995 2830 5049; x_wconf 90' lang='lat' dir='ltr'><strong>sed</strong></span> <span class='ocrx_word' id='word_1_826' title='bbox 2880 4994 2975 5049; x_wconf 89' lang='lat' dir='ltr'><strong>Dei</strong></span> <span class='ocrx_word' id='word_1_827' title='bbox 3018 4994 3265 5067; x_wconf 85' lang='lat' dir='ltr'><strong>spiritum</strong></span> <span class='ocrx_word' id='word_1_828' title='bbox 3316 4997 3580 5067; x_wconf 89' lang='lat' dir='ltr'><strong>sequitur.</strong></span> 
     </span>
    </p>
   </div>
   <div class='ocr_carea' id='block_1_113' title="bbox 2000 5084 3585 5156">
    <p class='ocr_par' dir='ltr' id='par_1_113' title="bbox 2000 5084 3585 5156">
     <span class='ocr_line' id='line_1_113' title="bbox 2000 5084 3585 5156; baseline -0.002 -9"><span class='ocrx_word' id='word_1_829' title='bbox 2000 5091 2160 5147; x_wconf 79' lang='lat' dir='ltr'><strong>Juxta</strong></span> <span class='ocrx_word' id='word_1_830' title='bbox 2214 5089 2368 5153; x_wconf 89' lang='lat' dir='ltr'><strong>illud,</strong></span> <span class='ocrx_word' id='word_1_831' title='bbox 2419 5087 2562 5156; x_wconf 90' lang='lat' dir='ltr'><strong>quod</strong></span> <span class='ocrx_word' id='word_1_832' title='bbox 2608 5094 2660 5141; x_wconf 91' lang='lat' dir='ltr'><strong>et</strong></span> <span class='ocrx_word' id='word_1_833' title='bbox 2709 5087 2762 5139; x_wconf 90' lang='lat' dir='ltr'><strong>in</strong></span> <span class='ocrx_word' id='word_1_834' title='bbox 2804 5084 3193 5156; x_wconf 77' lang='lat' dir='ltr'><strong>Superioribus,</strong></span> <span class='ocrx_word' id='word_1_835' title='bbox 3231 5089 3480 5144; x_wconf 87' lang='lat' dir='ltr'><strong>animalia</strong></span> <span class='ocrx_word' id='word_1_836' title='bbox 3528 5097 3585 5147; x_wconf 86' lang='lat' dir='ltr'><strong>et</strong></span> 
     </span>
    </p>
   </div>
   <div class='ocr_carea' id='block_1_114' title="bbox 2004 5166 3569 5257">
    <p class='ocr_par' dir='ltr' id='par_1_114' title="bbox 2004 5166 3569 5257">
     <span class='ocr_line' id='line_1_114' title="bbox 2004 5166 3569 5257; baseline -0.001 -16"><span class='ocrx_word' id='word_1_837' title='bbox 2004 5166 2135 5241; x_wconf 71' lang='lat' dir='ltr'><strong>rotic</strong></span> <span class='ocrx_word' id='word_1_838' title='bbox 2163 5186 2260 5241; x_wconf 89' lang='lat' dir='ltr'><strong>Dei</strong></span> <span class='ocrx_word' id='word_1_839' title='bbox 2300 5185 2548 5256; x_wconf 89' lang='lat' dir='ltr'><strong>spiritum</strong></span> <span class='ocrx_word' id='word_1_840' title='bbox 2581 5181 2963 5252; x_wconf 77' lang='lat' dir='ltr'><strong>scqncbantur.</strong></span> <span class='ocrx_word' id='word_1_841' title='bbox 3006 5184 3074 5238; x_wconf 88' lang='lat' dir='ltr'><strong>Et</strong></span> <span class='ocrx_word' id='word_1_842' title='bbox 3109 5187 3368 5257; x_wconf 83' lang='lat' dir='ltr'><strong>propheta</strong></span> <span class='ocrx_word' id='word_1_843' title='bbox 3406 5189 3569 5244; x_wconf 86' lang='lat' dir='ltr'><strong>dicit:</strong></span> 
     </span>
    </p>
   </div>
   <div class='ocr_carea' id='block_1_115' title="bbox 2009 5278 3577 5351">
    <p class='ocr_par' dir='ltr' id='par_1_115' title="bbox 2009 5278 3577 5351">
     <span class='ocr_line' id='line_1_115' title="bbox 2009 5278 3577 5351; baseline -0.001 -17"><span class='ocrx_word' id='word_1_844' title='bbox 2009 5303 2026 5334; x_wconf 80' lang='grc' dir='ltr'><strong>ι</strong></span> <span class='ocrx_word' id='word_1_845' title='bbox 2050 5283 2179 5337; x_wconf 91' lang='lat' dir='ltr'><strong>Post</strong></span> <span class='ocrx_word' id='word_1_846' title='bbox 2206 5280 2493 5336; x_wconf 85' lang='lat' dir='ltr'><strong>Dominum</strong></span> <span class='ocrx_word' id='word_1_847' title='bbox 2524 5279 2695 5332; x_wconf 87' lang='lat' dir='ltr'><strong>Deum</strong></span> <span class='ocrx_word' id='word_1_848' title='bbox 2720 5286 2870 5333; x_wconf 92' lang='lat' dir='ltr'><strong>tuum</strong></span> <span class='ocrx_word' id='word_1_849' title='bbox 2906 5279 3205 5334; x_wconf 83' lang='lat' dir='ltr'><strong>ambulabis</strong></span> <span class='ocrx_word' id='word_1_850' title='bbox 3236 5278 3381 5351; x_wconf 78' lang='lat' dir='ltr'><strong>(Ose.</strong></span> <span class='ocrx_word' id='word_1_851' title='bbox 3435 5280 3530 5351; x_wconf 78' lang='lat' dir='ltr'><strong>xi).</strong></span> <span class='ocrx_word' id='word_1_852' title='bbox 3557 5302 3577 5332; x_wconf 76' lang='grc' dir='ltr'><strong>ι</strong></span> 
     </span>
    </p>
   </div>
   <div class='ocr_carea' id='block_1_116' title="bbox 2004 5368 3581 5441">
    <p class='ocr_par' dir='ltr' id='par_1_116' title="bbox 2004 5368 3581 5441">
     <span class='ocr_line' id='line_1_116' title="bbox 2004 5368 3581 5441; baseline -0.003 -12"><span class='ocrx_word' id='word_1_853' title='bbox 2004 5373 2136 5429; x_wconf 87' lang='lat' dir='ltr'><strong>Etin</strong></span> <span class='ocrx_word' id='word_1_854' title='bbox 2163 5371 2271 5426; x_wconf 85' lang='lat' dir='ltr'><strong>alio</strong></span> <span class='ocrx_word' id='word_1_855' title='bbox 2291 5369 2409 5425; x_wconf 91' lang='lat' dir='ltr'><strong>loco</strong></span> <span class='ocrx_word' id='word_1_856' title='bbox 2443 5389 2455 5423; x_wconf 89' lang='lat'><strong>:</strong></span> <span class='ocrx_word' id='word_1_857' title='bbox 2489 5389 2505 5421; x_wconf 83' lang='grc' dir='ltr'><strong>ι</strong></span> <span class='ocrx_word' id='word_1_858' title='bbox 2547 5368 2728 5424; x_wconf 88' lang='lat' dir='ltr'><strong>Deduc</strong></span> <span class='ocrx_word' id='word_1_859' title='bbox 2775 5384 2861 5424; x_wconf 90' lang='lat' dir='ltr'><strong>me</strong></span> <span class='ocrx_word' id='word_1_860' title='bbox 2902 5369 2957 5423; x_wconf 91' lang='lat' dir='ltr'><strong>in</strong></span> <span class='ocrx_word' id='word_1_861' title='bbox 2997 5371 3185 5424; x_wconf 86' lang='lat' dir='ltr'><strong>semita</strong></span> <span class='ocrx_word' id='word_1_862' title='bbox 3224 5381 3369 5427; x_wconf 88' lang='lat' dir='ltr'><strong>recta</strong></span> <span class='ocrx_word' id='word_1_863' title='bbox 3408 5372 3581 5441; x_wconf 70' lang='grc' dir='ltr'><strong>(Ρωι.</strong></span> 
     </span>
    </p>
   </div>
   <div class='ocr_carea' id='block_1_117' title="bbox 2000 5454 3585 5532">
    <p class='ocr_par' dir='ltr' id='par_1_117' title="bbox 2000 5454 3585 5532">
     <span class='ocr_line' id='line_1_117' title="bbox 2000 5454 3585 5532; baseline 0.001 -17"><span class='ocrx_word' id='word_1_864' title='bbox 2000 5457 2221 5532; x_wconf 82' lang='lat' dir='ltr'><strong>cxvut);</strong></span> <span class='ocrx_word' id='word_1_865' title='bbox 2261 5478 2280 5511; x_wconf 72' lang='grc' dir='ltr'><strong>ι</strong></span> <span class='ocrx_word' id='word_1_866' title='bbox 2311 5465 2367 5513; x_wconf 91' lang='lat' dir='ltr'><strong>et</strong></span> <span class='ocrx_word' id='word_1_867' title='bbox 2402 5458 2601 5513; x_wconf 90' lang='lat' dir='ltr'><strong>iterum</strong></span> <span class='ocrx_word' id='word_1_868' title='bbox 2624 5471 2638 5509; x_wconf 90' lang='lat'><strong>:</strong></span> <span class='ocrx_word' id='word_1_869' title='bbox 2661 5475 2679 5509; x_wconf 77' lang='grc' dir='ltr'><strong>ι</strong></span> <span class='ocrx_word' id='word_1_870' title='bbox 2714 5454 2949 5526; x_wconf 88' lang='lat' dir='ltr'><strong>Spiritus</strong></span> <span class='ocrx_word' id='word_1_871' title='bbox 2973 5466 3096 5517; x_wconf 90' lang='lat' dir='ltr'><strong>tuus</strong></span> <span class='ocrx_word' id='word_1_872' title='bbox 3122 5460 3315 5525; x_wconf 85' lang='lat' dir='ltr'><strong>bonus,</strong></span> <span class='ocrx_word' id='word_1_873' title='bbox 3353 5459 3467 5529; x_wconf 88' lang='lat' dir='ltr'><strong>ipse</strong></span> <span class='ocrx_word' id='word_1_874' title='bbox 3498 5478 3585 5525; x_wconf 83' lang='lat' dir='ltr'><strong>me</strong></span> 
     </span>
    </p>
   </div>
   <div class='ocr_carea' id='block_1_118' title="bbox 2001 5536 3585 5628">
    <p class='ocr_par' dir='ltr' id='par_1_118' title="bbox 2001 5536 3585 5628">
     <span class='ocr_line' id='line_1_118' title="bbox 2001 5536 3585 5628; baseline -0.003 -20"><span class='ocrx_word' id='word_1_875' title='bbox 2001 5555 2161 5621; x_wconf 82' lang='lat' dir='ltr'><strong>ducet</strong></span> <span class='ocrx_word' id='word_1_876' title='bbox 2186 5552 2241 5607; x_wconf 92' lang='lat' dir='ltr'><strong>in</strong></span> <span class='ocrx_word' id='word_1_877' title='bbox 2269 5559 2471 5606; x_wconf 87' lang='lat' dir='ltr'><strong>terram</strong></span> <span class='ocrx_word' id='word_1_878' title='bbox 2488 5560 2704 5611; x_wconf 79' lang='lat' dir='ltr'><strong>rectam</strong></span> <span class='ocrx_word' id='word_1_879' title='bbox 2732 5536 2902 5628; x_wconf 80' lang='lat' dir='ltr'><strong>(Psal.</strong></span> <span class='ocrx_word' id='word_1_880' title='bbox 2926 5548 3113 5622; x_wconf 71' lang='lat' dir='ltr'><strong>cxnn).</strong></span> <span class='ocrx_word' id='word_1_881' title='bbox 3139 5570 3157 5602; x_wconf 72' lang='grc' dir='ltr'><strong>ι</strong></span> <span class='ocrx_word' id='word_1_882' title='bbox 3179 5549 3246 5602; x_wconf 87' lang='lat' dir='ltr'><strong>Et</strong></span> <span class='ocrx_word' id='word_1_883' title='bbox 3270 5548 3465 5619; x_wconf 84' lang='lat' dir='ltr'><strong>populo</strong></span> <span class='ocrx_word' id='word_1_884' title='bbox 3486 5547 3585 5607; x_wconf 76' lang='lat' dir='ltr'><strong>Dei</strong></span> 
     </span>
    </p>
   </div>
   <div class='ocr_carea' id='block_1_119' title="bbox 2000 5641 3586 5718">
    <p class='ocr_par' dir='ltr' id='par_1_119' title="bbox 2000 5641 3586 5718">
     <span class='ocr_line' id='line_1_119' title="bbox 2000 5641 3586 5718; baseline -0.001 -18"><span class='ocrx_word' id='word_1_885' title='bbox 2000 5644 2251 5700; x_wconf 88' lang='lat' dir='ltr'><strong>columna</strong></span> <span class='ocrx_word' id='word_1_886' title='bbox 2301 5645 2442 5718; x_wconf 83' lang='lat' dir='ltr'><strong>ignis</strong></span> <span class='ocrx_word' id='word_1_887' title='bbox 2491 5655 2549 5701; x_wconf 92' lang='lat' dir='ltr'><strong>et</strong></span> <span class='ocrx_word' id='word_1_888' title='bbox 2596 5648 2767 5702; x_wconf 90' lang='lat' dir='ltr'><strong>nubes</strong></span> <span class='ocrx_word' id='word_1_889' title='bbox 2818 5654 2935 5701; x_wconf 81' lang='lat' dir='ltr'><strong>erat</strong></span> <span class='ocrx_word' id='word_1_890' title='bbox 2983 5645 3091 5700; x_wconf 79' lang='lat' dir='ltr'><strong>dux</strong></span> <span class='ocrx_word' id='word_1_891' title='bbox 3137 5643 3189 5696; x_wconf 91' lang='lat' dir='ltr'><strong>in</strong></span> <span class='ocrx_word' id='word_1_892' title='bbox 3240 5641 3586 5698; x_wconf 87' lang='lat' dir='ltr'><strong>solitudinem</strong></span> 
     </span>
    </p>
   </div>
   <div class='ocr_carea' id='block_1_120' title="bbox 2002 5732 3585 5808">
    <p class='ocr_par' dir='ltr' id='par_1_120' title="bbox 2002 5732 3585 5808">
     <span class='ocr_line' id='line_1_120' title="bbox 2002 5732 3585 5808; baseline 0.003 -22"><span class='ocrx_word' id='word_1_893' title='bbox 2002 5733 2198 5804; x_wconf 73' lang='lat' dir='ltr'><strong>(Exod.</strong></span> <span class='ocrx_word' id='word_1_894' title='bbox 2223 5734 2366 5808; x_wconf 82' lang='lat' dir='ltr'><strong>xui).</strong></span> <span class='ocrx_word' id='word_1_895' title='bbox 2394 5735 2461 5791; x_wconf 85' lang='lat' dir='ltr'><strong>Et</strong></span> <span class='ocrx_word' id='word_1_896' title='bbox 2484 5735 2747 5795; x_wconf 84' lang='lat' dir='ltr'><strong>Jcremias</strong></span> <span class='ocrx_word' id='word_1_897' title='bbox 2767 5735 3033 5807; x_wconf 90' lang='lat' dir='ltr'><strong>loquitur:</strong></span> <span class='ocrx_word' id='word_1_898' title='bbox 3057 5732 3201 5787; x_wconf 68' lang='lat' dir='ltr'><strong>«Non</strong></span> <span class='ocrx_word' id='word_1_899' title='bbox 3233 5732 3468 5790; x_wconf 87' lang='lat' dir='ltr'><strong>laboravi</strong></span> <span class='ocrx_word' id='word_1_900' title='bbox 3500 5749 3585 5791; x_wconf 80' lang='lat' dir='ltr'><strong>se-</strong></span> 
     </span>
    </p>
   </div>
   <div class='ocr_carea' id='block_1_121' title="bbox 3071 5828 3141 5887">
    <p class='ocr_par' dir='ltr' id='par_1_121' title="bbox 3071 5828 3141 5887">
     <span class='ocr_line' id='line_1_121' title="bbox 3071 5828 3141 5887; baseline 0 0"><span class='ocrx_word' id='word_1_901' title='bbox 3071 5828 3141 5887; x_wconf 76' lang='grc'><strong>21</strong></span> 
     </span>
    </p>
   </div>
  </div>
