3954 6182
463 363 577 420 ’651

1114 364 1173 418 Β.
1215 360 1464 418 RABANI
1502 348 1721 417 MAURI
1755 355 2070 415 ARCHIEP.
2112 353 2420 411 MOGUNT.
2462 354 2746 414 OPERUM
2786 355 2965 413 PARS
3000 357 3063 412 II.

3620 366 3714 422 652

475 460 647 552 quens
674 487 725 534 te
752 477 883 550 (Jer.
914 476 1078 547 xvn).
1116 496 1135 527 ι
1172 475 1300 541 Quis
1324 485 1504 530 autem
1527 472 1922 535 hmreticorum,
1954 469 2043 537 qui
2071 472 2117 531 Α
2146 455 2421 536 proph'eta:
2449 469 2790 523 exstiterunt.
2815 468 3000 523 Potest
3026 477 3205 523 autem
3229 479 3285 525 et
3309 486 3470 540 super
3494 489 3609 542 eos,
3630 478 3716 549 qul

473 568 716 638 sequitur
742 567 987 636 spiritum
1017 579 1205 643 suum,
1252 578 1355 617 non
1390 563 1653 632 impingat
1693 562 1747 615 in
1791 559 2046 615 tenebras
2145 558 2340 613 docent
2376 559 2738 623 in‘ecclesiis,
2779 560 2824 615 si
2873 560 3032 615 aliter
3066 576 3227 630 quam
3272 565 3447 633 poscit
3486 568 3713 645 veritas,

470 669 524 714 et
563 673 734 713 czecus
771 672 940 711 οπεος,
982 657 1142 710 ducat
1186 655 1237 707 in
1266 654 1513 709 foveam?
1547 651 1659 706 Imo
1685 651 1811 705 licet
1849 650 1949 703 sibi
1989 650 2043 703 in

446 746 770 817 mysteriis,
820 745 928 800 imo
976 744 1141 814 orgiis
1177 744 1288 798 suis
1328 741 1484 813 plura
1529 740 1912 796 ecclesiasticis
1945 740 2042 793 do-

470 836 707 891 ctoribus
766 834 950 888 videre
1016 835 1334 896 videantur,
1387 842 1568 887 tamen
1627 831 1759 885 nihil
1823 831 2042 884 omnino

470 927 666 987 vident,
701 926 825 994 quia
867 926 1033 979 solem
1062 924 1286 994 justitire
1309 924 1694 993 perdiderunt:
1736 922 2041 990 frustraque

469 1000 751 1067 imitantur
795 1029 910 1077 eos,
956 1014 1046 1082 qui
1088 1014 1238 1081 prius
1295 1012 1623 1065 vocabantur
1673 1012 1936 1074 videntes,
1986 1018 2043 1064 et

466 1099 660 1168 quibus
688 1099 887 1153 dicitur
920 1115 934 1152 :
976 1117 994 1149 ‹
1034 1099 1133 1165 Qui
1164 1099 1335 1163 vides,
1363 1099 1519 1161 vade,
1548 1097 1736 1151 recede
1763 1097 1817 1152 in
1840 1107 2038 1164 terram

461 1188 595 1244 Inda
625 1201 682 1245 et
724 1191 777 1245 in
828 1189 1019 1244 Betth
1065 1204 1168 1242 non
1226 1186 1570 1258 prophetabis
1626 1188 1826 1257 (Amos.
1852 1185 1970 1255 vn).
2013 1203 2032 1235 ι

462 1280 820 1345 Quamobrem
848 1279 981 1334 visio
1009 1278 1157 1332 Isaire
1185 1285 1238 1330 et
1265 1277 1450 1331 Abdia:
1476 1284 1748 1345 ponuntur
1769 1276 1823 1328 in
1846 1274 2033 1328 titulis.

460 1370 529 1424 Et
586 1370 842 1424 Dominus
877 1369 1146 1438 Apostolis
1194 1369 1451 1438 praecepit
1490 1386 1503 1421 :
1555 1387 1574 1419 ι
1608 1367 1811 1422 Levate
1854 1366 2036 1422 oculos

459 1466 674 1513 vestros
695 1465 750 1512 et
784 1458 963 1512 videte
993 1456 1176 1528 (Joan.
1223 1455 1298 1526 tv)
1341 1475 1358 1506 ι
1412 1455 1474 1508 Et
1516 1455 1784 1525 Propheta
1836 1454 2038 1525 suppli-

458 1549 596 1604 citer
615 1549 936 1618 deprecatur
960 1564 974 1601 :
1006 1565 1024 1597 ι
1050 1546 1249 1600 Revela
1288 1545 1474 1601 oculos
1502 1561 1670 1611 meos,
1706 1554 1763 1601 et
1788 1546 2037 1602 conside-

459 1637 591 1692 rabo
617 1637 882 1692 mirabilia
904 1637 969 1691 de
992 1636 1109 1706 lege
1141 1645 1229 1689 tua
1261 1634 1434 1706 (Psal.
1462 1635 1671 1707 cxvm).
1705 1656 1724 1689 ι
1897 1693 1913 1725 ἦ

532 1745 552 1778 ί
585 1726 749 1793 Quasi
788 1726 974 1795 vulpes
1013 1727 1069 1780 in
1111 1725 1338 1780 desertis
1376 1727 1653 1796 pr0phetae
1694 1726 1807 1791 tui,
1847 1726 2029 1782 Israel.

2146 650 2371 713 docent,
2413 664 2652 720 praasens
2678 667 2855 706 sermo
2885 667 3201 721 congruere.
3231 653 3288 708 Si
3317 656 3438 725 quis
3462 659 3604 712 enim
3631 675 3713 723 ea.

2144 753 2263 806 quae
2305 737 2461 793 Jesus
2501 738 2749 794 Christus
2778 740 3036 795 Dominus
3066 742 3278 797 locutus
3310 753 3393 799 est
3417 785 3433 810 ,
3466 755 3521 801 et
3560 747 3711 804 intelo

2142 826 2274 881 lexit
2316 827 2369 881 in
2400 843 2465 883 eo
2490 843 2648 884 sensu
2667 870 2682 894 ,
2713 845 2820 899 quo
2849 828 3057 886 locutus
3081 841 3165 887 est
3202 833 3347 902 ipse,
3374 836 3465 905 qui
3504 838 3712 907 docuit.

2143 933 2247 972 non
2280 919 2344 972 de
2378 920 2538 974 corde
2559 936 2676 986 suo,
2703 922 2797 976 sed
2823 922 2889 976 de
2915 920 3118 994 Spiritu
3144 934 3330 1001 sancto
3350 926 3588 997 loquitur
3606 946 3715 987 ser-

2128 1020 2328 1063 mones
2357 1009 2449 1063 tilii
2475 1011 2569 1065 Dei
2592 1011 2743 1077 Iesu,
2768 1013 2813 1067 si
2841 1015 3111 1069 consentit
3136 1014 3369 1085 Spiritus
3389 1030 3608 1075 sanctus
3633 1039 3715 1078 vo-

2140 1098 2332 1153 luntati
2362 1100 2500 1168 ejus,
2529 1104 2620 1172 qui
2651 1104 2703 1156 in
2734 1104 2991 1173 apostolis
3014 1105 3224 1162 locutus
3242 1116 3344 1163 est.
3372 1108 3429 1164 Si
3451 1112 3573 1180 quis
3595 1128 3716 1168 vero

2140 1188 2321 1259 le'gens
2350 1190 2697 1263 Evangelium
2728 1195 3005 1265 proprium
3033 1210 3251 1252 sensum
3289 1208 3435 1268 aptat
3472 1201 3713 1275 Evange-

2140 1278 2232 1345 lio,
2263 1296 2367 1336 non
2402 1283 2476 1336 ita
2531 1284 2833 1352 intelligens
2864 1293 2923 1339 ut
2953 1286 3211 1341 Dominus
3237 1288 3447 1344 locutus
3473 1300 3585 1356 est;
3615 1294 3711 1350 iste

2138 1367 2307 1425 falsus
2344 1372 2607 1442 propheta
2653 1381 2765 1440 est,
2813 1374 3039 1445 loquens
3086 1376 3153 1431 de
3189 1380 3351 1433 corde
3398 1382 3616 1450 proprio
3662 1384 3714 1438 in

2136 1458 2429 1530 Evangelio
2462 1480 2475 1513 :
2510 1480 2529 1512 ι
2566 1456 2718 1517 Sicut
2744 1462 2930 1532 vulpes
2955 1464 3008 1518 in
3037 1460 3280 1532 deserto,
3309 1469 3585 1539 propheta:
3615 1471 3712 1536 tui,

2134 1545 2318 1601 Israel.
2355 1566 2374 1599 ι
2413 1548 2628 1604 Animal
2652 1550 2826 1621 vulpis
2865 1567 3096 1621 nequam
3132 1563 3246 1621 est,
3285 1566 3562 1612 versutum
3601 1571 3712 1627 est,

2134 1637 2458 1694 indomabile
2499 1649 2612 1705 est,
2664 1642 2839 1698 ferum
2874 1653 2979 1699 est.
3012 1656 3044 1696 'r
3078 1645 3286 1712 Dicite,
3324 1650 3400 1703 ait
3445 1649 3708 1718 Salvator,

2132 1726 2279 1795 vulpi
2303 1726 2391 1783 iSti
2424 1746 2437 1781 :
2461 1729 2598 1785 Ecce
2623 1732 2932 1789 sanationes
2958 1735 3179 1804 periicio
3209 1738 3365 1793 hodie
3389 1750 3445 1794 et
3474 1757 3627 1809 cras,
3653 1755 3708 1798 et

460 1839 479 1871 ι
514 1819 632 1874 Non
660 1817 979 1874 ascendistis
1001 1833 1067 1871 ex
1096 1817 1340 1881 adverso,
1370 1832 1544 1887 neque
1563 1816 1888 1887 opposuistis
1916 1832 2032 1871 mu-
2058 1823 2106 1885 Β
2137 1816 2293 1871 tertia
2320 1818 2407 1873 die
2444 1812 2791 1877 consummor
2831 1823 2982 1895 (Luc.
3012 1826 3153 1898 xm).
3189 1846 3207 1879 ι
3247 1827 3356 1885 Has
3398 1832 3586 1901 vulpes
3621 1851 3710 1889 ne-

460 1930 478 1962 c
515 1927 634 1965 rum
660 1927 760 1981 pro
785 1910 943 1964 domo
971 1909 1163 1975 Israel,
1200 1917 1259 1963 ut
1299 1910 1517 1964 staretis
1544 1909 1597 1963 in
1632 1909 1816 1978 prielio
1857 1909 1911 1963 in
1950 1909 2035 1964 die

460 2022 478 2054 ‹
511 2000 743 2057 Domini.
783 2001 979 2055 Vident
1010 2014 1149 2053 vana
1190 2008 1244 2053 et
1281 1999 1526 2054 divinant
1570 2000 1907 2054 mendacium
1950 2000 2033 2054 di-

458 2110 477 2141 ι
512 2098 727 2150 centes,
772 2088 847 2142 ait
894 2087 1152 2141 Dominus
1174 2127 1188 2152 ,
1229 2101 1352 2143 cum
1389 2086 1649 2141 Dominus
1687 2103 1792 2142 non
1828 2088 2037 2144 miserit

446 2199 477 2231 ι
513 2195 626 2245 eos,
641 2184 1190 2247 etperseveraverunt
1206 2175 1529 2231 confirmare
1549 2191 1873 2232 sermonem.
1890 2175 2055 2251 Nam.

459 2288 479 2321 c
514 2269 641 2339 quid
672 2284 774 2323 non
798 2267 1059 2322 visionem
1087 2280 1296 2321 cassam
1328 2265 1539 2323 vidistis
1566 2275 1623 2320 et
1650 2266 2033 2322 divinationem

458 2381 478 2412 ε
513 2360 826 2416 mendacem
856 2358 1017 2413 locuti
1045 2358 1196 2424 estis,
1213 2367 1267 2413 et
1291 2357 1486 2422 dicitis,
1506 2357 1582 2410 ait
1609 2357 1889 2423 Dominus,
1911 2372 2032 2412 cum

460 2470 479 2501 ι
514 2465 613 2520 ego
665 2465 774 2506 non
821 2449 923 2503 sim
978 2446 1222 2505 locutus?
1268 2467 1287 2501 ι
1341 2456 1446 2503 etc.
1501 2447 1769 2503 Dicamus
1800 2449 2031 2518 primum

447 2542 603 2610 juxta
651 2541 974 2598 Hebraicum
1020 2542 1295 2612 prephetae
1336 2540 1503 2596 Israel
1549 2539 1753 2597 similes
1795 2539 2032 2609 vulpium

448 2642 609 2699 sunt;
641 2634 880 2704 quotidie
904 2634 1323 2689 domesticarum
1358 2633 1537 2688 avium
1569 2631 1712 2686 furta
1752 2630 2030 2701 facientes,

349 2772 362 2785 ,
452 2725 543 2793 (ιυὶ
576 2726 820 2779 habitant
847 2725 1002 2796 juxta
1036 2708 1282 2793 Aquilam
1311 2732 1367 2780 et
1408 2723 1761 2797 Septuaginta
1804 2742 1822 2775 ι
1859 2724 1911 2777 in
1939 2723 2033 2776 de-

449 2815 645 2880 sertis,
698 2835 716 2867 ι
751 2815 907 2884 juxta
956 2814 1343 2885 Symmachum
1391 2824 1554 2883 atque
1608 2813 2031 2868 Theodotionem

454 2930 473 2962 ι
509 2911 562 2966 in
589 2911 871 2981 parietinis
898 2920 952 2964 et
978 2909 1244 2973 ruinosis,
1282 2929 1301 2961 ι
1335 2909 1426 2979 qui
1454 2924 1560 2963 non
1590 2914 1816 2978 possunt
1839 2923 2031 2963 ascen-

451 3003 578 3058 dere
602 3017 669 3058 ex
702 3004 957 3068 adverso,
990 3016 1165 3071 neque
1190 3016 1400 3062 murum
1428 3017 1526 3070 pro
1554 3002 1710 3055 domo
1736 3000 1899 3056 Israel
1929 3016 2028 3071 op-

448 3106 673 3161 ponere.
706 3090 956 3161 Legimus
978 3090 1167 3152 (Num.
1198 3090 1309 3160 xvr)
1338 3090 1518 3144 Aaron
1544 3091 1830 3147 adversum
1852 3091 2028 3161 ignem

2138 1908 2400 1963 cessarias
2431 1909 2619 1965 habuit
2645 1912 2928 1968 adversum
2955 1914 3283 1986 alienigenas
3306 1918 3534 1976 Samson
3562 1922 3707 1994 (Iud.

2138 1997 2250 2066 xv),
2278 2012 2505 2067 quarum
2528 2002 2711 2057 caudis
2736 2018 2856 2057 cum
2885 2004 3012 2060 fune
3036 2007 3232 2064 vinctis
3255 2008 3548 2079 (trecentas
3571 2016 3711 2070 enim

2135 2088 2419 2159 ceperat),
2464 2089 2518 2142 in
2555 2092 2908 2160 perditionem
2950 2109 3045 2151 eas
3104 2096 3315 2170 frugum
3354 2102 3502 2155 misit
3543 2104 3712 2159 hosti-

2134 2176 2289 2253 lium,
2314 2178 2621 2235 istiusmodi
2647 2192 2773 2236 sunt
2795 2182 2913 2238 falsi
2935 2185 3199 2255 magistri,
3219 2190 3442 2255 versuti,
3475 2193 3712 2264 maligni,

2135 2273 2189 2321 et
2214 2268 2405 2323 bestiis
2432 2269 2665 2337 similes,
2697 2272 2743 2327 si
2775 2273 2899 2328 talis
2927 2290 3063 2337 sum,
3098 2276 3270 2346 vulpis
3299 2295 3438 2333 sum.
3470 2280 3578 2335 Sed
3609 2300 3713 2338 non

2135 2360 2449 2429 simpliciter
2473 2362 2664 2433 vulpis,
2688 2379 2876 2419 verum
2902 2367 3076 2438 vulpis
3101 2369 3155 2423 in
3182 2370 3431 2437 desertis,
3462 2375 3636 2443 vulpis
3660 2376 3713 2429 iu

2132 2451 2431 2519 parietinis,
2457 2454 2633 2524 vulpis
2659 2455 2715 2510 in
2741 2452 2982 2526 rupibus.
3017 2460 3110 2525 Hie
3136 2463 3278 2517 enim
3306 2465 3360 2518 in
3383 2466 3611 2522 diversis
3632 2484 3714 2523 se-

2135 2540 2429 2598 ditionibus
2458 2545 2802 2602 continentur
2832 2549 3159 2619 versipelles.
3188 2553 3510 2624 Versipelles
3544 2558 3631 2611 isti
3660 2568 3713 2613 et

2132 2648 2369 2703 nequam
2394 2651 2611 2706 semper
2647 2640 2701 2693 in
2729 2641 2985 2710 desertis,
3018 2660 3230 2716 semper
3254 2647 3308 2702 in
3338 2649 3719 2715 solitudinibus

2132 2734 2433 2781 morantur.
2488 2726 2803 2800 Ubicunque
2839 2734 2982 2788 enim
3018 2737 3197 2791 anima
3237 2738 3514 2794 habitatur
3542 2757 3572 2794 a
3602 2742 3712 2799 Deo

2131 2822 2186 2869 et
2212 2815 2267 2869 in
2299 2813 2502 2886 Spiritu
2537 2829 2725 2877 sancto
2750 2821 2906 2892 plena
2944 2832 3046 2890 est,
3089 2842 3193 2882 non
3222 2836 3403 2899 potest
3433 2831 3504 2885 ibi
3538 2832 3709 2887 haere-

2132 2903 2360 2961 ticorum
2385 2907 2632 2964 doctrina
2672 2920 2977 2981 penetrare,
3017 2931 3122 2972 non
3152 2918 3290 2974 valet
3318 2934 3509 2975 eorum
3534 2938 3711 2979 sermo

2128 3010 2497 3068 prorumpere.
2518 2999 2616 3055 Ubi
2638 3012 2815 3058 autem
2840 3005 3069 3062 solitudo
3085 3007 3285 3064 Christi
3297 3021 3401 3073 est,
3417 3013 3507 3067 ubi
3536 3014 3714 3069 deser-

2131 3094 2244 3142 tum
2263 3087 2522 3158 justitiam,
2562 3091 2632 3147 ibi
2668 3096 3009 3164 nequissimae
3035 3099 3330 3171 disciplinie
3354 3118 3563 3158 venena
3594 3122 3714 3160 ver-

450 3182 613 3236 lsrael
654 3182 907 3251 populum
948 3181 1295 3236 devorantem
1316 3222 1330 3245 ,
1375 3180 1675 3236 occurrisse
1714 3188 1769 3235 et
1815 3182 2028 3237 stetisse
2054 3168 2099 3230 C
2130 3187 2338 3232 santur.
2366 3179 2590 3245 Idcirco,
2622 3182 2762 3237 sicut
2785 3186 2960 3256 vulpis
2987 3188 3062 3242 ait
3090 3189 3143 3242 in
3168 3168 3414 3254 desertis,
3433 3193 3712 3261 Propheta;

452 3273 683 3326 medium
702 3312 717 3337 ,
747 3281 802 3326 et
827 3272 1143 3343 opposuisse
1173 3286 1230 3327 se
1256 3287 1471 3326 murum
1496 3287 1594 3341 pro
1626 3274 1797 3327 salute
1821 3272 2023 3342 populi.

447 3362 694 3419 Jeremia:
720 3379 932 3434 quoque
960 3364 1178 3429 dicitur,
1208 3379 1276 3419 ne
1300 3372 1550 3419 occurrat
1577 3362 1826 3430 Domino,
1855 3378 2030 3435 neque

448 3463 556 3509 stet
578 3463 766 3510 contra
798 3455 933 3509 iram
974 3454 1091 3525 ejus
1130 3453 1391 3508 orationis
1427 3454 1848 3522 perseverantia.
1878 3452 2031 3509 Sicut

447 3561 593 3601 enim
634 3561 818 3600 murus
848 3545 987 3601 hosti
1029 3545 1349 3615 opponitur,
1391 3552 1446 3598 et
1481 3543 1788 3599 adversario
1815 3544 2031 3598 occurri

448 3637 585 3693 solet
612 3651 677 3691 ex
706 3635 933 3690 adverso
952 3643 1246 3704 contraque
1268 3632 1526 3698 venienti,
1552 3632 1626 3686 ita
1649 3632 1743 3686 Dei
1762 3633 2029 3687 sententia

449 3737 759 3783 sanctorum
796 3726 1048 3796 precibus
1084 3725 1370 3794 frangitur.
1406 3724 1560 3781 Unde
1600 3732 1653 3779 et
1688 3723 1854 3797 Moysi
1899 3725 2031 3780 dici-

450 3830 537 3874 tur
561 3839 573 3875 :
605 3839 622 3870 ι
650 3818 873 3873 Dimitte
902 3833 1018 3883 me,
1044 3826 1099 3873 et
1134 3818 1322 3873 delebo
1349 3817 1603 3888 populum
1634 3817 1794 3872 istum
1830 3816 2025 3888 (Exod.

447 3909 653 3980 xxxii).
689 3928 709 3961 ι
739 3909 836 3964 Cui
865 3909 1008 3963 enim
1037 3908 1264 3974 dicitur,
1297 3930 1315 3960 ι
1350 3909 1559 3964 dimitte
1586 3923 1702 3972 me,
1741 3928 1758 3958 ι
1788 3908 2026 3962 ostendi-

448 4010 558 4065 tur,
587 4001 729 4069 quod
766 3999 979 4052 tenendi
1021 3999 1216 4053 habeat
1253 3998 1582 4059 facultatem.
1617 3998 1709 4052 Isti
1745 4005 1890 4052 stare
1921 4010 2025 4051 non

446 4103 672 4163 possunt
706 4091 758 4146 in
786 4090 972 4161 prailio
1004 4089 1060 4144 in
1090 4089 1174 4143 die
1202 4088 1439 4154 Domini,
1468 4097 1528 4143 ut
1555 4103 1652 4159 pro
1678 4089 1874 4158 populo
1900 4102 2026 4157 pre-

445 4183 600 4238 cibus
625 4180 900 4247 dimicent,
919 4187 973 4235 et
992 4179 1249 4235 resistant
1271 4178 1731 4235 obsecrationibus
1752 4178 2030 4234 sententiae

447 4275 560 4330 Dei.
585 4273 720 4342 Quia
758 4272 924 4344 igitur
960 4286 1099 4326 vana
1138 4272 1476 4342 conspiciunt
1506 4277 1561 4327 et
1603 4270 1845 4326 divinant
1873 4285 2026 4324 men-

445 4366 689 4431 dacium,
731 4371 787 4419 et
809 4378 856 4418 ia
893 4363 1121 4419 Domino
1153 4363 1349 4418 missos
1382 4376 1502 4415 esse
1546 4375 1606 4415 se
1658 4360 1871 4425 dicunt,
1903 4375 2027 4414 cum

440 4470 552 4511 non
580 4455 688 4511 sint
717 4454 867 4511 missi
894 4469 925 4508 a
955 4454 1089 4520 Deo,
1115 4461 1170 4509 et
1196 4457 1547 4523 perseverant
1573 4450 1627 4504 in
1653 4451 1950 4516 erroribus,
1974 4460 2030 4505 et

446 4565 602 4604 suum
644 4551 868 4619 cupiunt
906 4548 1125 4604 firmare
1158 4560 1464 4602 sermonem
1489 4583 1505 4610 ,
1549 4551 1847 4616 arguuntur
1886 4544 2028 4613 quod

447 4641 627 4695 omnia
654 4641 762 4695 sint
811 4656 989 4705 cassa,
1014 4655 1135 4711 qua:
1162 4638 1475 4708 praedicant,
1504 4648 1659 4691 suum
1690 4635 2027 4690 mendacium

451 4731 661 4786 Domini
700 4746 1002 4787 sermonem
1050 4722 1170 4785 esse
1208 4724 1448 4785 dicentes
1488 4748 1501 4783 :
1553 4748 1578 4805 r
1616 4727 1916 4798 Propheta,
1947 4726 2030 4780 in-

449 4821 586 4890 quit,
612 4834 773 4889 super
796 4822 1087 4891 prophetas
1111 4820 1275 4874 Israel
1299 4820 1389 4888 qui
1416 4814 1772 4900 prophetarit,
1799 4826 1854 4873 et
1881 4816 2028 4873 dices

448 4908 744 4981 prophetis.
779 4927 799 4962 ›
829 4908 1024 4981 (0rig.)
1053 4909 1329 4976 Quomodo
1351 4924 1484 4978 opus
1505 4908 1893 4988 Prophetarum
1914 4914 2030 4962 erat

449 5001 571 5056 haec
594 5000 794 5066 dicere,
824 5014 943 5070 qua:
966 4999 1323 5071 jubebantur;
1349 4997 1427 5055 sic
1447 4999 1634 5055 eodem
1671 5000 1863 5069 spiritu
1888 5013 2024 5068 opus

448 5102 533 5151 est
559 5094 632 5159 ei,
660 5093 751 5165 qui
780 5105 1049 5163 exponere
1072 5092 1251 5162 cupit,
1291 5106 1352 5147 ea
1391 5106 1510 5160 quae
1542 5099 1668 5147 sunt
1699 5091 1924 5146 latenter
1953 5090 2026 5145 si-

449 5186 721 5260 gnificata,
751 5193 813 5241 ut
836 5191 1098 5242 monstret
1126 5199 1271 5239 nunc
1305 5186 1372 5239 ad
1406 5199 1499 5239 eos
1526 5183 1641 5238 ﬁeri
1667 5184 2023 5254 prophetiam,

453 5278 546 5352 qui
573 5287 760 5335 contra
790 5274 886 5332 Dei
912 5276 1106 5331 docent
1133 5272 1480 5340 voluntatem,
1502 5274 1592 5342 qui
1614 5274 1936 5343 prophetant
1960 5271 2027 5326 de

449 5371 616 5430 corde
643 5382 761 5426 suo.
794 5367 957 5424 Juxta
985 5366 1286 5436 simplicem
1318 5362 1532 5435 quidem
1562 5364 1886 5418 intellectum
1911 5362 2030 5433 qui-

450 5462 576 5517 ‘dam
603 5460 986 5531 prophetarum
1023 5458 1090 5512 de
1124 5455 1306 5511 divino
1340 5454 1543 5524 Spiritu
1578 5452 1885 5524 loquentes,
1922 5470 2028 5508 non

453 5551 520 5606 de
549 5566 647 5607 suo
670 5550 846 5606 corde
869 5546 1035 5604 locuti
1066 5552 1221 5611 sunt,
1251 5545 1347 5600 sed
1371 5543 1438 5600 de
1468 5560 1629 5600 sensu
1658 5538 1775 5599 Dei.
1802 5543 2028 5610 Quidam

452 5655 584 5700 vero
610 5641 930 5699 simulantes
965 5653 1024 5695 se
1062 5636 1359 5708 Prophetas
1397 5644 1559 5706 atque
1594 5636 1834 5691 dicentes
1864 5651 1878 5687 :
1908 5633 2032 5689 limo

451 5734 588 5788 dicit
608 5732 866 5790 Dominus
883 5775 898 5801 ,
942 5732 1167 5788 Domino
1197 5746 1301 5786 non
1324 5728 1575 5799 loquente
1611 5728 1667 5783 in
1695 5726 1775 5782 eis
1801 5725 2033 5796 pseudo-

2130 3266 2227 3332 tui,
2257 3266 2566 3334 Israel,non
2597 3280 2862 3328 steterunt
2897 3276 2950 3329 in
2980 3277 3346 3334 firmamento.
3376 3281 3434 3336 Si
3464 3285 3713 3339 conside-

2129 3371 2253 3411 rare
2278 3358 2513 3414 volueris
2545 3360 2711 3418 falsos
2750 3365 3065 3436 magistros,
3097 3368 3304 3425 videbis
3332 3386 3427 3426 eos
3468 3373 3712 3428 infirmos

2131 3448 2440 3517 instabiles,
2473 3468 2582 3508 non
2619 3454 2861 3511 valentes
2888 3457 3069 3513 dicere
3096 3477 3110 3513 :
3145 3478 3164 3511 ι
3202 3459 3404 3517 Statuit
3429 3478 3598 3532 super
3621 3481 3711 3534 pe-

2133 3548 2269 3597 tram
2311 3544 2477 3613 pedes
2517 3560 2666 3602 meos
2690 3586 2705 3613 ,
2751 3556 2805 3603 et
2852 3549 3047 3605 direxit
3093 3566 3311 3620 gressus
3348 3570 3499 3625 meos
3536 3554 3705 3627 (Psal.

2130 3631 2340 3703 xxxix).
2383 3652 2402 3685 ›
2433 3634 2501 3689 Ει
2528 3635 2653 3704 quia
2684 3653 2790 3692 non
2823 3647 2948 3693 sunt
2990 3639 3151 3705 tales,
3182 3651 3243 3696 ut
3266 3644 3519 3699 steterint
3546 3645 3707 3701 robu-

2130 3728 2215 3776 sta
2246 3722 2428 3779 radice
2455 3722 2684 3791 fundati,
2709 3727 2829 3781 ideo
2852 3743 2956 3783 non
2980 3736 3243 3785 steterunt
3265 3732 3319 3785 in
3347 3732 3703 3797 ﬁrmamento,

2130 3814 2226 3868 sed
2250 3814 2563 3870 direxerunt
2596 3832 2813 3872 movere
2848 3819 3011 3888 pedes
3039 3835 3185 3877 suos.
3214 3821 3484 3895 (ιΙίοι-οη.)
3513 3824 3707 3882 Omnes

2129 3904 2371 3959 haeretici
2396 3915 2615 3975 propter
2635 3906 3046 3965 fraudulentiam
3074 3926 3138 3967 ac
3161 3913 3453 3982 nequitiam
3471 3915 3704 3986 vulpium

2130 3995 2333 4050 similes
2361 4006 2505 4053 sunt.
2537 3999 2611 4052 De
2637 3999 2832 4067 quibus
2859 3999 3104 4057 Salvator
3123 3984 3607 4076 loquiiur.t\’ulpes
3631 4007 3706 4062 fo-

2129 4100 2258 4140 veas
2276 4087 2492 4151 habent,
2510 4098 2564 4142 et
2577 4087 2823 4144 volucres
2841 4090 2963 4144 caeli
2985 4092 3185 4147 nidos.¢
3201 4092 3258 4146 Et
3274 4090 3342 4148 de
3357 4093 3569 4150 Herode
3581 4099 3711 4150 sier-

2128 4182 2277 4245 ptum
2298 4184 2381 4230 est
2406 4193 2419 4229 :
2449 4193 2469 4226 ‹
2490 4174 2662 4231 Dicite
2683 4177 2824 4248 vulpi
2844 4177 2986 4234 huic.
3014 4199 3034 4232 ι
3054 4178 3121 4236 Ει
3140 4180 3205 4236 de
3224 4181 3415 4235 iisdem
3437 4182 3698 4250 vulpibus,

2130 4278 2249 4332 qua:
2283 4264 2534 4334 parvulos
2575 4266 2954 4337 simplicesque
2980 4269 3279 4339 decipiunt,
3306 4281 3361 4325 et
3383 4272 3699 4342 populantur

2130 4354 2343 4409 vineam
2370 4350 2607 4421 Christi,
2638 4354 2893 4411 Salomon
2927 4359 3163 4429 loquitur
3207 4378 3221 4413 :
3269 4379 3289 4412 ‹
3324 4360 3509 4431 Capite
3552 4362 3696 4415 nobis

2132 4444 2319 4514 vulpes
2356 4446 2644 4516 parvulas,
2688 4448 3013 4516 dissipantes
3039 4451 3222 4506 vineas
3249 4451 3425 4522 (Cant.
3465 4452 3543 4521 ιι).
3583 4472 3600 4503 ι
3632 4450 3699 4504 Et

2133 4536 2185 4590 in
2228 4536 2468 4605 psalmo,
2510 4551 2674 4607 super
2711 4539 2795 4593 his
2829 4539 2919 4608 qui
2958 4555 3141 4595 eorum
3180 4540 3535 4596 fraudulentia
3576 4556 3700 4610 sup-

2131 4625 2460 4696 plantantur,
2488 4629 2702 4682 canitur
2727 4646 2740 4681 :
2786 4648 2803 4679 (
2839 4628 3137 4684 Introibunt
3160 4630 3214 4683 in
3243 4630 3496 4686 inferiora
3523 4640 3695 4701 teme,

2131 4714 2411 4770 tradentur
2429 4718 2482 4771 in
2503 4733 2694 4772 manus
2710 4718 2891 4788 gladii,
2915 4726 3095 4787 partes
3110 4718 3345 4789 vulpium
3362 4730 3516 4776 erunt
3530 4719 3691 4793 (Ρεηι.

2129 4806 2283 4878 an).
2321 4827 2339 4859 ι
2380 4808 2444 4862 Ili
2473 4809 2768 4877 prophetre,
2794 4810 2883 4879 qui
2916 4808 3153 4878 vulpium
3196 4810 3401 4866 similes
3425 4822 3559 4865 sunt.
3590 4827 3690 4865 που

2131 4905 2397 4954 steterunt
2424 4898 2476 4952 in
2501 4898 2868 4962 ﬁrmamento,
2911 4914 3012 4954 nec
3037 4914 3158 4953 cum
3191 4897 3351 4955 Petro
3379 4903 3559 4957 audire
3582 4915 3691 4954 me-

2130 4998 2355 5047 ruerunt
2384 5007 2396 5043 :
2426 5009 2444 5042 ‹
2473 4987 2550 5043 Tu
2573 5005 2631 5043 es
2660 4988 2872 5055 Petrus,
2900 4998 2953 5044 et
2977 5005 3141 5058 super
3166 4990 3308 5045 hanc
3336 4991 3549 5047 Petram
3572 4991 3693 5044 acdi-

2131 5082 2303 5136 ﬁcabo
2327 5080 2621 5136 Ecclesiam
2647 5096 2824 5136 meam
2854 5080 3067 5147 (Matth.
3101 5081 3237 5152 xvi).
3276 5101 3294 5134 ι
3327 5101 3345 5133 ι
3377 5081 3490 5138 Non
3519 5098 3692 5137 ascen-

2133 5175 2305 5236 distis,
2336 5174 2529 5243 inquit,
2561 5188 2628 5228 ex
2654 5175 2903 5241 adverso,
2935 5187 3110 5242 neque
3135 5174 3461 5243 opposuistis
3490 5187 3689 5229 murum

2132 5283 2230 5338 pro
2256 5267 2412 5321 domo
2436 5264 2618 5328 Israel,
2651 5273 2710 5318 ut
2739 5265 2957 5319 staretis
2978 5264 3032 5318 in
3053 5265 3237 5333 praelio
3258 5264 3311 5318 in
3327 5266 3415 5321 die
3434 5264 3682 5320 Domini.»

2133 5360 2334 5436 (διες.)
2363 5361 2442 5414 Ex
2469 5361 2696 5415 adverso
2724 5358 2919 5428 quippe
2957 5359 3254 5412 ascendere
3280 5367 3363 5413 est
3395 5373 3492 5428 pro
3513 5355 3686 5411 defen-

2131 5454 2283 5510 sione
2318 5451 2504 5522 gregis
2538 5464 2666 5504 voce
2709 5448 2880 5504 libera
2922 5447 3083 5518 hujus
3117 5448 3306 5503 mundi
3348 5444 3689 5519 potestatibus

2130 5544 2419 5600 contraire.
2444 5541 2510 5595 Et
2533 5540 2589 5595 in
2623 5540 2717 5594 Die
2746 5538 2958 5594 Domini
2984 5544 3153 5603 stare,
3175 5546 3261 5592 est
3289 5534 3551 5608 in'praalio
3572 5547 3693 5605 pra-

2129 5633 2212 5688 vis
2254 5630 2653 5688 decertantibus
2694 5642 2761 5684 ex
2790 5626 3015 5695 iustitiae
3052 5640 3247 5687 amore
3289 5625 3550 5681 resistere.
3594 5623 3691 5676 Pa-

2131 5722 2266 5778 stori
2312 5721 2455 5777 enim
2495 5718 2644 5775 recta
2698 5717 2944 5774 timuisse
2985 5717 3165 5773 dicere
3190 5756 3207 5781 ,
3260 5713 3388 5789 quid
3412 5748 3413 5753 η
3437 5726 3515 5771 est
3551 5710 3689 5766 aliud
