3954 6182
211 239 324 297 655

1176 230 1526 290 COMMENT.
1568 228 1634 286 IN
1674 224 2124 288 EZECIIIELEM.
2162 258 2233 269 —
2268 224 2396 284 LIB.
2435 226 2523 284 VI.

3365 222 3467 281 cat

215 352 380 419 quam
406 340 632 398 tacendo
668 352 815 414 terga
853 342 1181 414 prtehuisse?
1207 343 1311 410 Qui
1342 343 1597 397 nimirum
1623 342 1667 397 si
1696 358 1793 412 pro
1820 346 1872 405 Α
1896 349 2214 412 consurgat,
2249 349 2305 396 et
2338 342 2597 397 extendat
2632 353 2848 396 manum
2886 357 3039 397 suam
3068 353 3230 411 super
3255 340 3374 396 illos
3401 340 3469 397 ad

212 452 379 511 grege
411 451 469 492 se
505 435 724 508 objicit,
766 450 979 489 murum
1018 450 1116 503 pro
1151 436 1311 490 domo
1349 434 1515 489 Israel
1548 434 1795 489 hostibus

212 527 456 601 Opponit.
504 526 641 581 Hinc
680 541 895 581 rursum
934 526 1265 595 delinquenti
1304 524 1499 595 populo
1537 525 1736 579 dicitur
1768 541 1781 581 '.

223 641 245 674 ι
275 618 557 687 Prophetae
585 616 666 671 tui
695 617 944 671 viderunt
968 616 1064 670 tibi
1092 613 1228 669 falsa
1257 622 1312 670 et
1335 615 1518 680 stulta,
1550 631 1651 669 nec
1672 630 1798 685 ape-

216 718 444 765 ruerunt
471 707 811 777 iniquitatem
837 713 1004 770 tuam,
1029 714 1088 760 ut
1111 712 1163 759 te
1191 704 1260 759 ad
1283 706 1655 779 pcenitentiam
1677 720 1800 774 pro-

212 808 498 857 vocarent.
523 819 542 851 ι
561 798 842 868 Propheta:
866 797 1063 866 quippe
1078 796 1130 850 in
1145 811 1301 850 sacro
1323 780 1535 864 eloquio
1552 811 1799 850 nonnun-

212 909 385 964 quam
407 891 666 946 Doctores
691 896 970 943 vocantur.
1001 886 1103 955 Qui
1124 887 1249 941 dum
1274 885 1497 957 lugitiva
1525 902 1644 941 esse
1663 902 1799 957 prat-

215 984 398 1039 sentia
411 981 678 1049 iudicant,
707 993 827 1048 quae
852 986 978 1033 sunt
1002 986 1229 1031 ventura
1258 976 1631 1042 manifestam;
1665 993 1799 1046 quos

216 1074 436 1128 divinus
460 1084 640 1126 sermo
665 1069 800 1123 falsa
826 1068 1011 1123 videre
1040 1068 1347 1137 redarguit.
1368 1066 1500 1134 Quia
1528 1068 1654 1121 dum
1682 1082 1802 1121 cor-

216 1163 400 1232 ripere
424 1160 611 1229 culpas
641 1164 905 1222 metuunt,
930 1157 1203 1211 incassum
1222 1155 1654 1224 delinquentibus
1678 1170 1802 1224 pro-

217 1252 390 1305 missa
434 1249 729 1305 securitate
763 1246 1142 1311 blandiuntur,
1177 1247 1269 1315 qui
1306 1245 1643 1315 iniquitatem
1677 1260 1803 1315 pec-

214 1342 459 1396 cantium
498 1353 840 1409 nequaquam
873 1338 1145 1406 aperiunt,
1171 1337 1295 1408 quia
1322 1339 1387 1392 ab
1422 1337 1804 1406 increpationis

218 1447 357 1487 voce
391 1431 762 1487 conticescunt
795 1446 808 1482 :
844 1428 1015 1483 clavis
1048 1430 1244 1498 quippe
1290 1429 1584 1497 apertionis
1623 1442 1804 1483 sermo

218 1521 581 1594 correptionis
630 1516 755 1585 est,
806 1521 896 1590 qui
947 1520 1274 1589 increpando
1318 1520 1529 1589 culpam
1570 1520 1801 1591 detegit,

218 1631 387 1684 quam
416 1628 560 1683 smpe
589 1612 763 1667 nescit
800 1612 913 1681 ipse
948 1612 1110 1666 etiam
1150 1612 1243 1680 qui
1277 1612 1625 1681 perpetravit.
1662 1610 1807 1667 Falsi

1895 435 2337 505 percutiendum,
2374 441 2429 489 et
2467 450 2573 488 non
2611 433 2893 489 contrahat
2933 433 2998 487 ad
3030 432 3388 500 parcendum,
3416 440 3472 485 ct

1895 528 2290 593 comminatur,
2326 528 2467 597 quod
2509 543 2619 582 non
2648 528 2757 582 sint
2792 529 2845 582 in
2881 528 3109 582 concilio
3150 524 3329 597 populi
3376 520 3472 583 Dei

1875 616 2061 671 'l'uturi
2081 658 2096 683 ,
2124 633 2224 673 nec
2251 619 2305 672 in
2334 618 2573 679 Ecclesia
2596 618 2730 687 ejus,
2759 620 2851 675 sed
2878 622 2930 673 in
2960 635 3225 690 synagoga
3253 617 3475 685 diaboli,

1898 721 1998 761 nec
2022 707 2329 762 scribantur
2352 707 2407 773 in
2432 708 2590 762 domo
2608 707 2791 762 Israel.
2820 710 2895 764 De
2918 711 3112 777 quibus
3138 709 3192 762 in
3227 709 3333 764 alio
3359 707 3477 764 loco

1898 797 2095 852 dicitur
2133 816 2146 851 :
2192 817 2210 849 ‹
2263 813 2423 867 super
2460 806 2660 852 terrain
2696 799 3023 863 scribantur,
3055 817 3073 848 ›
3104 814 3209 859 non
3243 796 3296 852 in
3329 807 3479 852 terra

1898 887 2084 953 Israel,
2102 902 2223 957 quae
2249 895 2393 941 terra
2417 887 2710 943 viventium
2738 895 2837 943 est.
2868 888 2934 942 Et
2955 889 3018 943 dc
3041 904 3145 958 qua
3168 904 3309 944 nunc
3342 886 3479 941 dici-

1901 986 2007 1041 tur,
2031 995 2049 1027 α
2079 991 2178 1031 nec
2200 978 2253 1030 in
2282 986 2481 1031 terram
2502 977 2664 1031 Israel
2685 979 3068 1050 ingredientur,
3097 1000 3115 1031 ι
3143 981 3236 1035 sed
3260 978 3311 1033 in
3336 988 3479 1035 terra

1902 1077 2239 1122 mortuorum
2267 1076 2321 1123 et
2347 1070 2537 1124 umbra
2573 1071 2784 1125 mortis.
2816 1069 2887 1126 Ut
2913 1081 3196 1141 postquam
3228 1074 3327 1128 ista
3359 1089 3483 1144 per-

1901 1158 2045 1228 pessi
2072 1157 2293 1225 fuerint,
2324 1161 2560 1229 separati
2588 1176 2619 1215 a
2642 1169 2784 1216 coetu
2810 1162 2988 1232 pepuli
3022 1162 3147 1228 Dei,
3184 1165 3483 1234 intelligant

1904 1250 2045 1317 quod
2072 1250 2188 1318 ipse
2215 1250 2285 1305 sit
2316 1251 2590 1305 Dominus.

1981 1356 1998 1387 ε
2032 1337 2110 1392 Eo
2156 1339 2298 1408 quod
2343 1340 2651 1409 deceperint
2697 1336 2948 1412 populum
2989 1360 3168 1399 meum
3212 1343 3484 1413 dicentes,

1911 1447 1930 1479 ‹
1966 1429 2106 1491 Pax,
2138 1439 2191 1485 et
2219 1447 2327 1491 non
2362 1441 2445 1486 est
2481 1447 2605 1501 pax.
2648 1434 2713 1487 Et
2742 1436 2855 1504 ipse
2882 1436 3181 1490 aediﬁcabat
3203 1437 3482 1506 parietem.

1913 1537 1931 1569 ‹
1968 1519 2047 1573 Illi
2077 1529 2256 1574 autem
2288 1521 2549 1577 liniebant
2568 1538 2689 1578 eum
2714 1522 2826 1579 luto
2851 1526 3053 1594 absque
3076 1526 3246 1594 paleis
3270 1545 3281 1579 :
3308 1525 3394 1581 die
3420 1527 3486 1582 ad

1917 1627 1933 1658 ι
1972 1624 2092 1672 eos,
2122 1611 2214 1678 qui
2254 1612 2449 1667 liniunt
2482 1614 2686 1687 absque
2729 1622 3122 1684 temperatura,
3154 1619 3295 1687 quod
3333 1633 3490 1672 casu-

219 1707 367 1761 enim
406 1703 706 1773 propheta,
730 1699 887 1768 juxta
931 1699 1305 1770 Septuaginta,
1346 1708 1809 1781 congregaverunt
1840 1693 1882 1750 Β
1917 1719 1934 1752 ‹
1972 1717 2063 1755 rus
2092 1702 2324 1762 sit.,Erit
2355 1704 2497 1757 enim
2529 1704 2701 1758 imber
2725 1698 3012 1770 inundans,
3044 1716 3097 1760 et
3127 1708 3263 1762 dabo
3287 1688 3491 1778 lapides

175 1854 179 1858 _
219 1810 412 1865 greges
433 1809 593 1864 super
609 1794 823 1847 domum
844 1791 1029 1856 Israel,
1050 1792 1154 1847 hoc
1174 1799 1258 1847 est
1277 1792 1650 1860 insipientium
1671 1792 1810 1846 mul-

224 1887 511 1941 titudinem
535 1894 724 1941 contra
748 1884 964 1939 domum
988 1883 1106 1938 Dei.
1132 1882 1404 1956 (Ηὲενρη.)
1420 1883 1527 1939 Nec
1552 1899 1807 1939 surrexe-

224 1984 352 2031 runt
382 1974 505 2044 ipsi,
536 1989 639 2030 nec
658 1973 792 2029 alios
815 1974 1078 2029 suscitare
1101 1980 1407 2043 potuerunt,
1433 1973 1526 2029 sed
1559 1987 1812 2043 quaecun-

222 2080 330 2136 que
343 2072 575 2136 egerunt
599 2073 653 2119 et
674 2073 859 2135 agunt,
879 2063 1038 2133 plena
1064 2062 1359 2118 mendaciis
1380 2072 1524 2117 sunt.
1550 2061 1811 2131 Quodque

224 2156 493 2226 sequitur,
522 2173 540 2206 ι
572 2153 641 2207 Ει
669 2162 948 2224 creperum
975 2153 1237 2208 suscitare
1259 2167 1593 2218 sermonem,
1626 2172 1645 2203 ι
1682 2149 1812 2205 illud

224 2246 499 2318 signiﬁcat
525 2244 667 2314 quod
702 2245 869 2300 velint
900 2244 1116 2314 quidem
1155 2259 1517 2315 consurgere,
1552 2252 1609 2299 et
1647 2259 1706 2298 se
1746 2244 1812 2299 ad

226 2338 444 2395 excelsa
488 2336 775 2392 sustollere
798 2375 816 2403 ,
862 2337 958 2391 sed
993 2338 1137 2407 quod
1173 2335 1395 2405 cupiant
1437 2335 1661 2405 implere
1705 2351 1813 2390 non

227 2430 459 2501 possint.
486 2429 812 2497 Diciturque
851 2427 933 2483 eis
970 2445 985 2481 :
1035 2445 1052 2480 ι
1098 2425 1286 2480 Nonne
1326 2425 1582 2498 visionem
1623 2424 1813 2491 falsam

228 2522 468 2582 vidistis,
509 2529 563 2575 et
591 2519 947 2575 divinationes
971 2533 1141 2573 vanas
1168 2517 1330 2573 locuti
1366 2517 1532 2572 estis?
1564 2535 1581 2567 ›
1617 2513 1814 2588 (Ονὶρ.)

228 2613 348 2668 Non
383 2627 517 2683 ergo
552 2616 999 2675 resurrexerunt,
1028 2610 1132 2665 hoc
1165 2617 1282 2674 est,
1312 2609 1542 2663 necdum
1577 2622 1817 2661 resurre-

225 2702 434 2758 ctionis
470 2700 735 2772 baptisma
783 2699 1061 2771 consecuti
1104 2706 1256 2763 sunt,
1296 2696 1416 2752 falsi
1452 2696 1727 2767 prophetae
1764 2704 1820 2752 et

226 2794 353 2849 falsi
381 2793 656 2863 magistri;
699 2806 818 2861 quae
855 2792 1041 2847 dicunt
1074 2804 1105 2844 a
1143 2790 1370 2844 Domino
1405 2788 1649 2843 videntes
1682 2786 1818 2843 falsa

202 2895 381 2951 sunt,
416 2890 593 2955 neque
617 2884 908 2955 aliquando
931 2890 1155 2954 possunt
1177 2881 1491 2951 conspicere
1510 2880 1814 2936 veritatem.

227 2974 435 3045 Accipe
468 2974 779 3044 exemplum
820 2990 834 3026 :
880 2972 973 3042 qui
1019 2970 1340 3041 scripturam
1372 2969 1528 3040 legit,
1565 2977 1619 3024 et
1662 2968 1818 3023 aliter

227 3037 384 3131 eam,
408 3080 573 3135 quam
601 3037 862 3134 scriptum
888 3037 972 3118 est
1001 3037 1217 3132 accipit,
1248 3037 1571 3131 scripturam
1598 3050 1817 3116 menda-
1845 3037 1889 3100 (ἶ

229 3160 376 3214 citer
398 3158 565 3213 videt.
598 3155 700 3223 Qui
724 3169 855 3211 vero
880 3154 1029 3210 audit
1055 3154 1378 3224 scripturam
1396 3192 1411 3217 ,
1436 3156 1491 3207 et
1519 3152 1658 3208 sicut
1678 3150 1820 3205 veri-

230 3249 363 3304 tatis
390 3247 699 3303 intellectus
727 3247 922 3311 habet,
957 3244 1037 3300 sic
1068 3258 1187 3299 eam
1223 3243 1639 3313 interpretatur,
1677 3242 1823 3296 videt

231 3338 545 3396 veritatem.
591 3336 657 3391 Et
703 3336 877 3391 sancti
920 3334 1140 3409 quidem
1172 3348 1280 3388 non
1318 3333 1562 3387 divinant
1595 3349 1608 3385 :
1644 3349 1663 3382 (
1701 3330 1819 3384 Non

233 3429 383 3483 enim
414 3427 672 3482 divinatio
701 3426 756 3481 in
789 3424 956 3481 Jacob
993 3423 1181 3498 (Num.
1217 3422 1412 3496 unt);
1454 3442 1473 3476 ι
1505 3428 1824 3493 peccatores

234 3533 369 3572 vero
396 3517 642 3571 divinant
665 3515 799 3570 falsa
818 3554 834 3581 ,
857 3515 1099 3571 dicentes
1130 3534 1143 3568 :
1178 3533 1196 3567 ι
1229 3512 1354 3570 Ηεεε
1380 3514 1512 3569 dicit
1542 3513 1820 3577 Dominus,

234 3617 293 3662 et
317 3606 581 3662 Dominus
601 3621 706 3660 non
734 3606 878 3661 misit
900 3620 1011 3661 eos.
1035 3624 1054 3658 ι
1074 3604 1212 3660 Audi
1233 3605 1535 3670 hatreticos,
1555 3602 1825 3673 quomodo

238 3698 591 3753 traditionem
617 3690 983 3767 apostolorum
1009 3696 1212 3755 habere
1243 3710 1303 3751 se
1328 3696 1539 3763 dicant;
1570 3695 1695 3750 audi
1720 3694 1826 3750 fal-

237 3802 333 3844 sos
357 3787 648 3858 magisth
664 3825 678 3849 ,
704 3787 970 3856 quomodo
996 3785 1259 3841 aﬂirment
1309 3786 1612 3842 doctrinam
1649 3802 1821 3852 suam,

244 3880 458 3935 Domini
498 3893 620 3935 esse
665 3879 997 3945 doctrinam,
1048 3889 1103 3933 et
1148 3894 1365 3934 sensum
1411 3894 1599 3943 suum,
1643 3880 1827 3935 sensui

243 3984 546 4038 congruere
571 3970 988 4039 prophetarum,
1016 3977 1072 4024 et
1097 3970 1280 4024 dicunt
1306 3983 1321 4023 :
1356 3987 1373 4021 ‹
1410 3969 1535 4024 Haec
1562 3970 1693 4024 dicit
1719 3970 1827 4025 Do-

236 4060 463 4125 minus,
487 4069 543 4114 et
568 4058 832 4115 Dominus
869 4075 977 4115 non
1002 4058 1150 4114 misit
1188 4074 1300 4115 eos.
1339 4079 1359 4111 ι
1402 4079 1422 4112 ‹
1456 4059 1524 4113 Ει
1549 4066 1832 4129 coeperunt

239 4149 513 4204 suscitare
544 4163 893 4215 sermonem;
937 4165 1116 4204 nonne
1156 4149 1417 4204 visionem
1456 4148 1648 4203 falsam
1689 4148 1828 4203 vidi-

243 4242 375 4307 stis;
414 4261 434 4292 ι
468 4248 526 4296 et
558 4241 614 4294 hi
644 4240 792 4295 enim
824 4241 1011 4295 volunt
1042 4241 1096 4296 in
1127 4239 1492 4295 defensionem
1525 4240 1606 4295 sui
1644 4253 1831 4310 quem-

244 4331 369 4384 dam
406 4346 507 4400 pro
532 4344 592 4385 se
617 4331 880 4385 suscitare
908 4345 1229 4385 sermonem.
1264 4330 1367 4385 Sed
1397 4331 1574 4401 arguit
1601 4345 1693 4385 eos
1720 4330 1827 4384 Do-

244 4421 448 4486 minus,
476 4432 532 4476 et
560 4420 712 4487 dicit,
747 4441 765 4472 ‹
802 4437 980 4476 nonne
1003 4421 1262 4492 visionem
1291 4420 1484 4475 falsam
1515 4421 1742 4487 vidistis,
1773 4429 1828 4475 et

246 4515 612 4570 divinationes
637 4530 805 4568 vanas
829 4515 992 4570 locuti
1026 4515 1190 4568 estis?
1220 4512 1284 4567 Et
1306 4513 1538 4579 dixistis,
1558 4513 1699 4569 Dicit
1726 4515 1829 4568 Do-

246 4609 546 4672 minus,~et
570 4623 669 4678 ego
695 4624 800 4662 non
831 4622 948 4661 sum
977 4608 1204 4663 locutus.
1237 4625 1256 4657 ι

325 4717 344 4750 ι
376 4698 671 4767 Propterea
708 4699 823 4751 haec
849 4697 979 4751 dicit
1016 4697 1271 4751 Dominus
1300 4697 1471 4760 Deus,
1505 4694 1632 4764 quia
1663 4693 1827 4748 locuti

252 4810 275 4843 ι
309 4792 444 4846 estis
470 4805 629 4854 vana,
654 4798 708 4844 et
728 4789 941 4845 vidistis
960 4788 1317 4852 mendacium,
1346 4787 1466 4842 ideo
1488 4800 1615 4840 ecce
1638 4799 1737 4854 ego
1760 4785 1829 4841 ad

254 4901 277 4934 ι
310 4896 430 4947 vos,
457 4881 534 4935 ait
571 4880 833 4935 Dominus
872 4879 1032 4935 Deus.
1064 4879 1130 4933 Et
1160 4879 1265 4933 erit
1292 4893 1480 4931 manus
1516 4892 1633 4930 mea
1670 4890 1831 4946 super

255 4989 279 5022 c
314 4972 628 5042 prophetas,
650 4971 750 5041 qui,
766 4971 952 5026 vident
974 4985 1108 5024 vana
1133 4979 1189 5025 et
1208 4970 1452 5025 divinant
1472 4966 1828 5033 mendacium,

257 5088 278 5119 ι
316 5068 370 5121 in
398 5066 628 5122 concilio
659 5065 839 5136 populi
874 5066 980 5120 mei
1016 5079 1120 5119 non
1147 5072 1338 5129 erunt,
1369 5071 1425 5118 et
1462 5062 1515 5116 in
1552 5059 1832 5129 Scriptura

258 5176 285 5209 «ι
317 5158 511 5213 domus
532 5155 698 5211 Israel
743 5171 849 5210 non
879 5155 1205 5218 scribentur,
1234 5170 1334 5209 nec
1361 5153 1413 5206 in
1442 5161 1642 5206 terram
1671 5148 1835 5205 Israel

260 5266 285 5298 ι
324 5246 713 5318 ingredientur.
763 5245 832 5299 Et
871 5244 1056 5299 scietis
1102 5243 1227 5312 quia
1271 5257 1370 5313 ego
1413 5256 1531 5295 sum
1577 5239 1836 5295 Dominus

259 5356 286 5390 ι
322 5337 486 5393 Deus.
515 5355 535 5388 ι
564 5335 835 5409 (Ηὶετοη.)
857 5334 970 5390 Sub
993 5335 1372 5405 prophetarum
1401 5346 1630 5401 persona
1656 5343 1837 5384 sermo

250 5440 449 5487 contra
472 5430 760 5486 haereticos
797 5437 911 5493 est,
943 5429 1036 5498 qui
1065 5427 1358 5497 loquuntur
1380 5434 1630 5503 vana,'et
1656 5423 1839 5478 vident

253 5525 618 5581 mendacium.
651 5524 718 5577 Et
748 5530 1099 5593 perseverant
1134 5534 1286 5576 suam
1322 5518 1609 5573 adfirmare
1642 5514 1841 5572 doctri-

254 5630 416 5678 nam,
460 5613 605 5682 quod
650 5613 765 5691 ipse
802 5612 1063 5669 Dominus
1098 5618 1288 5666 contra
1323 5623 1419 5664 eos
1456 5606 1640 5661 veniat
1679 5598 1841 5673 atque

1855 4382 1907 4439 D

1917 1806 1937 1840 ‹
1974 1791 2323 1861 ρι’τεςιίιιιάεε
2363 1807 2527 1861 super
2575 1793 2870 1859 irruentes,
2903 1803 2957 1848 et
2994 1804 3211 1850 ventum
3243 1798 3493 1866 procella:

1918 1899 1937 1933 (
1977 1881 2346 1950 dissipantem.
2369 1881 2644 1951 Siquidem
2668 1894 2722 1937 ct
2744 1899 2869 1939 ecce
2894 1885 3304 1956 ceciditparics.
3321 1886 3490 1942 Num-

1919 1990 1939 2024 ι
1977 1973 2106 2042 quid
2131 1988 2237 2026 non
2266 1973 2477 2027 dicetur
2507 1975 2679 2040 vobis,
2716 1974 2814 2028 Ubi
2846 1985 2930 2030 est
2966 1976 3124 2030 litura
3164 1993 3325 2045 quam
3357 1975 3491 2032 levi-

1918 2080 1938 2113 ‹
1975 2062 2111 2117 stis?
2129 2062 2420 2133 Propterea
2440 2065 2555 2118 haec
2575 2065 2704 2119 dicit
2727 2064 2890 2131 Deus,
2913 2067 2979 2119 Et
2999 2082 3283 2137 erumpere
3295 2067 3494 2123 faciam

1919 2170 1939 2204 ι
1975 2153 2221 2222 spiritum
2250 2162 2628 2224 tempestatum
2662 2155 2714 2209 in
2744 2156 3107 2227 indignatione
3133 2149 3368 2214 mea.‘Et
3395 2160 3496 2214 im-

1920 2264 1938 2296 ‹
1973 2246 2072 2301 bcr
2099 2246 2367 2302 inundans
2401 2248 2453 2302 in
2484 2246 2663 2304 furore
2694 2264 2814 2304 meo
2843 2251 2975 2314 erit,
3008 2258 3063 2305 et
3091 2250 3294 2321 lapides
3329 2268 3495 2324 gran-

1922 2354 1941 2386 ‹
1978 2336 2075 2392 des
2103 2337 2198 2392 irae
2237 2337 2290 2391 in
2321 2340 2861 2395 consummationem.
2903 2340 2968 2394 Et
3010 2342 3282 2398 destruam
3321 2343 3501 2414 parie-

1922 2443 1939 2476 ί
1978 2433 2107 2490 tem,
2124 2440 2280 2495 quem
2297 2426 2502 2481 levistis
2517 2428 2719 2495 absque
2735 2436 3177 2496 temperamento.
3191 2429 3259 2484 Et
3273 2431 3500 2500 aequabo

1923 2531 1941 2564 ‹
1977 2515 2099 2568 eum
2142 2522 2318 2569 terrae.
2358 2513 2425 2568 Et
2455 2514 2781 2569 revelabitur
2817 2516 3221 2570 fundamentum
3260 2518 3393 2587 ejus.
3432 2515 3502 2573 Et

1925 2619 1944 2651 ι
1981 2600 2139 2657 cadet
2166 2611 2219 2656 et
2246 2613 2595 2664 consumetur
2618 2604 2670 2658 in
2700 2605 2876 2660 medio
2902 2605 3040 2674 ejus,
3070 2614 3125 2661 et
3148 2606 3330 2662 scietis
3371 2608 3497 2678 quia

1925 2708 1944 2742 ι
1967 2693 2075 2762 ego
2104 2692 2380 2747 Dominus.
2409 2693 2476 2746 Et
2497 2693 2773 2763 complebo
2800 2693 3219 2764 indignationem
3246 2711 3421 2752 meam
3444 2698 3500 2753 in

1926 2799 1944 2833 ς
1978 2782 2218 2851 pariete,
2251 2794 2306 2838 et
2338 2784 2392 2838 in
2424 2784 2538 2847 his,
2567 2784 2657 2853 qui
2685 2784 2881 2839 liniunt
2914 2799 3035 2839 eum
3067 2786 3270 2857 absque
3295 2796 3501 2856 tempe-

1926 2892 1945 2925 ‹
1983 2866 2265 2940 ramento,
2289 2874 2574 2944 dicamque
2606 2875 2758 2930 vobis
2778 2916 2793 2941 ,
2821 2874 2937 2931 Non
2965 2884 3050 2931 est
3076 2877 3286 2947 paries,
3312 2884 3366 2931 et
3396 2893 3504 2932 non

1928 2982 1947 3015 ‹
1984 2972 2110 3019 sunt
2130 3004 2145 3030 ,
2172 2965 2278 3035 .qui
2309 2964 2503 3019 liniunt
2536 2980 2657 3020 eum
2684 3006 2699 3031 ,
2725 2968 3000 3035 propheta:
3029 2967 3222 3033 Israel,
3254 2969 3344 3039 qui
3376 2985 3502 3040 pro-

1926 3074 1945 3108 ‹
1979 3056 2206 3126 phetant
2254 3059 2321 3112 ad
2363 3056 2684 3113 Jerusalem.
2723 3058 2788 3112 Et
2828 3059 3010 3114 vident
3040 3060 3089 3113 ei
3122 3060 3380 3115 visionem
3409 3075 3507 3130 pa-

1927 3164 1947 3197 ‹
1982 3145 2079 3201 cis.
2119 3145 2186 3201 Et
2229 3163 2334 3201 non
2371 3158 2455 3202 est
2496 3147 2640 3214 Pax,
2682 3149 2813 3204 dicit
2839 3149 3099 3204 Dominus
3124 3150 3298 3215 Deus,
3338 3160 3444 3206 etc.
3482 3170 3501 3202 ι

1925 3233 2203 3305 Propheta:
2234 3236 2397 3291 Israel
2420 3237 2510 3306 qui
2538 3255 2643 3292 non
2674 3248 2832 3293 erunt
2858 3240 2911 3293 in
2936 3240 3162 3294 concilio
3178 3240 3361 3310 populi
3386 3238 3505 3306 Dei,

1924 3341 2025 3381 nec
2057 3328 2368 3381 scribentur
2408 3328 2461 3382 in
2493 3330 2761 3397 scriptura
2794 3331 2986 3385 domus
3020 3331 3217 3396 Israel,
3259 3347 3359 3387 nec
3398 3341 3507 3386 ter-

1925 3432 2041 3470 ram
2085 3418 2521 3487 repromissionis
2568 3419 2866 3473 intrabunt.
2911 3420 3035 3475 Ideo
3079 3424 3179 3477 ista
3209 3424 3505 3491 patientur,

1923 3506 2051 3575 quia
2076 3506 2401 3577 deceperunt
2421 3507 2673 3577 populum
2710 3524 2884 3564 meum
2912 3524 3009 3579 pro
3036 3509 3209 3580 rigore
3234 3514 3506 3581 paeniten-

1927 3598 2015 3654 tiae
2035 3639 2050 3663 ,
2085 3606 2140 3653 et
2172 3599 2539 3656 conversionis
2572 3600 2785 3671 injuria,
2816 3617 3003 3672 pacem
3038 3605 3118 3658 eis
3154 3614 3207 3659 et
3250 3618 3507 3675 prospera

1926 3689 2276 3755 nuntiantes,
2326 3692 2618 3745 secundum
2666 3691 2835 3756 illud,
2880 3695 3023 3763 quod
3068 3692 3195 3749 alibi
3243 3696 3442 3750 dicitur
3491 3715 3503 3751 :

1933 3797 1953 3831 ι
1987 3778 2128 3844 Pax,
2154 3795 2279 3850 pax,
2313 3786 2368 3835 et
2392 3796 2499 3835 non
2534 3790 2617 3836 est
2641 3797 2744 3852 pax
2776 3781 2909 3853 (Jer.
2941 3784 3081 3854 vui).
3107 3803 3124 3834 ι
3157 3783 3298 3839 Deus
3328 3787 3511 3854 itaque

1929 3872 2333 3941 metaphor-imos
2356 3870 2663 3928 aediﬁcabat
2694 3874 2774 3928 eis
2794 3889 2891 3943 per
2915 3874 3049 3945 legis
3078 3875 3354 3941 mandata,
3383 3892 3511 3931 san-

1929 3970 2247 4032 ctorumque
2281 3961 2668 4033 prophetarum
2705 3963 2917 4034 eloquia
2956 3973 3011 4018 et
3040 3965 3505 4030 comminationes,

1929 4053 2239 4107 maceriam.
2284 4051 2398 4108 Hoc
2438 4053 2580 4106 enim
2615 4053 2842 4108 verbum
2880 4053 3199 4108 IIehraicum
3241 4054 3511 4125 signiﬁcat

1930 4147 2043 4215 his,
2087 4157 2147 4202 ut
2179 4164 2395 4203 onmem
2447 4148 2515 4203 ab
2546 4147 2651 4203 illis
2690 4148 3054 4203 incursionem
3093 4149 3421 4213 bestiarum,
3458 4158 3513 4202 et

1929 4238 2175 4294 hostilem
2199 4224 2455 4307 impetum
2475 4239 2838 4303 submoveret,
2853 4239 2976 4292 dum
3004 4239 3248 4293 conversi
3264 4238 3327 4290 ad
3344 4239 3509 4292 Deum

1932 4331 2035 4397 hoc
2075 4330 2226 4399 quasi
2270 4344 2425 4384 muro
2463 4337 2516 4382 et
2554 4329 2760 4398 pariete
2800 4327 3106 4384 ﬁrmissimo
3145 4330 3508 4397 cingerentur.

1933 4420 2414 4489 Pseudoprophetm
2431 4433 2559 4474 vero
2580 4433 2686 4472 non
2712 4416 2898 4481 semel,
2917 4416 3008 4471 sed
3034 4414 3342 4485 frequenter
3358 4416 3513 4484 polli-

1931 4514 2192 4567 cebantur
2219 4512 2297 4566 eis
2328 4525 2533 4581 pacem.
2563 4509 2677 4565 Hoc
2704 4509 2848 4564 enim
2879 4508 3136 4578 repetitus
3159 4507 3308 4576 pacis
3332 4523 3510 4563 sermo

1930 4602 2197 4672 signiﬁcat
2229 4620 2241 4653 :
2282 4619 2300 4650 ε
2337 4602 2451 4663 Dic,
2478 4599 2676 4669 inquit,
2705 4598 2772 4652 ad
2794 4612 2907 4661 eos,
2941 4616 2959 4648 ι
2984 4596 3074 4666 qui
3097 4596 3203 4651 illis
3228 4612 3364 4650 vana
3386 4612 3514 4667 pro-

1931 4692 2187 4754 mittunt,
2230 4697 2285 4744 et
2309 4704 2521 4744 cassum
2555 4688 2874 4758 pollicentur
2914 4687 3174 4741 auxilium
3194 4725 3213 4754 ,
3242 4688 3387 4757 quod
3420 4705 3514 4743 ca-

1931 4801 2091 4840 surus
2120 4786 2192 4840 sit
2222 4785 2324 4839 iste
2352 4782 2532 4853 paries
2555 4790 2609 4837 et
2639 4781 2753 4835 haac
2783 4781 3038 4835 maceria.
3072 4798 3090 4831 ‹
3129 4780 3195 4834 Ει
3222 4781 3512 4838 immittam

1935 4875 2161 4931 imbrem
2187 4872 2744 4927 vehementissimam.
2782 4888 2799 4921 ι
2831 4867 3027 4924 llostcs
3060 4869 3305 4924 videlicet
3331 4870 3517 4925 saevis-

1936 4967 2121 5031 simos,
2137 4963 2461 5035 Babylonios
2483 4968 2663 5017 autem
2685 4960 3066 5030 Chaldaeosque
3087 4955 3373 5030 signiﬁcat.
3402 4979 3422 5011 ε
3449 4960 3515 5015 Et

1936 5058 2140 5129 lapides
2177 5057 2467 5129 grandinis,
2501 5056 2729 5123 desuper
2771 5054 3056 5108 irruentes.
3110 5074 3127 5104 ι
3176 5052 3370 5108 Omnia
3418 5067 3531 5123 per,

1937 5148 2308 5220 metaphoram
2326 5188 2340 5212 ,
2367 5162 2475 5216 quo
2514 5144 2821 5199 instabilem
2848 5145 3135 5198 maceriam
3160 5143 3369 5198 subitus
3407 5150 3518 5195 tur-

1939 5243 2008 5296 bo
2038 5243 2316 5295 subvertat
2340 5246 2394 5292 et
2420 5238 2661 5291 subruat.
2682 5234 2741 5288 Et
2765 5243 2948 5304 postea
2978 5234 3188 5288 dicatur
3212 5232 3309 5295 eis,
3335 5228 3387 5284 id
3408 5238 3513 5295 est,

1938 5329 2440 5403 pseudoprophetis,
2478 5327 2579 5383 Ubi
2632 5336 2714 5382 est
2753 5329 2912 5381 litura
2940 5360 2965 5389 ,χ
2989 5340 3147 5393 quam
3186 5322 3422 5387 Ievistis,
3460 5329 3518 5377 et

1940 5423 2055 5491 ubi,
2078 5421 2220 5491 quod
2240 5419 2471 5490 polliciti
2490 5412 2621 5474 estis
2646 5417 2935 5471 auxilium?
2958 5412 3226 5484 Quidquid
3249 5420 3425 5466 autem
3448 5410 3519 5465 de

1941 5510 2422 5581 pseudoprophetis
2466 5508 2738 5572 diximus,
2794 5514 2848 5560 et
2893 5507 2959 5560 ad
3000 5504 3283 5560 haereticos
3322 5499 3516 5576 referri

1942 5611 2139 5673 pmest.
2173 5598 2327 5666 Quod
2361 5599 2541 5655 omnia
2571 5612 2756 5652 eorum
2795 5596 3045 5666 ﬁgmenta
3074 5593 3169 5647 Dei
3200 5591 3278 5646 ira
3310 5592 3496 5648 salvan
