3954 6182
511 274 618 332 655

1157 272 1215 327 Β.
1258 269 1512 327 RABANI
1548 269 1766 327 MAURI
1802 270 2118 328 ARCHIEP.
2159 268 2471 328 ﬁlOGUNT.
2512 270 2800 351 OPERUM
2838 270 3020 327 PARS
3056 270 3127 327 ll.

3669 276 3756 334 656

508 399 633 458 tur;
657 376 1019 445 et'aedlﬁcatio
1046 384 1403 461 pessimorum
1423 376 1755 454 dogmatum,
1775 399 1896 454 quae
1924 381 2095 454 Spiri—
2123 388 2170 447 Α
2196 383 2403 454 gelistte
2427 392 2664 453 quatuor
2691 382 2815 439 filia:
2846 384 3235 461 prophetantes
3257 384 3396 460 (Act.
3427 386 3578 460 ut),
3606 388 3757 463 inspi-

518 484 607 532 tus
624 475 799 530 sancti
824 488 934 528 non
955 472 1116 527 habet
1133 467 1548 526 condimentum
1571 477 1814 534 corruat,
1835 478 1893 522 et
1920 482 2095 536 usque

515 567 582 623 ad
596 566 954 622 fundamenta
969 578 1023 620 et
1039 564 1318 635 pulverem
1336 560 1633 627 dilabatur,
1648 570 1703 616 et
1718 571 1967 630 aequetur
1982 560 2092 629 ipsa
2108 559 2121 567 “

518 660 954 722 ωαεετίαίετηι»,
999 666 1057 712 et
1077 655 1255 721 cadat,
1288 663 1343 711 et
1362 663 1760 711 consumantur
1785 653 2093 725 prophetae,

514 752 607 822 qni
629 750 1053 821 promittebant,
1087 757 1143 804 et
1171 748 1414 820 populus
1443 748 1531 802 cui
1580 744 2005 827 promittebatur
2037 744 2092 798 in

512 844 695 901 medio
710 844 849 916 ejus.
871 843 941 899 Ut
960 851 1252 913 postquam
1281 840 1641 911 compleverit
1663 837 2092 909 indignationem

509 952 687 1001 suam,
712 947 767 992 et
793 937 998 993 dixerit
1022 936 1103 991 eis
1134 950 1150 989 :
1180 933 1329 989 «Non
1353 947 1439 989 est
1467 934 1570 988 iste
1597 931 1832 1002 paries,a
1857 928 1963 985 hcc
1979 938 2088 995 est,

509 1046 620 1087 non
638 1042 912 1088 estvestra
937 1028 1204 1094 defensio,
1229 1038 1415 1089 etnon
1435 1025 1676 1097 suntqui
1696 1022 1904 1079 liniunt
1938 1035 2088 1088 cura,

500 1127 602 1179 sed
618 1125 801 1179 omnia
815 1137 951 1178 vana
968 1132 1118 1190 sunt,
1132 1130 1188 1176 et
1205 1120 1261 1174 in
1276 1118 1507 1175 nihilum
1522 1115 1886 1190 proﬁcientia:
1898 1132 1918 1166 ι
1930 1112 2090 1170 Tunc

509 1230 674 1286 opere
689 1214 1052 1286 cognoscatis,
1074 1212 1219 1283 quod
1237 1226 1339 1283 ego
1370 1224 1495 1267 sum
1518 1208 1804 1265 Dominus.
1828 1225 1850 1260 ι
1878 1205 1951 1264 Ut
1979 1220 2088 1262 au-

509 1301 621 1363 tem
656 1308 914 1373 sciamus,
935 1306 1028 1376 qui
1050 1304 1287 1361 suntisti
1308 1304 1405 1376 qui
1426 1302 1635 1359 liniunt.
1668 1301 1961 1373 parietem,
1984 1312 2089 1357 se-

496 1386 714 1462 Qttitur;
744 1406 763 1441 ί
793 1387 1073 1459 PrOphetae
1093 1386 1280 1451 Israel,
1307 1404 1325 1437 ι
1355 1382 1457 1439 hoc
1474 1394 1556 1440 est
1576 1381 2083 1454 pseudoprophetze,

501 1497 522 1532 ι
548 1476 641 1551 qui
666 1478 990 1550 prophetam
1013 1478 1082 1557 ad
1107 1475 1428 1542 Jerusalem,
1453 1485 1508 1529 et
1535 1474 1720 1530 vident
1744 1475 1793 1529 ei
1823 1473 2083 1529 visionem

2198 474 2459 528 rabantur
2482 473 2777 528 dazmonico
2791 474 3004 544 spiritu,
3020 474 3183 546 hujus
3202 490 3365 531 sexus
3386 476 3525 544 alite,
3548 493 3756 549 quarum

2196 560 2297 617 fuit
2336 561 2525 617 Prisca
2553 570 2609 618 et
2632 561 2944 630 Maximilla,
2983 578 3104 633 quae
3145 566 3533 623 vaticinatione
3558 572 3761 629 menda-

2192 655 2261 708 cii
2303 654 2463 710 ﬁdem
2510 654 2893 713 subverterunt
2927 658 3194 714 veritatis.
3233 658 3346 714 Has
3374 668 3558 716 autem
3594 664 3760 722 dicunt

2195 743 2403 800 Hebraei
2435 745 2699 802 maleficia
2734 748 2943 804 artibus
2982 738 3226 805 eruditas
3253 765 3353 820 per
3383 756 3762 814 necromantiae

2190 843 2245 889 et
2270 835 2548 907 pythicum
2574 836 2847 906 Spiritum,
2866 838 3056 911 qualis
3088 838 3193 895 fuit
3229 841 3354 910 illa,
3396 857 3519 913 qua:
3544 845 3660 901 visa
3690 842 3762 904 eat

2190 927 2481 981 suscitasse
2518 927 2755 983 animam
2787 928 3054 986 Samuelis
3092 930 3155 1002 (1
3190 931 3320 1003 Reg.
3357 934 3598 1007 xxvtu);
3641 947 3690 993 et
3713 939 3760 995 in

2188 1018 2413 1074 Actibus
2436 1018 2830 1090 apostolorum,
2860 1022 3014 1093 cujus
3037 1023 3299 1082 divinatio
3321 1026 3522 1082 multos
3543 1027 3761 1086 dominis

2190 1110 2393 1166 reditus
2423 1111 2761 1181 adquirebat.
2801 1112 2874 1167 De
2914 1127 3020 1184 qua
3054 1128 3155 1185 per
3178 1116 3405 1187 apostoli
3429 1117 3585 1174 Pauli
3612 1120 3762 1191 impe-

2188 1200 2325 1254 rium
2352 1202 2903 1289 immundus/eiectus
2943 1213 3027 1259 est
3061 1204 3286 1275 spiritus
3312 1204 3577 1278 (Arum
3592 1207 3636 1277 ).
3664 1207 3759 1266 Nos

2186 1300 2367 1347 autem
2405 1292 2481 1346 ita
2521 1294 2759 1349 dicemus
2789 1294 2924 1350 alios
2954 1295 3241 1352 haereticos
3264 1297 3512 1354 falsitate
3549 1299 3759 1369 dogma-

2186 1389 2299 1436 tum
2337 1394 2558 1438 suorum
2586 1384 2883 1452 praedicare
2924 1385 3210 1454 virtutem,
3256 1402 3489 1457 quorum
3532 1388 3640 1445 fuit
3667 1389 3759 1462 Py-

2185 1471 2437 1541 thagoras
2456 1480 2511 1529 et
2534 1473 2702 1539 Zeno,
2732 1492 2761 1529 a
2788 1490 2896 1545 quo
2923 1474 3117 1543 Stoici,
3139 1470 3759 1538 lnddrum'brachmanes

496 1571 669 1644 pacis,
700 1590 719 1622 ι
756 1571 844 1626 isti
872 1578 997 1626 sunt
1022 1584 1183 1625 causa
1208 1566 1416 1639 peccati
1447 1575 1502 1622 et
1524 1567 1694 1621 ruina:
1718 1575 1773 1621 et
1797 1567 1974 1622 stulta:
2002 1580 2087 1621 se-
2180 1571 2238 1618 et
2269 1562 2587 1635 IEthiOpum
2626 1565 3125 1638 Gymnosophisue,
3164 1569 3256 1638 qui
3294 1570 3367 1626 ob
3391 1571 3572 1628 victus
3602 1573 3762 1643 conti-

494 1656 762 1720 curitatis.
792 1680 810 1713 t
843 1661 961 1718 Non
987 1662 1131 1717 enim
1156 1662 1259 1737 erit
1282 1675 1408 1731 pax,
1431 1659 1562 1715 dicit
1588 1659 1868 1714 Dominus.
1900 1678 1918 1711 ι
1944 1657 2082 1727 Quia
2103 1735 2145 1743 ᾳ
2182 1656 2421 1710 nentiam
2449 1657 2769 1712 miraculum
2792 1659 2875 1714 sui
2898 1659 3188 1729 gentilibus
3209 1661 3476 1743 tribuunt.
3496 1661 3759 1735 Recteque

492 1751 752 1809 Dominus
779 1761 883 1808 nun
916 1752 1061 1807 misit
1086 1735 1208 1816 eos,
1239 1766 1340 1805 nec
1364 1753 1448 1804 est
1483 1749 1694 1804 locutus
1723 1749 1792 1804 ad
1814 1764 1930 1804 eos.
1960 1748 2075 1805 Hoc
2102 1735 2151 1795 Β
2178 1746 2433 1801 dicuntur
2468 1749 2731 1817 parietem
2774 1749 2933 1805 linire
2953 1790 2969 1816 .
3012 1759 3068 1807 et
3113 1738 3350 1822 aliculam
3390 1752 3759 1812 fortitudinem

492 1843 636 1912 quod
662 1840 1011 1910 Septuaginta
1039 1839 1447 1895 transtulerunt.
1481 1856 1499 1889 ι
1529 1839 1597 1892 Ει
1620 1852 1783 1907 super
1796 1836 2078 1907 jun'cturas
2177 1840 2417 1912 polliceri
2437 1882 2453 1908 ,
2480 1845 2575 1899 sed
2598 1844 2723 1915 quia
2751 1836 3027 1901 Christum
3076 1861 3182 1903 non
3229 1847 3435 1904 habent
3455 1850 3759 1906 condimen-

491 1948 700 1998 eorum,
738 1952 757 1984 ι
785 1932 839 1986 in
860 1916 1134 1986 ~Hebraico
1164 1947 1272 1986 non
1299 1931 1546 1986 habetur.
1586 1930 1866 2001 Signiﬁcat
1895 1939 2075 1985 autem
2181 1939 2313 1997 tum,
2344 1947 2516 1989 vanus
2538 1943 2625 1989 est
2651 1949 2836 1990 eorum
2863 1936 3053 2004 labor,
3090 1955 3109 1989 ι
3144 1946 3200 1993 et
3239 1939 3485 2010 peritura
3530 1940 3759 1997 adiﬁca-

486 2023 770 2094 juncturas
797 2023 1032 2095 lapidum
1074 2023 1126 2077 in
1166 2023 1375 2091 pariete
1413 2022 1497 2077 vel
1543 2022 1869 2077 adminicula
1910 2022 2078 2093 ligno—
2177 2022 2275 2078 tio.
2319 2043 2338 2075 ς
2376 2016 2489 2079 Nisi
2537 2026 2685 2080 enim
2730 2026 2992 2083 Dominus
3036 2029 3383 2086 mdiﬁcaverit
3408 2032 3683 2097 domum,
3709 2032 3758 2089 in

399 2123 403 2127 '
491 2132 634 2181 rum,
663 2115 859 2187 quibus
878 2116 1114 2186 parietes
1136 2102 1477 2171 roborantur.
1508 2114 1727 2171 Necnon
1756 2115 1907 2182 illud,
1932 2117 2076 2185 quod

484 2192 654 2280 supra
697 2208 952 2279 legimus,
992 2207 1107 2277 ipse
1147 2206 1450 2262 mdiﬁ'cabat
1490 2206 1578 2261 vel
1621 2205 1854 2261 aediﬁcat
1896 2207 2076 2276 parie-

490 2308 623 2366 tem,
641 2297 885 2369 plerique
906 2297 973 2351 ad
1002 2296 1255 2368 papulum
1282 2296 1525 2352 referunt
1542 2296 1730 2362 Israel,
1757 2298 1848 2367 qui
1874 2312 2071 2352 vanum

484 2388 589 2444 sibi
629 2387 716 2444 vel
754 2384 1167 2459 Egyptiorum,
1223 2388 1309 2443 vel
1345 2388 1497 2457 pacis
1542 2389 1802 2467 auxilium
1847 2390 2072 2460 promit-

488 2477 656 2535 tebat.

561 2587 578 2619 ι
619 2569 687 2622 Ει
719 2576 810 2633 tu,
856 2566 930 2622 fili
983 2568 1249 2635 hominis,
1286 2584 1426 2639 pone
1459 2568 1655 2625 faciem
1694 2572 1843 2626 tuam
1879 2580 2068 2628 contra

488 2680 505 2709 ι
546 2659 682 2715 tilias
705 2657 884 2729 populi
903 2659 1001 2724 tui,
1018 2673 1137 2728 quae
1151 2662 1476 2730 prophetant
1495 2660 1562 2715 de
1581 2661 1742 2716 corde
1765 2677 1883 2727 suo,
1908 2670 1964 2718 et
1984 2679 2068 2719 va-

488 2770 505 2800 ι
544 2748 771 2804 ticinare
790 2740 952 2819 super
971 2742 1153 2813 eas,‘et
1167 2750 1251 2805 dic
1269 2768 1282 2803 :
1303 2749 1429 2805 Haec
1449 2751 1581 2806 dicit
1603 2752 1861 2809 Dominus
1880 2753 2023 2811 Deus
2045 2773 2060 2811 :

485 2859 506 2890 ι
549 2838 641 2894 Va:
678 2834 797 2904 his,
829 2839 923 2908 qui
962 2842 1230 2894 consuunt
1267 2839 1518 2910 pulvillos
1560 2828 1659 2898 sub
1695 2844 1842 2898 omni
1881 2846 2064 2901 cubitu

480 2949 506 2983 ι
540 2945 764 2994 manus,
801 2937 856 2984 et
891 2928 1097 2984 faciunt
1132 2930 1418 2985 cervicalia
1456 2932 1556 2987 sub
1591 2934 1769 3003 capite
1798 2935 2063 2994 universa:

483 3039 503 3072 ι
540 3020 719 3075 atatis
748 3020 816 3075 ad
841 3019 1136 3090 capiendas
1165 3021 1391 3075 animas.
1426 3021 1494 3076 Et
1520 3038 1643 3078 cum
1666 3035 1923 3094 caperent
1945 3027 2062 3083 ani-

2176 2126 2373 2167 vanum
2431 2111 2841 2179 laboraverunt,
2894 2117 2999 2187 qui
3056 2118 3328 2175 aediﬁcant
3392 2136 3517 2176 eam
3594 2120 3758 2194 (Paul.

2174 2205 2377 2274 cxxvt).
2419 2224 2437 2255 ι
2478 2205 2583 2261 Alii
2610 2215 2791 2262 autem
2839 2208 3559 2284 voluptatu‘m‘libidinisque
3585 2214 3760 2271 docto-

2175 2308 2262 2348 res
2290 2295 2542 2350 dicuntur
2584 2304 2847 2354 consu‘ere
2893 2300 3142 2370 pulvillos
3172 2309 3228 2358 et
3254 2317 3459 2373 ponere
3484 2306 3593 2360 sub
3619 2305 3760 2361 omni

2172 2382 2358 2437 cubitu
2400 2400 2609 2449 manus,
2642 2387 2890 2457 Epicurei
2943 2398 2998 2445 et
3026 2390 3343 2462 Pyrrhonii,
3384 2401 3441 2448 et
3470 2380 3618 2464 apud
3666 2409 3760 2451 nos

2170 2469 2484 2531 Iovinianus
2512 2486 2565 2533 et
2591 2477 2905 2544 Eunomius,
2930 2481 3024 2551 qui
3048 2482 3235 2538 dicunt
3262 2501 3275 2538 :
3311 2502 3331 2536 ι
3370 2483 3759 2542 Manducemus

2170 2572 2225 2618 et
2258 2564 2527 2627 bibamus.
2558 2582 2685 2624 cras
2723 2570 2870 2625 enim
2900 2572 3200 2643 moriemur
3229 2574 3366 2646 (Ira.
3402 2578 3576 2649 xm).
3617 2598 3640 2632 ι
3665 2576 3759 2634 Ju-

2167 2652 2326 2709 betur
2371 2670 2501 2727 ergo
2550 2659 2812 2728 propheta
2842 2648 3045 2730 ponere
3087 2662 3201 2719 sive
3238 2648 3539 2722 obﬁrmare
3565 2666 3758 2725 faciem

2167 2758 2322 2799 suam
2356 2754 2545 2801 contra
2577 2746 2717 2804 ﬁlias
2742 2750 2923 2820 populi
2951 2750 3055 2806 sui.
3089 2742 3440 2825 Primumque
3466 2756 3761 2813 dicendum

2165 2834 2294 2905 quid
2322 2835 2425 2892 sibi
2458 2836 2589 2893 velit
2608 2839 2784 2909 posita
2806 2840 2976 2897 facies
3005 2842 3123 2899 sive
3151 2843 3380 2912 directa,
3410 2855 3467 2902 et
3499 2848 3761 2905 obﬁrma-

2164 2933 2250 2992 ta;
2305 2943 2500 2999 nempe
2548 2928 2701 3008 illud,
2751 2933 2896 3001 quod
2950 2934 3016 2989 de
3070 2933 3299 2991 Domino
3324 2937 3595 3008 scriptum
3625 2950 3757 2997 est:

2169 3034 2192 3069 c
2223 3015 2415 3075 Facies
2450 3003 2665 3075 Domini
2694 3035 2858 3092 super
2883 3022 3145 3081 facientes
3174 3025 3334 3092 mala,
3376 3003 3453 3082 ut—
3477 3029 3762 3101 disperdat

467 3133 503 3167 ,ι
541 3129 658 3170 mas
676 3112 859 3185 populi
884 3114 1009 3175 mei,
1030 3112 1376 3169 viviﬁcabant
1395 3116 1604 3172 animas
1627 3132 1837 3173 eorum.
1862 3120 1932 3175 Et
1950 3122 2062 3179 vio-

2164 3105 2231 3162 de
2271 3116 2416 3164 terra
2448 3090 2777 3167 memoriam
2797 3127 2986 3169 eorum
3008 3112 3183 3185 (Paul.
3213 3090 3435 3188 xxii").
3468 3138 3487 3170 ι
3532 3090 3755 3176 εἐἰοειι

451 3251 454 3255 .
476 3224 501 3282 μ
536 3205 725 3263 labant
763 3194 858 3261 ine
900 3206 967 3261 ad
1011 3205 1266 3278 populum
1309 3222 1488 3262 meum
1532 3218 1754 3280 propter
1795 3213 2058 3284 pugillum

480 3319 502 3353 ι
536 3298 726 3357 hordei
754 3308 810 3355 et
841 3298 1205 3370 fragmentum
1229 3299 1417 3369 panis,
1449 3308 1510 3356 ut
1544 3302 1915 3360 interﬁcerent
1942 3306 2059 3362 ani-

478 3407 499 3443 ι
534 3404 655 3446 mas
673 3405 793 3461 quae
810 3404 919 3444 non
937 3388 1259 3455 moriuntur,
1277 3398 1332 3444 et
1352 3389 1687 3447 viviﬁcarent
1709 3394 1917 3451 animas
1936 3412 2056 3467 qua:

476 3499 497 3534 ι
535 3494 643 3539 non
670 3480 887 3546 vivunt,
918 3480 1242 3535 mentientes
1265 3480 1465 3551 populo
1493 3496 1615 3537 meo
1649 3484 1889 3540 credenti
1913 3503 2059 3542 men-

476 3586 499 3623 t
535 3569 725 3629 daciis.
756 3568 1200 3640 Proptereath
1227 3569 1356 3625 dicit
1398 3569 1659 3628 Dominus
1696 3572 1838 3630 Deus
1869 3592 1882 3629 :
1916 3575 2057 3633 Ecce

477 3681 498 3717 σ
534 3678 636 3736 ego
663 3664 731 3719 ad
755 3661 1004 3733 pulvillos
1023 3670 1253 3728 vestros,
1276 3662 1475 3732 quibus
1501 3679 1598 3719 vos
1623 3665 1818 3735 capitis
1846 3666 2055 3723 animas

476 3769 497 3803 c
539 3752 801 3816 volantes,
828 3761 883 3807 et
909 3752 1240 3822 disrumpam
1269 3767 1362 3807 eos
1388 3754 1454 3808 de
1480 3753 1718 3810 brachiis
1744 3758 1960 3813 vestris.
1989 3756 2058 3813 Et

477 3860 496 3894 ι
533 3843 803 3898 dimittam
835 3842 1071 3906 animas,
1102 3857 1240 3912 quas
1263 3858 1361 3898 vos
1387 3844 1598 3914 capitis,
1627 3846 1836 3902 animas
1867 3847 1935 3902 ad
1962 3864 2056 3903 vo-

476 3953 493 3984 ι
532 3931 751 3986 landum
781 3949 793 3984 :
824 3930 890 3987 Et
918 3928 1247 4001 disrumpam
1279 3934 1565 3989 cervicalia
1596 3946 1777 3992 vestra
1798 3978 1813 4005 ,
1841 3947 1895 3994 et
1924 3939 2055 3995 libe-

478 4046 494 4075 ι
538 4025 670 4079 rabo
694 4023 949 4093 populum
979 4038 1157 4078 meum
1190 4024 1256 4078 de
1284 4040 1444 4079 manu
1475 4037 1677 4094 vestra,
1700 4046 1875 4100 neque
1894 4041 2053 4088 erunt

474 4136 492 4166 ι
530 4114 670 4170 ultra
706 4114 760 4169 in
790 4113 1043 4169 manibus
1071 4113 1270 4168 vestris
1298 4115 1366 4169 ad
1406 4116 1775 4184 praedandum.
1812 4122 1879 4177 Et
1911 4124 2051 4180 scie-

472 4224 490 4257 ς
534 4204 635 4269 tis,
665 4204 791 4275 quia
829 4219 927 4274 ego
958 4200 1215 4258 Dominus
1241 4219 1254 4258 :
1278 4219 1377 4274 pro
1402 4220 1500 4270 eo,
1534 4210 1675 4277 quod
1708 4226 1793 4266 me
1820 4228 2051 4271 moerere

472 4316 491 4345 ι
530 4295 733 4351 fecistis
758 4310 852 4351 cor
869 4294 1003 4365 justi
1031 4292 1366 4348 mendaciter
1389 4335 1405 4361 ,
1433 4311 1593 4366 quem
1631 4314 1739 4353 non
1763 4302 2050 4359 contrista-

467 4409 486 4441 ι
531 4388 598 4452 vi,
630 4397 685 4443 et
709 4376 1067 4443 confortastis'
1089 4401 1282 4441 manus
1308 4386 1487 4458 impii,
1519 4397 1579 4444 ut
1611 4406 1719 4446 non
1748 4404 2049 4454 revertere-

464 4500 489 4534 ι
524 4489 614 4535 tur
636 4496 668 4535 a
693 4480 781 4534 via
808 4489 904 4536 Sua
934 4477 1075 4538 mala
1095 4487 1149 4533 et
1175 4478 1395 4535 viveret.
1436 4478 1725 4551 Propterea
1756 4502 1893 4542 vana
1936 4506 2045 4546 non

464 4590 486 4624 ι
519 4569 773 4625 videbitis
788 4579 842 4625 et
863 4569 1223 4625 divinationes
1252 4586 1357 4624 non
1385 4570 1695 4629 divinabitis
1718 4577 1967 4647 amplius,
1990 4590 2045 4636 et

462 4675 485 4714 ι
519 4673 708 4716 eruam
733 4659 986 4730 populum
1015 4674 1192 4715 meum
1223 4660 1290 4716 de
1316 4677 1476 4716 manu
1518 4673 1726 4731 vestra,
1770 4676 1823 4722 et
1858 4670 2041 4727 scietis
2104 4728 2109 4733 ,

462 4769 486 4805 ε
522 4750 653 4823 quia
678 4766 780 4822 ego
805 4751 1086 4817 Dominus,
1135 4770 1153 4803 ι
1186 4759 1289 4806 etc.
1330 4749 1505 4823 Supra
1544 4754 1611 4810 ad
1641 4759 1935 4827 prophetas
1960 4762 2042 4816 di-

456 4844 619 4898 vinus
647 4857 826 4897 sermo
854 4841 1094 4897 directus
1121 4849 1233 4907 est,
1274 4842 1364 4912 qui
1405 4842 1523 4899 luto
1564 4844 1824 4903 liniebant
1858 4851 2036 4920 parie-

457 4944 598 4999 tem,
651 4934 1015 5009 quod\paleas
1053 4951 1162 4989 non
1212 4933 1472 5003 haberet,
1513 4954 1614 4994 nec
1652 4938 1820 4995 ullum
1857 4952 2042 5012 posset

454 5024 651 5098 parieti
676 5027 789 5078 sive
814 5023 1063 5077 maceriae
1105 5022 1271 5077 robur
1302 5026 1557 5082 tribuere.
1587 5028 1739 5085 Nunc
1781 5032 2039 5088 adversus

454 5117 597 5175 ﬁlias
637 5116 820 5190 p0puli
856 5116 1223 5186 prophetissas
1254 5114 1475 5185 jubctur
1510 5119 1704 5175 faciem
1746 5138 1898 5178 suam
1937 5140 2037 5194 po-

454 5223 588 5265 nere
620 5208 734 5264 sive
759 5204 1022 5276 dirigere,
1058 5214 1113 5259 et
1148 5215 1206 5259 ut
1237 5205 1588 5280 Septuaginta
1624 5214 2035 5281 transtulerunt,

413 5336 428 5345 .
458 5324 475 5353 ιι
516 5298 828 5355 obfirmare.
864 5314 883 5348 ι
917 5293 1194 5362 Quomodo
1224 5306 1402 5351 autem
1429 5299 1717 5355 adversum
1742 5304 2035 5373 prophetas

452 5391 547 5447 alii
577 5383 1056 5460 pseudoprOphetm
1095 5383 1498 5453 inspirabuntur
1534 5389 1798 5446 diabolico
1843 5395 2033 5461 spiritu

454 5491 516 5537 ut
540 5479 631 5536 Dei
659 5475 912 5534 mandata
944 5474 1346 5539 subverterent,
1374 5475 1445 5529 ita
1473 5477 1756 5534 adversum
1802 5485 2036 5553 prophe-

2161 3198 2305 3254 enim
2327 3199 2582 3269 liquescit
2606 3217 2729 3259 cera
2761 3218 2793 3258 a
2819 3203 3147 3277 facieignis,
3176 3206 3257 3262 sic
3295 3216 3534 3279 pereunt
3560 3226 3761 3281 pecca-

2161 3296 2307 3345 tores
2359 3304 2389 3344 a
2434 3289 2573 3348 facie
2627 3292 2723 3349 Dei
2774 3291 2946 3364 (Paul.
3013 3292 3207 3371 uvu).
3248 3316 3268 3349 ι
3319 3296 3416 3353 Va:
3456 3299 3637 3371 igitur
3676 3302 3761 3358 his

2160 3377 2455 3437 haeresibus
2519 3383 2712 3453 hisque
2765 3384 3057 3453 doctrinis,
3113 3401 3234 3457 quae
3288 3389 3540 3461 requiem
3597 3393 3759 3463 polli-

2159 3479 2345 3527 centes
2404 3487 2619 3529 omnem
2676 3473 2891 3531 atatem
2955 3490 3252 3548 sexumque
3306 3480 3597 3550 decipiunt
3626 3523 3645 3549 ,
3701 3491 3763 3538 ut

2158 3563 2377 3631 capiant
2411 3565 2624 3621 animas
2670 3566 3033 3634 miserorum,
3097 3576 3154 3623 et
3204 3570 3594 3628 contaminent
3641 3590 3759 3630 om-

2158 3667 2281 3708 nem
2322 3654 2576 3724 populum
2607 3672 2809 3723 meum,
2841 3659 2969 3713 dum
3024 3659 3221 3715 credor
3251 3660 3479 3733 diligere
3502 3664 3760 3736 volupta-

2158 3751 2288 3809 tem,
2320 3754 2375 3800 et
2400 3744 2504 3801 hoc
2531 3762 2637 3801 non
2668 3757 2888 3819 propter
2935 3760 3124 3807 eorum
3151 3760 3207 3806 et
3242 3752 3593 3810 hemicorum
3624 3757 3759 3813 hor-

2157 3834 2261 3899 dei,
2292 3844 2350 3889 ut
2378 3836 2429 3890 in
2460 3835 2565 3891 Ose
2594 3837 2847 3908 legimus,
2875 3841 2969 3896 sed
2996 3850 3218 3912 propter
3240 3843 3504 3914 pugillum
3535 3847 3756 3915 hordei,

2155 3940 2264 3995 quo
2291 3926 2448 3981 bruta
2470 3940 2765 3985 vescuntur
2786 3930 3106 3998 animantia,
3136 3941 3193 3988 et
3218 3931 3528 4004 fragmenta
3552 3939 3756 4009 panis;

2154 4034 2259 4072 non
2290 4033 2481 4088 panem
2513 4019 2800 4090 integrum,
2838 4023 2890 4077 id
2916 4030 3014 4086 est,
3049 4022 3217 4079 solida
3252 4025 3569 4083 testimonia
3598 4028 3759 4085 Scri-

2151 4119 2455 4179 pturarum,
2488 4111 2582 4165 sed
2610 4127 2728 4181 qum
2756 4112 3010 4168 hatretica
3064 4115 3331 4185 pravitate
3353 4115 3531 4173 fracta
3560 4130 3625 4177 et
3654 4123 3755 4178 de-

2152 4210 2364 4257 curtata
2423 4211 2583 4273 atque
2621 4204 2904 4261 imminuta
2954 4216 3101 4274 sunt,
3151 4217 3211 4263 ut
3260 4216 3482 4268 sanctos
3508 4222 3755 4286 quoque

2152 4290 2423 4362 decipiant
2448 4302 2502 4348 et
2528 4295 2594 4348 ad
2617 4304 2845 4351 mortem
2877 4299 3120 4364 trahant,
3154 4308 3208 4354 et
3232 4308 3558 4371 peccatores
3595 4309 3759 4365 vanis

2151 4383 2598 4450 promissionibus
2623 4386 2897 4443 vivificare
2928 4391 3275 4445 contendant.
3300 4390 3611 4464 Propterea
3644 4399 3759 4454 cleo

2152 4489 2305 4528 mens
2326 4483 2380 4529 et
2409 4475 2716 4533 misericors
2740 4477 2882 4534 Deus
2909 4496 3016 4536 non
3074 4482 3219 4552 ipsas
3243 4485 3638 4553 prophetissae.
3670 4490 3759 4544 in-

2152 4563 2370 4627 terficit,
2432 4566 2525 4620 sed
2578 4567 2865 4649 disrumpit
2915 4569 3164 4640 pulvillos
3193 4587 3407 4640 earum,
3435 4576 3531 4644 qui
3568 4578 3758 4633 instar

2151 4653 2344 4708 retium
2370 4655 2614 4711 volantes
2634 4658 2853 4726 capiunt
2895 4661 3127 4724 animas,
3158 4672 3217 4717 ut
3245 4674 3543 4733 postquam
3600 4669 3757 4739 rupti

2147 4745 2348 4802 fuerint
2369 4748 2595 4804 liberam
2624 4751 2837 4806 volandi
2864 4751 3101 4808 habeant
3128 4753 3461 4812 facultatem.
3494 4757 3574 4813 Et
3600 4761 3757 4816 scin—

2147 4836 2276 4890 dent
2304 4836 2571 4894 velamina
2604 4839 2721 4895 sive
2765 4841 3074 4909 cervicalia,
3117 4843 3173 4898 in
3203 4844 3402 4913 quibus
3429 4846 3759 4920 principale

2145 4925 2339 4981 anima:
2365 4929 2729 4993 recumbebat,
2746 4938 2803 4985 et
2817 4931 3014 5000 quibus
3026 4933 3375 5005 deceptorum
3397 4937 3592 5006 capita
3613 4955 3755 5009 ope-

2143 5012 2442 5073 riebantur.
2496 5016 2632 5073 Cum
2674 5018 2964 5090 Apostolus
2996 5023 3212 5078 doceat
3244 5025 3484 5080 virorum
3548 5030 3755 5100 capita

2140 5120 2250 5159 non
2305 5106 2551 5174 velanda,
2608 5110 2703 5164 sed
2753 5111 2987 5166 revelata
3042 5112 3181 5168 facie
3231 5114 3460 5182 gloriam
3509 5118 3753 5176 Domini

2140 5198 2629 5267 contemplandam.
2661 5201 2770 5257 Vos
2793 5203 2959 5267 enim,
3003 5204 3193 5273 inquit,
3233 5204 3386 5259 falsis
3419 5210 3756 5268 terroribus

2139 5288 2492 5342 servientium
2543 5287 2656 5344 Deo
2703 5289 2913 5345 animos
2934 5289 3288 5361 frangebatis,
3314 5303 3371 5347 et
3398 5298 3753 5372 promissio—

2140 5378 2300 5433 nibus
2352 5377 2713 5436 fraudulentis
2763 5379 2957 5449 impios
3011 5381 3278 5439 tenebatis
3338 5383 3618 5453 inclusos,
3674 5405 3754 5446 ne

2138 5479 2361 5535 agentes
2388 5470 2784 5547 pmnitcntiam,
2822 5472 2988 5526 vitam
3015 5473 3319 5544 reciperent
3344 5491 3506 5545 quam
3543 5482 3753 5547 perdi-

457 5573 649 5637 tissas,
683 5569 859 5640 qualis
902 5566 1003 5622 fuit
1042 5564 1251 5620 Debora
1287 5564 1499 5637 (ludio.
1527 5567 1629 5640 v),
1662 5580 1717 5625 et
1751 5546 2025 5647 Dida-(IV
2049 5557 2118 5643 ζ
2137 5561 2348 5627 derant.
2374 5546 2661 5631 propterea
2699 5576 2867 5619 vanas
2895 5578 3238 5635 nequaquam
3273 5566 3527 5624 videbitis
3546 5546 3754 5627 visio-

458 5661 581 5733 Reg.
616 5661 782 5735 χιιι),
805 5670 869 5741 ct
893 5660 948 5716 in
973 5658 1198 5715 Actibus
1224 5659 1588 5734 apostolorum
1617 5661 1843 5735 Philippi
1870 5681 2034 5724 evan-

2136 5669 2251 5720 nes,
2296 5669 2397 5709 nec
2428 5653 2631 5711 vocabo
2674 5663 2855 5712 vestra
2911 5656 3197 5713 mendacia
3241 5658 3587 5733 prophetias,
3642 5665 3753 5720 sed
