3954 6182
190 363 289 421 65Ἱ
1145 364 1498 420 COMMENT.
1536 363 1604 418 IN
1645 363 2092 419 EZECIIIELEM.
2129 395 2199 406 —-—
2238 365 2362 422 LIB.
2400 367 2486 421 VI.
3331 373 3435 430 658

186 480 567 535 divinationes.
600 476 677 533 De
699 477 895 547 quibus
917 475 1176 545 scriptum
1201 485 1282 531 est
1308 495 1321 530 :
1358 495 1376 527 ι
1415 475 1531 530 Νοη
1559 484 1643 530 est
1667 491 1762 528 an-
1789 477 1835 534 A
1863 473 1957 530 sed
1986 485 2045 531 ut
2068 475 2410 533 dilectionem
2438 495 2613 547 suam,
2649 482 2804 552 quasi
2842 483 3128 553 quamdam
3174 485 3316 539 viam
3353 482 3440 542 fa—

185 569 403 640 gurium
452 566 507 623 in
564 566 756 631 Jacob,
806 580 908 621 nec
963 565 1222 621 divinatio
1267 566 1322 620 in
1376 566 1541 620 Israel
1570 566 1762 637 (Num.
1867 567 2032 631 ciant,
2060 582 2158 637 per
2186 584 2345 638 quam
2371 571 2532 625 corda
2581 572 2910 628 audientium
2937 575 3005 629 ad
3035 590 3276 632 amorem
3301 592 3438 634 con-

187 658 369 729 um).
400 677 419 710 ι
451 674 470 708 α
503 656 574 712 Ut
600 671 785 710 eruam
813 655 1068 725 populum
1093 670 1272 710 meum
1303 656 1369 710 de
1395 657 1644 712 manibus
1667 671 1762 710 ve-
1866 657 2055 712 ditoris
2104 658 2469 714 introducant.
2523 659 2748 717 Difﬁcile
2797 664 2998 733 quippe
3052 675 3154 729 est,
3185 674 3246 720 ut
3271 668 3439 724 etiam

183 751 336 813 stris,
356 757 412 802 ut
431 764 596 819 opere
618 750 1055 819 cognoscatisme
1075 765 1194 804 esse
1212 749 1621 818 Dominum,qui
1643 765 1763 818 pcr—
1864 748 2156 815 quamlibet
2182 759 2326 804 recta
2373 752 2695 807 denuntians
2733 753 3050 822 praedicator
3087 756 3176 826 qui
3212 773 3321 814 non
3349 758 3440 814 di-

185 841 326 894 (litos
345 840 568 894 liberavi
587 837 868 910 [Greg.,de
892 838 1033 892 Cura
1055 840 1331 908 pastorali,
1356 857 1409 910 p.
1427 857 1618 909 tt,cap.
1635 839 1711 910 8].
1737 861 1756 892 ι
1863 835 2045 907 ligitur
2072 838 2304 894 libenter
2333 841 2600 894 audiatur.
2635 843 2804 897 Debet
2831 859 2979 914 ergo,
3024 847 3114 915 qui
3143 857 3362 916 praeest.
3385 855 3446 906 et

183 930 322 996 Quia
352 930 608 982 nimirum
652 944 806 983 amor
839 929 1089 997 proprius
1113 945 1235 982 cum
1269 922 1495 983 rectdl‘is
1522 938 1758 983 mentem
1862 927 2078 982 studere
2104 944 2161 983 se
2188 930 2360 1000 diligi,
2411 940 2677 1000 quatenus
2724 937 2897 1002 possit
2936 937 3128 991 audiri.
3160 939 3225 992 Et
3255 948 3438 996 tamen

187 1021 392 1089 ceperit
419 1063 434 1086 ,
480 1020 767 1089 aliquando
799 1021 938 1074 hanc
972 1019 1276 1075 inordinate
1333 1022 1400 1075 ad
1453 1019 1758 1083 mollitiem,
1859 1036 2102 1077 amorem
2130 1039 2286 1078 suum
2307 1040 2403 1093 pro
2433 1027 2724 1096 semetipso
2752 1043 2856 1082 non
2885 1044 3146 1096 quaerere,
3181 1047 3251 1087 ne
3279 1033 3439 1090 iuve—

184 1111 475 1180 aliquando
502 1125 632 1165 vero
667 1108 737 1164 ad
761 1111 1110 1180 aSperitatem
1159 1112 1316 1180 rapit.
1350 1111 1427 1164 Ex
1457 1125 1642 1164 amore
1673 1118 1757 1164 et-
1859 1114 2040 1168 niatur
2078 1114 2145 1177 ei,
2190 1115 2277 1169 cui
2309 1117 2516 1170 servire
2537 1132 2634 1186 per
2661 1116 2892 1172 officium
2933 1121 3194 1186 cernitur,
3225 1121 3437 1177 occulta

178 1205 328 1258 enim
367 1219 466 1258 suo
510 1219 665 1259 mens
714 1204 940 1258 rectoris
968 1205 1022 1257 in
1049 1204 1328 1259 mollitiem
1357 1204 1606 1269 vertitur,
1632 1202 1757 1272 quia
1859 1205 2200 1274 cogitationis
2246 1207 2526 1276 tyrannide
2557 1207 2842 1262 resultare.
2885 1207 3037 1275 Quod
3074 1210 3208 1264 bene
3235 1209 3433 1269 Paulus
3514 1203 3516 1205 ’

178 1309 306 1349 cum
334 1303 624 1364 peccantes
665 1294 908 1348 subditos
941 1294 1180 1363 reSpicit,
1235 1308 1302 1347 ne
1335 1309 1461 1364 erga
1489 1294 1634 1347 hunc
1661 1308 1756 1347 eo-
1859 1293 2115 1358 insinuat,
2152 1311 2274 1350 cum
2329 1297 2412 1351 sui
2464 1297 2618 1352 nobis
2668 1297 2830 1363 studii
2855 1299 3067 1360 occulta
3101 1302 3436 1369 manifestat,

180 1398 302 1437 tum
332 1383 548 1438 dilectio
570 1392 800 1452 torpeat,
825 1385 1098 1452 corripere
1134 1399 1240 1438 non
1273 1384 1572 1452 praesumit.
1605 1381 1756 1437 Non-
1856 1383 2080 1438 dicens:
2120 1405 2137 1436 ι
2186 1385 2338 1440 Sicut
2387 1395 2441 1442 et
2470 1402 2569 1456 ego
2616 1403 2714 1458 per
2741 1388 2923 1443 omnia
2972 1391 3221 1445 omnibus
3249 1391 3436 1460 placeo

179 1489 458 1542 nunquam
509 1490 639 1529 vero
685 1484 867 1529 errata
917 1477 1276 1538 subditorum,
1327 1491 1447 1544 qua:
1476 1475 1757 1543 increpare
1857 1472 1909 1543 (1
1948 1472 2069 1527 Cor.
2119 1475 2196 1544 x).
2229 1475 2374 1542 »ρυί
2429 1479 2630 1531 tamen'
2656 1493 2844 1533 rursus
2895 1480 3060 1535 dicit:
3099 1500 3116 1533 ι
3153 1481 3210 1536 Si
3260 1484 3438 1538 adhuc

180 1564 444 1618 debuerat
498 1564 894 1620 adulationibus
949 1566 1238 1620 demulcet.
1296 1564 1450 1619 Unde
1484 1580 1582 1633 per
1617 1565 1755 1619 Pro-
1856 1565 2163 1618 hominibus
2190 1565 2478 1635 placerem,
2509 1567 2710 1622 Christi
2737 1584 2926 1624 servus
2947 1585 3053 1623 non
3083 1585 3258 1625 essem
3287 1571 3431 1642 (Gal.

174 1654 398 1722 phetam
429 1655 719 1710 dicituru
771 1657 862 1711 Vae
887 1655 988 1720 bis,
1036 1657 1126 1725 qui
1191 1665 1461 1711 consuunt
1506 1657 1756 1726 pulvillos
1855 1652 1916 1724 ι).
1957 1674 1974 1706 ›
2009 1654 2188 1736 Placet
2241 1671 2371 1725 ergo
2426 1655 2648 1722 Paulus,
2705 1668 2759 1712 et
2807 1675 2914 1713 non
2961 1659 3156 1730 placet,
3210 1661 3332 1730 quia
3378 1661 3433 1715 in

177 1744 281 1798 sub
307 1745 451 1799 omni
507 1746 690 1800 cubito
728 1761 940 1811 manus,
985 1754 1040 1800 et
1090 1746 1296 1801 faciunt
1341 1747 1622 1802 cervicalia
1655 1749 1754 1802 sub
1795 1760 1941 1822 ﬁco,
1969 1745 2108 1815 quod
2143 1746 2356 1815 placere
2389 1748 2610 1816 appetit,
2657 1764 2764 1803 non
2794 1765 2872 1818 se,
2905 1751 3000 1805 sed
3043 1767 3141 1822 per
3167 1767 3225 1807 se
3253 1753 3432 1808 homi-

173 1837 353 1905 capite
382 1838 647 1893 universae
675 1839 872 1903 aetatis,
899 1839 965 1894 ad
993 1839 1282 1908 capiendas
1314 1840 1544 1894 animas.
1581 1859 1600 1892 ι
1635 1839 1756 1893 Pul-
1785 1821 1830 1880 Β
1859 1835 2018 1890 nibus
2053 1836 2265 1904 placere
2289 1837 2574 1912 veritatem
2609 1841 2820 1907 quaerit.
3051 1821 3054 1822 ν
3200 1830 3202 1833 ’

176 1926 334 1981 villos
384 1929 580 1998 quippe
625 1930 725 1984 sub
781 1930 930 1983 omni
967 1929 1149 1984 cubito
1208 1944 1400 1984 manus
1445 1943 1646 1998 ponere
1674 1938 1758 1984 est
2423 1947 2650 2003 CAPUT
2687 1949 2823 2004 xw,

129 2033 132 2038 ·
175 2019 433 2073 cadentes
457 2035 487 2072 a
519 2035 613 2074 sua
661 2021 982 2076 rectitudine
1042 2022 1251 2076 animas
1304 2029 1465 2090 atque
1510 2021 1562 2074 in
1598 2019 1755 2087 hujus
1859 2031 2084 2088 Ρι-ουιετ
2108 2035 2759 2111 Ιιοηιξηιιηηὶῃιηηιηάὶιὶλαε
2789 2057 2891 2095 non
2927 2043 3180 2110 prmdicat
3219 2047 3318 2111 eis,
3342 2063 3435 2102 nec

174 2111 360 2162 mundi
387 2125 446 2164 se
471 2110 758 2167 dilectione
784 2112 1104 2166 reclinantes
1126 2111 1320 2166 blanda
1336 2111 1644 2165 adulatione
1672 2125 1756 2164 re-
2141 2123 2173 2158 a
2194 2107 2455 2176 prophetis
2479 2125 2569 2162 nec
2592 2126 2622 2162 a
2649 2109 2816 2179 plagis
2843 2107 3148 2167 liberantur.

174 2197 377 2254 fovere.
416 2201 580 2268 Quasi
627 2203 769 2256 enim
799 2203 1017 2271 pulvillo
1067 2203 1280 2256 cubitus
1335 2201 1418 2256 \el
1473 2201 1754 2255 cervicali-
1931 2212 1950 2245 ι
1984 2192 2052 2247 Et
2083 2204 2348 2250 Venerunt
2372 2199 2439 2251 ad
2466 2213 2553 2251 me
2579 2197 2682 2251 "iri
2711 2199 2953 2255 seniores
2983 2200 3168 2268 Israel,
3198 2211 3254 2258 εἰ
3275 2205 3432 2261 sede-

172 2289 274 2345 bus
297 2301 458 2360 caput
477 2291 709 2360 jacentis
734 2295 1022 2362 excipitur,
1056 2309 1176 2348 cum
1204 2294 1566 2362 correptionis
1597 2294 1750 2349 duri-
1838 2301 1882 2336 --σ
1917 2294 2042 2338 mni
2069 2300 2252 2339 coram
2278 2302 2384 2340 me.
2420 2287 2490 2342 Ει
2532 2286 2709 2343 laetus
2768 2298 2852 2345 est
2899 2305 3078 2346 sermo
3125 2293 3338 2349 Domini
3364 2294 3434 2350 ad

175 2380 253 2434 tia
304 2382 552 2444 peecanti
611 2383 967 2447 subtrahitur,
1021 2383 1178 2452 eique
1242 2383 1498 2438 mollities
1555 2383 1736 2438 favori:

1876 2390 1882 2424 π
1919 2389 2006 2428 me
2034 2374 2219 2430 dicens
2250 2393 2262 2429 :
2313 2375 2416 2430 Fili
2457 2376 2710 2444 hominis,
2745 2380 2846 2433 viri
2883 2380 2969 2434 isti
3009 2392 3307 2450 posuerun‘t
3333 2385 3437 2440 ἰηι-

171 2473 486 2539 adbibetur,
515 2482 575 2527 ut
601 2475 654 2527 in
683 2488 871 2530 errore
919 2461 1156 2530 molliter
1185 2474 1385 2543 jaceat,
1421 2490 1579 2544 quem
1609 2474 1752 2528 nulla
1860 2483 1879 2516 ι
1918 2467 2212 2521 munditias
2242 2483 2367 2523 81135
2393 2469 2445 2522 in
2470 2469 2721 2524 cordibus
2751 2472 2882 2536 θυῖε,
2915 2481 2968 2526 (εἴ
2995 2473 3305 2528 scandalum
3332 2477 3438 2529 ini-

169 2565 432 2634 .speﬁlas
487 2566 928 2620 οοηιιιθάίοιῖοηὶε
978 2566 1172 2635 pulsat,
1237 2567 1330 2621 sed
1361 2568 1476 2621 hinc
1513 2576 1753 2621 reciores
1859 2573 1881 2608 ι
1918 2556 2138 2624 quitatis
2170 2574 2282 2613 ευιε
2303 2566 2608 2614 statuerunt
2632 2570 2820 2615 contra
2853 2562 3044 2617 faciem
3079 2580 3252 2619 suam.
3287 2566 3432 2622 Νιιιι-

169 2655 259 2724 qui
291 2655 612 2724 semetipsos
639 2656 885 2726 diligunt,
924 2656 1008 2710 his
1047 2657 1232 2725 procul
1279 2657 1440 2712 dubio
1468 2658 1746 2722 exhibent,
1859 2667 1879 2702 ε
1915 2649 2044 2718 quid
2082 2650 2445 2722 interrogatus
2501 2654 2835 2722 reSpondeho
2891 2655 3012 2709 eis?
3062 2656 3292 2727 Propter
3330 2660 3436 2716 hoc.

167 2762 198 2799 a
225 2745 425 2814 quibus
455 2759 513 2799 se
538 2746 721 2800 noceri
748 2761 908 2815 posse
937 2747 988 2800 in
1019 2747 1198 2801 studio
1228 2747 1410 2817 gloriae
1434 2747 1747 2816 temporalis
1859 2757 1878 2792 ι
1913 2739 2134 2809 loquere
2171 2743 2273 2806 εἰς,
2326 2752 2381 2797 et
2410 2743 2556 2799 dices
2585 2746 2652 2800 ad
2684 2761 2778 2800 eos
2809 2763 2820 2798 :
2856 2746 2981 2801 liceo
3011 2749 3141 2804 dicit
3172 2750 3434 2806 Dominus

167 2837 377 2889 timent.
407 2834 541 2888 Nam
566 2851 704 2904 quos
726 2836 857 2890 nihil
884 2845 1071 2890 contra
1096 2851 1153 2890 se
1183 2836 1360 2891 valere
1389 2837 1748 2906 conspiciunt,
1857 2848 1877 2882 ‹
1909 2829 2051 2884 Deus
2081 2848 2095 2884 :
2132 2832 2301 2886 Homo
2334 2833 2496 2888 homo
2522 2836 2586 2891 de
2613 2837 2772 2911 domo
2802 2836 2987 2902 Israel.
3041 2841 3132 2908 qui
3189 2843 3433 2910 posuerit

170 2926 269 2979 hos
291 2926 552 2979 nimirum
592 2927 879 2994 asperitate
923 2941 1134 2997 semper
1187 2927 1375 2998 rigidae
1429 2928 1747 2983 invectionis
1857 2920 2282 2999 gimmunditias
2311 2939 2437 2982 suas
2467 2925 2520 2979 in
2551 2928 2713 2980 corde
2753 2942 2868 2990 suo,
2901 2937 2955 2982 et
2982 2917 3295 2984 scandalum
3327 2932 3433 2987 ini-

166 3023 443 3084 premunt,
465 3031 740 3085 nunquam
763 3017 1057 3072 clementer
1102 3018 1415 3082 admonent,
1443 3019 1536 3074 sed
1562 3029 1748 3088 pasto—
1856 3027 1877 3062 ι
1913 3012 2134 3080 (lunatis
2163 3028 2274 3068 θυῖε
2301 3015 2552 3068 εῑῖιωϐτίι
2580 3024 2767 3069 contra
2807 3016 2997 3070 faeie"!
3049 3033 3225 3084 suam.
3259 3029 3314 3074 ει
3337 3037 3433 3074 V0-

169 3105 294 3160 ralis
344 3107 775 3162 mansuetudinis
819 3107 969 3162 obliti
1020 3107 1144 3175 jure
1195 3109 1582 3164 dominationis
1635 3118 1730 3164 ter-

1870 3121 1875 3154 ι
1911 3104 2051 3156 nerit
2077 3103 2142 3157 ad
2171 3104 2510 3173 prophetam,
2560 3105 2900 3175 interrogans
2927 3123 3022 3175 per
3051 3097 3174 3162 eum
3198 3125 3302 3173 me,
3331 3126 3431 3182 ego

164 3209 324 3267 rem,
384 3217 521 3272 quos
569 3212 716 3256 recle
770 3215 867 3272 per
918 3202 1243 3271 Propheta")
1298 3202 1478 3256 divina
1524 3217 1628 3256 νοχ
1659 3202 1746 3255 in-
1776 3171 1820 3231 C
1857 3209 1877 3244 ι
1912 3193 2171 3247 Dominus
2215 3194 2548 3262 respondebo
2579 3193 2629 3248 Ci
2662 3195 2713 3247 ill
2747 3195 3087 3252 multitudine
3136 3197 3430 3260 immundi—

163 3302 372 3362 crepat,
402 3293 626 3346 dicens:
661 3310 680 3342 ι
725 3291 834 3346 Vos
875 3301 1054 3346 autem
1087 3308 1209 3347 cum
1241 3294 1556 3348 austeritate
1580 3295 1748 3363 impe—
1855 3301 1875 3334 ι
1913 3285 2127 3347 “arum,
2164 3292 2224 3336 ιη
2274 3284 2522 3352 capiam”
2559 3284 2750 3337 domus
2805 3283 2971 3338 Ῐδηιεί
3013 3285 3066 3338 in
3116 3287 3277 3341 Corde
3307 3303 3427 3354 δυο,

161 3384 369 3438 nimis
398 3383 498 3449 eis,
535 3391 590 3439 ei
625 3398 748 3437 cum
787 3384 1030 3453 polentia
1079 3384 1296 3454 (Each.
1322 3385 1531 3457 nx”),
1569 3405 1586 3437 ,
1621 3386 1742 3454 plus
1855 3391 1874 3424 ‹
1906 3388 2013 3442 quo
2043 3381 2385 3426 recesserunt
2416 3387 2445 3424 a
2471 3385 2556 3425 me
2587 3372 2640 3424 in
2671 3373 2880 3426 cunctis
2911 3373 3068 3440 idolis
3119 3377 3249 3458 suis.
3294 3376 3427 3431 Pro-

163 3486 223 3526 δε
262 3487 370 3526 suo
413 3481 636 3527 auclore
689 3471 992 3542 diligentes,
1025 3471 1298 3540 iactante,-
1345 3489 1472 3544 erga
1504 3475 1746 3530 subditos
1853 3482 1872 3514 ι
1909 3473 2094 3532 pterea
2123 3461 2210 3516 dic
2237 3461 2304 3514 ad
2330 3462 2544 3516 domum
2574 3461 2780 3515 Israel:
2832 3461 2954 3516 Haec
2985 3463 3119 3517 dicit
3166 3466 3425 3522 Dominus

159 3575 221 3615 se
241 3562 480 3630 erigunt,
515 3575 613 3615 nec
639 3560 766 3629 quid
793 3575 952 3631 agere
975 3561 1225 3625 debeam,
1259 3562 1352 3616 sed
1375 3563 1504 3632 quid
1532 3563 1747 3617 valeam
1852 3572 1872 3606 ι
1910 3554 2049 3608 Deus
2079 3571 2090 3606 ε
2123 3551 2512 3607 convertimini
2540 3559 2593 3605 ct
2623 3551 2856 3606 recedite
2909 3548 2976 3606 ai)
3022 3553 3177 3608 iiIOIiS
3204 3557 3423 3621 vestris,

159 3654 483 3717 attendunt,
522 3652 655 3706 nihil
677 3653 740 3707 de
769 3653 1110 3722 subsequenti
1135 3652 1340 3721 judicio
1367 3661 1610 3709 metuunt
1643 3656 1720 3708 im

1858 3663 1872 3696 ι
1907 3655 1962 3698 et
1993 3645 2060 3698 ab
2091 3643 2360 3697 universis
2410 3641 2956 3696 contaminationibus
3011 3643 3228 3708 vestris,
3261 3660 3419 3698 aver-

155 3743 330 3810 pnobe
354 3741 420 3796 de
448 3741 728 3810 temporali
766 3749 1029 3810 potestate
1060 3743 1387 3812 gloriantur,
1418 3743 1566 3814 [libet
1596 3753 1650 3798 nt
1678 3745 1743 3798 li-
1852 3753 1872 3786 ‹
1909 3735 2007 3789 tite
2035 3732 2200 3788 facies
2248 3741 2481 3796 vestras,
2514 3731 2636 3800 quia
2691 3731 2851 3784 homo
2883 3731 3041 3785 homo
3069 3733 3134 3787 de
3159 3734 3318 3788 domo
3341 3735 3418 3788 Is-

158 3841 352 3886 center
373 3831 561 3886 illicita
589 3831 807 3896 faciant,
860 3841 913 3885 et
963 3833 1300 3887 subditorum
1334 3848 1490 3888 nemo
1517 3846 1740 3890 contra-
1851 3848 1868 3880 ‹
1907 3827 2040 3893 rael.
2073 3836 2129 3882 et
2159 3827 2224 3882 de
2254 3824 2541 3895 ιποεειῐιῑε
2575 3825 2885 3894 quicunque
2916 3825 3120 3880 advena
3176 3826 3338 3882 fuerit
3365 3828 3418 3882 in

158 3922 329 3976 dicat.
378 3922 481 3996 Qui
540 3937 671 3992 ergo
721 3929 776 3976 et
821 3937 984 3991 prava
1028 3923 1211 3978 studet
1267 3939 1444 3994 agere,
1480 3933 1533 3980 et
1563 3936 1741 3981 tamen
1851 3937 1870 3970 ε
1906 3917 2094 3982 Israel,
2135 3918 2178 3970 si
2202 3916 2466 3970 alienatus
2496 3913 2654 3968 fuerit
2683 3915 2736 3968 in
2764 3915 2925 3970 Israel
2957 3932 2987 3969 a
3013 3932 3116 3980 me,
3143 3926 3196 3972 et
3222 3934 3420 3987 posue-

155 4013 227 4067 ad
260 4013 376 4067 haec
399 4013 515 4066 vult
545 4022 772 4068 caeteros
803 4021 982 4068 tacere
1003 4054 1016 4079 ,
1046 4015 1161 4083 ipse
1198 4015 1414 4070 sibimet
1451 4018 1608 4072 testis
1638 4027 1716 4073 est

1858 4027 1868 4059 ι
1907 4008 1978 4060 rit
1999 4005 2141 4061 idola
2164 4020 2261 4060 sua
2287 4006 2340 4059 in
2367 4005 2528 4059 corde
2553 4019 2673 4070 suo,
2697 4013 2750 4058 et
2780 4005 3093 4060 scandalum
3120 4008 3419 4078 iniquitatis

154 4102 286 4172 quia
315 4102 434 4172 plus
459 4118 516 4157 se
559 4103 784 4157 veritate
818 4103 1021 4174 appetit
1044 4104 1211 4173 diligi,
1249 4119 1409 4173 quam
1457 4115 1645 4161 contra
1685 4123 1715 4162 si

1860 4111 2015 4150 (sua:
2077 4095 2326 4150 statuerit
2373 4102 2561 4148 contra
2612 4093 2806 4148 faciem
2855 4111 3048 4161 suam,
3107 4106 3162 4151 et
3214 4101 3421 4155 venerit

151 4207 271 4246 non
296 4190 409 4246 vult
437 4191 668 4246 defendi.
699 4192 868 4247 Nemo
894 4193 1090 4263 quippe
1129 4203 1213 4250 est
1263 4196 1352 4264 qui
1382 4196 1456 4250 ita
1482 4196 1656 4263 vivat,
1684 4214 1712 4251 u

1857 4205 1868 4238 l
1907 4187 1974 4240 ad
2004 4187 2342 4256 prophetam,
2374 4193 2434 4238 ut
2459 4184 2754 4255 interroget
2778 4199 2874 4256 per
2908 4201 3029 4239 eum
3056 4203 3158 4251 me,
3185 4204 3283 4258 ego
3316 4191 3418 4244 Do-

151 4285 502 4354 aliquatenus
531 4303 637 4341 non
672 4287 975 4357 delinquat.
1001 4287 1093 4343 Ille
1127 4305 1256 4361 ergo
1298 4291 1475 4360 seipse
1513 4294 1743 4363 amplius
1848 4298 1867 4329 ί
1901 4277 2080 4332 minus
2117 4277 2450 4346 respondebo
2478 4275 2528 4329 εί
2552 4290 2646 4344 P‘3r
2703 4291 2810 4339 mea
2863 4284 2916 4328 οἱ
2969 4292 3166 4344 Poni"!l
3219 4278 3414 4333 Γιιυίυη)

151 4376 447 4431 veritatem
503 4378 773 4433 desidera;
827 4381 1020 4446 amari,
1079 4382 1171 4451 qui
1221 4382 1324 4437 sibi
1367 4385 1573 4439 animo
1629 4385 1742 4439 νιιιι
1847 4390 1866 4424 ε
1904 4386 2077 4425 meam
2111 4385 2272 4440 super
2319 4370 2589 4425 hominem
2651 4369 2818 4434 illum,
2879 4381 2934 4422 et
2964 4369 3155 4425 faciam
3209 4388 3330 4426 eum
3360 4375 3413 4427 in

150 4473 350 4519 contra
379 4458 665 4520 veritatem
704 4467 873 4536 parci.
909 4467 1045 4533 Hinc
1073 4470 1274 4524 etenim
1322 4471 1518 4527 Petrus
1558 4473 1707 4528 incre

1850 4482 1864 4512 ι
1900 4462 2202 4531 exemplum
2233 4468 2287 4514 et
2342 4461 2394 4513 in
2449 4458 2815 4530 proverbium,
2844 4468 2897 4511 et
2931 4458 3232 4527 disperdam
3290 4478 3411 4516 eum

146 4555 433 4625 pationem
463 4555 614 4611 Pauli
640 4525 870 4627 libenter
891 4531 1117 4629 accepit.
1141 4559 1278 4614 Hinc
1305 4525 1470 4616 David
1497 4525 1707 4631 increpa

1849 4571 1864 4604 ι
1901 4552 1966 4605 de
1991 4525 2169 4606 medio
2184 4550 2364 4621 populi
2390 4525 2514 4613 mei,
2551 4556 2604 4602 et
2632 4548 2813 4602 scietis
2854 4548 2980 4616 quia
3010 4525 3109 4617 ego
3134 4549 3410 4607 Dominus.

147 4645 361 4698 tionem
394 4644 590 4698 subditi
619 4646 896 4700 humiliter
922 4647 1146 4702 audivit.
1179 4647 1314 4715 Quia
1341 4659 1580 4704 rectores
1611 4651 1737 4705 boni
1845 4662 1864 4695 ε
1901 4643 1968 4697 El
1997 4643 2255 4713 pPOPhela
2292 4655 2413 4694 cum
2444 4637 2706 4694 θητινετίι
2743 4647 2796 4692 οι
2831 4639 3042 4693 Ῑοουιυδ
3076 4641 3236 4695 Γυθτῖι
3284 4659 3409 4698 νει·-

144 4733 290 4788 dum
317 4734 526 4803 privato
555 4734 776 4805 diligere
804 4751 989 4791 amore
1017 4751 1075 4791 se
1121 4738 1390 4804 nesciunt,
1423 4739 1607 4793 liberae
1632 4755 1734 4809 pu-
1843 4753 1863 4786 ι
1899 4735 2047 4799 bum,
2105 4750 2202 4805 ego
2235 4731 2492 4786 Dominus
2544 4731 2726 4798 decepi
2780 4730 3096 4800 prophetam
3144 4733 3312 4787 illum.
3344 4735 3412 4790 Et

143 4824 339 4879 ritatis
390 4825 617 4879 verbum
677 4841 709 4879 a
755 4826 982 4881 subditis
1036 4826 1356 4897 obsequium
1415 4829 1736 4884 humilitatis
1801 4836 1860 4876 ἰ
1898 4823 2184 4880 extendam
2239 4836 2456 4875 manum
2488 4835 2666 4873 meam
2696 4818 2858 4888 super
2906 4819 3080 4887 illum,
3132 4831 3186 4875 et
3222 4823 3410 4879 delebo

138 4911 405 4968 credunt.
440 4912 550 4968 sed
596 4914 739 4969 inter
768 4914 884 4970 tunc
937 4929 1157 4971 necesse
1182 4923 1286 4981 est,
1326 4924 1390 4971 ut
1423 4931 1552 4971 cura
1587 4919 1736 4989 regi.
1841 4933 1859 4965 ι
1895 4929 2020 4968 eum
2046 4912 2112 4966 de
2141 4910 2319 4965 medio
2345 4909 2530 4980 populi
2554 4909 2656 4961 mei
2683 4909 2865 4972 Israel,
2900 4919 2955 4962 et
2984 4912 3278 4979 portabunt
3305 4913 3412 4970 ini-

137 5003 321 5056 minis
344 5011 490 5058 tanta
533 5005 918 5060 moderaminis
940 5014 1059 5061 aue
1089 5015 1441 5076 temperetur,
1468 5016 1732 5081 quatenus
1840 5021 1858 5053 ι
1899 5002 2160 5071 quitatem
2201 5013 2374 5054 suam.
2406 4996 2567 5051 Juxta
2613 4997 2950 5066 iniquitatem
3000 4999 3400 5074 interrogantis,

134 5093 494 5150 subditorum
521 5108 678 5150 mens
704 5110 826 5150 cum
864 5097 1107 5165 quaedam
1135 5107 1282 5154 recte
1314 5099 1517 5153 sentire
1541 5106 1732 5168 potue-
1797 5112 1856 5159 με
1893 5091 1973 5147 sic
2033 5089 2292 5159 iniquitas
2341 5087 2619 5158 prophetae
2674 5088 2796 5150 erit,
2832 5095 2892 5140 ut
2923 5104 3027 5143 non
3082 5100 3231 5144 erret
3263 5091 3404 5146 ultra

131 5185 244 5248 τῖε,
287 5184 363 5240 sic
392 5185 446 5238 in
470 5184 620 5242 vocis
649 5184 955 5239 libertatem
1001 5185 1247 5256 prodeat,
1278 5195 1338 5242 ιιι
1364 5196 1542 5243 tamen
1569 5188 1732 5261 iiber.
1837 5200 1856 5233 ι
1891 5183 2082 5236 domus
2141 5177 2299 5232 Israel
2329 5193 2359 5232 a
2385 5193 2493 5243 me,
2546 5191 2720 5245 neque
2749 5177 3021 5245 polluatur
3050 5179 3102 5232 in
3135 5181 3402 5235 universis
3477 5195 3480 5202 ·

132 5284 236 5330 tas
269 5275 324 5328 in
346 5275 656 5345 superbiam
678 5290 784 5332 non
813 5284 1080 5345 erumpat,
1111 5291 1178 5333 ne
1203 5277 1328 5332 dum
1363 5276 1596 5332 fortasse
1624 5278 1726 5331 im-
1837 5291 1856 5324 ι
1892 5269 2426 5342 prmvaricationibus
2480 5269 2611 5334 suis,
2644 5269 2736 5323 sed
2766 5271 2836 5323 sit
2867 5270 2998 5322 mihi
3029 5269 3081 5323 in
3123 5271 3394 5340 populum,

128 5367 485 5424 moderatius
504 5366 700 5437 linguae
722 5367 802 5421 eis
821 5366 1046 5421 libertas
1067 5368 1540 5432 conceditur,vit:-e
1559 5369 1725 5423 abhis
1839 5384 1857 5416 ι
1893 5373 1947 5419 et
2002 5378 2102 5433 ego
2156 5364 2256 5418 sim
2308 5365 2387 5417 eis
2440 5363 2494 5416 in
2556 5363 2748 5426 Demn,
2803 5363 2880 5416 ait
2907 5361 3167 5417 Dominus
3191 5364 3398 5417 exerci-

128 5455 432 5511 bumilitas
457 5456 757 5518 amittatur.
795 5455 1083 5511 Sciendum
1109 5471 1355 5525 quoque,
1388 5459 1531 5526 quod
1559 5473 1722 5527 opor-
1763 5469 1772 5478 ‘
1835 5474 1855 5508 ε
1890 5464 2058 5520 tuum,
2093 5473 2112 5506 ι
2141 5464 2244 5508 etc.
2274 5451 2845 5524 (Hieron.)Postquam
2866 5453 3072 5508 locutus
3091 5460 3173 5507 est
3201 5452 3267 5506 ad
3282 5467 3401 5522 pro-

125 5552 297 5610 teat,
328 5552 388 5598 ut
411 5550 651 5600 rectores
685 5544 813 5598 boni
849 5543 1062 5613 placere
1087 5545 1394 5599 hominibus
1445 5555 1722 5620 appetant,
1828 5545 2037 5616 phetas,
2070 5544 2160 5612 qni
2191 5543 2584 5614 prophetabant
2636 5543 2702 5598 de
2724 5544 2883 5598 corde
2909 5559 3024 5606 suo,
3063 5551 3119 5596 et
3140 5541 3398 5598 liniebant

121 5634 241 5690 sed
282 5639 338 5687 ut
371 5647 484 5689 suae
504 5633 878 5700 aestimationis
909 5632 1191 5689 dulcedine
1219 5635 1496 5704 proximos
1517 5637 1568 5708 in
1597 5636 1712 5690 all'e-
1827 5636 2086 5705 parietem
2113 5629 2316 5703 absque
2344 5642 2785 5704 temperamento,
2817 5642 2871 5686 et
2906 5633 2982 5685 ‘ad
3027 5634 3396 5701 prophetissas

121 5734 306 5782 ctum
327 5723 575 5779 veritatis
603 5723 841 5791 trahant,
883 5738 988 5778 non
1015 5731 1077 5778 ut
1100 5738 1158 5780 se
1191 5725 1360 5780 amari
1392 5726 1720 5793 desiderent,
1829 5739 1947 5793 quae
1981 5725 2308 5778 consuebant
2347 5723 2657 5790 cervicalia,
2710 5732 2764 5797 et
2795 5720 3062 5786 ponebant
3091 5720 3190 5776 sub
3243 5723 3394 5778 omni
3485 5758 3492 5767 ι
