3954 6182
574 426 675 486 65:”)

571 535 749 597 cubito
776 548 986 597 manus,
1011 533 1391 602 faciebantque
1419 533 1711 601 velamina;
1741 541 1796 589 et
1825 534 2143 605 aperiebant

570 627 746 697 capita
774 625 1039 680 universae
1064 624 1261 691 aetatis,
1319 639 1418 694 per
1452 640 1572 694 qua:
1618 640 2000 695 perversorum
2045 625 2146 679 do-

570 729 806 793 gmatum
867 717 1113 772 doctrina
1161 725 1515 782 monstratur,
1571 727 1840 772 venerunt
1890 716 1955 770 ad
2017 731 2145 785 pro-

570 810 781 881 phetam
820 825 926 863 non
964 824 1152 864 omnes
1178 824 1360 873 senes,
1395 826 1462 865 ne
1504 812 1684 864 cuncti
1718 811 2029 864 viderentur
2054 824 2145 863 er-

571 906 713 964 rare”,
746 900 839 953 sed
870 899 1089 968 quidam
1144 904 1416 954 seniorum
1446 898 1634 964 lsrael,
1679 907 1733 953 et
1764 899 2021 952 sederunt
2050 913 2144 951 eo-

571 1008 686 1047 ram
712 992 991 1062 propheta,
1024 1005 1186 1060 quam
1219 992 1289 1045 ob
1343 1005 1561 1044 causam
1599 989 1879 1043 venissent
1928 988 2145 1041 interim

569 1086 785 1141 silentio
815 1084 1141 1140 differentes.
1185 1084 1490 1153 Statimque
1520 1083 1616 1138 Dei
1648 1098 1826 1137 sermo
1859 1082 2032 1137 factus
2060 1088 2146 1136 est

568 1177 636 1230 ad
664 1178 1008 1247 pr0pbetam,
1057 1177 1303 1231 indicans
1337 1191 1436 1231 cur
1461 1177 1735 1231 adessent.
1769 1174 1954 1242 Neque
1999 1175 2143 1227 enim

570 1274 774 1322 naturae
807 1266 1042 1321 hominis
1089 1274 1206 1330 est,
1250 1265 1496 1333 quamvis
1536 1264 1710 1318 sancti
1738 1264 1914 1318 cordis
1947 1278 2144 1317 arcana

569 1371 914 1428 cognoscere,
937 1358 1075 1411 unde
1102 1357 1165 1411 de
1192 1356 1307 1411 solo
1332 1357 1529 1410 dicitur
1551 1354 1831 1410 Salvatore
1857 1372 1871 1408 :
1896 1373 1914 1406 ι
1944 1355 2145 1410 Videris

571 1459 750 1504 autem
786 1448 945 1505 Jesus
970 1451 1324 1520 cegitationes
1353 1464 1541 1504 eorum
1571 1450 1709 1504 dixit
1742 1468 1755 1504 :
1790 1449 1860 1505 Ut
1888 1448 2015 1520 quid
2048 1464 2142 1503 co-

572 1540 755 1613 gitatis
796 1542 936 1595 mala
987 1542 1038 1595 in
1080 1542 1333 1597 cordibus
1392 1541 1631 1596 vestris?
1661 1541 1878 1611 (Matth.
1928 1541 2028 1614 ιιι.)
2079 1540 2145 1596 Ει

570 1639 653 1684 est
702 1645 891 1685 sensus
936 1650 947 1684 :
994 1631 1096 1684 Fili
1138 1631 1404 1696 hominis,
1457 1631 1544 1686 isti
1583 1631 1684 1685 viri
1725 1631 1818 1701 qui
1868 1646 2050 1698 coram
2092 1640 2145 1685 te

569 1723 777 1788 sedent,
828 1731 1127 1793 posuerunt
1178 1724 1548 1779 immunditias
1599 1739 1726 1779 suas
1782 1724 1836 1777 in
1891 1725 2144 1779 cordibus

568 1815 700 1878 suis,
755 1814 870 1869 sive
921 1815 1297 1885 cogitationes.
1352 1815 1420 1870 Et
1462 1813 1609 1883 iuxta
1652 1812 2037 1884 Symmachum
2088 1822 2144 1869 et

571 1903 994 1959 Theodotionem
1023 1922 1041 1955 ι
1066 1904 1206 1958 idola
1226 1911 1281 1958 et
1308 1903 1644 1968 scandalum,
1666 1923 1686 1956 ι
1717 1903 1770 1957 id
1796 1913 1900 1969 est,
1931 1904 2143 1959 ruinam

1196 426 1254 477 Β.
1295 423 1545 479 RABANI
1584 423 1802 480 usum
1840 423 2160 497 another.

2203 424 2511 481 MOGUNT.
2554 425 2841 483 OPERUM
2876 426 3056 483 PARS
3095 427 3159 482 Il.
3719 430 3788 487 66’.

2170 541 2219 599 Α
2246 534 2607 605 dopropheta,
2635 535 2725 604 qui
2754 545 3065 608 συνωνυμῶς
3097 538 3363 608 propheta
3413 539 3723 608 appellatur.
3746 542 3793 601 Et

2248 628 2316 683 de
2343 628 2434 683 illo
2458 628 2860 698 Scripturarum
2877 630 2995 686 loco
3021 630 3153 686 solvi
3182 640 3382 700 potest,
3407 635 3626 702 quando
3646 634 3795 693 Achab

2249 734 2345 774 rex
2375 719 2537 774 lsrael
2568 722 2769 776 vadens
2797 722 2862 776 ad
2904 722 3147 791 praelium
3199 738 3309 777 non
3354 723 3467 778 vult
3512 724 3697 779 audire
3718 724 3792 780 lli-

2248 811 2452 865 chaeam
2484 813 2825 881 prophetam,
2878 814 2972 866 sed
3015 811 3613 883 pseudoprophetarum
3656 818 3797 870 consi-

2246 898 2333 953 liis
2360 901 2676 969 acquiescit,
2715 901 2952 970 dicitque
2979 900 3228 956 Michaaas
3262 904 3403 971 quod
3434 903 3632 957 viderit
3655 903 3793 960 Domi.

2250 1005 2377 1042 num
2409 991 2679 1044 sedentem
2712 990 2766 1044 in
2792 991 2950 1055 solio,
3000 1000 3054 1045 et
3080 993 3285 1047 erroris
3311 993 3563 1062 spiritum
3599 995 3729 1050 ultro
3749 1012 3793 1052 se

2246 1078 2528 1143 obtulisse,
2559 1081 2626 1133 ad
2656 1080 3029 1150 decipiendum
3059 1097 3262 1151 regem.
3309 1082 3564 1138 Diabolus
3613 1099 3791 1155 quoque

2252 1167 2304 1220 in
2327 1168 2599 1222 volumine
2631 1165 2732 1222 Job
2758 1170 3085 1225 circumiens
3114 1179 3314 1226 terram
3364 1181 3514 1226 stare
3545 1173 3729 1228 dicitur
3751 1178 3791 1229 in

2249 1269 2537 1328 conspectu
2567 1259 2683 1314 Dei.
2717 1260 2783 1314 Et
2805 1261 2861 1315 in
2889 1262 3245 1317 substantiam
3284 1265 3461 1333 primo
3484 1263 3610 1329 Job,
3636 1267 3792 1321 deinde

2248 1348 2300 1403 in
2330 1365 2525 1417 corpus
2575 1348 2693 1418 ejus
2740 1353 2987 1421 accipere
3014 1368 3043 1407 a
3068 1353 3298 1409 Domino
3342 1364 3684 1425 potestatem.
3708 1358 3791 1413 Sed

2247 1445 2302 1490 et
2323 1436 2541 1490 Balaam
2565 1426 2802 1493 hariolus
2821 1454 2851 1493 a
2876 1438 3098 1495 Domino
3114 1441 3365 1507 mittitur,
3390 1452 3449 1497 ut
3471 1444 3701 1515 decipiat
3714 1447 3792 1501 Ba-

2246 1524 2363 1580 laac
2383 1526 2552 1580 ﬁlium
2576 1527 2733 1582 Bcor.
2780 1527 2893 1583 Hoc
2916 1539 3094 1584 autem
3125 1539 3297 1585 totum
3325 1532 3546 1599 dicitur,
3576 1550 3646 1590 ne
3667 1550 3791 1606 μεως

2247 1616 2701 1684 doprophetarum
2748 1616 3045 1674 fortitudini
3101 1631 3397 1691 reputetur,
3434 1625 3582 1694 quod
3628 1626 3794 1697 decipi-

2247 1712 2334 1758 tur
2359 1704 2608 1774 populus,
2638 1714 2694 1767 et
2720 1708 2893 1778 magis
2914 1708 3026 1762 vult
3046 1710 3235 1764 audire
3272 1712 3637 1777 mendacium,
3659 1731 3791 1784 quam

2246 1794 2464 1849 veritati
2492 1810 2677 1851 aurem
2709 1799 3145 1861 accommodare,
3178 1801 3273 1855 sed
3315 1802 3456 1870 quod
3486 1802 3585 1857 Dei
3616 1805 3701 1859 ira:
3720 1806 3792 1867 sit,

2172 1878 2219 1938 B
2246 1892 2306 1937 ut
2333 1897 2622 1954 perversus
2676 1887 2903 1958 populus
2930 1897 2985 1943 et
3030 1890 3342 1948 incredulus
3389 1894 3565 1964 magis
3591 1897 3794 1964 pseudo-

567 2004 728 2065 atque
743 2002 1070 2050 tormentum
1087 1993 1384 2063 iniquitatis
1403 2002 2049 2065 sum,posuemntcontra
2068 1993 2145 2049 fa-
2244 1976 2539 2045 Prophetas
2565 1976 2767 2044 ευάῖεην
2803 1993 2967 2049 quam
3011 1981 3322 2051 Ρτορδθῑδε·
3354 1985 3603 2054 Denique
3632 1997 3795 2042 enen-

565 2086 703 2140 eiem
718 2100 888 2150 suam,
907 2092 963 2139 et
981 2084 1060 2139 sic
1079 2084 1147 2138 ad
1170 2084 1555 2140 sciscitandum
1578 2084 1791 2140 Domini
1816 2099 2012 2140 venere
2034 2101 2147 2141 ser-

566 2193 800 2233 monem.
831 2176 1081 2247 Nunquid
1120 2176 1487 2245 hujuscemodi
1515 2177 1825 2232 hominibus
1852 2178 2019 2233 debeo
2053 2194 2141 2233 re-

564 2269 849 2339 spondere,
879 2270 1111 2340 quicum
1143 2270 1556 2342 cogitationibus
1576 2271 1823 2340 pristinis
1846 2270 1914 2325 ad
1934 2287 2019 2326 me
2043 2287 2139 2326 ve—
2172 2328 2175 2333 ,

561 2362 737 2423 niunt,
762 2375 829 2416 ne
851 2363 954 2416 hoc
979 2361 1197 2432 quidem
1224 2370 1466 2431 tempore
1486 2362 1777 2432 impietatis
1799 2378 1908 2417 suae
1933 2362 2139 2418 scelera

559 2449 954 2521 relinquentes,
993 2450 1086 2508 sed
1120 2451 1402 2507 credentes
1440 2451 1596 2507 idolis
1630 2461 1684 2508 et
1720 2454 2139 2511 divinationibus

556 2540 961 2608 fraudulentis,
986 2551 1041 2597 et
1078 2543 1340 2599 habentes
1371 2543 1582 2597 ruinam
1618 2544 1923 2615 iniquitatis
1949 2556 2136 2601 contra

556 2633 750 2690 faciem
764 2650 914 2689 suam
931 2676 946 2701 ,
971 2645 1132 2705 atque
1160 2637 1669 2702 tormentum,.dum
1695 2637 1915 2693 meliora
1942 2640 2135 2709 despe-

556 2736 700 2791 rant,
729 2735 784 2781 et
806 2730 981 2798 parati
1015 2738 1141 2785 sunt
1165 2730 1230 2784 ad
1262 2722 1601 2800 supplicium,
1633 2742 1687 2787 et
1711 2733 1789 2788 sic
1820 2750 1936 2787 mea
1964 2749 2059 2804 per
2083 2743 2135 2788 te

554 2819 777 2887 cupiunt
806 2821 969 2874 verba
1003 2823 1360 2890 cognoscere?
1385 2823 1488 2889 Qui
1517 2823 1679 2891 igitur
1706 2838 1959 2893 perverso
1986 2827 2051 2879 ad
2081 2834 2132 2879 te

554 2911 717 2966 corde
746 2922 1029 2977 venerunt,
1061 2915 1320 2983 responde
1364 2915 1463 2979 eis,
1495 2930 1601 2968 non
1633 2929 1698 2968 ex
1736 2932 1964 2986 persona
2018 2927 2128 2981 tua,

553 3016 622 3060 ne
650 3001 783 3057 levis
819 3003 891 3058 sit
919 3005 1212 3058 auctoritas
1239 3006 1635 3075 respondentis,
1665 3007 1758 3061 sed
1784 3024 1849 3062 ex
1878 3023 1997 3063 meo
2024 3008 2130 3061 im-

551 3092 723 3163 perio.
752 3093 820 3146 Et
846 3092 991 3148 dices
1020 3094 1085 3147 ad
1113 3108 1206 3149 eos
1230 3112 1243 3148 :
1281 3114 1298 3145 ‹
1332 3095 1455 3149 llam
1478 3097 1609 3151 dicit
1632 3097 1889 3152 Dominus
1913 3098 2070 3152 Deus.
2103 3117 2122 3149 ι

550 3182 648 3238 Est
674 3183 818 3237 enim
848 3186 1012 3243 totius
1059 3186 1184 3251 loci,
1220 3194 1280 3240 ut
1322 3186 1482 3241 latam
1513 3189 1945 3258 explanationem
1976 3191 2125 3246 brevi

551 3286 799 3327 sermone
864 3274 1314 3343 comprehendam
1389 3276 1494 3331 ista
1560 3278 1827 3332 sententia
1883 3297 1895 3331 :
1955 3277 2126 3334 llomo

550 3346 732 3428 homo,
783 3378 889 3417 non
927 3362 1153 3418 aliarum
1200 3366 1463 3435 gentium,
1508 3383 1735 3436 quarum
1768 3385 1923 3425 error
1947 3378 2124 3439 potest

546 3452 751 3508 habere
785 3454 1019 3520 veniam,
1048 3457 1140 3509 sed
1170 3457 1360 3510 domus
1389 3456 1573 3522 lsrael,
1601 3461 1691 3529 qui
1720 3477 1844 3515 cum
1878 3462 2125 3530 pristinis

546 3540 715 3607 vitiis,
740 3542 806 3597 de
834 3543 1028 3613 quibus
1052 3559 1215 3614 supra
1244 3546 1500 3613 diximus,
1529 3549 1935 3618 atl‘prophe‘tam
1962 3566 2125 3606 vene-

547 3636 621 3691 rit
652 3636 1059 3703 sciscitandum,
1126 3653 1224 3708 ego
1278 3641 1610 3711 respondebo
1659 3642 1710 3696 ei
1759 3639 1914 3710 juxta
1945 3658 2040 3697 cor
2068 3652 2124 3697 et

545 3723 916 3780 immunditias
942 3742 1086 3791 suas,
1130 3736 1188 3781 ut
1213 3728 1365 3802 juxta
1414 3729 1558 3798 quod
1585 3729 1699 3784 vult
1743 3739 1797 3785 et
1825 3731 2014 3797 credit,
2047 3733 2121 3786 ita

547 3815 749 3879 audiat.
792 3814 907 3868 Non
939 3817 1079 3870 enim
1127 3828 1365 3879 meretur
1409 3822 1818 3885 correctionem,
1868 3822 1957 3892 qui
2012 3838 2119 3877 non

550 3903 809 3969 discendi,
868 3907 962 3963 sed
1017 3910 1256 3963 tentandi
1291 3911 1471 3967 animo
1500 3914 1818 3983 interrogat.
1854 3915 2116 3971 Recesse-

548 4003 675 4059 ruut
700 3996 843 4049 enim
872 4012 901 4049 a
937 4012 1041 4063 me,
1069 4007 1123 4052 et
1145 4001 1284 4057 idola
1321 4011 1446 4056 sunt
1488 4007 1677 4063 secuti.
1704 4006 1993 4077 Brevisque
2019 4009 2118 4062 ista

547 4095 632 4142 est
659 4088 1025 4152 comminatio,
1055 4097 1113 4142 ut
1143 4090 1396 4144 recedant
1446 4093 1514 4149 ab
1565 4095 1723 4149 idolis
1775 4097 2117 4165 cogitationi-

537 4163 757 4251 busque
802 4180 1089 4250 perversis.
1150 4180 1215 4235 Et
1270 4190 1653 4237 convertantur
1692 4186 1758 4239 ad
1791 4163 1877 4240 me
1900 4189 2117 4258 propria

548 4272 753 4328 scelera
784 4271 1170 4343 relinquentes.
1202 4271 1318 4328 Non
1356 4273 1498 4327 enim
1531 4283 1769 4329 meretur
1806 4278 1993 4340 audire
2022 4295 2117 4334 ve-

550 4369 766 4421 rit-item
800 4362 896 4432 qui
946 4349 1318 4420 fraudulenter
1370 4365 1681 4433 interrogat,
1716 4368 1807 4422 sed
1831 4384 1927 4423 suo
1957 4371 2118 4427 corde

545 4458 838 4530 capiendus
882 4468 986 4521 est,
1021 4461 1320 4513 secundum
1350 4459 1493 4533 quod
1526 4458 1730 4516 Scriba:
1760 4471 1814 4516 et
1856 4462 2115 4520 Phariszei

544 4548 935 4621 interrogantes
990 4548 1299 4614 Dominum,
1356 4549 1465 4605 imo
1515 4558 1807 4617 tentantes,
1839 4554 2105 4609 audiunt:
2140 4572 2189 4630 Ι)

549 4658 567 4685 ι
599 4636 737 4701 Quid
790 4653 874 4691 me
906 4640 1174 4694 tcntatis?
1213 4639 1428 4711 (Matth.
1466 4640 1606 4714 xm.)
1665 4662 1683 4695 ι
1737 4643 1805 4697 Ει
1851 4660 2066 4699 rursum
2099 4664 2111 4700 :

548 4746 565 4777 ι
600 4726 711 4782 Nec
740 4743 839 4799 ego
889 4729 1041 4785 vobis
1091 4730 1288 4795 dicam,
1338 4732 1394 4786 in
1423 4747 1529 4803 qua
1554 4733 1754 4790 virtute
1779 4735 1894 4789 haec
1920 4734 2114 4790 faciam

541 4816 753 4894 (Ηιίίί.)⁸
787 4845 805 4877 ι
839 4820 940 4899 Qui
973 4831 1151 4881 autem
1180 4821 1302 4881 talis
1338 4822 1501 4884 homo
1548 4832 1652 4893 est,
1687 4835 1741 4885 et
1769 4827 1846 4881 sic
1875 4827 2111 4882 interro-

539 4920 652 4994 gat,
679 4914 830 4984 ponit
857 4914 999 4969 Deus
1026 4914 1219 4970 faciem
1266 4932 1419 4973 suam
1451 4933 1613 4987 super
1635 4917 1805 4989 illum,
1838 4919 1952 4974 sive
1981 4930 2112 4974 con-

537 5012 741 5074 firmat,
772 5016 833 5065 ut
855 5009 1171 5063 austeritate
1220 4997 1397 5069 vultus
1428 5005 1621 5061 frontis
1651 5007 1845 5061 duritia
1902 5006 2112 5062 mollia-

538 5110 649 5164 tur,
679 5107 735 5154 et
783 5098 854 5153 sit
897 5098 950 5152 in
984 5095 1289 5165 exemplum
1326 5105 1381 5151 et
1410 5097 1463 5150 in
1512 5096 1875 5169 proverbium,
1916 5095 2029 5149 sive
2056 5095 2110 5149 in

538 5189 953 5250 sollicitudinem
982 5196 1037 5242 et
1064 5187 1115 5240 in
1146 5188 1444 5255 interitum,
1492 5197 1552 5241 nt
1579 5187 1668 5242 illo
1694 5186 1905 5256 perdito
1928 5185 1995 5240 de
2019 5202 2113 5259 po-

536 5282 663 5360 pulo
686 5281 801 5347 Dei,
835 5284 1155 5349 cognoscant
1186 5276 1366 5330 caeteri
1412 5274 1555 5346 quod
1584 5274 1698 5346 ipse
1729 5275 1801 5335 sit
1829 5272 2110 5340 Dominus,

536 5376 628 5447 qui
657 5371 839 5429 cordis
882 5381 1082 5424 arcana
1112 5366 1409 5436 cognoscit,
1440 5373 1494 5420 et
1523 5364 1935 5437 perversitatem
1962 5379 2111 5417 men-

537 5467 606 5527 tis
631 5461 902 5532 intelligit,
938 5474 1038 5514 nee
1065 5456 1372 5513 considerat
1418 5454 1752 5527 loquentium
1781 5453 1968 5518 verba,
2015 5454 2109 5507 sed

534 5557 718 5613 corda.
757 5551 1020 5620 Quodque
1071 5547 1316 5617 sequitur
1349 5562 1363 5599 :
1396 5545 1463 5599 Et
1497 5544 1709 5600 videtur
1758 5541 1936 5599 facere
1966 5556 2110 5610 qure-

534 5647 785 5709 stionem,
815 5660 833 5695 r
872 5638 1135 5712 propheta
1175 5651 1296 5690 cum
1330 5633 1596 5691 erraverit
1626 5642 1680 5687 et
1708 5631 1919 5686 locutus
1947 5628 2111 5685 fuerit

536 5740 754 5793 verbum
789 5753 803 5789 :
851 5747 951 5804 ego
978 5730 1236 5786 Dominus
1266 5728 1452 5796 decepi
1491 5727 1813 5797 prophetam
1861 5724 2031 5789 illum,
2082 5742 2100 5775 ι

540 5843 644 5891 non
682 5833 931 5901 putemus
981 5821 1049 5877 de
1072 5834 1202 5881 vero
1245 5817 1509 5899 propheta
1547 5815 1678 5881 diei,
1728 5815 1824 5871 sed
1853 5816 1917 5870 de
1943 5826 2108 5885 pseu-

2243 2065 2324 2120 dit
2347 2081 2566 2121 manum
2594 2082 2746 2123 suam
2777 2084 2939 2140 super
2963 2086 3107 2137 eum,
3132 2072 3454 2131 subauditur
3475 2077 3793 2146 prophetam.

2241 2155 2309 2208 Et
2336 2156 2547 2212 deletur
2575 2159 2642 2215 de
2664 2159 2841 2216 medio
2870 2162 3051 2231 populi
3079 2160 3216 2231 ejus,
3244 2174 3307 2219 ut
3332 2174 3517 2235 portet
3562 2168 3799 2239 iniquita-

2243 2255 2348 2301 tem
2372 2262 2558 2314 suam,
2589 2251 2716 2319 quia
2752 2251 2944 2306 similis
2971 2253 3202 2322 erroris,
3241 2264 3297 2310 et
3321 2271 3485 2325 pmna
3525 2259 3801 2315 consimilis

2238 2337 2331 2402 sit,
2357 2349 2418 2391 ut
2444 2348 2550 2393 tam
2577 2340 2666 2395 ille
2693 2341 2784 2409 qui
2808 2342 3127 2415 interrogat,
3152 2360 3314 2415 quam
3345 2346 3434 2402 ille
3461 2350 3558 2418 qui
3586 2350 3801 2405 interro-

2237 2437 2416 2498 gatur,
2442 2436 2660 2498 portent
2688 2432 3026 2500 iniquitatem
3055 2450 3230 2501 suam,
3262 2445 3318 2490 et
3351 2452 3691 2510 nequaquam
3717 2441 3799 2494 do-

2237 2534 2359 2574 mus
2378 2519 2543 2575 lsrael
2561 2535 2770 2586 eorum,
2790 2524 2882 2592 qui
2903 2523 2998 2578 Dei
3019 2526 3183 2582 verba
3199 2527 3388 2581 audire
3408 2528 3679 2585 voluerint
3695 2544 3805 2600 pen

2236 2611 2410 2665 versis
2435 2612 2907 2668 vaticinationibus
2937 2614 3209 2684 illudatur,
3234 2618 3332 2673 sed
3356 2618 3592 2689 populus
3616 2621 3734 2682 Dei,
3757 2629 3807 2674 et

2235 2701 2351 2771 ipse
2375 2703 2661 2757 Dominum
2690 2704 2857 2758 Deum
2886 2706 3089 2762 habere
3122 2716 3417 2763 mereatur.
3446 2709 3509 2764 In
3547 2726 3645 2776 eo,
3677 2710 3806 2780 quod

2234 2794 2373 2849 dixit
2398 2814 2411 2848 :
2449 2814 2467 2846 ι
2504 2794 2616 2866 Ego
2639 2798 2900 2853 Dominus
2919 2799 3104 2868 decepi
3131 2799 3300 2854 illum.
3330 2799 3642 2857 Salomonis
3661 2802 3808 2856 verba

2233 2884 2594 2949 consentiunt,
2614 2887 2707 2954 qui
2736 2886 2803 2941 de
2828 2885 2941 2942 Deo
2963 2888 3265 2957 disputans,
3291 2889 3366 2942 ait
3394 2908 3408 2943 :
3437 2908 3457 2941 ι
3495 2890 3567 2945 Ει
3586 2890 3807 2945 illusori-

2231 2972 2332 3029 bus
2360 2973 2545 3029 illudet
2568 2975 2747 3048 (Prov.
2776 2978 2880 3049 ιιι).
2919 2997 2939 3029 ι
2969 2977 3209 3047 llludque
3242 2979 3621 3035 testimonium
3652 2999 3665 3035 :
3700 2998 3719 3030 σ
3760 2979 3811 3034 Si

2230 3065 2627 3120 ambulaverint
2648 3068 2715 3121 ad
2747 3083 2833 3122 me
2856 3072 3134 3138 perversi,
3165 3080 3219 3124 et
3247 3085 3350 3141 ego
3375 3073 3673 3128 ambulabo
3699 3087 3812 3128 con-

2230 3167 2315 3210 tra
2344 3171 2438 3211 eos
2467 3158 2519 3211 in
2544 3157 2726 3214 furore
2748 3175 3005 3229 perverso
3026 3161 3208 3231 (Lerit.
3236 3164 3408 3234 xxvi).
3436 3163 3709 3236 Quodque
3732 3179 3812 3219 se-

2155 3236 2199 3298 C
2231 3247 2405 3305 condo
2430 3250 2645 3318 dicitur,
2682 3270 2700 3302 ί
2733 3251 2905 3306 Homo
2936 3252 3097 3329 homo
3123 3252 3357 3308 filiorum
3382 3255 3554 3311 lsrael
3576 3266 3635 3310 et
3659 3258 3810 3310 adve-

2227 3356 2443 3406 narum,
2465 3341 2557 3410 qui
2575 3340 2751 3410 juncti
2781 3350 2906 3396 sunt
2927 3343 3023 3407 eis,
3060 3363 3078 3394 ι
3104 3342 3370 3413 duplicem
3395 3344 3451 3403 in
3481 3345 3813 3413 nobisjuxta

2224 3429 2539 3499 Apostolum
2563 3431 2800 3485 ostendit
2825 3432 3118 3496 hominem,
3149 3432 3463 3488 interiorem
3499 3444 3559 3488 et
3582 3434 3811 3489 exterio-

2226 3535 2359 3573 rem.
2386 3519 2534 3574 Multi
2555 3521 2697 3575 enim
2720 3521 2980 3577 habentes
3003 3522 3236 3577 hominis
3258 3521 3451 3578 faciem
3477 3525 3816 3596 corporalem

2224 3611 2558 3665 diversarum
2586 3612 2883 3667 bestiarum
2911 3621 3193 3668 assumunt
3223 3613 3514 3685 imagines,
3546 3632 3691 3685 quas
3715 3615 3818 3669 dis~

2222 3702 2384 3771 sipari
2405 3703 2675 3773 Propheta
2701 3704 2923 3774 cupiens
2949 3705 3270 3774 deprecatur
3297 3724 3311 3761 :
3344 3724 3363 3757 (
3395 3707 3662 3773 Domine,
3676 3708 3731 3760 in
3754 3704 3819 3761 ei-

2224 3795 2386 3848 vitate
2414 3802 2504 3847 tua
2532 3795 2819 3864 imaginem
2845 3810 3032 3849 eorum
3056 3795 3346 3865 dissipabis
3372 3794 3558 3867 (Paul.
3581 3799 3773 3867 Lxxu).
3794 3814 3813 3846 ι

2220 3885 2295 3937 Illi
2334 3887 2399 3939 de
2427 3886 2624 3953 quibus
2643 3887 2908 3954 scriptum
2933 3894 3017 3941 est
3045 3903 3058 3939 :
3101 3904 3119 3937 ι
3154 3885 3328 3943 Homo
3363 3901 3492 3943 cum
3527 3891 3587 3945 in
3620 3891 3820 3944 honore

2219 3985 2392 4040 esset,
2426 3992 2531 4031 non
2571 3976 2862 4041 intellexit,
2908 3987 3255 4047 comparatus
3277 3976 3668 4046 estjumentis
3696 3978 3822 4032 insi-

2218 4070 2488 4138 pientibus
2522 4082 2576 4125 et
2600 4071 2795 4125 similis
2842 4068 3017 4126 factus
3053 4078 3137 4126 est
3162 4070 3270 4125 illis
3293 4066 3483 4141 (Psal.
3517 4069 3767 4143 xum);
3795 4087 3813 4119 ³

2218 4176 2324 4215 non
2360 4171 2484 4215 sunt
2532 4162 2780 4217 homines
2818 4162 3099 4228 homines,
3141 4162 3235 4217 sed
3273 4161 3533 4218 homines
3577 4173 3713 4219 sunt
3742 4162 3825 4231 jn-

2217 4262 2418 4307 menta.
2451 4253 2681 4308 Rursum
2710 4254 2803 4322 qui
2827 4254 2881 4307 in
2900 4254 3190 4325 Evangelio
3216 4254 3440 4309 audiunt
3476 4274 3491 4308 :
3528 4275 3550 4306 ι
3588 4254 3827 4325 Serpen-

2218 4354 2319 4408 tes,
2348 4344 2619 4412 genimina
2664 4344 2994 4412 viperarum,
3028 4343 3151 4412 quis
3177 4344 3414 4398 ostendit
3435 4346 3613 4401 vobis
3639 4345 3827 4417 fugere

2216 4448 2246 4486 a
2275 4440 2501 4486 ventura
2531 4433 2657 4486 ira?
2688 4452 2707 4487 ›
2744 4431 2972 4502 (Matth.
3073 4432 3191 4503 ιιι.)
3242 4431 3362 4488 Non
3393 4440 3539 4490 emit
3576 4436 3827 4490 homines

2216 4523 2492 4586 homines,
2518 4523 2612 4577 sed
2643 4530 2767 4577 sunt
2790 4522 3035 4576 homines
3062 4530 3360 4592 serpentes.
3399 4522 3475 4578 Et
3523 4526 3600 4581 de
3633 4527 3830 4595 quibus

2215 4612 2474 4680 scriptum
2513 4620 2597 4669 est
2639 4630 2652 4666 ε
2695 4612 2895 4681 Vulpes
2947 4612 3126 4667 foveas
3170 4612 3401 4677 habent,
3457 4626 3527 4670 et
3558 4616 3828 4671 'volueres

2213 4702 2335 4755 εαξη
2389 4703 2544 4757 nidos
2579 4701 2794 4773 (Matth.
2835 4702 2986 4774 vin),
3022 4719 3041 4753 ι
3083 4711 3138 4757 ει
3165 4703 3233 4757 de
3262 4701 3486 4761 Herode
3535 4725 3551 4760 :
3596 4725 3619 4758 ι
3659 4707 3832 4761 Dicite

2125 4799 2135 4809 '
2211 4793 2353 4861 vulpi
2382 4793 2505 4846 huic
2527 4791 2680 4863 (Luc.
2709 4792 2829 4864 xm)
2851 4832 2865 4856 ,
2905 4811 2923 4843 ι
2958 4807 3064 4847 non
3095 4799 3220 4847 sunt
3248 4793 3513 4850 homines
3546 4797 3829 4858 homines,

2210 4884 2302 4938 sed
2326 4883 2571 4938 homines
2590 4882 2796 4953 vulpes.
2823 4883 2924 4950 Qui
2950 4897 3081 4938 vero
3107 4891 3399 4951 utrumque
3424 4884 3699 4941 hominis
3735 4901 3830 4939 vo—

2196 4973 2456 5030 cabulum
2482 4972 2755 5043 possident
2769 5000 2791 5037 ,-
2820 4973 2865 5027 si
2888 4972 3226 5036 erraverint,
3251 4970 3374 5027 ideo
3395 4987 3511 5041 per
3554 4976 3833 5045 supplicia

2211 5046 2588 5133 corriguntur,
2632 5071 2693 5117 ut
2726 5050 3025 5132 intelligant
3058 5060 3203 5129 quod
3247 5061 3365 5130 ipse
3403 5063 3487 5117 sit
3532 5064 3834 5120 Dominus.

2289 5193 2308 5228 ι
2345 5176 2413 5230 Ει
2451 5174 2627 5229 factus
2654 5182 2739 5229 est
2768 5188 2946 5229 sermo
2973 5174 3183 5228 Domini
3209 5174 3277 5228 ad
3306 5188 3396 5228 me
3422 5174 3693 5232 dicens:
3733 5176 3834 5230 Fili

2220 5281 2240 5315 ι
2275 5263 2528 5328 hominis,
2557 5271 2701 5317 terra
2728 5277 2851 5316 cum
2876 5263 3181 5331 peccaverit
3201 5261 3356 5327 mihi,
3385 5270 3451 5316 ut
3483 5266 3841 5334 praevarica-

2221 5375 2239 5409 ι
2277 5363 2365 5409 tur
2390 5354 2754 5425 praevaricans
2797 5353 3085 5407 extendam
3134 5368 3353 5409 manum
3398 5370 3613 5411 meam
3670 5374 3841 5428 super

2221 5465 2239 5498 ι
2277 5461 2417 5511 eam,
2450 5453 2505 5500 et
2536 5448 2812 5500 conteram
2850 5445 3057 5514 virgam
3098 5446 3260 5515 panis
3292 5446 3438 5516 ejus,
3500 5457 3570 5503 et
3626 5451 3842 5506 immit.

2218 5559 2239 5593 ‹
2273 5549 2382 5594 tam
2411 5539 2467 5592 in
2492 5553 2611 5592 eam
2638 5538 2856 5601 famem,
2884 5544 2939 5590 et
2960 5535 3283 5590 interfieiam
3312 5537 3380 5591 de
3426 5553 3507 5592 ea
3539 5540 3841 5595 hominem

2219 5648 2239 5683 r
2273 5638 2327 5685 et
2354 5628 2680 5698 iumentum.
2712 5628 2778 5681 Et
2805 5628 2852 5682 si
2886 5627 3089 5681 fuerint
3117 5636 3228 5681 tres
3269 5627 3371 5681 viri
3401 5627 3522 5685 isti
3554 5632 3620 5687 in
3653 5634 3843 5690 medio

2217 5739 2237 5772 ι
2273 5719 2411 5789 ejus,
2445 5719 2577 5785 Noe,
2608 5718 2795 5772 Daniel
2836 5726 2891 5772 et
2932 5715 3054 5783 Job,
3086 5718 3185 5787 ipsi
3226 5716 3443 5786 iustitia
3490 5736 3608 5776 sua
3635 5724 3845 5779 libera-

2217 5828 2236 5867 ι
2271 5808 2406 5865 bunt
2427 5808 2638 5864 animas
2663 5822 2808 5875 suas,
2838 5807 2915 5863 ait
2954 5806 3215 5864 Dominus
3239 5808 3647 5871 exercituum.
3679 5812 3842 5889 Quod
