3954 6182
379 216 480 272 661

1342 221 1693 288 COMMENT‘.
1735 220 1802 276 ΙΝ
1840 220 2292 277 EZECHIELEM.
2319 251 2390 263 —
2428 222 2556 278 LIB.
2598 223 2686 280 Vl.

3523 227 3628 285 663

383 349 402 378 ‹
439 331 484 383 si
515 337 572 383 et
603 329 804 385 bestias
857 331 1116 402 pessimas
1150 332 1430 410 induxere.
1457 350 1617 404 super
1649 343 1869 396 terram,
1901 342 1959 386 ut
1989 338 2032 393 Α
2065 331 2156 398 qui
2210 331 2261 385 in
2295 339 2438 386 terra
2493 334 2761 398 habitam,
2814 347 2919 387 non
2963 343 3188 403 possunt
3237 336 3332 389 irae
3360 337 3454 391 Dei
3500 337 3628 391 sub-

385 438 405 469 ‹
441 429 644 475 vastem
691 435 836 486 eam,
866 431 922 475 et
947 421 1107 476 fuerit
1138 423 1302 487 invia,
1339 440 1404 478 eo
1435 425 1576 493 quod
1608 440 1714 477 non
1744 424 1814 477 sit
1836 423 1976 492 per?

2059 422 2272 475 trahere
2293 461 2309 485 ,
2349 423 2478 490 quid
2511 423 2795 478 dicendum
2825 431 2912 477 est
2933 424 2999 479 de
3030 424 3135 489 his,
3173 424 3265 494 qui
3295 434 3484 494 putant
3511 441 3627 482 me—

382 524 402 556 ι
442 509 712 561 transiens
751 516 973 578 propter
1001 510 1224 574 bestias,
1265 519 1376 565 tres
1405 511 1505 565 viri
1554 513 1641 566 isti
1674 513 1718 565 si
1756 511 1956 565 fuerint
2055 512 2158 566 rito
2186 523 2466 581 parentum
2495 523 2656 584 atque
2700 515 2989 570 virtutibus
3037 530 3195 584 posse
3219 516 3358 570 ﬁlios
3385 526 3629 586 peccato—

379 613 400 646 ι
436 594 492 648 in
517 610 603 659 ea,
639 597 760 651 vivo
790 613 911 666 ego,
929 598 1058 652 dicit
1088 599 1367 663 Dominus,
1396 601 1521 668 quia
1559 616 1660 654 nec
1691 600 1829 654 ﬁlios
1855 615 1953 654 nec

379 702 400 734 ‹
435 685 575 739 ﬁlias
603 686 927 752 liberabunt,
974 692 1067 741 sed
1115 689 1213 756 ipsi
1241 690 1338 743 soli
1371 691 1765 756 liberabuntur,
1805 701 1951 746 terra

380 795 397 826 ι
439 786 618 831 autem
649 779 996 833 desolabitur.
1036 780 1133 835 Vel
1163 781 1207 836 si
1242 779 1476 851 gladium
1505 756 1765 838 induxe‘ro
1790 799 1952 852 super

377 883 398 915 ι
437 875 637 920 terram
655 869 820 934 illam,
839 879 891 923 et
907 871 1095 925 dixero
1107 871 1300 940 gladio,
1319 869 1510 928 Transi
1531 889 1630 944 per
1651 883 1868 940 terram,
1895 884 1949 931 et

377 974 396 1006 ι
434 957 757 1014 interfecero
785 960 852 1014 de
877 976 940 1015 ea
986 963 1256 1017 hominem
1287 973 1343 1016 et
1386 963 1710 1033 jumentum,
1742 974 1792 1018 et
1838 975 1948 1021 tres

375 1066 394 1097 ι
431 1049 534 1102 viri
565 1050 652 1103 isti
681 1049 878 1104 fuerint
906 1053 958 1105 in
991 1053 1166 1106 medio
1193 1052 1330 1122 ejus.
1352 1054 1487 1108 Vivo
1519 1069 1641 1124 ego,
1677 1055 1806 1110 dicit
1838 1058 1944 1110 Do-

310 1136 318 1141 ’
374 1155 392 1186 ι
435 1138 614 1191 minus
645 1137 808 1203 Deus,
842 1156 948 1194 non
1006 1139 1311 1197 liberabant
1366 1143 1504 1200 ﬁlios
1534 1161 1633 1200 nec
1664 1147 1821 1211 ﬁlias,
1852 1149 1943 1202 sed

371 1248 389 1278 ι
429 1228 530 1296 ipsi
579 1230 675 1284 soli
733 1231 1120 1286 liberabuntur.
1153 1233 1209 1288 Si
1267 1245 1447 1289 autem
1476 1246 1531 1291 et
1581 1238 1942 1306 pestilentiam

371 1337 388 1368 ε
427 1319 702 1375 immisero
757 1337 921 1392 super
975 1332 1176 1378 terram
1232 1326 1400 1391 illam,
1448 1337 1504 1381 et
1531 1328 1769 1383 effudere
1805 1331 1942 1384 indi-

367 1427 386 1457 ι
423 1409 732 1476 gnationem
769 1426 941 1465 meam
991 1429 1153 1483 super
1174 1431 1294 1469 eam
1348 1417 1401 1470 in
1439 1419 1718 1487 sanguine,
1757 1427 1814 1472 ut
1846 1435 1939 1474 au-

366 1517 386 1547 ι
429 1497 600 1553 feram
649 1502 716 1556 de
769 1517 832 1557 ea
863 1504 1134 1560 hominem
1181 1516 1234 1562 et
1276 1507 1600 1578 jumentum,
1634 1520 1689 1566 et
1722 1511 1853 1577 Noe,
1883 1522 1939 1566 et

366 1607 384 1639 ‹
425 1591 635 1656 Daniel,
663 1601 718 1646 et
743 1592 842 1650 Job
872 1595 1070 1651 fuerint
1107 1599 1162 1653 in
1189 1601 1364 1657 medio
1392 1601 1526 1669 ejus,
1558 1605 1828 1675 vivo‘lego,
1856 1607 1937 1660 di-

2054 618 2141 656 res
2171 604 2236 657 de
2290 605 2546 674 gehennae
2587 606 2796 674 ignibus
2828 605 3084 659 liberari?
3118 605 3272 660 Unde
3297 621 3396 662 nec
3422 622 3624 677 praeva-

2051 689 2337 744 ricatorem
2363 691 2528 746 ﬁlium
2563 704 2766 764 martyr
2792 704 2947 762 pater
2966 695 3165 763 poterit
3199 693 3467 762 liberare;
3522 711 3625 751 nec

2051 787 2251 832 sanctae
2276 782 2705 844 conversationis
2752 775 3255 852 mater'impudica:
3308 784 3430 838 ﬁlia:
3476 786 3628 840 dabit

2047 871 2269 938 praemia
2317 873 2609 939 pudicitiae.
2662 874 2728 926 Et
2759 889 2788 928 e
2810 875 3088 930 contrario
3123 894 3141 927 ι
3178 884 3460 943 parentum
3492 877 3622 931 vitia

2049 961 2171 1015 ﬁliis
2224 979 2327 1017 non
2381 965 2684 1028 nocebunt,
2739 966 2832 1020 sed
2883 968 3064 1020 anima
3121 983 3240 1036 qua:
3295 970 3618 1038 peccaverit,

2047 1049 2162 1120 ipsa
2191 1054 2453 1106 morietur
2478 1053 2693 1123 (Ezech.
2727 1057 2903 1128 xvnt).
2940 1076 2958 1108 ι
2993 1056 3134 1112 Loth
3173 1059 3225 1112 in
3254 1058 3502 1115 Sodomis
3528 1062 3623 1115 ha-

2044 1141 2244 1208 bitans,
2298 1145 2392 1198 sed
2437 1152 2490 1198 et
2514 1146 2703 1213 spiritu
2753 1157 2807 1200 et
2832 1162 2995 1202 carne
3033 1151 3366 1218 peregrinus,
3394 1168 3617 1208 uxorem

2044 1245 2164 1298 qua:
2192 1240 2314 1300 post
2341 1241 2550 1302 tergum
2583 1245 2916 1303 respexerat,
2949 1253 3056 1292 non
3081 1239 3352 1306 liberavit,
3385 1243 3478 1297 sed
3504 1253 3619 1297 tan-

2043 1327 2155 1372 tum
2181 1321 2338 1385 ﬁlias,
2362 1338 2481 1390 qua:
2501 1320 2727 1378 forsitan
2751 1341 2855 1379 non
2875 1338 3248 1394 peccaverant.
3270 1325 3330 1382 Et
3345 1329 3521 1385 Josias
3538 1332 3621 1385 vir

2042 1419 2278 1476 sanctus,
2300 1429 2406 1467 non
2421 1413 2592 1468 solum
2607 1423 2946 1484 peccatorem
2985 1418 3238 1487 populum
3255 1421 3366 1474 suis
3399 1422 3615 1476 virtuti-

2040 1500 2142 1556 bus
2154 1517 2260 1557 non
2280 1503 2526 1568 salvavit,
2545 1504 2636 1559 sed
2654 1515 2708 1560 et
2735 1506 2847 1576 ipse
2871 1507 2924 1560 in
2956 1508 3196 1578 peccatis
3211 1509 3350 1563 illius
3374 1518 3617 1564 mortuus

2037 1599 2138 1647 est.
2158 1594 2311 1660 Quod
2325 1596 2368 1649 si
2399 1596 2687 1666 aliquando
2718 1606 2939 1667 propter
2970 1599 3244 1656 Abraham
3275 1611 3329 1656 et
3357 1602 3541 1666 David,
3561 1603 3615 1655 in

363 1697 384 1730 ι
419 1682 497 1734 cit
527 1682 785 1738 Dominus
821 1685 981 1748 Deus,
1017 1689 1143 1756 quia
1178 1690 1343 1744 mium
1371 1701 1427 1745 ρι
1469 1692 1632 1746 mium
1664 1672 1768 1748 nm;
1798 1695 1932 1749 “be-
1963 1672 2009 1732 B
2039 1690 2282 1751 posteros
2302 1698 2488 1738 eorum
2512 1687 2936 1742 misericordiam
2952 1704 3105 1744 suam
3121 1691 3381 1746 Dominus
3398 1692 3612 1762 pollice-

362 1785 382 1819 ι
422 1771 636 1836 rahunt,
671 1774 764 1827 sed
793 1775 889 1843 ipsi
923 1777 974 1830 in
1003 1775 1211 1844 justitia
1241 1796 1335 1834 sua
1367 1781 1669 1836 liberabunt
1725 1786 1931 1840 animas

359 1879 380 1911 ι
413 1876 558 1928 suas,
595 1865 848 1933 quoniam
889 1868 1001 1921 lucc
1050 1869 1178 1924 dicit
1210 1871 1464 1926 Dominus
1494 1872 1672 1927 Deus:
1704 1874 1855 1940 Quod
1884 1876 1928 1930 si

359 1968 379 2001 ι
415 1961 649 2020 quatuor
700 1955 900 2024 judicia
940 1973 1060 2012 mea
1117 1960 1370 2028 pessima,
1419 1961 1678 2030 gladium,
1736 1973 1790 2018 et
1844 1964 1927 2018 fa-

356 2061 375 2091 (
417 2059 580 2107 mem,
607 2055 662 2099 et
689 2047 1076 2115 pestilentiam,
1113 2057 1165 2103 et
1194 2051 1395 2105 bestias
1425 2053 1614 2118 malas,
1647 2053 1846 2108 misero
1870 2055 1926 2108 in

353 2154 372 2185 ο
411 2135 728 2199 Jerusalem,
761 2147 820 2192 ut
841 2139 1161 2195 interﬁciam
1188 2143 1253 2196 de
1280 2158 1342 2196 ea
1365 2145 1636 2199 hominem
1661 2154 1714 2198 et
1741 2161 1923 2215 pecus,

354 2248 373 2278 ς
410 2240 590 2283 tamen
622 2230 958 2299 relinquetur
987 2233 1040 2286 in
1058 2249 1131 2298 ea
1170 2234 1395 2289 saIVatio
1419 2237 1759 2290 educentium
1790 2237 1926 2292 ﬁlios

353 2336 372 2367 ι
407 2327 462 2371 et
487 2318 650 2374 ﬁlias.
679 2320 819 2374 Ecce
843 2321 944 2390 ipsi
977 2323 1321 2392 egredientur
1348 2325 1414 2378 ad
1453 2340 1569 2391 vos,
1596 2335 1650 2380 et
1673 2327 1924 2382 videbitis

354 2428 372 2460 ι
413 2411 554 2464 viam
579 2427 768 2467 eorum
819 2421 874 2466 et
903 2415 1312 2471 adinventiones
1347 2431 1555 2481 eorum,
1595 2426 1648 2472 et
1675 2419 1920 2473 consola-

277 2555 298 2562 ι
351 2519 369 2552 ‹
408 2503 596 2557 bimini
631 2519 793 2573 super
824 2505 987 2572 malo,
1034 2507 1176 2575 quod
1227 2507 1413 2572 induxi
1455 2507 1510 2561 in
1537 2506 1832 2564 Jerusalem
1866 2510 1921 2568 in

349 2608 371 2644 ι
403 2593 657 2647 omnibus
711 2610 830 2664 quae
882 2596 1166 2665 importavi
1196 2612 1357 2666 super
1393 2613 1533 2663 eam,
1587 2606 1642 2652 et
1679 2600 1921 2654 consola-

347 2696 370 2733 ι
404 2679 610 2735 buntur
648 2698 758 2748 vos,
800 2701 922 2738 cum
955 2685 1196 2739 videritis
1245 2686 1387 2738 viam
1435 2701 1646 2751 eorum,
1685 2697 1739 2742 et
1766 2689 1919 2742 adin-

348 2787 368 2820 ι
402 2772 685 2826 ventiones
708 2788 916 2838 eorum,
947 2765 1001 2828 et
1038 2777 1374 2845 cognoscetis
1408 2776 1532 2844 quia
1582 2793 1686 2830 non
1717 2777 1915 2832 frustra

348 2868 374 2910 ι’
400 2859 623 2914 fecerim
682 2864 887 2926 omnia,
952 2880 1071 2933 qua:
1122 2865 1224 2920 feci
1281 2866 1451 2932 inea,
1519 2867 1595 2919 ait
1655 2866 1914 2923 Dominus

346 2969 364 3001 ι
399 2952 562 3006 Deus.
615 2971 633 3003 ι
692 2951 934 3018 Quatuor
982 2956 1149 3026 plaga:
1205 2957 1535 3011 inducuntur
1589 2972 1750 3026 super
1807 2970 1912 3012 ter-

2034 1777 2140 1835 tur,
2157 1774 2449 1828 notandum
2461 1776 2605 1844 quod
2619 1793 2725 1832 non
2741 1778 2827 1833 his
2840 1788 3046 1848 parcat,
3063 1781 3108 1835 si
3123 1781 3176 1836 in
3192 1782 3486 1837 sceleribus
3497 1797 3616 1853 per-

2031 1870 2278 1916 severent
2295 1904 2308 1925 ,
2335 1865 2429 1918 sed
2453 1866 2543 1934 qui
2573 1876 2738 1936 agunt
2761 1869 3148 1937 paenitudinem
3168 1911 3182 1935 ,
3215 1876 3274 1924 ut
3295 1872 3486 1925 merita
3513 1887 3610 1941 pa-

2030 1959 2172 2005 trum
2203 1953 2432 2008 liliorum
2465 1956 2680 2023 adjuvet
2713 1960 3014 2013 conversio.
3047 1959 3200 2024 Cum,
3235 1961 3428 2029 inquit,
3456 1977 3514 2016 se
3535 1961 3610 2015 ita

2029 2044 2144 2100 hare
2173 2045 2429 2111 habeant,
2457 2057 2510 2101 et
2537 2057 2735 2102 terram
2757 2049 3114 2118 peccatricem
3139 2065 3169 2103 a
3193 2051 3420 2121 singulis
3441 2052 3610 2121 plagis

2030 2143 2300 2189 tantorum
2329 2135 2572 2191 virorum
2620 2153 2726 2192 non
2775 2139 2946 2194 salvet
2980 2140 3325 2208 deprecatio,
3359 2142 3438 2196 sic
3483 2141 3612 2196 dicit

2027 2225 2287 2280 Dominus
2313 2228 2328 2279 :'
2360 2225 2497 2293 Quia
2539 2226 2838 2284 Jerusalem
2886 2228 3116 2284 nefanda
3147 2231 3432 2298 peccavit,
3477 2245 3610 2300 qua-

2029 2321 2147 2368 tuor
2179 2314 2339 2368 simul
2369 2315 2554 2386 plagas
2593 2317 2841 2372 inducam
2866 2333 3028 2386 super
3051 2334 3171 2372 eam
3201 2338 3212 2372 :
3241 2319 3475 2388 gladium
3501 2335 3608 2388 quo

2027 2404 2094 2458 ab
2120 2404 2366 2460 hostibus
2391 2406 2692 2460 trucidatur
2715 2446 2731 2470 ,
2774 2416 2830 2460 et
2867 2407 3064 2461 famem
3091 2424 3251 2477 quam
3283 2409 3335 2463 in
3365 2408 3606 2463 obsidio-

2023 2510 2144 2550 nem
2181 2496 2430 2561 sustinet,
2467 2505 2522 2552 et
2543 2497 2747 2553 bestias
2782 2499 2976 2568 quibus
3006 2498 3268 2570 fugientes
3317 2501 3372 2554 in
3424 2501 3605 2556 deser-

2023 2587 2094 2642 tis
2118 2595 2174 2642 et
2195 2587 2421 2643 saltibus
2456 2588 2804 2653 devorantur,
2838 2598 2894 2643 et
2923 2590 3306 2658 pestilentiam,
3323 2607 3443 2659 quae
3461 2605 3603 2645 sem—

2019 2694 2116 2749 per
2144 2679 2342 2734 famem
2371 2695 2436 2735 ac
2477 2682 2760 2749 penuriam
2789 2683 3032 2751 sequitur
3059 2722 3072 2746 ,
3119 2698 3217 2751 pro
3242 2698 3346 2752 qua
3384 2683 3599 2754 vulgata

2019 2771 2184 2825 editio
2211 2780 2438 2826 mortem
2467 2772 2764 2826 transtulit.
2805 2773 2930 2827 [hec
2983 2783 3183 2838 autem,
3215 2775 3408 2843 inquit,
3444 2775 3598 2828 indu—

2019 2874 2135 2914 cam
2162 2875 2322 2930 super
2350 2875 2494 2925 eam,
2519 2869 2578 2914 ut
2603 2876 2706 2916 nec
2726 2862 2972 2918 homines
2988 2861 3042 2915 in
3067 2876 3129 2915 ea
3160 2872 3476 2918 remaneant
3499 2879 3598 2920 nec

2009 2949 2272 3019 jumenta.
2299 2953 2366 3007 Et
2396 2962 2577 3008 tamen
2619 2967 2719 3022 pro
2745 2969 2862 3008 mea
2913 2953 3219 3010 clementia.
3249 2964 3479 3025 quatuor
3523 2956 3596 3011 si-

341 3057 453 3095 ram
503 3045 1016 3110 praavaricatricem,
1061 3047 1192 3110 sive,
1249 3056 1307 3100 ut
1344 3046 1693 3118 Septuaginta
1739 3057 1912 3102 trans-
1939 3031 1981 3091 (ἶ
2016 3043 2122 3095 mili
2152 3044 2558 3099 imminentibus
2599 3045 2771 3115 plagis
2799 3053 2854 3099 et
2897 3054 3090 3100 cuneta
3118 3047 3474 3111 vastantibus,
3504 3062 3592 3106 r.e-

340 3131 598 3194 tulerunt,
656 3134 1276 3201 peccatricemzfames,
1334 3137 1540 3201 bestia},
1598 3137 1808 3206 gfadius
1861 3148 1915 3193 et

335 3222 664 3290 pestilentia,
691 3239 916 3292 quarum
944 3225 987 3278 si
1007 3226 1226 3296 singulm
1239 3241 1336 3296 per
1357 3237 1537 3295 partes
1551 3227 1781 3283 inductae
1801 3227 1914 3283 fue-

338 3312 443 3364 rint
470 3313 697 3382 singulis
735 3315 1061 3385 regionibus,
1093 3327 1148 3370 et
1189 3326 1300 3372 tres
1325 3318 1424 3372 viri
1455 3318 1543 3372 isti
1583 3317 1696 3372 Noe
1726 3327 1781 3372 et
1807 3320 1911 3371 Da-

337 3402 442 3456 niel
467 3412 524 3457 et
563 3403 680 3468 Job,
719 3421 949 3475 quorum
989 3405 1198 3476 justitia
1255 3408 1659 3478 Scripturarum
1688 3409 1913 3462 vocibus

333 3494 678 3571 praedicatur,
735 3511 833 3566 pro
863 3505 1003 3551 terra
1032 3499 1338 3566 peceatrice
1390 3498 1591 3552 fuerint
1613 3498 1908 3566 deprecati,

336 3606 438 3644 non
472 3591 646 3646 solum
676 3591 821 3646 illam
857 3593 1065 3648 salvare
1094 3609 1201 3649 non
1232 3601 1508 3662 poterunt,
1551 3595 1645 3648 sed
1678 3609 1745 3648 ne
1771 3593 1910 3648 ﬁlios

332 3679 551 3750 quidem
579 3689 632 3735 et
656 3682 796 3736 ﬁlias
823 3697 965 3749 suas,
992 3683 1034 3737 si
1062 3693 1221 3737 terrae
1253 3684 1572 3753 peccatricis
1598 3698 1761 3753 opera
1791 3699 1912 3752 per-

327 3771 622 3842 petrarint,
677 3773 771 3827 sed
800 3773 1006 3842 seipsos
1041 3764 1415 3828 iantummodo
1471 3782 1728 3843 poterunt
1774 3773 1910 3827 libe-

331 3873 478 3912 rare.
511 3859 780 3925 Quaeritur
818 3876 938 3915 cum
970 3868 1027 3914 et-
1048 3861 1326 3915 Abraham
1369 3872 1423 3916 et
1453 3862 1603 3915 lsaac
1636 3871 1690 3915 et
1716 3860 1903 3926 Jacob,

330 3947 544 4020 Moyses
595 3966 811 4020 quoque
839 3959 894 4006 et
934 3953 1113 4008 caeteri
1161 3952 1491 4008 Patriarchze
1545 3960 1598 4007 et
1623 3953 1907 4021 PrOpheta:

326 4039 456 4108 justi
493 4039 714 4103 fuerint,
777 4057 875 4095 cur
903 4043 1095 4096 horum
1133 4043 1502 4096 tantummodo
1539 4041 1631 4095 ﬁat
1657 4044 1901 4097 mentio:

328 4130 472 4196 quod
516 4129 671 4184 facile
722 4130 969 4186 solvitur.
1009 4132 1122 4186 Noe
1157 4133 1301 4187 enim
1333 4133 1618 4187 imminens
1647 4134 1764 4187 orbi
1794 4143 1902 4188 ter-

331 4235 511 4272 rarum
551 4220 829 4285 diluvium,
877 4223 1020 4290 quod
1070 4223 1249 4276 omnis
1297 4232 1438 4276 terra
1480 4221 1744 4291 polluerat
1788 4224 1906 4279 vias

328 4308 566 4373 Domini,
595 4309 812 4364 differre
841 4325 948 4364 non
995 4312 1191 4381 potuit,
1221 4311 1315 4366 sed
1369 4311 1526 4376 ﬁlios,
1558 4313 1648 4382 qui
1675 4311 1900 4367 forsitan

2014 3133 2253 3202 linquam
2282 3134 2334 3187 in
2349 3149 2411 3188 ea
2429 3134 2656 3204 aliquos,
2675 3135 2762 3203 qui
2785 3134 3169 3191 educantﬁlios
3198 3150 3324 3192 suos
3353 3144 3408 3190 et
3432 3136 3590 3200 ﬁlias,

2013 3232 2067 3274 et
2097 3222 2292 3290 captivi
2326 3222 2430 3275 huc
2462 3223 2721 3276 veniant:
2755 3224 2857 3287 hoc
2884 3234 2967 3278 est
2993 3224 3046 3277 in
3088 3223 3412 3294 Babylonem
3442 3234 3498 3279 et
3539 3226 3588 3282 in

2014 3309 2342 3364 Chaldazam.
2363 3311 2432 3365 Ut
2452 3326 2575 3366 cum
2602 3311 2840 3366 videritis
2867 3327 2960 3367 eos
2983 3320 3037 3366 et
3069 3328 3234 3382 opera
3254 3331 3441 3368 eorum
3467 3330 3584 3384 per-

2012 3401 2317 3470 spexeritis,
2336 3402 2793 3473 tuncintelligatis
2813 3403 2959 3473 juste
2985 3419 3079 3458 eos
3108 3413 3316 3474 captos,
3341 3415 3393 3460 et
3414 3421 3592 3462 meam

2004 3492 2208 3561 justam
2241 3492 2405 3548 fuisse
2443 3493 2788 3557 sententiam,
2835 3503 2890 3548 et
2925 3493 3126 3550 habeat
3168 3495 3590 3552 consolationem

2010 3591 2190 3636 vestra
2218 3583 2522 3652 captivitas,
2549 3583 2672 3660 dum
2703 3584 3001 3654 intelligitis
3050 3586 3253 3641 idcirco
3286 3602 3372 3640 me
3402 3601 3495 3642 eos
3523 3589 3596 3645 de

2009 3673 2206 3743 gladio,
2242 3672 2406 3736 fame,
2438 3663 2629 3728 bestiis
2655 3683 2712 3728 et
2762 3674 3069 3743 pestilentia
3101 3675 3379 3740 liberasse,
3407 3685 3466 3730 ut
3493 3690 3590 3732 eo-

2009 3778 2126 3817 rum
2155 3763 2531 3831 perversitate,
2561 3764 2757 3818 merito
2785 3765 3008 3820 discatis
3035 3781 3220 3820 eorum
3271 3766 3588 3822 subversam

2005 3853 2323 3917 Jerusalem,
2354 3854 2720 3924 templumque
2762 3869 3082 3910 succensum
3112 3863 3168 3910 et
3200 3857 3456 3926 populum
3486 3857 3587 3912 du-

2006 3953 2149 4000 ctum
2176 3959 2294 4001 esse
2315 3945 2608 4012 captivum,
2628 3952 2824 4012 praeter
2844 3959 2958 4009 eos,
2985 3959 3122 4015 quos
3142 3945 3366 4016 gladius,
3392 3944 3582 4012 fames,

2003 4023 2206 4098 béstiae,
2233 4035 2658 4104 pestilentiaque
2678 4036 3130 4106 consumpserint.
3155 4034 3282 4092 Haec
3305 4037 3447 4091 dicta
3475 4037 3585 4092 sint

2005 4126 2070 4179 de
2096 4124 2185 4178 illa
2214 4123 2534 4190 Jerusalem,
2585 4125 2673 4180 cui
2725 4127 3081 4195 prophetante
3133 4126 3412 4183 Ezechiele
3441 4129 3583 4198 apud

2003 4212 2280 4269 Chaldaeos
2314 4216 2769 4285 appropinquavit
2791 4216 3094 4284 captivitas.
3127 4215 3392 4271 Cazteram
3414 4227 3469 4272 et
3496 4233 3594 4274 su-

2003 4319 2100 4374 per
2122 4313 2362 4361 nostram
2406 4316 2625 4368 terram,
2655 4307 2742 4361 cui
2789 4307 3023 4360 dicitur:
3060 4323 3078 4356 ς
3108 4305 3277 4360 Terra
3325 4307 3406 4371 es,
3429 4317 3483 4362 et
3525 4309 3584 4364 in

325 4403 570 4471 ejusdem
632 4405 848 4459 virtutis
902 4413 1092 4470 erant,
1146 4407 1214 4459 ob
1279 4406 1623 4461 seminarium
1678 4408 1899 4462 humani
1929 4366 1979 4424 Β
2008 4395 2333 4450 ῐετΐθωίδίε
2360 4393 2640 4467 (Gen-1"):
2684 4414 2702 4446 ³
2735 4405 2791 4450 εί
2815 4410 2975 4463 super
2999 4402 3239 4448 “05"3'“
3279 4393 3582 4453 Jerusalem

325 4495 542 4564 generis
575 4494 764 4548 habuit
789 4503 1113 4549 reservatus.
1145 4494 1330 4548 Daniel
1367 4510 1581 4563 quoque
1613 4495 1901 4550 immineni-

327 4593 434 4638 tem
467 4583 836 4652 captivitatem
867 4583 1046 4653 populi
1099 4582 1424 4648 Judzeorum,
1479 4584 1642 4638 nullis
1686 4584 1898 4639 fletibus

323 4674 619 4744 mitigavit.
651 4673 755 4727 Sed
790 4681 842 4726 et
864 4671 962 4726 Job
986 4688 1092 4727 non
1121 4673 1191 4726 ob
1218 4681 1457 4741 peccata,
1491 4674 1583 4726 sed
1606 4673 1675 4727 ob
1705 4674 1898 4740 proba-

324 4768 549 4829 tionem,
604 4778 707 4819 nec
752 4763 990 4827 domum,
1047 4778 1145 4818 nec
1200 4763 1339 4818 ﬁlios
1369 4763 1636 4817 liberavit.
1667 4762 1770 4816 Alii
1799 4778 1894 4816 au-

321 4865 433 4912 tem
478 4856 687 4918 dicunt,
740 4854 884 4922 quod
915 4853 969 4906 hi
1025 4846 1232 4906 tantum
1262 4862 1373 4906 tres
1406 4853 1526 4915 viri,
1558 4860 1612 4906 et
1638 4866 1897 4922 prospera

319 4957 375 5002 et
405 4946 656 5007 adversa,
688 4951 744 4997 et
794 4959 1010 4997 rursum
1063 4959 1320 5013 prospera
1371 4951 1786 5012 conspexerunt,
1818 4944 1897 4997 id-

321 5037 469 5091 circo
499 5036 706 5106 pariter
732 5036 1055 5099 nominatos,
1103 5043 1157 5088 et
1187 5035 1289 5088 hoc
1323 5034 1554 5088 latenter
1580 5033 1892 5102 signiﬁcari,

321 5134 381 5179 ut
406 5125 677 5194 quomodo
707 5124 781 5177 illi
830 5131 884 5178 et
910 5125 1050 5178 bona
1079 5131 1134 5178 et
1182 5124 1341 5190 mala,
1394 5131 1450 5178 et
1503 5138 1716 5178 rursum
1771 5123 1892 5176 laeta

318 5215 720 5273 videruntzsic
753 5223 809 5269 et
859 5214 1112 5284 populum
1163 5212 1348 5277 lsrael,
1401 5213 1493 5283 qui
1554 5213 1702 5283 prius
1739 5214 1894 5266 bonis

319 5307 518 5361 fruitus
549 5304 743 5368 fuerat,
769 5312 824 5358 et
843 5311 1031 5372 postea
1061 5302 1390 5372 captivitatis
1413 5301 1667 5356 sustinuit
1681 5301 1892 5371 jugum,

319 5395 366 5450 si
394 5397 568 5467 egerit
595 5395 968 5464 paenitentiam
1014 5395 1192 5449 redire
1227 5395 1293 5447 ad
1332 5392 1617 5462 pristinam
1643 5390 1888 5445 salutem.

317 5485 471 5556 Quod
501 5486 546 5540 si
575 5485 688 5539 Noe
736 5492 792 5540 et
821 5475 1006 5540 Daniel
1041 5492 1096 5540 et
1131 5481 1232 5538 Job
1255 5483 1459 5554 pariter
1503 5482 1810 5552 congregati
1839 5491 1894 5536 et

319 5580 372 5635 in
399 5594 510 5636 uno
539 5578 657 5634 loco
681 5579 862 5651 positi,
898 5578 1255 5650 peccatricem
1284 5586 1508 5643 terram,
1539 5575 1642 5631 hoc
1690 5583 1772 5630 est
1798 5590 1890 5630 eos

2005 4486 2351 4556 singulosque
2383 4485 2742 4550 credentium,
2770 4484 2814 4539 si
2839 4482 2934 4537 Dei
2966 4481 3216 4537 mandata
3245 4493 3580 4556 contempse-

2005 4578 2134 4642 rint,
2165 4585 2220 4631 et
2251 4575 2695 4646 praevaricatores
2721 4573 3018 4628 meruerint
3048 4573 3328 4643 appellari,
3357 4575 3590 4632 induce-

2005 4673 2094 4718 tur
2124 4665 2296 4720 fames
2327 4680 2342 4718 :
2373 4678 2478 4718 non
2513 4662 2680 4717 fames
2720 4661 2876 4731 panis
2925 4676 3100 4731 neque
3132 4663 3251 4716 sitis
3280 4677 3451 4734 aqua),
3483 4666 3581 4722 sed

2005 4757 2173 4811 fames
2192 4755 2441 4810 audiendi
2470 4755 2691 4809 verbum
2718 4755 2832 4807 Dei.
2863 4754 3150 4808 lnducetur
3179 4764 3233 4809 et
3253 4756 3480 4826 gladius,
3507 4759 3578 4814 de

2002 4863 2110 4917 quo
2135 4848 2358 4916 legimus
2379 4863 2391 4898 :
2414 4863 2432 4897 ι
2451 4843 2756 4899 Tradentur
2776 4845 2827 4897 in
2845 4858 3036 4898 manus
3059 4844 3244 4914 gladii,
3259 4854 3441 4914 partes
3461 4845 3576 4901 vul-

2001 4939 2149 5007 pium
2176 4945 2386 4991 erunt.»
2405 4937 2472 4990 Et
2496 4937 2564 4990 ad
2586 4934 2838 4988 Mariam:
2865 4953 2882 4984 ι
2906 4932 3076 4988 Tuam
3099 4949 3314 5006 quoque
3338 4938 3573 4992 animam

1999 5026 2350 5096 pertransibit
2379 5023 2586 5096 gladius
2634 5022 2785 5090 (Luc.
2828 5022 2912 5096 ιι).
2952 5043 2974 5076 ι
3026 5022 3351 5080 lnducentur
3395 5033 3451 5079 et
3486 5025 3556 5082 be

1997 5117 2157 5171 stiw:
2205 5115 2402 5185 quibus
2450 5129 2521 5170 ne
2578 5113 2824 5168 tradetur
2867 5113 3069 5183 justus,
3119 5115 3390 5183 postulat:
3437 5133 3456 5165 ι
3493 5113 3572 5167 Ne

1996 5205 2182 5262 tradas
2194 5205 2381 5260 bestiis
2397 5205 2630 5258 animam
2645 5203 2987 5258 conﬁtentem
3010 5203 3104 5256 tibi
3121 5200 3293 5274 (Psal.
3319 5203 3532 5272 Lxxtu).
3545 5224 3563 5258 ι

1996 5296 2280 5351 lnducetur
2304 5302 2360 5348 et
2385 5293 2711 5364 pestilentia,
2762 5307 2864 5362 pro
2896 5305 3002 5360 qua
3031 5289 3377 5360 Septuaginta
3427 5307 3572 5346 mor-

1996 5396 2105 5442 tem
2132 5383 2470 5453 interpretati
2500 5391 2649 5447 sunt,
2678 5383 2756 5436 de'
2777 5396 2882 5450 qua
2908 5381 3166 5448 scriptum
3210 5388 3332 5432 est:
3372 5397 3390 5430 ι
3425 5379 3574 5437 Mors

1991 5484 2339 5551 peccatorum
2360 5475 2591 5544 pessima
2615 5481 2700 5526 est
2723 5467 2894 5541 (Psal.
2924 5472 3139 5547 natu).
3161 5485 3180 5520 ›
3204 5467 3271 5522 Et
3295 5482 3311 5520 :
3332 5485 3350 5518 ι
3368 5467 3571 5524 Anima.

1994 5587 2112 5643 qua:
2131 5566 2467 5640 peccaverit,
2515 5567 2628 5636 ipsa
2665 5562 2928 5620 morietur
2976 5560 3190 5634 (Eucti.
3219 5560 3396 5632 xvm).
3436 5580 3460 5614 ι
3489 5560 3572 5619 De
