3954 6182
371 311 476 366 865

1010 310 1070 363 Β.
1110 305 1361 361 BABANI
1397 303 1616 362 MAURI
1651 300 1968 357 ARCHIEP.
2010 295 2320 354 MOGUNT.
2360 291 2646 351 OPERUM
2681 287 2863 345 PARS
2901 287 2966 343 ll.

3517 277 3617 340 664

371 418 569 488 quibus
600 419 830 484 cunctis,
868 434 967 474 nec
994 418 1316 488 spiritalium
1341 425 1645 487 parentum,
1671 429 1805 484 quos
1827 427 1939 468 ma-
1968 428 2013 486 Α
2041 411 2312 466 confidere
2353 408 2408 462 in
2431 405 2682 469 Domino,
2709 417 2868 472 quam
2897 398 3168 455 confidere
3196 396 3249 449 in
3293 392 3624 488 principibus

374 507 578 575 gistros
613 507 956 576 intelligimus
982 506 1246 569 doctrina,
1271 521 1372 560 nec
1400 506 1670 575 principes
1694 510 1947 572 poterunt

376 593 630 658 liberare,
664 594 763 647 nisi
817 593 1049 646 ﬁliorum
1082 593 1243 647 fuerit
1280 595 1542 648 adsensus
1571 634 1583 652 ,
1631 601 1685 645 et
1734 590 1944 645 illorum

376 683 774 740 obsecrationes
813 684 924 736 suis
972 683 1532 751 conatibusjuverint.
1561 681 1774 736 Justitia
1802 680 1945 734 enim

369 774 501 844 justi
529 774 634 828 erit
653 789 812 842 super
833 788 978 837 eum,
1010 760 1062 827 et
1087 774 1341 842 iniquitas
1365 773 1530 841 iniqui
1558 774 1611 826 in
1655 773 1770 840 ipso
1794 785 1943 824 com-

377 865 690 920 morabitur.
725 883 743 914 ι
773 864 1150 932 Unusquisque
1179 873 1399 932 peccato
1423 862 1942 934 propriomorietur,

375 962 429 1008 et
453 952 660 1021 justitia
686 969 778 1006 sua
801 953 1112 1007 salvabitur.
1129 973 1146 1003 ι
1171 953 1498 1020 Frustraque
1522 953 1706 1005 dicunt
1729 949 1898 1004 Judzei
1929 969 1941 1002 :

383 1062 401 1094 ι
438 1031 706 1098 Abraham
763 1055 915 1114 pater
971 1054 1154 1100 noster
1196 1045 1376 1113 (Joan.
1407 1044 1523 1112 vni)
1560 1064 1603 1108 ι,
1636 1060 1757 1098 cum
1785 1057 1947 1111 opera

374 1131 650 1187 Abraham
679 1149 784 1187 non
818 1135 1068 1188 habeant.
1101 1135 1251 1200 Quod
1272 1135 1315 1188 si
1350 1136 1400 1187 in
1434 1134 1614 1202 aliquo
1634 1133 1826 1187 fiducia
1847 1141 1949 1196 est,

381 1224 434 1278 in
466 1225 581 1280 solo
606 1227 832 1280 Domino
861 1227 1212 1280 confidamus.
1256 1225 1568 1279 Maledictus
1604 1225 1745 1278 enim
1779 1224 1960 1278 omnis

381 1313 543 1369 homo
557 1316 649 1385 qui
669 1331 817 1386 spem
847 1318 1007 1371 habet
1021 1318 1072 1370 in
1088 1317 1320 1381 homine,
1336 1336 1353 1366 ›
1375 1314 1619 1384 quamvis
1633 1313 1802 1367 sancti
1825 1310 1950 1374 sint,

379 1406 628 1474 quamvis
665 1405 968 1476 Propheta.
1006 1406 1275 1476 Legimus:
1319 1423 1337 1456 ι
1383 1402 1559 1457 Nolite
1584 1401 1854 1456 confidere
1898 1399 1953 1451 in

383 1494 693 1551 hominibus
725 1494 899 1568 (Psal.
927 1497 1106 1565 θην).
1147 1515 1164 1545 ι
1202 1495 1267 1548 Et
1299 1495 1492 1549 iterum
1526 1510 1540 1545 :
1581 1511 1599 1542 ‹
1637 1491 1839 1544 Bonum
1871 1497 1958 1541 est

2049 499 2220 572 (Paul.
2237 497 2432 563 cxvn).
2448 496 2593 552 iNon
2629 497 2680 549 in
2706 492 3040 564 principibus
3067 497 3276 544 tantum
3300 485 3504 550 surculi,
3529 485 3620 540 sed

2047 600 2102 645 et
2135 590 2189 644 in
2219 588 2552 659 principibus
2583 585 2960 648 ecclesiarum,
2983 582 3076 650 qui
3109 595 3236 634 suas
3264 579 3476 632 animas
3510 587 3626 630 tan-

2048 690 2183 743 tum,
2206 679 2250 734 si
2268 677 2400 746 justi
2415 676 2634 739 fuerint,
2651 673 2972 728 liberabunt.
2991 669 3159 724 Filios
3183 676 3361 721 autem
3387 681 3450 719 ac
3470 665 3623 730 filias,

2046 785 2184 840 quos
2231 769 2286 822 in
2316 765 2554 821 Ecclesia
2600 761 2902 833 genuerint.
2950 761 2994 816 si
3036 758 3234 815 fuerint
3278 755 3624 824 negligentes,

2047 859 2255 913 salvare
2285 871 2388 910 non
2418 860 2686 924 poterunt.
2717 851 2781 904 Et
2827 858 3004 903 tamen
3030 845 3320 916 Apostolus
3347 841 3584 911 loquitur
3607 857 3636 893 :v

2057 969 2076 1002 ‹
2110 949 2166 1004 Si
2189 947 2342 1015 cujus
2367 962 2504 1016 Opus
2530 944 2744 1007 arserit,
2777 942 2890 1012 ipse
2938 940 3118 994 salvus
3165 939 3290 991 erit.
3323 935 3418 989 Sic
3449 941 3624 986 tamen

2053 1041 2206 1110 quasi
2231 1054 2328 1109 per
2353 1039 2530 1108 ignem
2576 1033 2628 1104 (Ι
2676 1033 2798 1086 Cor.
2832 1045 2939 1102 Ill).
2971 1051 2988 1083 ι
3025 1028 3216 1083 Manus
3245 1035 3426 1082 autem
3475 1036 3630 1090 super

2051 1143 2246 1184 terram
2265 1125 2744 1196 praevaricatricem
2767 1122 3094 1187 extenditur,
3121 1129 3181 1175 ut
3205 1120 3355 1188 virga
3383 1116 3496 1171 sive
3524 1115 3629 1167 for-

2059 1217 2230 1270 titudo
2253 1219 2408 1283 panis
2442 1222 2785 1278 conteratur;
2829 1227 2949 1280 quae
2981 1218 3199 1265 extenta
3240 1208 3479 1260 minatur
3526 1203 3631 1273 pla~

2058 1317 2175 1373 gas,
2209 1303 2421 1357 nolente
2440 1303 2532 1370 qui
2557 1317 2677 1356 eam
2701 1301 2966 1365 extendit,
2997 1308 3052 1353 et
3088 1298 3335 1353 sublevat
3360 1302 3634 1365 percutere

2059 1403 2364 1466 peccantes,
2393 1393 2489 1448 sed
2512 1393 2827 1448 extensione
2878 1399 3083 1446 terrere
3102 1430 3116 1454 ,
3170 1396 3226 1442 et
3264 1387 3485 1442 territos
3513 1399 3634 1440 ωηο

2061 1499 2298 1541 servare.

383 1631 3597 1670 _________________________.________________.__.____________

1503 1741 1804 1869 LIBER
1879 1785 2426 1865 SEPTIMUS.

1926 1947 2172 1966 -

463 2035 735 2106 Septimus
757 2033 895 2091 liber
929 2033 1145 2089 initium
1175 2032 1339 2089 habet
1383 2031 1453 2087 ab
1474 2029 1565 2087 illa
1590 2027 1962 2100 similitudine,
1995 2030 2042 2095 Β
2069 2043 2194 2088 care
2239 2029 2427 2084 urbem
2451 2023 2776 2089 Jerusalem,
2811 2023 3090 2098 saltusque
3110 2021 3292 2094 Nageb
3322 2031 3380 2078 et
3406 2000 3636 2080 Thenian

392 2145 496 2200 qua
530 2129 789 2184 Dominus
831 2127 1126 2182 Jerusalem
1173 2134 1452 2196 comparat
1473 2126 1620 2195 ligno
1652 2125 1777 2180 vitis
1805 2125 1969 2180 infru-

391 2227 621 2283 ctuosae;
658 2225 711 2274 et
733 2218 812 2272 sic
833 2217 906 2272 illi
925 2216 1254 2286 exprobrans
1268 2216 1694 2271 abominationes
1708 2215 1969 2270 idolorum

391 2324 629 2373 suorum,
659 2309 790 2364 dicit
827 2323 948 2363 eam
1001 2308 1264 2378 originem
1313 2307 1510 2361 ducere
1547 2308 1619 2361 de
1659 2315 1802 2361 terra
1831 2307 1971 2362 Cha-

393 2413 557 2462 naan,
579 2397 1061 2466 Amorrbaaumque
1080 2403 1286 2466 patrem
1309 2396 1528 2461 habere,
1551 2401 1608 2449 et
1631 2404 1857 2449 matrem
1879 2395 1974 2450 Ce-

393 2490 609 2544 tbazam.
657 2487 767 2544 Nec
810 2489 859 2544 ei
898 2489 1190 2559 quidquam
1227 2487 1482 2556 prodesse
1529 2485 1971 2540 incunabularum

394 2593 612 2634 suarum
642 2579 992 2642 nutrimenta,
1017 2579 1142 2648 quia
1174 2576 1586 2647 incomparabili
1618 2575 1973 2630 fornicatione

393 2667 593 2737 polluta
623 2678 707 2722 est
729 2683 851 2723 cum
887 2669 1220 2722 amatoribus
1262 2667 1508 2722 diVersis.
1539 2664 1816 2734 Majusquc
1852 2681 1972 2720 esse

396 2757 573 2812 scelus
603 2773 791 2812 eorum
821 2758 952 2812 dicit
981 2765 1205 2826 peccato
1257 2755 1612 2811 Sodomorum
1658 2765 1822 2824 atque
1879 2753 1976 2808 Sa—

398 2848 602 2912 marite,
626 2861 926 2916 provocans
948 2862 1041 2902 eos
1071 2847 1138 2900 ad
1162 2845 1568 2915 pmnitentiam;
1595 2855 1856 2912 quatenus
1881 2859 1978 2912 per

399 2938 572 3013 ipsam
591 2938 837 3009 accipere
866 2936 1073 3007 possint
1099 2935 1476 2991 remissionem
1501 2942 1867 3003 peccatorum.

991 3065 1218 3121 CAPUT
1258 3065 1374 3119 XV.

400 3176 582 3236 Sermo
603 3177 817 3232 Domini
849 3187 1030 3232 contra
1057 3175 1356 3231 Jerusalem
1380 3177 1533 3229 vitem
1570 3173 1973 3243 infructuosam.

474 3306 494 3340 ‹
527 3286 592 3341 Et
621 3286 796 3343 factus
819 3293 902 3342 est
946 3301 1124 3341 sermo
1145 3286 1356 3340 Domini
1387 3284 1454 3339 ad
1482 3297 1568 3339 me
1601 3285 1823 3353 dicens:
1875 3285 1974 3339 Fili

2071 2135 2126 2181 et
2157 2123 2353 2180 Darom
2400 2118 2666 2186 succisos,
2715 2116 2817 2174 hoc
2864 2115 3038 2189 ipsum
3085 2116 3414 2189 pnennntiat
3441 2135 3452 2147 ι
3484 2117 3561 2175 sic
3589 2119 3640 2178 in

2069 2218 2322 2286 praesenti
2342 2215 2460 2270 loco
2503 2213 2691 2268 eadem
2734 2210 3032 2270 Jerusalem
3085 2206 3252 2266 vineae
3296 2222 3350 2266 et
3397 2214 3486 2266 viti
3537 2214 3640 2269 fru-

2071 2306 2275 2378 ctifera:
2303 2305 2684 2375 comparatur.’
2724 2302 2801 2356 De
2829 2316 2934 2370 qua
2976 2302 3029 2356 in
3059 2301 3166 2355 alio
3221 2301 3341 2357 loco
3389 2304 3640 2372 scriptum

2071 2407 2193 2455 est:
2231 2417 2258 2450 ο,
2286 2398 2397 2468 Ego
2435 2394 2671 2466 plantavi
2699 2403 2752 2448 te
2796 2394 3010 2448 vineam
3064 2389 3436 2458 fructiferam,
3493 2412 3644 2452 omne

2073 2503 2256 2545 semen
2280 2503 2487 2552 verum,
2521 2485 2792 2560 quomodo
2824 2499 3084 2538 conversa
3134 2500 3194 2539 es
3238 2485 3292 2538 in
3341 2487 3646 2539 amaritudi-

2074 2595 2197 2636 nem
2217 2579 2345 2633 vitis
2373 2579 2595 2632 alienae?
2629 2577 2762 2646 (Jer.
2795 2575 2881 2644 ιι.)
2905 2575 2970 2628 Et
3012 2575 3064 2628 in
3108 2575 3283 2629 Isaia:
3321 2593 3342 2626 ι
3377 2576 3642 2640 Plantavi,

2075 2670 2272 2739 inquit,
2297 2669 2512 2722 vincant
2537 2665 2790 2722 'Sorrech
2821 2664 2954 2736 (lsa.
2982 2663 3060 2734 v),
3100 2685 3118 2716 ι
3153 2667 3292 2734 quod
3337 2665 3558 2720 electam
3595 2675 3646 2724 et

2073 2757 2352 2829 pulchram
2389 2765 2563 2810 sonat.
2596 2755 2662 2809 Et
2709 2755 2763 2808 in
2815 2755 3022 2824 psalmo
3070 2753 3296 2823 legimus
3326 2772 3340 2808 :
3373 2774 3392 2807 ι
3431 2755 3647 2810 Vineam

2077 2849 2143 2903 de
2179 2846 2411 2917 Egypto
2437 2845 2755 2899 tra‘nstulisti
2782 2885 2796 2909 ,
2839 2842 3044 2910 eiecisti
3079 2853 3266 2914 gentes
3294 2852 3347 2897 et
3401 2844 3649 2913 plantasti

2077 2937 2371 2992 eam:dux
2423 2936 2634 2989 itineris
2692 2933 2837 2987 fuisti
2876 2934 2928 2987 in
2970 2941 3263 3001 conspectu
3317 2932 3436 3000 ejus
3482 2933 3650 3004 (Paul.

2077 3028 2284 3099 LXXIX).
2322 3048 2340 3081 ι
2373 3027 2434 3081 Et
2466 3025 2804 3081 manifestius
2848 3027 3126 3088 discimus,
3175 3025 3452 3097 Scriptura
3483 3027 3658 3082 dicem

2079 3127 2168 3173 te:
2203 3136 2221 3168 ‹
2252 3116 2418 3172 Vinea
2441 3125 2620 3171 autem
2646 3115 2856 3170 Domini
2891 3113 3150 3177 Sabaoth,
3179 3114 3369 3170 domus
3399 3125 3480 3170 est
3499 3115 3659 3171 Israel

2079 3209 2215 3281 (Isa.
2237 3208 2313 3280 v).
2351 3226 2369 3259 ι
2402 3207 2528 3262 Haec
2545 3207 2702 3260 vinea
2736 3205 2971 3274 quandiu
3002 3204 3180 3259 adfert
3202 3203 3436 3272 fructus,
3460 3205 3514 3261 iu
3539 3221 3660 3262 om-

2078 3299 2238 3354 nibus
2262 3298 2422 3368 lignis
2447 3295 2854 3360 saltuum,nihil
2881 3311 2943 3350 ea
2976 3296 3266 3366 pretiosius
3294 3303 3398 3350 est.
3437 3294 3538 3350 Sin
3564 3311 3661 3350 au-

406 3395 425 3427 ι
463 3377 729 3442 hominis,
776 3375 905 3447 quid
935 3376 1027 3432 fiet
1068 3376 1212 3445 ligno
1241 3375 1367 3429 vitis
1423 3391 1486 3431 ex
1519 3376 1770 3430 omnibus
1820 3376 1980 3447 lignis
2007 3370 2052 3433 C
2082 3397 2192 3444 rem
2222 3404 2356 3443 uvas
2393 3387 2593 3442 habere
2643 3386 2880 3448 desierit,
2918 3387 2969 3440 in
3018 3385 3166 3442 ῃυιιο
3191 3386 3340 3442 milis
3365 3386 3470 3440 erit
3493 3427 3510 3452 ,
3559 3387 3661 3446 nisi

406 3489 424 3520 ε
459 3483 760 3532 nemorum,
785 3483 905 3537 quas
949 3475 1073 3521 sunt
1114 3468 1255 3521 inter
1294 3466 1433 3537 ligna
1467 3467 1763 3522 silvarum?
1808 3467 1973 3522 Num-

407 3579 424 3608 ι
459 3559 586 3627 quid
613 3558 827 3612 tolletur
851 3559 916 3614 de
937 3557 1024 3614 illa
1056 3558 1281 3628 lignum,
1306 3566 1368 3612 ut
1396 3557 1490 3612 fiat
1510 3573 1663 3627 opus,
1697 3567 1789 3612 aut
1813 3558 1978 3613 fabri-

299 3688 307 3696 .
407 3667 424 3699 ι
456 3648 668 3702 cahitnr
698 3649 764 3703 de
785 3663 847 3703 ea
873 3647 1121 3716 paxillus,
1152 3657 1211 3702 ut
1239 3649 1471 3718 pendeat
1498 3664 1560 3703 ex
1586 3664 1648 3703 ea
1675 3649 1977 3717 quodcum-

408 3755 426 3787 σ
467 3752 571 3806 que
597 3739 727 3792 vas?
755 3738 891 3792 Ecce
917 3738 1021 3807 igni
1050 3739 1233 3794 datum
1263 3747 1349 3793 est
1374 3739 1426 3793 in
1456 3755 1655 3794 escam.
1684 3740 1979 3810 Utramque

413 3846 432 3880 ι
469 3836 675 3896 partem
711 3825 826 3894 ejus
849 3829 1180 3896 consumpsit
1209 3829 1367 3898 ignis,
1388 3836 1442 3884 et
1471 3830 1729 3884 medietas
1750 3829 1866 3898 ejus
1890 3846 1979 3886 re-

409 3936 430 3969 c
466 3919 621 3972 dacta
655 3925 740 3971 est
767 3918 818 3972 in
847 3917 1100 3976 favillam.
1131 3919 1398 3989 Numquid
1427 3921 1558 3977 utile
1581 3922 1686 3976 erit
1719 3923 1787 3977 ad
1812 3924 1981 3991 opus?

409 4026 430 4060 ί
461 4008 635 4061 Etiam
662 4022 783 4060 cum
806 4015 948 4062 esset
970 4008 1255 4078 integrum,
1272 4023 1375 4064 non
1391 4019 1509 4065 erat
1527 4019 1708 4079 aptum
1733 4012 1800 4066 ad
1822 4028 1976 4081 opus.

412 4119 431 4152 ι
467 4099 678 4166 Quanto
703 4098 875 4169 magis
898 4113 1019 4158 cum
1052 4098 1190 4169 ignis
1219 4099 1347 4153 illud
1369 4100 1726 4166 devoraverit,
1755 4111 1809 4157 et
1834 4117 1982 4157 coni-

411 4209 431 4244 ‹
461 4189 696 4245 busserit
720 4229 735 4255 ,
779 4189 911 4244 nihil
942 4204 1009 4243 ex
1055 4203 1120 4244 eo
1147 4189 1238 4246 fiet
1281 4190 1496 4260 operis!
1532 4191 1821 4260 Propterea
1866 4195 1982 4249 hzec

413 4299 431 4332 ι
469 4279 598 4334 dicit
632 4279 890 4334 Dominus
912 4279 1051 4334 Deus
1080 4296 1092 4333 :
1130 4278 1406 4346 Quomodo
1432 4279 1634 4351 lignum
1667 4281 1794 4337 vitis
1841 4282 1983 4337 inter

415 4395 433 4427 ι
464 4377 607 4448 ligna
635 4376 908 4441 silvarum,
937 4375 1082 4445 quod
1109 4371 1230 4430 dedi
1256 4376 1364 4448 igni
1393 4377 1461 4432 ad
1490 4378 1877 4446 devorandum,
1901 4380 1983 4434 sic

413 4486 430 4518 ι
467 4467 673 4522 tradam
716 4466 1050 4522 habitatores
1094 4465 1420 4531 Jerusalem,
1475 4474 1530 4523 et
1557 4482 1754 4540 ponam
1789 4469 1982 4526 faciem

415 4577 431 4609 ι
464 4571 638 4613 meam
665 4558 719 4611 in
743 4572 855 4612 eos.
881 4557 956 4611 De
986 4557 1110 4627 igne
1140 4557 1502 4628 egredientur,
1530 4566 1587 4613 et
1627 4558 1768 4630 ignis
1796 4573 1984 4614 consu-

415 4665 434 4697 ι
464 4653 574 4700 met
599 4659 712 4699 eos.
732 4645 798 4700 Et
818 4645 1015 4705 scietis.
1033 4646 1157 4716 quia
1185 4661 1283 4716 ego
1307 4646 1584 4712 Dominus,
1607 4660 1728 4702 cum
1751 4661 1984 4717 posuero

416 4753 434 4786 ι
467 4733 655 4788 faciem
687 4747 858 4788 meam
888 4735 942 4788 in
967 4748 1082 4800 eos,
1111 4743 1166 4790 et
1202 4734 1400 4790 dedero
1451 4744 1650 4790 terram
1703 4736 1903 4790 inviam
1930 4745 1984 4790 et

418 4841 436 4876 ι
466 4821 775 4885 desolatam,
799 4837 863 4876 eo
888 4824 1029 4892 quod
1056 4825 1501 4892 praevaricatores
1512 4823 1843 4906 exstiterint,
1854 4824 1986 4879 dicit

416 4932 438 4968 ι
475 4913 732 4972 Dominus
758 4913 918 4967 Deus.
955 4933 974 4964 ι
1001 4912 1269 4985 (Ηὲενοη.)
1311 4913 1488 4980 Variis
1523 4923 1702 4970 autem
1734 4915 1983 4969 similitu-

411 5003 645 5067 dinibus,
678 5017 811 5071 quas
836 5000 1008 5058 Graeci
1045 5005 1326 5073 parabolas
1351 5013 1564 5069 vocant,
1595 5006 1983 5074 praanuntiatur

412 5092 689 5155 subversio
738 5092 886 5152 urbis
933 5089 1249 5145 Jerusalem.
1309 5092 1376 5146 Et
1420 5094 1689 5161 quomodo
1729 5109 1889 5162 supra
1931 5093 1983 5146 in

411 5183 704 5256 sartagine,
729 5182 911 5252 inqua
932 5196 1124 5236 carnes
1143 5181 1320 5251 populi
1343 5181 1674 5252 frigehantur
1699 5199 1712 5234 :
1745 5191 1802 5252 et
1826 5183 1877 5235 in
1908 5183 1985 5235 la-

410 5287 548 5339 tere,
576 5273 629 5327 in
657 5270 1126 5342 quormunimenta
1178 5278 1232 5324 et
1262 5283 1484 5340 aggeres
1523 5271 1753 5325 arietum
1799 5285 1861 5323 ac
1903 5270 1983 5322 vi-

408 5378 632 5422 nearum
675 5361 938 5417 machinae
980 5359 1358 5431 pingebantur,
1385 5359 1624 5430 ejusdem
1671 5359 1821 5413 urbis
1864 5374 1985 5428 pos-

409 5457 580 5514 sessio
614 5455 887 5524 famesque
923 5453 1191 5523 descripta
1217 5459 1322 5517 est,
1373 5459 1430 5506 et
1451 5462 1637 5521 postea
1665 5452 1718 5504 in
1763 5453 1864 5505 hoc
1899 5465 1987 5505 eo-

410 5540 532 5602 dem
569 5544 756 5600 lecturi
799 5558 1022 5605 sumus,
1071 5542 1125 5596 in
1167 5540 1397 5598 Jeremia
1447 5555 1659 5610 quoque
1725 5539 1983 5608 scriptum

407 5640 514 5707 est,
535 5632 706 5696 (illam.
733 5649 850 5712 quae
900 5648 930 5687 a
971 5631 1109 5690 facie
1137 5630 1418 5702 Aquilonis
1443 5630 1755 5699 accenditur
1783 5631 1987 5702 signiﬁ-

2077 3490 2139 3534 ut
2165 3494 2288 3534 cum
2312 3480 2492 3535 radice
2509 3487 2562 3533 et
2588 3477 2970 3548 propaginibus
2989 3477 3101 3531 suis
3127 3478 3371 3548 tradatur
3391 3477 3660 3532 incendio.

2077 3570 2284 3626 Caetera
2339 3569 2482 3640 ligna
2534 3569 2814 3634 silvarum,
2847 3579 2905 3624 ut
2943 3571 3009 3623 de
3055 3567 3334 3637 pomiferis
3379 3568 3664 3623 arboribus

2080 3669 2306 3722 taceam,
2337 3675 2565 3728 quorum
2620 3667 2676 3712 et
2725 3658 3004 3729 Scriptura
3062 3659 3224 3714 modo
3276 3660 3480 3714 nullam
3533 3659 3664 3714 facit

2078 3750 2426 3813 mentionem,
2441 3763 2563 3804 cum
2578 3763 2735 3817 poma
2757 3763 2862 3804 non
2881 3748 3134 3814 habeant,
3151 3750 3361 3805 succisa
3375 3750 3662 3820 plurimam

2077 3842 2320 3911 praebent
2339 3841 2650 3904 utilitatem,
2682 3849 2737 3896 et
2759 3841 2816 3894 in
2846 3855 3062 3896 omnem
3087 3841 3494 3912 agriculturam,
3524 3853 3580 3898 et
3609 3843 3662 3898 in

2081 3948 2235 3987 usum
2254 3947 2523 3986 armorum
2544 3931 2849 4000 proficiunt,
2865 3931 2991 3984 dum
3023 3939 3372 3986 attenuantur
3401 3934 3457 3987 in
3481 3941 3656 3997 scuta,

2081 4025 2343 4078 raduntur
2368 4023 2420 4076 in
2443 4023 2678 4088 hastilia,
2701 4023 2923 4078 cludunt
2943 4022 3168 4086 foribus,
3193 4024 3661 4079 continentarma-

2081 4111 2196 4176 riis,
2227 4111 2462 4174 scriniis,
2493 4125 2555 4164 ac
2600 4110 2812 4176 loculis,
2835 4125 3159 4180 omnemque
3187 4111 3378 4167 domus
3419 4111 3660 4166 tribuunt

2081 4201 2486 4270 supellectilem.
2535 4201 2674 4256 Vitis
2725 4211 2929 4268 autem,
2972 4203 3017 4258 si
3063 4201 3229 4258 semel
3274 4216 3411 4257 uvas
3454 4203 3665 4259 adferre

2082 4291 2398 4356 cessaverit,
2421 4291 2473 4345 in
2497 4299 2703 4346 tantum
2729 4291 2935 4348 inutilis
2957 4301 3061 4357 est,
3092 4301 3241 4347 utne
3289 4280 3526 4360 paxillus
3547 4294 3662 4363 qui-

2083 4381 2202 4436 dem
2228 4397 2297 4437 ex
2320 4395 2384 4436 ea
2406 4381 2576 4450 possit
2599 4380 2734 4445 fieri,
2761 4381 2827 4436 de
2861 4397 2968 4450 quo
2989 4381 3190 4451 aliquid
3228 4382 3480 4451 pendeat.
3505 4382 3665 4439 Cum-

2077 4485 2190 4542 'que
2236 4472 2512 4528 malleolos
2559 4473 2847 4537 excideris,
2876 4482 3159 4542 utramque
3206 4482 3418 4542 partem
3471 4490 3660 4531 eorum

2083 4561 2318 4633 primum
2365 4561 2504 4632 ignis
2543 4561 2754 4630 arripit,
2802 4561 3102 4631 dehincque
3127 4560 3342 4618 ﬂamma
3369 4566 3663 4629 consumit,

2087 4662 2402 4724 tantumque
2432 4654 2566 4708 nihil
2594 4653 2812 4722 prodest
2839 4669 2962 4708 cum
3005 4653 3218 4709 redacta
3245 4654 3408 4710 fuerit
3433 4655 3490 4710 in
3512 4651 3665 4710 favil-

2011 4704 2062 4768 D
2088 4743 2219 4808 lam,
2249 4704 2330 4797 ut1
2339 4743 2504 4796 etiam
2542 4704 2665 4796 curm
2694 4744 2903 4813 integra
2933 4743 3008 4796 sit
3031 4742 3232 4811 absque
3257 4742 3502 4814 frugibus
3546 4744 3665 4799 nul-

2088 4831 2194 4885 lam
2219 4831 2456 4900 praebeat
2483 4829 2791 4884 utilitatem.
2817 4829 3154 4901 Ambiguitas
3180 4838 3361 4888 autem
3383 4833 3533 4888 verbi
3557 4832 3660 4888 He-

2086 4920 2276 4978 hraiei,
2334 4936 2475 4985 sane,
2527 4918 2669 4989 quod
2728 4919 2902 4974 tribus
2951 4919 3146 4975 litteris
3185 4920 3460 4987 scribitur,
3493 4922 3579 4977 sin
3610 4917 3665 4978 et

2088 5025 2197 5063 nun
2227 5017 2283 5063 et
2310 5008 2420 5073 iod,
2455 5009 2500 5063 si
2531 5008 2741 5078 legatur
2787 5025 2928 5074 sane,
2954 5008 3061 5064 duo
3104 5009 3394 5080 signiﬁcat,
3423 5010 3471 5065 si
3517 5029 3660 5074 sane.

2089 5112 2286 5162 annos;
2319 5097 2458 5151 unde
2488 5096 2684 5152 factum
2712 5106 2815 5161 est,
2838 5106 2896 5152 ut
2917 5113 3013 5168 pro
3038 5099 3244 5154 duabus
3265 5100 3664 5157 summitatibus

2087 5190 2226 5260 ejus,
2247 5189 2388 5259 quod
2415 5205 2512 5244 nos
2544 5190 2878 5259 interpretati
2896 5205 3082 5245 sumus
3103 5211 3122 5241 ‹
3153 5201 3438 5262 utramque
3451 5202 3659 5262 partem

2087 5281 2223 5350 ejus,
2257 5300 2276 5331 ι
2314 5278 2662 5349 Septuaginta
2690 5280 3026 5349 interpretati
3055 5289 3180 5335 sunt
3213 5299 3233 5333 ί
3269 5296 3502 5338 annuam
3532 5295 3653 5351 μιν.

2090 5370 2361 5439 gationem
2377 5368 2511 5438 ejus,
2542 5389 2565 5420 ι
2591 5385 2714 5424 cum
2733 5369 2924 5438 Aquila
2948 5370 3165 5434 dixerit,
3195 5389 3214 5420 ι
3249 5372 3355 5425 duo
3375 5372 3661 5427 novissima

2089 5459 2223 5528 ejus,
2248 5479 2266 5511 ›
2296 5459 2651 5530 Symmachus
2663 5468 2716 5538 et
2737 5459 3086 5524 Theodotion,
3119 5478 3138 5513 ι
3165 5460 3300 5516 duas
3327 5462 3658 5518 summitates

2091 5552 2227 5620 ejus.
2269 5571 2287 5604 ι
2321 5551 2386 5605 Et
2413 5560 2495 5605 est
2528 5553 2679 5616 ordo,
2711 5551 2862 5606 Sicut
2895 5551 3020 5606 vitis
3059 5552 3390 5608 infructuosa
3418 5553 3658 5611 incendio

2092 5641 2322 5696 traditur
2351 5639 2406 5692 in
2431 5639 2628 5693 nullam
2661 5640 2944 5695 utilitatem
2967 5681 2982 5708 ,
3017 5641 3095 5697 sic
3133 5650 3188 5696 et
3215 5642 3532 5708 Jerusalem,
3553 5642 3656 5704 imo
