3954 6182
248 151 331 173 .-,

215 341 326 402 665

1177 334 1532 395 COMMENT.
1572 336 1641 392 [Ν
1678 335 2131 395 EZEClllELEM.
2171 365 2243 378 --
2279 336 2407 392 us.
2450 337 2562 413 vn.

3350 313 3487 404 eos

218 454 627 514 ethabltatores
638 450 754 524 ejus
766 448 1051 508 tradentur
1068 424 1370 518 ardoribus,
1389 459 1449 506 ut
1466 450 1812 522 egrediantur
1837 458 1885 516 Α
1915 452 2146 522 primum
2168 451 2270 507 viri
2298 451 2463 507 fuerit
2503 452 2778 508 consortio
2808 453 3055 523 copulata
3084 453 3408 527 Jerusalem,
3434 472 3495 521 et

219 547 289 604 de
313 546 456 619 igne.
487 563 507 598 ι
535 538 607 600 Et
635 543 774 614 ignis
792 550 1077 599 consumat
1102 556 1220 607 eos,
1257 561 1276 595 ›
1317 542 1371 597 id
1399 549 1515 608 est,
1561 542 1727 598 etiam
1758 541 1804 597 si

220 638 291 694 de
336 638 470 692 urbe
518 635 826 700 evaserint,
869 633 1002 689 foris
1049 632 1229 688 hostili
1266 633 1443 703 gladio
1479 642 1806 688 consumen-

218 736 334 783 tur.
367 726 436 781 Et
486 726 588 797 qui.
622 724 1004 790 remanserint,
1046 723 1163 794 ipso
1190 723 1532 799 miseriarum
1570 724 1806 795 pondere

218 818 648 891 pressi,meesse
659 816 946 871 Dominum‘
969 822 1355 887 recognoscent
1397 816 1558 872 «Cum
1576 832 1807 888 posuero

220 909 339 965 sive
364 907 724 963 obfir‘mavero
752 906 940 965 faciem
964 916 1141 961 meam
1175 920 1337 978 super
1361 922 1475 972 eos,
1522 918 1576 962 et
1607 909 1805 963 dedero

221 997 343 1054 illos
378 998 433 1053 in
481 1005 737 1052 aeternam
779 994 1142 1051 solitudinem.
1187 1015 1205 1047 ι
1239 994 1355 1051 Non
1382 997 1524 1051 enim
1559 1004 1806 1066 peccato-

221 1103 310 1142 res
330 1088 475 1142 sicut
503 1094 711 1141 caetera:
738 1093 943 1156 gentes,
980 1086 1072 1140 sed
1096 1086 1540 1154 praevaricatores
1578 1087 1802 1142 exstite-

220 1184 369 1232 runt.
406 1174 563 1229 Aliud
591 1182 674 1228 est
698 1174 840 1228 enim
871 1173 1142 1245 negligere
1184 1177 1326 1244 quod
1361 1176 1605 1246 ignores,
1654 1176 1798 1232 aliud

222 1270 573 1320 contemnere
617 1261 759 1334 quod
825 1264 1080 1319 colueris.
1135 1263 1429 1320 Possumus
1484 1267 1698 1321 vineam
1748 1276 1803 1322 et

221 1357 544 1425 Jerusalem,
590 1356 747 1428 juxta
794 1356 1205 1428 intelligentiam
1248 1358 1545 1429 spiritalem
1601 1360 1802 1415 intelli-

222 1464 352 1525 gere
395 1450 726 1505 credentium
782 1449 1198 1506 multitudinem.
1247 1450 1377 1519 Quae
1432 1451 1479 1506 si
1534 1449 1806 1522 negligens

222 1540 405 1606 fuerit,
428 1549 485 1595 et
506 1539 769 1595 culturam
811 1539 1053 1610 pristina:
1076 1541 1349 1612 religionis
1375 1540 1656 1607 amiserit,
1704 1555 1805 1595 nec

224 1631 468 1688 attulerit
506 1629 689 1703 fruges
721 1631 980 1685 virtutum
1002 1671 1017 1694 ,
1060 1645 1163 1686 nec
1194 1631 1377 1686 vinum
1411 1629 1629 1695 fecerit,
1661 1629 1804 1700 quod

224 1717 463 1778 laetiﬁcat
499 1720 597 1777 cor'
620 1719 873 1785 hominis,
901 1719 1119 1774 aeternis
1153 1719 1396 1773 tradetur
1417 1717 1722 1784 ardoribus,
1750 1726 1805 1773 et

1909 550 2063 596 ortus
2106 548 2163 595 et
2194 542 2441 598 educatio
2484 550 2540 597 et
2576 543 2831 613 pubertas
2875 552 2929 599 et
2956 546 3159 616 nuptiae
3204 556 3262 604 et
3285 542 3501 608 adnlte-V

1910 631 2072 697 rium,
2104 639 2161 686 et
2181 632 2484 701 repudium,
2512 641 2568 688 et
2600 648 2813 693 rursum
2839 638 3113 693 revocatio
3147 641 3489 699 contexitur:
3533 693 3543 701 .

1908 730 1967 776 ut
1988 722 2271 778 clementia
2300 725 2403 779 viri
2439 733 2601 795 atque
2631 726 2893 796 judicium
2922 738 2978 783 et
3015 729 3275 786 adulterae
3301 741 3359 788 et
3381 746 3493 789 me-

1908 804 2121 867 retricis
2159 814 2365 869 scelera
2418 827 2835 885 cognoscantur.
2883 819 3020 874 Dum
3067 829 3192 890 post
3238 823 3490 879 universa

1907 904 2167 976 supplicia
2204 906 2432 960 suscitat
2450 907 2499 961 ei
2540 917 2756 977 pactum
2788 911 3195 979 sempiternum,
3221 921 3281 968 ut
3306 929 3492 971 recor-

1908 994 2065 1048 detur
2100 995 2402 1064 iniquitatis
2440 1012 2552 1052 sute
2595 1006 2652 1052 et
2680 998 3063 1068 confundatur,
3094 1010 3149 1058 et
3187 1018 3296 1058 non
3336 1004 3410 1060 sit
3442 1006 3494 1062 ei

1906 1083 2047 1138 ultra
2072 1086 2281 1154 aperire
2328 1100 2391 1141 os
2420 1098 2531 1156 prae
2558 1087 2875 1143 confusione
2918 1105 3038 1155 sua,
3084 1108 3206 1147 cum
3251 1095 3494 1165 placatus

1906 1173 2071 1230 fuerit
2108 1176 2181 1230 illi
2213 1176 2265 1231 in
2296 1179 2565 1244 omnibus,
2597 1194 2716 1248 quae
2745 1178 2970 1236 fecerat.
3006 1181 3230 1239 Multum
3261 1202 3500 1258 namque

1904 1266 2123 1333 prodest
2161 1269 2538 1335 peccatoribus
2589 1269 2732 1324 scire
2776 1285 2896 1340 quae
2953 1271 3199 1329 iecerint.
3235 1275 3385 1332 Unde
3439 1287 3498 1333 et

1903 1354 2172 1422 pmnitens
2227 1354 2510 1426 loquitur:
2548 1377 2567 1410 ‹
2606 1359 2868 1425 Quoniam
2919 1361 3259 1431 iniquitatem
3319 1382 3493 1422 meam

1842 1495 1865 1507 κ
1904 1459 2005 1512 ego
2042 1459 2328 1513 cognosco,
2378 1456 2434 1501 et
2480 1457 2763 1517 peccatum
2816 1464 2995 1504 meum
3040 1462 3230 1508 contra
3280 1469 3366 1509 me
3411 1464 3497 1511 est

1902 1542 2119 1604 semper
2168 1533 2341 1607 (Psal.
2375 1536 2451 1609 L).
2489 1557 2509 1590 ι
2553 1537 2800 1605 Quatuor
2835 1548 3017 1594 autem
3058 1543 3231 1598 modis
3264 1543 3490 1617 intelligi

1902 1632 2079 1693 potest
2123 1622 2443 1693 Jerusalem,
2492 1628 2579 1683 vel
2617 1631 2762 1695 haec,
2813 1642 2933 1699 quae
2959 1629 3257 1705 Babylonio
3301 1644 3357 1691 ct
3383 1635 3492 1692 Ro-

1906 1729 2074 1770 mano.
2090 1714 2213 1786 igne
2242 1731 2499 1773 succensa
2521 1727 2606 1775 est
2632 1738 2645 1774 :
2671 1720 2752 1799 vel
2783 1722 3022 1779 caelestis
3051 1724 3451 1794 primitivorum
3475 1744 3490 1784 :

224 1810 279 1866 in
313 1810 541 1867 nihilum
571 1810 924 1881 reputabitur.
967 1827 985 1861 ι
1028 1808 1229 1864 Servus
1255 1808 1421 1874 enim,
1447 1809 1538 1878 qui
1567 1808 1670 1863 scit
1699 1823 1796 1862 vo—
1833 1808 1874 1866 Β
1903 1806 1985 1860 vel
2029 1807 2266 1862 Ecclesia
2294 1848 2310 1873 ,
2366 1824 2486 1879 quae
2535 1811 2924 1882 interpretatur
2978 1814 3117 1871 visio
3168 1818 3321 1886 pacis
3354 1837 3367 1872 :
3406 1818 3492 1874 vel

224 1899 488 1955 luntatem
532 1901 735 1956 domini
770 1900 886 1965 sui,
926 1909 983 1955 et
1021 1915 1127 1955 non
1167 1898 1296 1954 facit
1323 1914 1443 1954 eam
1470 1940 1485 1966 ,
1529 1898 1804 1968 vapulabit

225 1991 411 2047 multis
441 1990 591 2064 (Luc.
629 1988 749 2063 xu);
783 2012 802 2045 ›
841 1982 971 2046 Tale
1002 1991 1129 2061 quid
1167 1999 1222 2046 et
1267 1991 1527 2066 Dominus
1566 1991 1805 2062 loquitur

226 2081 278 2135 in
305 2080 598 2152 Evangelio
637 2082 929 2138 secundum
967 2081 1229 2139 Joannem
1263 2101 1279 2137 :
1312 2102 1333 2151 ς
1379 2083 1491 2154 Ego
1523 2086 1640 2139 sum
1678 2083 1805 2139 vitis

224 2185 373 2237 vera,
401 2179 456 2225 et
484 2181 637 2241 pater
658 2187 811 2228 meus
826 2172 1085 2244 agricola.
1114 2172 1303 2229 Omnis
1326 2174 1552 2245 palmes,
1582 2174 1675 2244 qui
1696 2178 1808 2228 ma—

225 2271 319 2319 net
346 2265 404 2319 in
439 2278 546 2331 me,
574 2273 630 2319 et
668 2280 775 2320 non
802 2263 932 2320 facit
961 2263 1214 2329 fructum,
1253 2263 1404 2339 tollet
1433 2264 1583 2320 illum
1606 2264 1799 2321 Pater:

226 2355 291 2412 Et
309 2342 510 2422 omnis,
539 2355 630 2428 q’ni
658 2356 834 2411 adfert
860 2355 1115 2421 fructum,
1138 2357 1386 2428 purgabit
1412 2373 1556 2424 eum,
1587 2366 1647 2412 ut
1689 2357 1805 2412 fru-

227 2457 373 2503 ctum
407 2447 529 2518 plus
550 2444 761 2503 adferat
795 2447 977 2518 (Joan.
1008 2445 1122 2518 xv).
1164 2467 1187 2501 ›
1235 2446 1293 2501 Si
1333 2456 1512 2503 autem
1553 2444 1808 2502 Salvator

224 2539 353 2594 vitis
370 2547 475 2605 est,
499 2547 555 2594 et
576 2554 676 2594 nos
702 2539 977 2610 palmites,
1006 2547 1063 2594 et
1107 2538 1306 2594 dicitur
1337 2547 1493 2609 pater
1544 2535 1802 2608 agricola.

226 2631 495 2698 Quamdiu
511 2620 606 2685 Dei
632 2637 899 2700 praecepta
923 2645 1219 2693 servamus,
1239 2643 1452 2698 semper
1483 2626 1804 2691 excolimur,

225 2730 281 2779 et
305 2720 515 2777 cultura
539 2730 721 2779 nostra
744 2719 992 2790 purgatio
1018 2726 1122 2776 est.
1153 2737 1171 2769 ι
1198 2716 1315 2773 Non
1350 2726 1434 2773 est
1454 2716 1601 2773 enim
1623 2715 1805 2772 volen-

226 2815 297 2870 tis
326 2825 503 2883 neque
526 2794 815 2878 currentis,
843 2810 938 2866 sed
978 2810 1285 2865 miserentis
1308 2808 1404 2864 Dei
1431 2806 1609 2879 (Rom.
1637 2806 1736 2880 nt).
1783 2826 1802 2860 ο

228 2903 383 2971 Quod
423 2903 469 2958 si
501 2899 807 2957 adferentes
851 2899 1085 2956 fructum
1110 2940 1125 2966 ,
1168 2913 1463 2969 purgamur
1484 2913 1515 2953 a
1544 2905 1719 2968 patre,
1751 2905 1812 2951 ut

228 2994 438 3050 fructus
466 2991 754 3062 ampliores
773 2989 1098 3055 adferamus,
1126 2989 1432 3045 ostenditur
1460 3002 1676 3043 omnem
1708 3001 1805 3042 no—

228 3094 399 3145 strum
443 3092 696 3140 conatum
726 3082 995 3152 adjutorio
1020 3080 1115 3136 Dei
1143 3080 1427 3152 pervenire
1447 3080 1515 3134 ad
1542 3079 1726 3145 finem,
1755 3087 1812 3133 et

1901 1895 2097 1949 anima:
2138 1897 2502 1967 singulorum,
2572 1900 2846 1970 quac‘fide
2892 1913 3123 1959 cernunt
3183 1908 3492 1965 Dominum.

1898 1983 2141 2055 llludque
2174 1988 2319 2056 quod
2355 1988 2597 2060 plerique
2638 1991 2706 2045 de
2740 1992 2947 2048 caelesti
2991 1991 3289 2051 Jerusalem
3320 1998 3493 2053 inter-

1900 2085 2170 2145 pretatum
2225 2086 2438 2148 putant,
2489 2078 2731 2136 Ecclesia
2783 2097 2891 2137 non
2926 2084 3122 2155 recipit
3179 2101 3247 2141 ne
3287 2089 3493 2154 omnia,

1902 2182 2022 2237 qua:
2075 2168 2130 2223 in
2164 2171 2417 2240 praesenti
2468 2172 2752 2243 prophetia
2793 2181 3175 2241 contexuntur,
3207 2177 3275 2231 ad
3327 2177 3493 2233 cmic-

1901 2260 2065 2316 stium
2094 2259 2467 2317 fortitudinum
2518 2262 2705 2319 ruinas
2733 2271 2898 2335 atque
2924 2265 3226 2333 cruciatus,
3254 2276 3311 2322 et
3334 2270 3496 2323 resti-

1902 2350 2165 2406 tutionem
2209 2351 2263 2406 in
2311 2352 2603 2421 pristinum
2636 2361 2837 2409 statum
2889 2354 3170 2427 suscipere
3196 2357 3493 2427 compella-

1905 2460 2044 2500 mur.

1981 2552 2000 2586 ι
2029 2533 2202 2589 Radix
2235 2539 2328 2588 tua
2357 2541 2412 2589 et
2434 2534 2714 2605 generatio
2746 2542 2837 2592 tua
2868 2536 2936 2592 de
2960 2545 3108 2591 terra
3129 2534 3409 2605 Chanaan,
3439 2547 3498 2594 et

1911 2643 1930 2676 ι
1961 2634 2117 2695 pater
2142 2631 2268 2679 tuus
2296 2623 2680 2689 Amorrhteus,
2727 2632 2783 2680 et
2840 2634 3013 2682 mater
3059 2633 3150 2681 tua
3195 2625 3434 2683 Cethata.
3472 2645 3491 2679 ι

1907 2715 2097 2788 Magna
2132 2713 2286 2780 fides,
2317 2713 2539 2784 grandis
2583 2714 2810 2769 audacia
2850 2715 3236 2786 prophetarum
3266 2756 3283 2782 ,
3328 2731 3496 2771 unum

1907 2804 2182 2861 hominem
2218 2811 2391 2859 totam
2423 2803 2614 2860 urbem
2650 2802 3007 2875 ignobilitatis
3037 2820 3287 2876 arguere.
3322 2804 3491 2860 Mira-

1907 2890 2029 2950 bilis
2055 2893 2274 2959 Daniel,
2321 2894 2414 2964 qui
2455 2894 2531 2950 ad
2567 2895 2946 2965 presbyterum
2972 2895 3397 2967 delinquentem,
3430 2905 3491 2953 et

1907 2985 2172 3043 adulterio
2193 2987 2509 3058 jungentem
2533 2986 2908 3053 homicidium,
2950 3001 3085 3059 puer
3109 2996 3275 3045 ausus
3303 2999 3386 3045 est
3413 2989 3498 3044 di—

1909 3092 2065 3136 cere:
2100 3096 2119 3131 i
2152 3076 2351 3134 Semen
2371 3077 2629 3135 Chanaan
2650 3084 2709 3134 et
2733 3093 2840 3135 non
2863 3076 3023 3145 Juda,
3053 3079 3263 3149 species
3289 3078 3502 3152 decepit

230 3176 468 3239 fructum
507 3173 689 3230 facere
730 3171 1095 3243 plenitudinis.
1128 3170 1229 3238 Qui
1264 3180 1443 3227 autem
1468 3171 1675 3242 palmes
1698 3166 1806 3224 fru-

1914 3186 1967 3234 te
1994 3167 2158 3250 (Dan.
2190 3175 2333 3246 xm).
2368 3194 2387 3229 ι
2419 3174 2646 3246 Magnus
2681 3176 2736 3229 et
2785 3174 2953 3229 Isaias
3040 3173 3132 3245 qui
3183 3174 3379 3230 clamat
3431 3177 3501 3231 ad

228 3282 322 3338 ges
370 3281 481 3324 non
521 3264 733 3329 fecerit,
762 3261 977 3318 tolletur
1013 3279 1043 3317 a
1099 3271 1268 3333 patre,
1313 3270 1369 3317 ct
1399 3278 1522 3318 cum
1567 3261 1810 3317 sublatus

229 3354 414 3419 fuerit.
444 3354 573 3427 quid
595 3353 669 3420 de
701 3365 768 3409 eo
800 3362 957 3424 pater
984 3351 1168 3419 faciat,
1195 3351 1480 3423 Scriptura
1509 3366 1615 3407 non
1645 3350 1805 3406 dicit:

228 3446 341 3509 Nisi
372 3446 515 3509 forte
542 3445 811 3516 separatio
854 3443 923 3501 de
965 3442 1166 3503 Christi
1203 3460 1453 3514 corpore,
1479 3457 1641 3513 poena
1671 3457 1800 3514 per-

227 3548 389 3607 petua
417 3543 503 3596 est
534 3543 590 3599 et
618 3534 890 3593 interitus.
937 3531 1090 3605 Quod
1110 3534 1170 3588 in
1206 3534 1365 3589 vinea
1389 3542 1444 3589 et
1466 3534 1574 3588 vite
1598 3530 1809 3588 intelle-

228 3626 427 3691 ximus,
454 3626 555 3681 sub
578 3625 681 3681 alia
717 3623 888 3694 ﬁgura
915 3623 1168 3680 Salvator
1195 3622 1352 3679 docet
1379 3622 1434 3679 in
1472 3618 1764 3697 Evangelia
1791 3640 1806 3677 :

236 3737 255 3770 ι
285 3717 491 3773 Bonum
515 3724 599 3772 est
628 3717 725 3771 sal.
762 3716 819 3771 Si
849 3724 1028 3772 autem
1053 3716 1133 3771 sal
1157 3714 1478 3771 infatuatum
1506 3714 1707 3782 fuerit,
1743 3715 1810 3779 ad

229 3812 362 3867 nihil
391 3818 478 3865 est
504 3810 654 3875 utile,
685 3810 788 3865 nisi
820 3818 881 3864 ut
907 3798 1053 3865 foras
1078 3808 1428 3881 projiciatur,
1457 3807 1607 3873 etab
1628 3807 1810 3864 homi-

230 3904 390 3961 nibus
423 3900 770 3957 conculcetur
788 3899 989 3964 (Marc.
1019 3900 1119 3970 ix).
1159 3920 1177 3952 ι
1214 3900 1282 3956 Et
1316 3899 1506 3955 oculus
1535 3940 1552 3965 ,
1602 3897 1695 3970 qui
1727 3907 1812 3957 tm

228 4001 344 4048 tum
396 4007 591 4062 corpus
627 3991 911 4056 illuminat,
960 3992 1006 4046 si
1032 3988 1196 4051 fuerit
1241 3990 1563 4055 excaecatus,
1596 3988 1808 4045 audita

227 4072 496 4137 Domino:
531 4099 551 4133 ι
581 4080 638 4136 Si
675 4080 874 4147 lumen,
904 4082 1047 4151 quad
1090 4081 1144 4135 in
1192 4090 1246 4136 te
1283 4090 1365 4137 est
1395 4082 1630 4137 tenebrat
1661 4091 1807 4146 sunt,

228 4171 361 4241 ipsa:
388 4171 622 4226 tenebrae
649 4179 826 4239 quot-ae
853 4170 1055 4226 erunt?
1086 4168 1301 4242 (Matth.
1332 4170 1437 4241 vi.)
1456 4189 1475 4220 ι
1511 4168 1809 4239 Compara-

230 4260 381 4316 tione
424 4257 624 4330 quippe
676 4258 1127 4328 praevaricatoris,
1152 4267 1209 4313 et
1233 4255 1349 4324 ejus
1385 4258 1475 4327 qui
1502 4250 1809 4314 confessum

228 4355 384 4427 prius
410 4355 688 4425 negaverit
716 4355 903 4420 Deum,
925 4353 1096 4409 lenior
1127 4368 1286 4424 poena
1322 4363 1406 4409 est
1451 4369 1640 4409 eorum
1665 4394 1680 4420 ,
1716 4354 1809 4424 qui

228 4461 531 4518 numquam
564 4447 659 4502 Dei
707 4447 945 4502 habuere
974 4446 1240 4501 notitiam.
1292 4445 1463 4516 Ligna
1488 4454 1668 4501 autem
1697 4441 1808 4502 salo
1840 4514 1843 4517 Α
1917 4444 2264 4510 habitaverit,
2286 4442 2459 4499 Cham
2500 4441 2701 4512 quippe
2720 4447 2875 4509 pater
2900 4441 3161 4494 Chanaan
3179 4475 3203 4505 ,
3243 4441 3503 4511 princeps

228 4548 388 4592 tuum
414 4537 528 4592 sive
574 4536 853 4601 silvarum,
882 4536 1177 4591 secundum
1212 4535 1534 4591 varietatem
1581 4536 1807 4592 creden-
1842 4502 1897 4563 Β
1917 4536 2022 4591 fuit
2047 4534 2220 4608 gentis
2232 4531 2521 4603 Egyptian,
2538 4538 2714 4584 tamen
2732 4526 2888 4598 juxta
2912 4526 3178 4583 scelerum
3192 4526 3503 4598 similitudlgt

228 4548 388 4592 tuum
414 4537 528 4592 sive
574 4536 853 4601 silvarum,
882 4536 1177 4591 secundum
1212 4535 1534 4591 varietatem
1581 4536 1807 4592 creden-

228 4628 369 4682 tium
406 4626 609 4683 habent
656 4626 713 4680 in
745 4641 940 4696 magna
990 4625 1152 4681 domo
1196 4625 1431 4695 aliquam
1477 4625 1808 4682 utilitatem:

231 4717 288 4772 in
312 4730 421 4784 qua
450 4729 556 4768 non
586 4715 760 4770 solum
798 4729 921 4771 vasa
955 4729 1119 4769 aurea
1143 4723 1200 4769 et
1220 4722 1474 4785 argentea
1504 4724 1664 4779 sunt,
1715 4717 1810 4772 sed

233 4811 291 4859 et
322 4803 503 4875 lignea
537 4804 852 4874 ﬁctiliaque,
884 4803 990 4858 alia
1017 4803 1073 4858 in
1102 4804 1384 4889 honorem,
1406 4802 1509 4858 alia
1540 4805 1594 4859 in
1617 4814 1810 4861 contu-

232 4893 474 4953 utetiam.

802 5043 817 5050 _
833 4982 1061 5040 CAPUT
1095 4982 1235 5039 XVI.

232 5088 520 5162 Catalogus
564 5093 1015 5164 immunditiarum
1046 5104 1094 5148 et
1135 5093 1466 5164 iniquitatum
1493 5090 1811 5164 Jerusalem,

303 5170 355 5244 ei
376 5163 632 5244 correptio
660 5179 779 5244 quia
818 5173 1092 5244 reaocaltur
1136 5162 1512 5244 ad'salutem:
1547 5163 1815 5244 justiﬁth

306 5229 564 5354 Dominus
588 5229 870 5287 Sodomam
899 5243 947 5287 et
982 5230 1282 5288 Samariam
1312 5229 1704 5302 comparatione
1728 5231 1818 5288 Je-

306 5315 395 5354 ηε
452 5316 555 5354 em.

306 5315 555 5355 malem.

211 5495 214 5498 ἢ
313 5446 333 5479 ι
361 5426 430 5483 Et
457 5426 635 5484 factus
668 5436 752 5484 est
778 5444 958 5484 sermo
986 5428 1198 5484 Domini
1224 5430 1291 5485 ad
1322 5445 1408 5485 me
1443 5429 1630 5485 dicens
1658 5447 1670 5482 :
1711 5427 1813 5485 Fili

239 5534 261 5571 ι
288 5516 722 5584 hominis,notas
739 5520 823 5575 fac
850 5518 1187 5578 Hierusalem
1218 5521 1642 5576 abomin'ationes
1665 5532 1813 5587 suas,

144 5674 149 5679 κ
233 5624 258 5662 σ
285 5617 346 5666 et
369 5608 558 5665 dices:
593 5606 720 5666 Hac
744 5610 878 5667 dicit
910 5612 1170 5669 Dominus
1222 5611 1362 5668 Deus
1405 5610 1737 5675 Jerusalem,
1786 5632 1806 5666 ι

227 5707 343 5769 etc.
377 5697 650 5774 (Πίσων.)
675 5699 787 5759 Sub
806 5717 1037 5775 persona
1065 5702 1307 5760 mulieris
1336 5703 1664 5767 meretricis,
1687 5710 1807 5773 quae

1905 3270 2179 3342 principes
2205 3276 2260 3324 et
2302 3267 2370 3322 ad
2414 3265 2675 3337 populum
2701 3263 3011 3321 Judreorum
3041 3283 3055 3319 :
3095 3283 3113 3317 ι
3147 3265 3346 3322 Audite
3373 3280 3500 3321 ver-

1905 3345 2033 3415 bum
2063 3357 2300 3422 Domini,
2329 3354 2604 3427 principes
2637 3352 3021 3420 Sodomorum,
3064 3351 3288 3408 auribus
3319 3353 3502 3426 percl-

1904 3444 2019 3519 pite
2064 3447 2227 3503 verba
2266 3442 2505 3511 Domini,
2549 3442 2782 3515 populus
2816 3440 3153 3521 Gomorrhae:
3205 3459 3224 3494 ι
3257 3440 3395 3514 (ha.
3435 3443 3500 3513 ι.)

1909 3534 2015 3596 Sed
2039 3552 2147 3594 non
2176 3537 2354 3593 minor
2378 3533 2651 3600 Ezechiel,
2673 3532 2767 3605 qui
2796 3532 2864 3589 ad
2891 3540 3062 3589 totam
3091 3531 3282 3588 urbem
3311 3530 3496 3603 loqui.

1908 3638 1998 3686 tur
2029 3627 2365 3686 conﬁdenter
2400 3644 2419 3681 :
2450 3645 2470 3679 ι
2506 3624 2683 3681 Radix
2731 3631 2823 3679 tua
2864 3630 2920 3679 et
2970 3623 3249 3696 generatio
3295 3632 3385 3678 tua
3434 3625 3509 3693 de

1909 3731 2053 3776 terra
2084 3716 2365 3785 Chanaan,
2386 3723 2547 3789 pater
2576 3724 2702 3772 tuus
2727 3715 3091 3779 Amorrhaaus,
3119 3722 3177 3769 et
3203 3724 3380 3771 mater
3405 3722 3509 3783 tua,

1907 3798 2121 3867 Cethaea
2153 3798 2373 3881 (Each.
2423 3806 2560 3879 xvi).
2601 3822 2620 3858 ι
2682 3803 3026 3875 Quamquam
3078 3812 3136 3859 et
3194 3803 3512 3876 Stephanus,

1906 3899 2116 3970 primus
2162 3904 2370 3968 martyr
2409 3890 2688 3967 EVangelii
2737 3893 2806 3949 ad
2848 3891 3210 3949 insanientem
3242 3891 3507 3969 pupulum

1909 3986 1981 4042 sit
2016 3985 2270 4052 locutus:
2317 3994 2336 4039 ἀ
2373 3982 2517 4045 Dura
2545 3982 2760 4039 cervice
2801 3989 2858 4037 et
2898 3980 3266 4038 incircumcisi
3315 3980 3501 4048 corde,

1909 4098 2006 4137 vos
2034 4084 2248 4151 semper
2280 4078 2509 4150 Spiritui
2541 4084 2730 4133 sancto
2758 4075 3038 4132 restitistis
3066 4074 3203 4147 (Act.
3229 4073 3354 4146 vn).
3386 4093 3406 4128 ι
3436 4074 3504 4132 Et

1908 4170 2037 4228 licet
2073 4168 2345 4242 possimus
2389 4166 2629 4229 radicem
2669 4164 2968 4223 Jerusalem
3003 4172 3060 4221 et
3095 4163 3509 4236 generationem

1909 4265 2029 4336 ejus
2054 4271 2257 4317 terram
2294 4254 2552 4315 Chanaan
2577 4257 2873 4315 secundum
2898 4255 3029 4312 illud
3048 4256 3329 4326 accipere,
3351 4255 3509 4325 quod

1910 4357 1964 4412 in
1994 4353 2230 4431 Egypto
2257 4359 2481 4407 vocatus
2512 4351 2584 4405 sit
2609 4349 2859 4423 populus,
2883 4356 2940 4407 et
2960 4346 3033 4413 ibi
3055 4346 3235 4412 multo,
3252 4353 3514 4419 tempore,

1917 4444 2264 4510 habitaverit,
2286 4442 2459 4499 Cham
2500 4441 2701 4512 quippe
2720 4447 2875 4509 pater
2900 4437 3161 4494 Chanaan
3179 4475 3203 4505 ,
3243 4437 3511 4511 princeps.

1913 4640 2035 4682 nem
2083 4622 2321 4678 radicem
2380 4617 2679 4676 Jerusalem
2721 4625 2922 4671 terram
2955 4610 3174 4688 Egypti
3197 4630 3319 4673 esse
3347 4616 3498 4673 dice.

1914 4729 2052 4771 mus.
2092 4712 2245 4770 Unde
2265 4716 2321 4766 et
2347 4718 2502 4781 pater
2530 4707 2675 4763 illius
2698 4706 3002 4778 appellatur
3018 4706 3388 4776 Amorrhzeus,
3404 4708 3497 4781 qui

1912 4806 2314 4876 interpretatur,
2346 4800 2515 4856 multo
2542 4812 2791 4855 sermone
2822 4798 3147 4855 celebratus.
3184 4817 3205 4853 ι
3232 4799 3302 4856 Et
3324 4808 3499 4856 mater.

1917 4903 2007 4949 tua
2027 4892 2265 4957 (lethaea,
2302 4909 2321 4944 ι
2349 4889 2403 4946 id
2426 4896 2534 4955 est,
2553 4889 2830 4955 ἕξιστῶσα,
2858 4903 2979 4959 quae
3006 4888 3093 4944 vel
3131 4888 3247 4960 ipsa
3268 4887 3494 4952 insanit.

1914 4982 1999 5038 vel
2023 4982 2159 5050 alios
2180 4980 2345 5038 mittit
2378 4979 2431 5034 in
2455 4976 2771 5033 amentiam.
2809 4994 2828 5029 ι
2847 4974 3036 5033 Omnis
3056 4977 3223 5041 enim,
3245 4969 3501 5049 qul't'aelt

1913 5071 2299 5145 pec‘catum,de
2321 5068 2535 5125 diabolo
2556 5076 2718 5123 natus
2744 5075 2845 5123 est.
2860 5086 2880 5120 ι
2907 5065 3061 5124 Unde
3079 5073 3136 5121 et
3153 5064 3209 5123 in
3232 5060 3347 5123 tuto
3364 5064 3498 5121 orbe

1915 5162 2074 5231 hujus
2112 5162 2318 5230 antiqui
2364 5162 2537 5231 patris
2589 5158 2857 5215 famosum
2930 5157 3252 5214 vocabulum
3297 5164 3404 5216 est.
3442 5166 3503 5215 et

1919 5250 2116 5307 multos
2163 5258 2378 5304 vertens
2411 5248 2466 5303 in
2512 5248 2824 5303 amentiam.
2866 5246 3296 5318 'Praacipiturque
3340 5242 3495 5300 Jeru-

1918 5340 2087 5395 salem
2121 5337 2203 5394 vel
2238 5338 2389 5408 juxta
2428 5337 2663 5393 litteram
2702 5337 2788 5392 vel
2824 5334 2982 5406 juxta
3024 5335 3294 5406 spiritum,
3318 5341 3379 5389 ut
3404 5346 3492 5389 re-

1918 5432 2130 5501 linquat
2152 5431 2432 5501 autiquutn
2452 5437 2686 5500 patrem,
2709 5439 2764 5483 et
2786 5428 2985 5484 dicitur
3001 5427 3070 5484 ad
3089 5438 3209 5482 eam
3234 5442 3249 5479 :
3273 5441 3298 5476 ι
3332 5422 3494 5487 Audi,

1920 5521 2051 5587 tilia,
2083 5531 2139 5577 et
2166 5521 2302 5582 Vide,
2329 5528 2385 5575 et
2426 5518 2624 5575 inclina
2656 5533 2839 5572 aurem
2868 5526 3046 5583 tuam,
3091 5520 3146 5571 et
3170 5513 3492 5570 obliviscere

1917 5614 2170 5686 populum
2200 5621 2370 5679 tuum,
2402 5620 2458 5668 et
2491 5611 2709 5668 domum
2741 5609 2909 5679 patris
2938 5608 3035 5663 tui.
3060 5607 3127 5662 Et
3148 5606 3494 5676 concupiscet

1921 5722 2013 5762 rex
2043 5706 2294 5762 decorem
2327 5712 2474 5761 tuum
2502 5700 2674 5775 (Psal.
2701 5697 2872 5769 κων).
2907 5717 2929 5754 ι
2969 5698 3036 5753 Et
3057 5696 3393 5771 promittitur
