3954 6182
454 302 556 357 667

1101 301 1161 354 Β.
1203 298 1452 353 ΒΑΒΑΝι
1490 297 1707 354 MAURI
1748 298 2064 354 ARCHIEP.
2108 296 2416 356 MOGUNT.
2456 300 2741 363 OPERUM
2777 300 2959 357 PARS
2995 302 3062 356 ll.

3612 307 3710 363 6238

451 415 498 470 si
524 421 643 485 post
671 420 967 484 peccatum,
995 411 1059 463 ad
1087 425 1271 463 verum
1300 409 1526 462 voluerit
1550 417 1761 479 patrem
1806 410 2024 475 reverti,
2057 416 2102 474 Α
2130 410 2326 465 nalem.
2354 411 2487 466 Cum
2509 420 2688 468 autem
2716 415 2783 468 ad
2809 421 3022 469 aetatem
3051 416 3260 470 venerit
3285 417 3612 484 pubertatis,
3636 420 3709 475 di-

458 525 477 558 ι
509 505 789 559 restituam
827 512 878 557 te
905 503 1044 567 sicut
1071 500 1245 565 fuisti,
1278 501 1495 569 quando
1530 509 1653 555 nata
1689 516 1768 553 es.
1807 519 1824 550 ι
1866 490 2030 569 Cujus

457 604 604 650 tanta
635 593 906 656 nobilitas,
937 599 996 644 ut
1034 591 1184 643 urbis
1223 587 1518 644 Jerusalem
1539 629 1553 653 ,
1601 604 1720 657 quae
1762 589 1826 644 de
1854 589 2031 665 Abra-

454 685 607 745 ham,
635 681 780 734 Isaae
810 688 862 733 et
899 677 1066 733 Jacob
1089 672 1619 745 stiorpe‘descendens
1644 678 1811 733 Deum
1844 679 2031 733 habuit

452 770 694 838 patrem?
715 768 779 821 Et
801 779 977 820 tamen
996 767 1119 835 quia
1140 767 1402 835 peccavit,
1420 774 1475 819 et
1494 782 1679 821 verum
1703 767 1920 836 reliquit
1944 783 2034 836 pa-

452 866 673 921 rentem,
699 867 936 912 meretur
962 858 1146 910 audire
1174 874 1185 908 :
1212 876 1229 907 ‹
1254 856 1426 909 Radix
1456 865 1543 910 tua
1567 864 1621 910 et
1640 857 1915 924 generatio
1938 864 2031 910 tua

448 946 510 1000 de
539 956 677 1000 terra
714 946 991 1000 Chanaan.
1038 946 1199 1000 Pater
1237 955 1361 1000 tuus
1389 946 1735 1001 Amorrhaeus
1767 953 1821 1001 et
1848 955 2032 1000 mater

448 1046 538 1091 tua
570 1035 805 1091 Cethzea.
852 1056 869 1087 ι
907 1035 961 1090 Si
991 1037 1079 1089 illa
1104 1037 1205 1091 hoc
1228 1036 1455 1100 audivit,
1486 1036 1614 1106 quid
1639 1035 1706 1090 de
1727 1036 1882 1091 nobis
1914 1035 2027 1100 fiet,

445 1126 535 1194 qui
567 1125 738 1179 vocati
780 1140 844 1179 ex
874 1125 1112 1195 gentium
1148 1126 1397 1179 sordibus
1440 1139 1653 1179 omnem
1682 1126 1944 1180 maculam
1978 1127 2029 1179 in

446 1217 662 1272 lavacro
686 1217 982 1272 Salvatoris
1007 1202 1318 1282 amisimus,
1369 1219 1414 1274 si
1466 1216 1820 1289 polluerimus
1873 1220 2029 1274 indu-

446 1317 684 1362 mentum
710 1308 932 1377 Christi,
957 1318 1139 1363 etnon
1170 1309 1519 1365 habuerimus
1551 1311 1605 1363 in
1649 1311 1894 1365 convivio
1941 1327 2031 1365 ve—

444 1406 579 1451 stem
605 1398 937 1467 nuptialem?
971 1398 1155 1466 utique
1185 1398 1337 1463 illud,
1366 1407 1421 1451 ut
1443 1399 1647 1468 junctis
1670 1400 1917 1454 manibus
1938 1416 2031 1470 pe-

442 1488 706 1557 dibusque
752 1489 968 1542 aaternis
1008 1488 1284 1543 tradamur
1313 1488 1618 1553 ardoribus,
1647 1490 1701 1543 in
1725 1491 1921 1559 quibus
1946 1498 2032 1545 est

441 1575 598 1632 ﬂetus
621 1577 898 1632 oculorum
922 1586 977 1632 et
1001 1578 1199 1633 stridor
1219 1579 1459 1633 dentium
1487 1578 1701 1648 (Matth.
1728 1582 1886 1650 χχιι).
2037 1568 2040 1573 ⁴

516 1684 533 1717 ι
570 1668 638 1721 Ει
659 1668 871 1737 quando
896 1677 1021 1721 nata
1046 1683 1125 1733 es,
1158 1667 1210 1720 in
1242 1668 1327 1722 die
1349 1678 1501 1723 ortus
1532 1669 1604 1721 tui
1633 1684 1739 1723 non
1783 1677 1866 1723 est
1894 1684 2029 1738 prac-

2137 508 2290 554 cctur
2314 500 2380 554 de
2407 517 2469 555 ea
2499 519 2511 554 :
2546 520 2564 553 ι
2600 501 2854 571 Nunquid
2881 503 3226 558 obliviscetur
3253 519 3449 574 sponsa
3492 516 3713 565 ornatus

2134 588 2250 654 sui,
2297 598 2391 642 aut
2434 590 2587 661 virgo
2617 589 2796 646 fasciaa
2837 593 3126 667 pectoralis
3173 608 3283 648 sua:
3328 593 3484 665 (Jer.
3539 595 3710 670 n)?»

2135 678 2392 748 Sequitur
2421 695 2436 733 :
3056 676 3063 681 ’

2210 790 2228 823 ‹
2266 774 2331 826 Et
2359 773 2413 827 in
2434 788 2571 842 aqua
2595 787 2703 827 non
2726 787 2786 828 es
2824 773 2932 828 lota
2961 774 3014 827 in
3040 773 3287 829 salutem.
3322 795 3339 827 ι
3377 775 3617 831 Cruenta
3640 778 3716 832 in-

2137 861 2341 917 fantum
2379 877 2609 933 corpora
2662 862 2844 917 statim
2892 871 2951 916 ut
2990 865 3311 917 emittuntur
3348 880 3416 919 ex
3442 873 3599 920 utero
3640 866 3715 920 la-

2134 952 2250 1006 vari
2291 951 2478 1014 solent,
2530 951 2604 1005 ita
2633 958 2693 1004 ut
2720 944 2998 1022 generatio
3026 953 3285 1022 spiritalis
3313 955 3585 1009 canachro
3617 955 3715 1028 [la-

2132 1040 2316 1112 vacro]
2342 1041 2559 1111 indiget”
2571 1040 2815 1096 salutari.
2848 1042 3035 1096 Nullus
3055 1042 3199 1096 enim
3226 1044 3456 1098 mundus
3479 1059 3510 1097 a
3532 1044 3714 1108 sorde,

2134 1146 2231 1184 nec
2255 1131 2296 1183 si
2338 1131 2498 1185 unius
2519 1131 2733 1199 quidem
2760 1130 2863 1185 diei
2901 1130 3065 1186 fuerit
3084 1133 3193 1185 vita
3230 1132 3367 1202 ejus.
3397 1133 3464 1187 Et
3489 1134 3545 1187 in
3573 1132 3716 1188 Psal-

2134 1219 2236 1273 mis
2271 1218 2534 1288 lcgimus:
2578 1237 2595 1269 ‹
2626 1217 2681 1271 In
2733 1218 3107 1288 iniquitatibus
3147 1228 3440 1288 conceptus
3482 1237 3626 1286 sum,
3661 1232 3714 1277 et

2134 1305 2185 1358 in
2216 1305 2448 1373 peccatis
2476 1305 2725 1385 concepit
2764 1321 2850 1361 me
2895 1314 3071 1361 mater
3114 1322 3232 1362 mea
3266 1305 3438 1378 (Paul.
3471 1308 3547 1379 ι).
3570 1328 3589 1361 ι
3619 1309 3714 1366 Se-

2132 1398 2303 1449 cunda
2356 1395 2609 1450 nativitas
2657 1396 2814 1452 solvit
2856 1398 3089 1467 primam
3139 1399 3522 1465 nativitatem;
3580 1401 3715 1456 scri-

2130 1493 2278 1554 ptum
2303 1492 2388 1540 est
2413 1486 2592 1540 enim:
2644 1504 2663 1536 ‹
2698 1485 2811 1541 Nisi
2856 1488 2978 1558 quis
3024 1499 3244 1543 renatus
3274 1487 3435 1543 fuerit
3462 1505 3531 1543 ex
3576 1506 3713 1560 aqua

2131 1584 2184 1631 et
2236 1575 2438 1646 Spiritu
2485 1585 2701 1644 sancto,
2754 1578 2870 1633 non‘
2909 1587 3087 1649 potest
3126 1580 3330 1635 intrare
3381 1581 3436 1635 in
3486 1598 3712 1652 regnum

2131 1664 2225 1720 Dei
2255 1664 2552 1739 (Icarum).
2589 1686 2608 1719 ι
2639 1667 2912 1739 Multaque
2937 1678 3062 1725 sunt
3086 1668 3321 1733 lavacra,
3367 1686 3489 1741 quae
3511 1671 3712 1726 ethnici

445 1775 464 1807 ι
507 1757 649 1811 cisus
676 1757 961 1811 umbilicus
989 1766 1131 1821 tuus,
1159 1764 1214 1810 et
1242 1757 1296 1810 in
1328 1773 1465 1827 aqua
1498 1773 1603 1812 non
1629 1772 1689 1812 es
1712 1758 1820 1812 lota
1862 1758 1912 1811 in
1937 1774 2024 1811 sa-
2052 1745 2097 1804 Β
2126 1757 2178 1810 in
2226 1757 2496 1828 mysteriis
2530 1760 2661 1823 suis,
2694 1767 2748 1814 et
2779 1760 3020 1814 hmretici
3061 1760 3409 1831 pollicentur,
3457 1762 3550 1830 qui
3596 1776 3712 1817 om-

443 1866 463 1899 ‹
506 1847 691 1911 lutem,
723 1863 818 1902 nec
846 1848 957 1903 sale
1004 1848 1180 1913 salita,
1212 1862 1312 1902 nec
1360 1838 1595 1903 involuta
1642 1850 1854 1918 pannis.
1909 1849 2025 1904 Non

443 1955 462 1988 ‹
500 1940 738 2008 pepercit
760 1954 921 2009 super
944 1949 995 1993 te
1015 1939 1219 2001 oculus,
1247 1939 1633 1993 utfacercttibi
1662 1956 1825 1993 unum
1850 1942 1915 1993 de
1942 1941 2027 1995 his
2063 1946 2069 1953 ’

442 2044 461 2077 ι
507 2025 760 2079 misertus
813 2026 907 2090 tui,
938 2027 1031 2079 sed
1074 2024 1314 2095 projeeta
1344 2041 1401 2080 es
1445 2040 1605 2095 super
1632 2025 1822 2080 faciem
1868 2035 2024 2081 terra:

442 2135 461 2168 ι
504 2118 558 2171 ἱη
593 2116 891 2184 alsjectione
923 2116 1116 2170 anima:
1143 2125 1247 2171 tua:
1266 2117 1320 2169 in
1345 2117 1431 2171 die
1456 2131 1561 2185 qua
1587 2126 1711 2170 nata
1736 2132 1818 2181 es,
1854 2137 1871 2169 ι
1917 2127 2021 2172 etc.

436 2211 707 2284 (Ηὶετοη.)
740 2210 899 2265 Juxta
929 2211 1172 2266 ordinem
1218 2208 1469 2264 lectionis
1497 2209 1561 2263 de
1603 2209 1826 2279 singulis
1856 2210 2023 2264 disse-

435 2320 635 2358 ramus.
666 2302 891 2370 Quando
925 2310 1049 2355 nata
1080 2309 1165 2355 est
1202 2299 1501 2357 Jerusalem
1530 2299 1597 2355 de
1636 2298 1795 2354 Patre
1832 2298 2024 2353 Amor-

436 2394 604 2456 J‘lltBO,
655 2401 710 2447 et
738 2402 913 2446 matre
941 2390 1175 2455 Cethzea,
1207 2400 1263 2446 et
1310 2389 1480 2445 effusa
1512 2405 1579 2444 ex
1607 2398 1780 2455 utero,
1811 2405 1914 2444 non
1940 2398 2021 2445 est

432 2484 687 2553 praecisus
715 2484 1000 2538 umbilicus
1020 2484 1157 2553 ejus,
1199 2498 1307 2552 quo
1342 2483 1484 2539 fetus
1513 2482 1730 2537 aluntur
1759 2483 1811 2538 in
1836 2493 2023 2538 ventre

432 2575 603 2632 instar
625 2577 877 2630 arborum
909 2583 960 2630 et
986 2574 1370 2645 virgultorum,
1404 2591 1524 2644 quae
1552 2590 1649 2645 per
1684 2575 1894 2630 radices
1921 2576 2023 2630 hu-

430 2682 580 2720 more
608 2675 769 2721 terra:
798 2666 1111 2723 nutriuntur
1131 2666 1361 2722 occulto.
1397 2666 1464 2721 Et
1491 2667 1760 2736 quomodo
1785 2668 2021 2722 virorum

432 2756 782 2811 seminarium
814 2755 1152 2826 significatur
1189 2756 1243 2811 in
1271 2756 1491 2821 lumbis,
1535 2757 1608 2811 ita
1650 2758 1905 2828 genitalia
1945 2756 2023 2813 fe-

431 2845 700 2897 minarum
758 2845 987 2898 honesto
1042 2858 1329 2910 sermone,
1376 2844 1527 2914 juxta
1577 2844 2020 2899 consuetudinem

433 2931 839 3005 Scripturarum
868 2933 1153 2988 umbilicus
1181 2944 1467 3000 vocantur,
1510 2943 1744 2989 testante
1773 2932 1892 3002 Job,
1928 2936 2019 3005 qui

430 3024 530 3079 sub
579 3022 750 3094 figura
787 3023 1037 3093 draconis
1068 3023 1306 3093 loquitur
1332 3023 1545 3080 diabolo
1573 3043 1586 3077 :
1632 3043 1651 3076 ‹
1684 3023 1868 3079 Virtus
1901 3024 2017 3096 ejus

2128 1856 2223 1903 nes’
2245 1849 2445 1914 lavant,
2471 1850 2563 1904 sed
2586 1866 2693 1904 non
2730 1850 2909 1904 lavant
2939 1851 2993 1905 in
3015 1848 3261 1905 salutem.
3294 1851 3587 1921 Propterea
3613 1856 3711 1906 ad-

2080 1946 2089 1953 '
2128 1940 2297 1993 (litum
2334 1948 2455 1994 est:
2505 1958 2524 1990 ι
2567 1940 2634 1993 Et
2680 1941 2734 1995 in
2759 1956 2900 2010 aqua
2930 1955 3036 1996 non
3065 1956 3125 1996 es
3160 1940 3266 1996 lota
3308 1941 3361 1995 in
3404 1941 3653 1996 salutem.
3687 1961 3705 1993 ι

2126 2029 2277 2093 Quod
2309 2029 2525 2097 quidem
2556 2045 2661 2084 non
2705 2030 2878 2084 solum
2910 2030 2977 2086 de
2997 2029 3297 2094 Htereticis,
3328 2030 3421 2084 sed
3449 2033 3516 2085 de
3536 2031 3710 2086 eccle-

2125 2118 2360 2173 siasticis
2386 2118 2610 2190 intelligi
2657 2127 2836 2188 potest
2864 2138 2876 2172 :
2909 2121 3000 2189 qui
3023 2136 3126 2175 non
3149 2119 3302 2190 plena
3322 2120 3424 2175 ﬁde
3444 2122 3718 2192 accipiunt

2125 2207 2450 2278 baptismum
2498 2209 2754 2264 salutare.
2798 2211 2872 2263 De
2898 2210 3094 2279 quibus
3121 2210 3406 2264 dicendum
3435 2219 3540 2276 est,
3568 2214 3711 2280 quod

2125 2298 2433 2368 acceperint
2461 2313 2678 2367 aquam,
2707 2298 2799 2353 sed
2829 2314 2935 2352 non
2964 2300 3271 2368 acceperint
3293 2300 3563 2368 spiritum.
3596 2298 3715 2355 Sic-

2125 2396 2184 2442 ut
2234 2395 2289 2442 et
2328 2385 2515 2441 Simon
2542 2386 2630 2441 ille
2659 2386 2862 2456 Magus,
2920 2388 3011 2456 qui
3053 2388 3282 2457 pecunia
3326 2387 3543 2443 volebat
3574 2389 3715 2442 redi-

2122 2496 2271 2534 mere
2307 2480 2534 2550 gratiam
2586 2479 2703 2545 Dei,
2757 2479 3061 2547 baptizatus
3087 2480 3303 2548 quidem
3342 2489 3425 2535 est
3454 2481 3508 2532 in
3546 2496 3710 2549 aqua,

2122 2572 2216 2627 sed
2243 2587 2582 2641 nequaquam
2613 2571 2919 2641 baptizatus
2947 2579 3033 2625 est
3056 2573 3108 2626 in
3132 2572 3380 2626 salutem.
3407 2572 3590 2627 Tertio
3631 2575 3715 2628 dic

2123 2664 2299 2720 citur:
2337 2682 2355 2715 ι
2392 2663 2503 2718 Nec
2529 2664 2641 2719 sale
2664 2664 2842 2729 salita,
2880 2684 2897 2715 ι
2937 2672 3117 2718 tenera
3148 2662 3431 2719 infantium
3455 2680 3711 2735 corpora,

2122 2757 2248 2812 dum
2283 2757 2457 2812 adhuc
2486 2757 2625 2812 uteri
2678 2757 2914 2812 calorem
2946 2752 3166 2821 tenent,
3224 2767 3276 2811 et
3307 2758 3481 2827 primo
3524 2758 3712 2827 vagitu

2123 2846 2406 2900 laboriosae
2437 2846 2558 2900 vita)
2593 2854 2858 2900 testantur
2887 2847 3133 2912 exordia,
3162 2846 3338 2901 solent
3360 2848 3428 2901 ab
3451 2846 3713 2900 obstetri-

2123 2936 2275 2989 cibus
2298 2934 2406 2990 sale
2428 2936 2685 3006 contingi,
2711 2944 2770 2989 ut
2796 2936 3023 2990 sicciora
3060 2936 3170 2991 sint
3195 2945 3249 2991 et
3288 2936 3708 3007 restringantur.

2121 3026 2291 3082 Porro
2314 3027 2634 3092 Jerusalem,
2666 3044 2786 3097 qua:
2820 3029 2887 3083 de
2917 3028 3071 3084 malis
3092 3029 3421 3099 parentibus
3444 3037 3569 3082 nata
3603 3041 3710 3093 est,

430 3111 485 3167 in
516 3111 735 3176 lumbis,
758 3122 813 3168 et
833 3111 1095 3168 fortitudo
1124 3114 1268 3170 illius
1294 3115 1349 3169 in
1377 3114 1629 3172 umbilico
1651 3118 1857 3172 ventris
1901 3115 2017 3185 ejus
2045 3111 2089 3173 C
2121 3117 2508 3187 nihil'saporis,
2546 3117 2679 3171 nihil
2704 3117 2990 3188 diligentiae
3030 3129 3319 3172 consecuta
3347 3128 3448 3172 est.
3484 3117 3584 3185 Qui
3610 3132 3711 3171 au-

430 3202 572 3277 (Jab.
607 3202 719 3274 XL).
751 3224 770 3256 ι
828 3203 933 3259 Iste
976 3204 1121 3259 enim
1167 3204 1332 3260 draco
1360 3206 1583 3261 coluber
1610 3207 1885 3277 antiquus,
1923 3208 2013 3277 qui

430 3302 652 3352 vocatur
681 3295 925 3351 diabolus
973 3305 1028 3350 et
1056 3294 1304 3363 Satanas,
1354 3304 1410 3352 et
1439 3297 1650 3367 decepit
1681 3297 1870 3353 orbem
1892 3306 2013 3351 ter-

431 3400 646 3451 rarum,
676 3385 936 3440 adversus
956 3386 1101 3442 viros
1130 3387 1384 3443 virtutem
1408 3386 1570 3441 habet
1596 3387 1649 3441 in
1675 3386 1889 3451 lumbis,
1921 3388 2016 3441 ad-

429 3493 617 3533 versus
669 3476 899 3532 feminas
942 3477 996 3532 in
1027 3478 1299 3533 umbilico.
1361 3477 1474 3533 Iloe
1511 3487 1690 3532 autem
1745 3477 2017 3547 significat

428 3571 494 3625 de
519 3568 839 3635 Jerusalem,
874 3571 1019 3640 quod
1054 3586 1161 3625 non
1189 3571 1370 3625 statim
1398 3570 1570 3641 legem
1600 3571 1889 3641 acceperit,
1916 3585 2016 3625 nec

428 3658 478 3713 ci
510 3658 771 3729 pudendae
793 3660 1092 3716 nativitatis
1114 3660 1336 3716 exordia
1367 3660 1476 3715 sint
1500 3660 1729 3725 abscisa,
1758 3660 1850 3714 sed
1881 3675 2012 3732 gen-

425 3748 574 3803 tilem
595 3750 760 3804 vitam
783 3751 977 3805 vixerit
1000 3752 1253 3821 primum.
1278 3749 1479 3822 (Greg.,
1502 3751 1620 3805 libr.
1650 3768 1747 3807 xm
1772 3752 1936 3817 Man,
1962 3768 2011 3805 ο.

428 3839 529 3911 χι.)
562 3838 619 3894 In
653 3840 739 3895 die
760 3840 955 3910 quippe
983 3841 1477 3897 ortusumbilicum
1498 3843 1879 3912 praescindere,
1926 3851 2014 3897 est

427 3930 795 3985 conversionis
849 3939 1089 4001 tempore
1146 3933 1329 3988 carnis
1399 3932 1670 3988 luxuriam
1747 3948 2011 3989 reserare.
2042 3998 2055 4003 -

428 4023 565 4089 Quia
589 4023 733 4078 enim
762 4020 971 4077 difﬁcile
990 4033 1073 4078 est
1101 4025 1239 4079 male
1258 4025 1511 4099 inchoata
1538 4024 1832 4095 corrigere,
1862 4032 1916 4079 et
1937 4040 2019 4080 se.

427 4114 535 4168 mel
560 4113 787 4169 formata
815 4113 1128 4169 deformiter
1152 4115 1205 4169 in
1244 4115 1435 4170 melius
1459 4116 1771 4178 reformare,
1805 4117 1870 4171 de
1892 4123 2015 4171 ortu

428 4217 527 4257 suo
553 4202 735 4259 Judzea
760 4205 1190 4273 reprehenditur,
1220 4219 1339 4273 quae
1369 4207 1491 4260 dum
1524 4207 1576 4260 in
1610 4207 1719 4261 Deo
1754 4218 1879 4261 nata
1909 4217 2012 4274 est,

432 4294 771 4367 inprmcisum
805 4296 1117 4351 umbilicum
1159 4297 1402 4361 retinuit,
1449 4298 1573 4366 quia
1614 4297 1755 4350 ﬂuxa
1803 4297 2012 4353 luxuria

427 4402 535 4441 non
568 4387 829 4461 abscidit.
862 4385 1131 4458 (Hierom)
1176 4386 1281 4440 Pro
1309 4402 1414 4455 quo
1443 4386 1796 4457 Septuaginta
1846 4388 2007 4442 inter-

2123 3219 2227 3264 tem
2253 3216 2605 3263 renascuntur
2620 3208 2673 3261 in
2685 3206 2922 3273 Christo,
2952 3207 3148 3262 dicitur
3170 3208 3237 3262 ad
3257 3221 3381 3262 eos:
3404 3226 3423 3258 ι
3450 3204 3554 3261 Vos
3574 3208 3713 3262 estis

2120 3299 2199 3354 sal
2231 3308 2387 3354 terra:
2425 3298 2640 3370 (Matth.
2684 3296 2761 3368 v),
2799 3317 2819 3351 ι
2869 3305 2925 3353 et
2971 3297 3280 3368 praecipitur
3333 3296 3416 3351 eis
3465 3297 3534 3350 ab
3560 3282 3714 3365 Apo-

2118 3390 2256 3444 stole
2288 3407 2301 3441 :
2356 3406 2375 3440 ι
2407 3386 2596 3443 Sermo
2624 3395 2807 3443 vester
2830 3401 3043 3456 semper
3066 3386 3120 3440 in
3144 3386 3317 3458 gratia
3345 3386 3459 3441 sale
3486 3387 3556 3440 sit
3578 3402 3714 3440 con-

2118 3478 2260 3533 ditus
2284 3476 2505 3547 (Colon.
2531 3476 2628 3549 ιν).
2671 3495 2689 3528 ι
2723 3476 2875 3532 Unde
2901 3483 2958 3531 et
2984 3475 3144 3546 vulgo
3176 3476 3447 3545 sapientes
3476 3474 3609 3529 salsi
3652 3483 3711 3529 et

2118 3569 2266 3624 stulti
2299 3577 2559 3624 vocantur
2586 3569 2793 3623 insulsi.
2834 3568 2901 3623 Et
2929 3569 2983 3623 in
3016 3567 3257 3623 Levitico
3282 3568 3399 3639 lege
3427 3568 3707 3622 sancitur:

2123 3681 2142 3713 ι
2174 3659 2346 3715 Omne
2370 3658 2695 3715 sacrificium
2745 3667 2981 3713 vestrum
3008 3659 3120 3715 sale
3147 3658 3389 3713 salietur.
3429 3656 3546 3711 Non
3577 3671 3709 3712 ces-

2117 3750 2256 3804 sabit
2280 3748 2358 3804 sal
2381 3747 2683 3802 testamenti
2713 3746 2918 3802 Domini
2954 3749 3021 3803 de
3056 3746 3336 3802 sacrificiis
3373 3747 3592 3805 vestris.
3646 3746 3708 3801 In

2117 3840 2326 3894 cunctis
2350 3837 2667 3893 muneribus
2714 3837 2910 3892 vestris
2940 3837 3017 3892 sal
3045 3835 3284 3914 offeretis
3331 3834 3518 3907 (Levii.
3554 3835 3643 3901 ιι).
3681 3855 3702 3887 ι

2117 3928 2219 3996 Qui
2273 3928 2375 3983 hoc
2405 3926 2517 3981 sale
2558 3927 2806 3981 conditus
2840 3926 3041 3992 fuerit,
3086 3935 3142 3981 et
3187 3941 3403 3981 omnem
3444 3930 3706 3996 putorem

2116 4019 2505 4087 humoremque
2555 4018 2776 4072 noxium
2817 4017 2976 4087 hujus
3025 4018 3348 4073 admistione
3390 4017 3707 4081 siccaverit,

2116 4108 2257 4163 ultra
2289 4124 2397 4164 non
2439 4108 2604 4172 dicet,
2642 4125 2660 4158 ι
2698 4108 3151 4179 Computruerunt
3192 4118 3247 4163 et
3274 4117 3543 4177 corrupta:
3571 4118 3712 4163 sunt

2117 4202 2398 4257 cicatrices
2429 4217 2559 4255 meae
2596 4216 2628 4255 a
2667 4200 2804 4256 facie
2830 4194 3148 4271 insipienti-aa
3188 4215 3342 4256 meae.
3376 4219 3394 4251 ι
3430 4199 3707 4267 Quartum

2116 4302 2237 4353 est:
2279 4312 2297 4344 ι
2329 4291 2439 4346 Nec
2464 4292 2698 4345 involuta
2732 4292 2939 4360 pannis.
2971 4311 2989 4342 ι
3025 4291 3092 4345 Et
3118 4290 3366 4345 Salvator
3387 4291 3579 4360 pannis
3619 4300 3710 4347 est

2119 4379 2387 4437 involutus
2407 4381 2662 4435 infantiae.
2710 4381 2777 4435 Et
2804 4381 3000 4445 omnis,
3032 4380 3121 4450 qui
3143 4380 3387 4455 nascitur
3419 4394 3518 4448 per
3543 4380 3711 4435 invo-

422 4478 619 4547 pretati
650 4486 796 4544 sunt,
826 4449 946 4530 ir‘ln
989 4477 1075 4532 die
1101 4449 1205 4547 qua
1248 4449 1373 4530 nata
1414 4493 1473 4532 es
1513 4449 1619 4531 non
1649 4449 2009 4547 alligaverunt
2036 4449 2085 4509 D
2110 4473 2259 4528 lucra
2275 4488 2573 4544 pannorum
2600 4449 3149 4543 protectioneindiget
3173 4466 3286 4525 Dei.
3319 4450 3573 4525 Naturale
3592 4479 3708 4535 est,

424 4567 688 4623 mamillas
714 4579 851 4623 tuas.
886 4586 904 4619 ι
966 4567 1115 4623 llanc
1146 4568 1310 4623 habet
1340 4567 1620 4638 Scriptura
1666 4579 1850 4623 saneta
1876 4583 2005 4623 con-

422 4656 783 4721 suetudinem,
837 4665 893 4710 ut
922 4672 1018 4726 pro
1053 4659 1216 4713 corde
1264 4658 1630 4728 pectusculum
1679 4659 1790 4713 sive
1817 4670 2005 4728 pectus

425 4753 480 4798 ct
519 4745 786 4800 mamillas
814 4749 1089 4802 nominet:
1149 4757 1209 4802 ut
1231 4748 1517 4818 unicuique
1560 4748 1677 4803 loco
1706 4766 2000 4821 congruum

423 4833 639 4888 viderit.
672 4830 990 4892 Sacerdotes
1018 4839 1068 4891 iu
1099 4840 1293 4908 quibus
1321 4840 1481 4895 debet
1507 4855 1627 4895 esse
1655 4842 1916 4905 doctrina,
1950 4852 2003 4896 et

425 4922 594 4993 legem
622 4927 904 4995 requirunt
932 4943 997 4982 ex
1043 4944 1138 4984 ore
1177 4944 1364 4984 eorum
1413 4931 1683 5000 accipiunt
1721 4918 2002 5001 pectuscu-

426 5014 556 5068 hnn.
621 5034 638 5065 ι
671 5013 902 5071 Joannes
936 5033 1097 5088 super
1129 5029 1318 5088 pectus
1366 5021 1629 5075 recumbit
1655 5021 1888 5085 Domini,
1943 5030 2000 5074 ut

425 5109 491 5163 de
518 5107 666 5164 fonte
693 5108 964 5165 uberrimo
1013 5111 1223 5164 hauriat
1264 5103 1460 5165 fluctita
1492 5112 1767 5181 sapientia:
1816 5110 1994 5183 (Ioan.

425 5202 570 5274 nu).
617 5202 853 5274 Virginis
882 5203 932 5256 in
987 5202 1208 5257 Cantico
1255 5203 1609 5265 canticorum,
1665 5221 1683 5253 ι
1714 5203 1831 5257 dure
1886 5219 1999 5256 ma—

424 5293 584 5348 milla:
603 5300 751 5357 sunt,
775 5293 927 5362 quasi
957 5293 1061 5347 duo
1082 5292 1285 5346 hinnuli
1310 5293 1508 5363 gemini
1534 5308 1762 5361 capreae,
1789 5292 1878 5361 qui
1905 5307 1999 5360 pa-

398 5395 648 5457 .scuntur
685 5386 738 5439 in
775 5384 900 5439 liliis
927 5386 1098 5440 donec
1131 5384 1357 5453 respiret
1381 5385 1514 5448 dies,
1566 5392 1619 5437 et
1648 5392 2000 5437 amoveantur

424 5479 628 5533 umbrae
664 5476 838 5549 (Cant.
890 5476 985 5548 tv).
1019 5497 1036 5528 ι
1075 5476 1243 5531 Mater
1272 5476 1526 5546 diligens,
1559 5476 1741 5530 statim
1772 5484 1831 5528 ut
1873 5482 1996 5527 nata

423 5567 585 5623 fuerit
612 5568 889 5633 infantula,
934 5568 1066 5638 ligat
1088 5567 1354 5622 mamillas
1382 5566 1518 5636 ejus,
1541 5576 1603 5635 ut
1632 5581 1663 5621 a
1697 5573 1883 5620 tenero
1906 5573 1991 5618 tu-

426 5670 577 5710 more
607 5658 878 5723 resistant,
919 5670 973 5714 et
1020 5656 1471 5729 pulchritudinem
1501 5653 1808 5712 custodiant
1833 5654 1997 5725 virgi-

2108 4564 2198 4619 ubi
2228 4573 2407 4618 tamen
2458 4571 2738 4633 parentum
2793 4577 2898 4617 non
2925 4562 3078 4616 deest
3109 4561 3402 4633 diligentia,
3434 4560 3568 4615 ortis
3614 4560 3713 4615 in-

2109 4653 2344 4708 fantibus
2371 4654 2603 4722 primum
2633 4652 2851 4722 praecidi
2875 4651 3209 4717 umbilicum,
3252 4651 3375 4706 dein
3422 4651 3489 4706 ad
3514 4649 3714 4707 eluen-

2110 4746 2236 4799 dum
2265 4744 2579 4814 sanguinem
2627 4742 2798 4796 lavari
2844 4756 2936 4797 eos
2978 4756 3137 4811 aqua.
3195 4741 3380 4795 Tertio
3410 4740 3711 4798 humorem

2107 4850 2391 4905 corporum
2418 4833 2762 4902 parvulorum
2779 4832 2906 4886 salis
2930 4826 3231 4900 adiectione
3255 4832 3469 4886 siccari.
3489 4830 3712 4897 Quarto

2106 4936 2164 4980 ut
2195 4935 2376 4981 tenera
2407 4923 2672 4978 infantum
2702 4938 2930 4992 corpora
2975 4923 3166 4990 pannis
3191 4922 3554 4977 involvantur.
3585 4921 3714 4977 Du-

2105 5016 2301 5087 plicem
2328 5015 2399 5069 ob
2427 5028 2669 5077 causam,
2715 5019 2777 5065 ut
2804 5020 2860 5066 et
2900 5012 3009 5065 sale
3036 5012 3269 5066 siccetur
3302 5026 3521 5079 corpus,
3548 5013 3711 5079 quod

2104 5110 2294 5179 pannis
2317 5122 2384 5162 ne
2408 5105 2629 5171 deﬂuat,
2654 5112 2903 5160 servatur
2927 5112 2981 5159 et
3007 5104 3314 5173 stringitur,
3363 5111 3420 5157 et
3446 5102 3710 5158 membra

2104 5199 2396 5254 tenerrima
2451 5211 2521 5250 ne
2556 5194 2712 5250 facile
2750 5195 3130 5264 depraventur.
3186 5193 3341 5249 Unde
3367 5201 3424 5248 et
3461 5207 3712 5262 corpora

2100 5286 2174 5343 Ba
2184 5289 2464 5342 rbarorum
2479 5285 2735 5339 Romanis
2750 5285 3065 5354 corporibus
3087 5285 3320 5339 rectiora
3334 5293 3480 5339 sunt.
3507 5284 3711 5354 Usque

2102 5382 2171 5434 ad
2199 5381 2491 5435 secundum
2520 5378 2664 5432 enim
2693 5385 2748 5432 et
2773 5378 2991 5431 tertium
3022 5392 3220 5431 annum
3246 5391 3461 5446 semper
3493 5376 3708 5444 pannis

2103 5471 2467 5527 involvuntur.
2521 5468 2627 5522 Sed
2664 5452 2769 5521 non
2808 5466 2930 5521 talis
2958 5465 3276 5530 Jerusalem,
3325 5465 3413 5521 cui
3443 5479 3543 5520 nec
3568 5478 3707 5519 um~

2100 5561 2292 5617 bilieus
2326 5559 2589 5623 abscisus,
2636 5572 2735 5613 nec
2765 5558 2925 5627 ligata
2976 5567 3101 5612 sunt
3148 5556 3341 5619 ubera,
3392 5569 3494 5609 nec
3546 5568 3707 5621 aqua

2100 5653 2206 5708 lota
2242 5650 2401 5707 estin
2443 5650 2694 5717 salutem,
2723 5664 2825 5705 nec
2850 5650 2960 5706 sale
2984 5649 3135 5706 salita
3161 5691 3175 5714 ,
3220 5660 3396 5721 neque
3444 5646 3702 5703 involuta
