3954 6182
436 309 539 364 669

1320 308 1670 365 COMMENT.
1709 308 1778 363 IN
1816 308 2269 365 EZEClIiELEM.
2308 338 2375 348 -
2415 310 2541 365 LIB.
2582 294 2693 366 νιιζ

3576 321 3683 377 670

430 432 593 493 atque
631 421 928 479 constricta
958 423 1165 498 pannis
1199 423 1455 478 infantiae.
1509 424 1619 479 Cur
1661 434 1838 478 autem
1872 426 2005 479 nihil
2034 430 2083 486 Α
2109 441 2227 481 cem
2264 427 2376 482 sive
2423 442 2584 497 super
2616 427 2855 498 quinque
2900 429 3146 484 civitates
3197 428 3349 503 (Luc.
3391 433 3544 503 xix),
3584 453 3602 484 ι
3637 443 3697 490 ut

430 515 621 570 horum
651 514 851 567 meruit
878 513 1692 583 sequens.scriplura-testatur:
1728 532 1745 564 ‹
1774 514 1890 568 Non
1919 529 2013 583 pe—

429 603 603 675 percit
631 618 791 674 super
819 611 871 657 te
908 603 1127 666 oculus,
1167 612 1225 655 ut
1262 602 1461 657 faceret
1494 603 1587 656 tibi
1627 619 1792 656 unum
1832 604 1896 658 de
1928 605 2014 658 his

414 692 689 749 misertus
719 693 816 746 tui.
861 712 879 743 ι
918 691 1024 747 Pro
1052 693 1245 761 quibus
1282 690 1426 745 LX‘X
1462 702 1758 761 posuerunt
1791 710 1804 744 :
1849 711 1866 741 ς
1897 691 2010 745 Νοη

429 784 669 856 pepercit
692 799 906 853 semper
937 793 987 838 te
1014 784 1198 838 oculus
1218 794 1360 847 tuus,
1396 790 1452 836 ut
1481 782 1711 836 facerem
1734 782 1827 836 tibi
1847 798 2011 836 unum

427 896 495 934 ex
522 881 776 935 omnibus
827 882 964 935 istis.
995 901 1014 932 ι
1070 881 1134 933 Ει
1170 894 1392 947 necesse
1417 889 1499 933 est
1539 886 1597 932 ut
1625 879 1819 947 duplex
1851 880 2013 934 editio

429 971 699 1041 duplicem
749 970 947 1026 habeat
991 970 1436 1040 intelligentiam:
1476 970 1624 1039 prior
1675 969 1777 1022 hoc
1810 969 2017 1039 signifi-

429 1070 554 1118 cat:
590 1080 611 1114 ι
641 1057 760 1117 Non
810 1064 1021 1132 pepecit
1051 1078 1213 1132 super
1266 1070 1321 1117 te
1354 1062 1541 1117 oculus
1569 1069 1630 1115 ut
1674 1060 1875 1116 faceret
1919 1061 2016 1115 tibi

430 1166 598 1205 unum
629 1151 697 1205 de
752 1150 836 1204 his
869 1151 1120 1205 misertus
1162 1149 1258 1203 tui.
1299 1169 1318 1201 ι
1352 1150 1420 1204 Et
1451 1159 1533 1203 est
1561 1165 1752 1204 sensus
1783 1168 1796 1203 :
1828 1149 2018 1204 Nullus

427 1240 509 1295 tui
536 1239 795 1294 misertus
823 1250 934 1304 est,
974 1239 1178 1294 offenso
1210 1239 1348 1304 Deo;
1374 1239 1571 1294 nullius
1600 1255 1761 1308 super
1795 1248 1845 1293 te
1872 1248 2018 1293 mota

430 1336 560 1385 sunt
598 1328 807 1383 viscera
835 1369 851 1394 ,
902 1338 961 1384 ut
1013 1330 1079 1384 de
1134 1340 1365 1398 quatuor
1410 1330 1778 1399 superioribus
1826 1330 2016 1385 saltem

430 1419 529 1477 tibi
578 1434 743 1473 unum
786 1418 1031 1485 faceret,
1083 1420 1209 1489 quia
1251 1420 1432 1475 omnia
1480 1420 1639 1475 simul
1684 1436 1789 1475 non
1846 1434 2020 1474 mere-

429 1511 581 1567 baris
624 1512 891 1582 accipere.
949 1512 1008 1567 In
1052 1513 1219 1567 altera
1275 1513 1471 1569 dicitur
1513 1531 1525 1567 :
1563 1532 1582 1564 ι
1620 1513 1736 1568 Non
1782 1514 2023 1584 pepercit

428 1618 597 1673 super
645 1612 697 1659 te
749 1604 938 1659 oculus
993 1615 1150 1670 tuus,
1203 1610 1269 1660 ut
1307 1604 1545 1660 facerem
1588 1605 1686 1659 tibi
1733 1622 1898 1659 unum
1952 1621 2020 1660 ex

430 1695 687 1751 omnibus
714 1695 853 1751 istis.
893 1716 912 1750 ι
958 1696 1023 1750 Et
1051 1697 1195 1751 hunc
1240 1696 1403 1752 habet
1435 1712 1651 1752 sensum
1687 1694 1806 1751 :Ita
1840 1698 2020 1767 egisti,

2115 532 2222 570 non
2248 516 2416 571 solum
2444 518 2653 581 civitas,
2686 519 2859 596 sedet
2903 519 3213 589 metropolis
3240 521 3430 574 civitas
3460 522 3695 591 appelle-

2124 609 2211 671 “is,
2264 609 2557 662 secundum
2595 610 2722 663 illud
2763 610 2903 678 quod
2936 612 2987 665 in
3023 610 3154 666 lsaia
3187 612 3384 666 dicitur
3416 629 3431 666 :
3470 630 3490 664 ‹
3527 612 3697 669 Mater

2116 698 2326 751 urbium
2359 698 2530 753 fidelis
2559 698 2687 754 Sion
2713 700 2846 769 (13a.
2896 700 2956 771 1).
2997 720 3014 753 ι
3051 701 3219 756 Porro
3255 705 3396 772 quod
3436 705 3703 773 interpre—

2121 807 2139 838 (
2165 797 2305 843 tatus
2325 798 2408 843 est
2432 789 2789 860 Symmachus
2810 811 2827 843 ‹
2846 793 3284 860 etpervenisliad
3312 804 3559 849 ornatum
3583 813 3701 851 mu-

2115 875 2347 943 lierum;
2381 899 2399 930 ι
2459 880 2591 945 sive,
2641 889 2701 933 ut
2729 881 3081 944 Theodolion,
3118 902 3136 934 ί
3171 892 3226 937 et
3265 885 3507 955 ingressa
3548 901 3608 941 es
3632 887 3697 942 ad

2116 979 2369 1023 ornatum
2396 981 2857 1026 ornamentorum.
2901 993 2919 1026 ι
2954 973 3060 1029 Pro
3108 989 3214 1043 quo
3243 991 3356 1039 nos,
3384 979 3554 1032 secuti
3579 993 3702 1032 sen—

2118 1074 2236 1114 sum
2261 1059 2607 1126 Hebraicum,
2638 1061 2935 1117 dixerimus
2961 1079 2975 1116 :
3012 1084 3029 1115 ι
3050 1064 3115 1118 Ει
3141 1066 3434 1134 pervenisti
3455 1067 3522 1120 ad
3553 1074 3705 1122 muno

2120 1149 2244 1204 dum
2302 1150 2656 1216 muliebrem,
2712 1171 2733 1204 )
2790 1160 3000 1221 tempus
3058 1155 3355 1223 pubertatis
3428 1156 3704 1221 ostendit,

2121 1239 2335 1307 quando
2358 1240 2548 1308 puellae
2564 1241 2774 1296 nubiles
2796 1243 3154 1311 appellantur,
3177 1248 3706 1313 etpossuntmarito-

2122 1344 2239 1383 rum
2267 1329 2599 1398 amplexibus
2629 1332 2888 1401 copulari.
2921 1333 3159 1402 Denique
3185 1336 3458 1403 sequitur:
3481 1355 3500 1386 ι
3530 1336 3705 1391 Ubera

2122 1426 2211 1472 tua
2267 1420 2655 1486 intumuerunt,
2706 1432 2761 1477 et
2803 1423 2943 1495 pilus
2983 1432 3106 1478 tuus
3147 1425 3488 1495 germinavit.
3528 1446 3547 1478 ι
3602 1425 3709 1483 H0—

2123 1518 2277 1564 neste
2311 1511 2830 1567 adolescentularum
2859 1517 3145 1570 maturitas
3172 1517 3466 1584 indicatur,
3495 1518 3710 1587 quando

2124 1601 2492 1656 intumescunt
2540 1602 2715 1656 ubera
2755 1604 2869 1658 sive
2917 1606 3218 1676 eriguntur,
3268 1615 3323 1663 et
3367 1590 3457 1677 pili
3509 1608 3711 1678 germi-

2125 1700 2275 1746 nant.
2312 1692 2556 1763 Cumque
2584 1704 2771 1764 parata
2821 1704 2964 1752 esset
3009 1698 3074 1752 ad
3109 1698 3345 1767 nuptias,
3388 1706 3443 1753 et
3488 1699 3715 1755 haberet

430 1794 487 1840 et
510 1786 589 1840 sic
614 1786 669 1840 in
716 1787 954 1855 peccatis
981 1795 1106 1840 nata
1138 1802 1231 1841 es:
1263 1795 1318 1841 et
1346 1786 1402 1841 in
1454 1786 1667 1842 delictis
1695 1787 2021 1856 concepit-te
2054 1794 2096 1852 Β
2122 1782 2579 1852 pulchritudinem
2629 1785 2869 1854 corporis
2894 1828 2908 1851 ,
2974 1789 3420 1844 vestimentorum
3475 1792 3713 1862 tegmina

431 1886 611 1934 mater
645 1889 760 1944 tua,
785 1886 845 1933 ut
873 1894 940 1935 ne
965 1879 1080 1948 ipsa
1100 1878 1318 1949 quidem
1348 1878 1424 1933 tui
1451 1878 1745 1934 misereris.
1776 1877 2019 1955 Cumque

431 1970 513 2024 sic
531 1970 767 2040 gesseris
796 1979 858 2025 ut
878 1971 1161 2025 adversum
1195 1978 1247 2024 te
1289 1986 1387 2040 per
1419 1970 1559 2024 mala
1592 1985 1755 2040 Opera
1780 1970 2020 2035 crudelis

432 2059 703 2115 existeres
736 2075 751 2111 :
795 2073 896 2129 ego
921 2059 1050 2130 quid
1082 2060 1176 2114 tibi
1207 2059 1355 2129 potui
1377 2058 1577 2126 facere,
1611 2075 1732 2129 quae
1758 2075 1826 2114 ne
1853 2074 2020 2113 unum

431 2150 651 2221 quidem
692 2151 1037 2231 superiorum
1069 2153 1318 2221 accipere
1346 2152 1652 2207 merueris?
1698 2134 1834 2219 Quia
1859 2151 2023 2221 igitur

433 2240 571 2297 nihil
605 2241 821 2306 horum,
874 2257 994 2313 qua:
1048 2242 1162 2296 fieri
1193 2241 1490 2299 infantibus
1519 2241 1715 2309 solent,
1754 2243 1806 2297 in
1852 2250 1904 2297 te
1936 2240 2021 2296 fa-

433 2341 584 2386 ctum
605 2342 712 2398 est,
738 2341 794 2387 et
820 2333 924 2388 hoc
946 2348 1053 2389 non
1086 2333 1201 2390 sine
1216 2320 1412 2399 ‘causa,
1444 2350 1545 2390 nec
1571 2335 1774 2403 absque
1793 2332 2019 2402 judicio,

436 2421 531 2477 sed
561 2430 656 2476 tuo
682 2422 814 2476 vitio
840 2431 1003 2493 atque
1049 2432 1293 2494 peccato,
1349 2438 1469 2494 quae
1519 2438 1588 2478 ne
1641 2424 1756 2492 ipsa
1804 2422 2023 2493 quidem

437 2513 516 2567 tui
547 2513 769 2577 miserta
795 2528 874 2579 es,
908 2513 1026 2569 ideo
1072 2513 1311 2584 projecta
1348 2529 1409 2569 es
1436 2515 1489 2568 in
1538 2512 1679 2568 facie
1712 2520 1872 2571 terra:
1910 2513 2025 2568 sive

438 2603 663 2671 campi:
716 2621 737 2654 ι
771 2603 839 2657 Et
875 2603 1115 2674 proiecta
1172 2614 1393 2675 propter
1447 2605 1767 2674 pravitatem
1831 2604 2026 2675 anima:

442 2701 566 2758 tuae,
612 2693 666 2746 in
714 2693 801 2748 die
850 2709 955 2763 qua
1002 2704 1129 2749 nata
1179 2711 1257 2751 es.
1290 2716 1309 2747 ι
1364 2695 1594 2751 Oremus
1646 2709 1713 2749 ne
1760 2694 2027 2764 pravitate

440 2785 636 2841 animae
662 2785 1007 2857 projiciamur
1028 2788 1082 2843 in
1104 2787 1240 2843 facie
1266 2788 1465 2860 campi,
1496 2789 1550 2842 in
1571 2803 1677 2858 quo
1707 2787 1812 2841 lata
1834 2795 1887 2841 et
1908 2802 2029 2857 spa-

443 2880 579 2935 tiosa
614 2880 702 2933 via
730 2887 834 2945 est,
886 2896 1005 2950 qua:
1033 2881 1183 2937 ducit
1209 2881 1275 2936 ad
1319 2888 1547 2936 mortem
1572 2919 1588 2946 ,
1636 2878 1692 2935 ib
1732 2894 1840 2950 quo
1869 2878 2028 2951 Chal-~

439 2968 676 3025 daeorum
716 2971 1078 3027 debacchatur
1123 2973 1396 3044 equitatus
1467 2970 1748 3039 Simulque
1781 2969 2030 3025 conside-

439 3061 666 3115 randum
710 3062 853 3130 quod
902 3062 1080 3118 nullus
1126 3063 1180 3118 in
1234 3064 1321 3119 die
1366 3078 1475 3134 qua
1528 3062 1771 3117 nascitur
1800 3076 2028 3131 pravum

2122 1891 2224 1929 non
2256 1876 2508 1942 habebat,
2538 1893 2639 1933 nec
2682 1879 2776 1933 Dei
2812 1881 3196 1949 prolegebatnr
3234 1867 3452 1938 auxilio.
3502 1882 3559 1938 Si
3587 1885 3709 1953 quis

2121 1967 2320 2021 Christi
2348 1983 2453 2021 non
2476 1968 2639 2023 habet
2668 1961 3065 2035 indumentum,
3114 1974 3289 2027 nudus
3331 1976 3434 2028 est.
3479 1974 3539 2029 Si
3584 1974 3709 2045 quis

2121 2074 2229 2113 non
2270 2060 2608 2115 est‘indutus
2636 2061 2936 2117 visceribus
2966 2054 3372 2139 misericordiae,
3433 2066 3714 2133 bonitatis,

2121 2150 2464 2214 humilitatis,
2488 2152 2778 2221 pudicitiae,
2814 2154 3267 2218 mansuetudinis,
3301 2156 3606 2226 patientiae,
3628 2158 3715 2229 ja-'-

2121 2249 2207 2294 cet
2233 2255 2394 2310 super
2433 2239 2627 2296 faciem
2659 2251 2854 2296 teme:
2892 2250 2948 2298 et
2972 2242 3314 2313 pulchritudo
3343 2245 3460 2316 ejus
3495 2248 3546 2302 in
3591 2264 3720 2305 con-

2121 2316 2332 2385 fusione
2357 2340 2411 2385 et
2437 2331 2679 2385 nuditate
2707 2339 2957 2401 torpatur
2994 2332 3311 2406 [turpatur].

2197 2438 2215 2471 ‹
2250 2420 2316 2474 Et
2345 2421 2566 2476 transivi
2604 2430 2814 2492 perte,
2861 2430 2917 2477 et
2961 2414 3071 2477 vidi
3101 2432 3174 2478 te.
3227 2424 3292 2478 Et
3333 2439 3459 2480 ecce
3508 2434 3718 2497 tempus

2128 2530 2147 2563 ι
2177 2520 2351 2577 tuum,
2375 2520 2589 2581 tempus
2605 2514 2921 2567 amantium.
2943 2513 3248 2585 Etexpandi
3265 2517 3519 2583 amictum
3537 2534 3716 2573 meum

2130 2620 2149 2653 ι
2177 2617 2338 2673 super
2359 2613 2432 2669 te,
2457 2612 2513 2658 et
2533 2604 2725 2673 aperui
2750 2605 3099 2675 ignominiam
3122 2616 3290 2661 tuam.
3321 2626 3340 2659 ι
3368 2606 3581 2673 Quanta
3609 2609 3718 2664 cle-

2125 2692 2351 2748 mentia!
2374 2709 2480 2750 non
2501 2692 2788 2748 suffecerat
2802 2695 2971 2750 semel
2991 2696 3190 2750 vidisse
3210 2711 3331 2751 eam
3348 2699 3718 2754 conculcatam

2126 2783 2180 2838 in
2206 2784 2498 2855 sanguine,
2526 2792 2581 2839 et
2609 2785 2677 2839 ad
2699 2786 3069 2856 paenitentiam
3094 2801 3439 2856 provocasse,
3471 2791 3563 2843 sed
3593 2804 3719 2858 pec-

2127 2882 2343 2932 cantem
2375 2891 2565 2930 rursus
2594 2875 2812 2941 invisit,
2835 2876 2960 2945 quia
2985 2885 3105 2930 erat
3136 2878 3275 2931 nuda
3308 2888 3360 2933 et
3384 2877 3718 2934 confusionis

2126 2967 2283 3038 plena
2305 3008 2319 3034 ,
2348 2982 2564 3023 rursum
2597 2968 2746 3022 venit
2773 2976 2828 3022 et
2853 2967 3062 3033 visitat,
3088 2976 3144 3023 et
3176 2984 3305 3025 ecce
3335 2978 3547 3040 tempus
3578 2971 3712 3039 ejus,

2130 3068 2343 3132 tempus
2370 3060 2691 3115 amantium.
2721 3059 2857 3115 illud
2891 3061 3059 3131 igitur
3082 3069 3291 3130 tempus
3322 3068 3469 3127 erat,
3503 3062 3716 3130 quando

438 3149 655 3218 aliquod
709 3153 1047 3208 committere
1090 3161 1306 3223 potest,
1358 3153 1464 3209 nisi
1516 3151 1719 3207 lavacri
1764 3160 2025 3222 tempore,
2054 3139 2100 3201 C
2130 3159 2355 3220 possunt
2377 3150 2633 3209 mulieres
2656 3151 2792 3205 viris
2827 3150 3102 3219 copulari,
3135 3159 3190 3204 et
3219 3152 3485 3205 sustinere
3514 3152 3716 3205 coitum

437 3241 654 3301 quando
680 3241 898 3310 sapiens
920 3245 1201 3314 generatio
1233 3243 1337 3301 fide
1359 3244 1634 3300 credentis
1662 3243 1975 3298 assumitur.

513 3348 532 3382 ‹
571 3328 863 3386 Transiens
887 3342 1068 3388 autem
1097 3350 1195 3403 per
1233 3343 1308 3401 te,
1357 3335 1465 3389 vidi
1498 3344 1550 3389 te
1576 3332 1947 3389 conculcatam
1975 3333 2027 3385 in

442 3436 464 3473 ι
506 3420 766 3489 sanguine
792 3428 902 3477 tuo.
944 3422 1013 3477 Et
1039 3423 1149 3477 dixi
1196 3424 1291 3478 tibi
1321 3439 1447 3501 cum
1493 3440 1643 3484 esses
1687 3426 1742 3481 in
1770 3425 2031 3498 sanguine

444 3527 465 3564 ι
512 3520 603 3565 tuo
629 3512 811 3578 :Vive,
832 3513 964 3579 dixi,
986 3516 1226 3585 inquam.
1253 3515 1347 3570 tibi
1369 3517 1425 3571 in
1453 3520 1714 3588 sanguine
1741 3528 1854 3585 tuo,
1884 3519 2028 3574 vive.

444 3619 466 3655 ‹
508 3600 916 3673 Multiplicatam
948 3607 1101 3675 quasi
1141 3623 1361 3678 germen
1386 3610 1498 3679 agri
1540 3609 1762 3675 dedite,
1809 3621 1864 3665 et
1888 3609 2028 3664 mul-

413 3713 466 3746 ,ι
508 3694 750 3765 tiplicata
774 3711 853 3762 es,
895 3707 949 3754 et
977 3700 1197 3769 grandis
1242 3698 1454 3766 ell‘ecta,
1496 3709 1551 3755 et
1580 3701 1821 3771 ingressa
1851 3717 1927 3767 es,
1975 3709 2031 3756 et

446 3804 467 3840 ι
506 3789 800 3859 pervenisti
840 3791 906 3849 ad
936 3790 1193 3849 mundum
1220 3792 1555 3848 muliebrem.
1608 3792 1784 3848 Ubera
1819 3802 1907 3847 tua
1943 3792 2027 3846 in-

2131 3239 2453 3294 maritalem.
2490 3240 2745 3295 Attamen
2779 3240 3092 3295 misericors
3125 3241 3268 3294 Deus
3304 3242 3560 3311 expandit
3603 3242 3717 3297 alas

2129 3347 2284 3397 suas,
2321 3333 2558 3403 suscepit
2588 3348 2711 3398 eos,
2749 3341 2805 3386 et
2832 3332 2883 3386 in
2914 3331 3154 3387 humeris
3191 3334 3304 3387 suis
3329 3334 3563 3403 portavit
3596 3346 3713 3389 eos.

2128 3420 2288 3478 Juxta
2316 3423 2445 3477 illud
2466 3424 2606 3493 quod
2629 3424 2685 3477 in
2708 3423 2999 3493 Evangelio
3021 3423 3219 3477 dicitur
3242 3441 3254 3477 :
3282 3442 3299 3473 ι
3330 3423 3549 3489 Quoties
3570 3423 3714 3479 volui

2129 3527 2462 3584 congregare
2487 3513 2624 3568 filios
2655 3520 2776 3568 tuos
2794 3553 2808 3579 ,
2832 3513 2967 3567 sicut
2990 3513 3190 3582 gallina
3215 3524 3507 3584 congregat
3540 3514 3714 3583 pullos

2129 3620 2255 3661 suos
2281 3604 2381 3660 sub
2411 3604 2525 3659 alas
2547 3619 2691 3669 suas,
2721 3611 2776 3658 et
2797 3602 3011 3659 noluisti
3039 3602 3192 3673 (Luc.
3224 3611 3362 3678 xm).
3386 3622 3403 3654 ι
3431 3602 3556 3657 Sive
3579 3605 3712 3657 ami-

2129 3703 2273 3749 ctum
2303 3693 2558 3764 expandit
2586 3709 2685 3762 pro
2710 3692 2831 3748 alis.
2855 3692 2969 3748 Hoc
2992 3693 3136 3746 enim
3178 3692 3565 3762 interpretatur
3586 3714 3711 3749 πτε-

2122 3789 2300 3864 ρύγιον
2340 3800 2448 3856 quo
2484 3793 2672 3855 operta
2712 3793 2796 3840 est
2838 3792 2893 3839 et
2927 3782 3070 3837 Ruth
3092 3823 3106 3847 ,
3138 3784 3204 3838 ad
3243 3783 3406 3853 pedes
3441 3782 3714 3839 dormiens

448 3897 467 3930 ι
511 3885 842 3946 tumuerunt,
892 3890 948 3936 et
969 3881 1108 3951 pilus
1138 3891 1261 3937 tuus
1286 3883 1625 3953 germinavit,
1657 3894 1711 3938 et
1743 3899 1865 3939 eras
1886 3884 2030 3938 nuda
2128 3879 2289 3944 Booz,
2318 3888 2374 3934 et
2402 3878 2455 3933 in
2485 3894 2605 3942 ora,
2644 3878 2698 3933 id
2723 3886 2806 3933 est
2832 3879 3091 3951 πτερυγίω
3114 3876 3421 3931 vestimenti
3443 3875 3609 3929 nostri
3630 3875 3713 3945 ju-

448 3992 467 4025 ι
509 3981 563 4028 et
591 3973 924 4030 confusionis
977 3976 1155 4046 plena,
1197 3956 1371 4032 rete.
1417 3975 1687 4048 (Hier-om)
1738 3977 2030 4046 Postquam
2126 3967 2969 4039 bemurhyacinthinasﬁmbrias
2987 3964 3369 4036 alligare.llaec
3387 3973 3564 4019 autem
3587 3963 3713 4019 fecit

440 4060 677 4135 projecta
721 4080 781 4121 es
832 4065 886 4119 in
939 4066 1134 4122 faciem
1188 4067 1405 4137 campi,
1434 4068 1784 4139 'siveﬁuper
1834 4065 2032 4121 faciem
2127 4066 2187 4113 ut
2221 4059 2457 4128 operiret
2481 4057 2831 4129 ignominiam
2858 4057 3179 4122 Jerusalem,
3230 4056 3461 4126 genitale
3487 4055 3714 4110 femina-

440 4163 617 4221 terrre,
648 4166 870 4232 propter
898 4158 1220 4228 pravitatem
1251 4159 1445 4214 animm
1474 4165 1607 4223 tum,
1659 4173 1841 4215 meum
1886 4157 2029 4213 ultra
2127 4167 2248 4205 rum
2301 4150 2401 4205 sub
2441 4150 2543 4205 hoc
2585 4151 2799 4205 nomine
2853 4165 3050 4223 corpus
3098 4148 3388 4204 ostendens
3422 4165 3436 4200 :
3501 4146 3711 4201 Etenim

442 4261 549 4302 non
577 4247 874 4302 merebaris
918 4247 1199 4302 auxilium.
1248 4248 1500 4303 Attamen
1531 4249 1803 4304 transiens
1853 4263 1950 4318 per
1979 4257 2021 4303 te

2126 4239 2276 4311 juxta
2307 4240 2652 4311 Apostolum,
2709 4258 2729 4290 ‹
2767 4241 3046 4295 inhonesta
3102 4239 3344 4309 corporis
3381 4239 3549 4293 nostri
3592 4254 3708 4292 ma-

441 4336 552 4391 vidi
580 4344 651 4403 te,
698 4337 1069 4393 conculcatam
1114 4339 1227 4392 sive
1271 4340 1610 4393 commistam
1667 4339 1722 4393 in
1772 4340 2031 4413 sanguine
2121 4330 2244 4401 jore
2287 4333 2491 4386 honore
2546 4330 3024 4402 circumdamus(1
3070 4329 3192 4383 Cor.
3242 4331 3365 4393 xu).
3405 4349 3424 4381 ι
3481 4330 3627 4384 Unde
3657 4338 3714 4383 et

443 4434 573 4483 tuo:
604 4429 657 4484 id
680 4437 793 4493 est,
847 4443 996 4487 ream
1023 4430 1331 4485 mortalium
1377 4429 1663 4486 criminum
1695 4447 1708 4484 :
1740 4439 1795 4485 et
1836 4444 2029 4498 provo-

2127 4422 2415 4478 Psalmista
2446 4423 2589 4478 canit
2617 4440 2628 4475 :
2672 4441 2689 4472 ε
2724 4421 2870 4475 Beati
2902 4434 3130 4489 quorum
3178 4420 3418 4473 remissa:
3446 4427 3571 4472 sunt
3612 4419 3716 4473 ini-

444 4517 562 4572 cavi
601 4525 674 4583 te,
724 4516 969 4573 tribuens
1013 4519 1410 4588 pmnitentiam.
1460 4520 1689 4588 Dixique
1733 4481 2027 4583 tibijLicet
2054 4481 2105 4540 D
2130 4515 2380 4585 quitates,
2412 4522 2467 4567 et
2481 4526 2709 4582 quorum
2738 4517 2874 4565 tecta
2901 4517 3261 4578 suntpeccata
3288 4505 3460 4579 (Psal.
3486 4507 3658 4580 xxxi).
3687 4528 3707 4561 ι

442 4598 599 4664 sis'in
626 4609 908 4681 sanguine,
942 4619 1124 4664 tamen
1153 4611 1272 4665 vive
1305 4620 1587 4666 conversa.
1640 4609 1923 4680 Tantaque
1970 4610 2024 4663 in

444 4708 497 4755 te
526 4698 628 4754 fuit
654 4701 895 4757 omnium
940 4688 1497 4766 rerum‘abundantia,
1543 4711 1603 4755 ut
1626 4701 1741 4770 agri
1766 4700 2025 4755 uberrimi

445 4790 672 4846 haberes
696 4791 1098 4846 similitudinem
1131 4811 1144 4846 :
1172 4800 1228 4847 et
1254 4792 1684 4853 benedictionem
1707 4791 1896 4856 Jacob,
1921 4806 2026 4859 qua

429 4881 718 4936 .benedixit
745 4882 796 4935 ei
842 4889 999 4950 pater
1036 4899 1199 4949 suus,
1252 4883 1479 4938 dicens:
1517 4901 1536 4934 ι
1574 4883 1713 4937 Ecce
1755 4881 1889 4937 odor
1932 4881 2028 4935 lilii

442 4970 550 5028 mei
600 4972 741 5026 sicut
788 4973 924 5028 odor
967 4973 1081 5044 agri
1116 4972 1280 5042 pleni,
1328 4972 1414 5028 cui
1444 4972 1721 5027 benedixit
1768 4972 2028 5025 Dominus

443 5058 599 5133 (Gen.
639 5059 833 5132 xxvu),
865 5080 884 5113 ι
935 5071 991 5116 et
1021 5062 1255 5117 intrares
1298 5062 1593 5131 penetralia
1634 5061 1847 5118 Domini
1877 5060 2027 5115 dice-

442 5163 637 5220 resque
665 5165 787 5205 cum
808 5166 1042 5220 Sponsa:
1081 5171 1099 5202 ι
1127 5151 1436 5207 Introduxit
1458 5167 1544 5211 me
1586 5168 1680 5207 rex
1712 5153 1766 5206 in
1802 5152 2026 5207 cubicu-

442 5236 552 5301 lum
585 5257 744 5298 suum
789 5240 962 5311 (Cant.
1013 5242 1076 5314 ι).
1107 5262 1126 5295 ι
1176 5242 1244 5297 Et
1287 5243 1355 5297 ad
1403 5245 1659 5298 mundum
1709 5243 2024 5297 muliebrem

442 5332 775 5404 pervenires.
822 5333 926 5388 Pro
975 5349 1082 5403 quo
1127 5333 1478 5404 Septuaginta
1511 5334 1915 5398 transtulerunt,
1964 5341 2019 5387 et

442 5422 687 5494 ingressa
719 5439 780 5478 es
808 5425 861 5478 in
885 5426 1129 5481 civitates
1152 5426 1427 5481 civitatum
1444 5466 1459 5491 ,
1502 5437 1562 5479 ut
1585 5427 1849 5495 quomodo
1879 5425 2018 5479 Can-

443 5513 608 5570 ticum
638 5510 990 5579 canticorum,
1042 5525 1097 5570 et
1145 5516 1402 5573 saeculum
1428 5516 1623 5570 dicitur
1654 5515 1969 5571 surculorum
1999 5532 2012 5567 :

441 5602 518 5665 lla
560 5608 812 5665 civitates
855 5610 1187 5681 appellentur
1230 5592 1528 5665 civitatum.
1597 5612 1673 5665 De
1722 5610 1916 5679 quibus
1961 5608 2015 5661 in

444 5695 733 5769 Evangelia
776 5700 1014 5763 dicitur:
1068 5719 1086 5753 ι
1125 5701 1327 5762 Habeto
1357 5708 1678 5773 potestatem
1718 5715 1881 5777 super
1920 5690 2014 5754 de-

2129 4604 2258 4671 Qua:
2286 4603 2474 4665 Cbam,
2506 4602 2627 4670 quia
2658 4615 2762 4654 non
2797 4597 3033 4667 protexit
3061 4597 3113 4651 in
3149 4606 3330 4667 patre,
3374 4605 3575 4652 aeterna
3604 4613 3715 4652 ma-

2128 4693 2413 4748 ledictione
2438 4691 2699 4760 signatur.
2753 4687 2905 4753 Quod
2941 4686 3175 4741 diximus
3202 4685 3269 4739 de
3294 4685 3590 4741 Jerusalem
3619 4701 3711 4741 re—

2127 4783 2367 4842 feramus
2392 4783 2457 4837 ad
2483 4782 2716 4836 animam
2743 4789 3006 4842 nostram,
3036 4793 3155 4847 qua:
3177 4778 3415 4848 quandiu
3441 4778 3494 4831 in
3524 4777 3705 4831 infan-

2131 4876 2206 4929 tia
2241 4876 2530 4931 constituta
2564 4880 2667 4940 est,
2698 4879 2919 4942 peccato
2947 4878 3111 4927 caret.
3150 4869 3284 4924 Cum
3317 4876 3496 4923 autem
3529 4869 3709 4926 aetatis

2131 4965 2246 5037 ejus
2274 4973 2484 5034 tempus
2514 4964 2825 5027 advenerit,
2854 4963 3009 5017 multi
3042 4969 3167 5017 sunt
3194 4971 3465 5017 amatores
3502 4961 3705 5018 daemo-

2130 5074 2256 5113 num
2291 5064 2345 5112 et
2389 5056 2781 5127 haereticorum,
2838 5068 3320 5124 perversorumque
3376 5053 3702 5123 dogmatum,

2129 5148 2221 5220 qui
2250 5148 2317 5202 ad
2345 5162 2463 5201 eam
2490 5146 2710 5214 cupiunt
2755 5144 3061 5199 declinare:
3106 5143 3196 5212 qni
3235 5143 3568 5211 protectione
3605 5140 3703 5197 Dei
3738 5154 3749 5163 ’

2129 5237 2477 5307 repelluntur,
2517 5245 2575 5289 ut
2622 5251 2728 5290 non
2770 5235 3029 5289 satellites
3058 5235 3253 5288 diaboli
3302 5234 3395 5287 sed
3425 5232 3702 5287 ministros

2129 5326 2422 5381 Salvatoris
2468 5325 2707 5393 recipiat.
2761 5325 2864 5379 Pro
2893 5325 3268 5379 divertentium
3316 5320 3602 5376 dilectione
3648 5330 3705 5377 et
3764 5356 3769 5357 κ

2123 5419 2344 5473 uberum
2377 5420 2431 5472 in
2464 5418 2982 5474 llebraico-habetnr
3007 5418 3206 5481 dodim,
3235 5415 3375 5486 quod
3405 5411 3701 5469 secundum

2122 5511 2314 5579 linguae
2344 5526 2530 5564 eorum
2557 5511 2957 5580 proprietatem,
2984 5506 3185 5571 omnia,
3215 5522 3333 5575 qua:
3356 5520 3518 5576 supra
3546 5520 3701 5561 versa

2120 5609 2247 5655 sunt
2284 5598 2575 5671 significat.
2620 5599 2802 5653 Potest
2838 5608 3044 5667 tempus
3068 5597 3368 5652 dilectionis
3394 5604 3449 5651 et
3472 5597 3702 5651 uberum

2119 5693 2232 5748 sive
2267 5700 2570 5747 amatorum
2605 5689 2696 5751 Dei
2726 5688 2949 5760 intelligi
2977 5687 3270 5754 Abraham,
3318 5688 3490 5756 Isaac,
3526 5695 3581 5742 et
3609 5683 3703 5745 Jav
