3954 6182
334 334 435 394 στι

335 448 440 505 coh
466 463 480 500 :
539 443 758 515 quando
789 443 870 500 eis
901 442 1172 514 pollicitus
1210 449 1294 496 est
1317 438 1580 494 Dominus
1605 445 1730 507 post
1753 435 1926 507 JEgy-
1955 444 2005 500 Α

336 539 510 610 ptiatn
529 538 842 593 servitutem
870 550 1027 590 suum
1051 533 1304 603 populum
1325 529 1684 585 liberandum.

417 645 437 680 ι
480 628 546 682 Et
584 626 762 695 juravi
815 624 947 686 tibi,
991 633 1046 677 et
1075 623 1360 691 .ingressus
1410 633 1529 674 sum
1585 626 1800 687 pactum
1847 623 1923 670 te-

348 736 367 768 r
405 732 548 779 cum,
575 716 650 769 ait
675 713 932 769 Dominus
958 711 1120 765 Deus.
1153 729 1171 762 ι
1219 709 1354 776 Quia
1391 709 1620 778 expandi
1663 706 1922 760 amictum

337 824 540 871 meum,
576 807 688 862 sive
710 805 827 858 alas
875 818 1023 857 meas
1049 817 1210 870 super
1241 810 1314 864 te,
1345 809 1399 854 et
1440 799 1626 868 operui
1661 796 1926 851 confusio—

337 913 461 952 nem
493 905 660 957 tuam,
701 902 983 964 propterea
1012 891 1192 960 juravi
1241 889 1370 955 tibi,
1405 897 1458 943 et
1487 890 1761 958 ingressus
1806 901 1922 939 sum

334 998 550 1058 pactum
579 985 694 1039 sive
735 991 1116 1038 testamentum
1159 989 1369 1046 tecum,
1429 988 1486 1033 ut
1537 978 1668 1032 mihi
1722 977 1920 1047 potius,

334 1094 494 1148 quam
522 1077 754 1141 caeteris,
788 1077 878 1146 qui
910 1076 976 1130 ad
1009 1083 1058 1129 te
1080 1074 1332 1129 volebant
1358 1069 1925 1141 divertere,jungcre-

334 1167 432 1231 ris,
453 1168 608 1237 juxta
638 1165 799 1220 illud:
839 1185 857 1216 ‹
892 1165 1104 1219 Juravit
1143 1165 1426 1226 Dominus,
1472 1170 1526 1215 et
1553 1177 1658 1214 non
1694 1161 1924 1230 poenite-

333 1257 414 1312 hit
439 1273 564 1312 eum
599 1275 612 1310 :
643 1265 701 1310 tu
743 1271 803 1311 es
836 1255 1089 1310 sacerdos
1114 1255 1167 1308 in
1218 1264 1478 1310 atteruum
1506 1253 1800 1306 secundum
1830 1269 1921 1305 or-

333 1345 511 1399 dinem
553 1344 942 1400 Melchisedcch
971 1343 1140 1415 (Psal.
1177 1344 1308 1414 clx).
1341 1363 1357 1394 ι
1401 1344 1587 1399 Omnis
1622 1343 1764 1397 enim
1796 1356 1926 1394 con-

334 1434 616 1488 troversize
651 1433 773 1489 ﬁnis
802 1442 884 1488 est
919 1432 1305 1501 juramentum.
1357 1434 1426 1489 Et
1470 1435 1591 1488 vivo
1622 1447 1741 1502 ego,
1791 1431 1923 1484 dicit

333 1523 616 1589 Dominus,
668 1525 771 1578 nisi
815 1523 954 1578 malo
983 1525 1356 1594 pmnitentiam
1403 1524 1726 1593 peccatoris,
1761 1538 1920 1591 quam

333 1623 564 1669 mortem
597 1613 808 1686 (Ezech.
860 1615 1035 1684 xvm).
1069 1615 1333 1684 Tempore
1386 1615 1549 1685 igitur
1589 1616 1920 1684 nuptiarum,

332 1702 498 1760 Israel
513 1703 882 1773 juramentum
921 1705 1114 1774 accipit
1142 1704 1236 1759 Dei
1267 1721 1363 1775 pro
1389 1704 1701 1760 omuidotali
1730 1717 1921 1760 mune-

975 330 1036 385 B.
1076 326 1586 384 RABANI'MAUIU
1624 321 1943 379 ARCHIEP.
1984 319 2292 378 MOGUNT.
2333 321 2615 378 OPERUM
2656 321 2835 377 PARS
2866 323 2928 378 ll.
3495 328 3594 383 672

2108 451 2126 484 ι
2163 432 2230 486 Et
2261 432 2454 486 vestivi
2501 440 2551 486 te
2575 433 2956 488 discoloribus.
2996 451 3016 487 ι
3053 432 3407 506 Septuaginta
3437 450 3452 489 :
3483 455 3500 487 ι
3535 437 3596 493 Et

2026 527 2174 582 indui
2218 536 2269 582 te
2293 528 2476 586 variis.
2522 548 2539 578 ι
2593 528 2644 581 id
2671 538 2755 582 est
2808 527 2942 598 legis
2978 527 3337 589 GBt'eanltilS,
3374 541 3594 596 quarum

2025 628 2284 688 occupata
2312 619 2492 674 studio
2523 618 2663 672 idola
2711 617 3134 686 derelinqueres.
3169 617 3273 671 Ista
3303 627 3433 671 sunt
3451 618 3596 672 varia

2025 711 2345 764 vestimenta
2383 711 2577 777 quibus
2609 709 2824 770 indutus
2873 716 2957 762 cst
3005 707 3203 776 Joseph
3238 725 3251 760 :
3283 723 3382 761 nec
3410 717 3595 776 potue—

2025 809 2152 856 runt
2195 815 2317 854 eum
2352 798 2550 853 fratres
2579 799 2832 864 vendere,
2885 798 2990 852 nisi
3048 798 3199 868 prius
3225 813 3347 851 eum
3413 798 3599 853 tunicae

2027 889 2290 943 varietate
2321 889 2632 942 nudassent.
2667 887 2812 941 Etde
2837 902 3034 957 sponsa
3062 888 3263 941 dicitur
3289 889 3338 940 in
3371 889 3598 956 quadra-

2031 977 2237 1046 gesimo
2263 988 2460 1047 quarto
2473 977 2717 1046 psalmo:
2749 996 2765 1028 ι
2785 977 2974 1030 Astitit
3003 978 3184 1048 regina
3213 977 3464 1032 adextris
3479 979 3597 1042 tuis,

2026 1066 2080 1122 in
2129 1069 2328 1122 vestitu
2377 1067 2655 1131 deaurato,
2702 1067 3039 1122 circumdata
3107 1068 3389 1121 varietate.
3439 1088 3458 1120 ι
3494 1068 3602 1124 Hoc

2025 1168 2108 1214 est
2141 1161 2546 1220 vestimentum,
2602 1159 2668 1214 de
2721 1174 2829 1228 quo
2880 1167 2937 1214 et
2989 1159 3280 1228 Apostolus
3328 1159 3600 1228 loquitur:

2030 1269 2050 1300 ‹
2097 1250 2302 1305 lnduitc
2367 1267 2562 1304 novum
2620 1251 2910 1316 hominem,
2953 1251 3044 1320 qui
3102 1261 3393 1306 renovatur
3422 1252 3477 1306 in
3513 1267 3599 1306 co-

2028 1340 2322 1409 gnitionem
2353 1339 2509 1408 juxta
2555 1341 2843 1412 imaginem
2892 1340 3168 1395 Creatoris
3201 1340 3420 1412 (Ep/tes.
3448 1342 3546 1412 tv).
3581 1361 3598 1394 ι

2027 1433 2284 1487 Volumus
2343 1433 2483 1488 scire
2537 1448 2656 1502 quae
2701 1439 2827 1487 sunt
2881 1433 3031 1486 varia
3067 1433 3602 1488 vestimenta?ldem

2025 1537 2126 1576 nos
2178 1521 2466 1592 Apostolus
2491 1521 2670 1586 docet,
2727 1521 3074 1578 credentibus
3131 1523 3422 1578 scribens:
3469 1541 3487 1575 ‹
3520 1522 3606 1578 ιιι-

2027 1612 2264 1667 duamini
2317 1625 2445 1681 ergo
2501 1612 2801 1666 visceribus
2859 1612 3266 1675 misericordiae,
3327 1611 3603 1680 bonitatis,

2027 1702 2366 1768 humilitatis,
2400 1703 2851 1768 mansuetudinis,
2884 1702 3160 1772 patientia:
3190 1700 3413 1774 (Coloss.
3440 1702 3550 1772 ιιι).
3579 1721 3600 1757 ι

335 1809 415 1848 re.
440 1793 652 1863 thuia
677 1795 845 1849 David
873 1795 939 1848 de
956 1810 1014 1850 se
1037 1795 1286 1850 dixerat:
1321 1815 1339 1848 ‹
1371 1796 1658 1862 Memento,
1677 1796 1922 1862 Domine,
1953 1799 2000 1856 B
2029 1794 2168 1863 Quid
2196 1796 2300 1851 hac
2337 1796 2598 1852 varietate
2641 1796 2961 1867 pulchrius?
2991 1797 3056 1851 de
3086 1812 3192 1866 qua
3217 1805 3273 1851 et
3297 1795 3398 1852 Joh
3422 1795 3605 1866 loque-

334 1882 522 1949 David,
545 1895 601 1939 et
626 1885 803 1940 omnis
829 1887 1258 1942 mansuetudinis
1287 1885 1403 1956 ejus
1431 1904 1444 1940 :
1476 1888 1568 1956 qui
1587 1885 1793 1955 juravit
1822 1886 1926 1940 Do-

334 1975 505 2040 mino,
525 1983 712 2034 votum
741 1978 886 2032 vovit
913 1979 1022 2033 Deo
1048 1977 1213 2035 Jacob
1239 1979 1414 2050 (Psal.
1437 1981 1643 2049 cxxxt).
1673 2000 1693 2032 ι
1723 1980 1789 2034 Et
1811 1980 1925 2048 ipse

336 2065 598 2123 Dominus
638 2068 787 2139 jurat
814 2070 886 2135 ei,
926 2071 1202 2142 Scriptura
1228 2073 1486 2128 dicente:
1522 2093 1540 2126 ‹
1578 2072 1790 2128 Juravit
1824 2073 1926 2128 Do-

335 2158 518 2215 minus
539 2159 708 2218 David
737 2161 1041 2228 veritatem,
1073 2171 1126 2218 et
1153 2179 1256 2218 non
1281 2164 1632 2221 frustrabitur
1659 2182 1805 2220 eum.
1829 2187 1848 2219 ι

409 2270 428 2304 ι
457 2252 526 2307 Et
561 2252 706 2310 facta
743 2269 804 2312 es
835 2255 988 2320 mihi,
1024 2265 1079 2310 et
1111 2255 1212 2314 lavi
1261 2265 1314 2312 te
1355 2272 1532 2327 aqua,
1563 2266 1620 2314 et
1667 2257 1927 2316 mundavi

335 2359 356 2394 ι
393 2344 708 2413 sanguinem
747 2354 896 2402 tuum
928 2361 996 2400 ex
1026 2355 1096 2412 te,
1128 2355 1183 2402 et
1203 2347 1329 2402 unxi
1363 2357 1414 2406 te
1442 2347 1635 2410 oleo.)
1667 2347 1805 2416 Quia
1829 2363 1925 2404 ex-

328 2437 492 2505 pandi
519 2436 635 2493 alas
653 2452 824 2503 meas,
859 2446 915 2493 et
955 2439 1144 2508 operui
1168 2439 1516 2507 ignominiam
1558 2448 1728 2506 tuam,
1765 2448 1820 2496 et
1837 2439 1926 2510 ju-

333 2529 448 2584 ravi
476 2529 604 2595 tibi,
620 2539 677 2586 et
704 2531 980 2602 ingressus
1012 2547 1133 2588 sum
1159 2541 1379 2607 pactum
1400 2540 1602 2597 tecum,
1633 2541 1920 2602 propterea

332 2635 453 2674 mea
480 2635 540 2676 es
569 2620 710 2677 facta
735 2622 1032 2692 possessio,
1072 2630 1133 2678 ut
1167 2636 1289 2692 quas
1315 2621 1491 2680 aliena
1520 2636 1664 2687 eras,
1709 2622 1925 2692 quando

333 2706 606 2763 videbaris
635 2709 936 2776 immunda,
979 2725 1098 2767 mea
1126 2725 1247 2767 esse
1274 2711 1503 2780 coeperis
1536 2729 1548 2765 :
1584 2712 1802 2782 quando
1831 2727 1926 2781 pa-

328 2805 478 2850 aum
525 2813 703 2852 meum
746 2806 926 2854 tecum
963 2799 1272 2868 juramento
1324 2798 1554 2860 ﬁrmavi.
1607 2797 1732 2854 Sive
1769 2799 1924 2870 juxta

327 2889 780 2943 consuetudinem
839 2889 1274 2959 Prophetarum,
1327 2889 1470 2948 facta
1510 2906 1570 2952 es
1615 2891 1749 2952 mihi
1808 2891 1920 2945 ait:

332 2979 440 3035 Pro
465 2993 550 3044 eo,
565 2979 709 3048 quod
729 2987 814 3036 est
835 2995 956 3036 meo
984 2981 1232 3051 coniugio
1265 2981 1513 3050 copulata
1537 2996 1614 3046 es,
1642 2991 1697 3037 et
1722 2982 1825 3037 lavi
1851 2991 1918 3046 te,

330 3069 549 3139 lnquit,.
575 3083 715 3139 aqua
760 3070 1016 3139 baptismi
1044 3069 1302 3132 salutaris
1334 3088 1346 3123 :
1405 3090 1422 3122 ι
1462 3069 1576 3125 Nisi
1607 3071 1751 3126 enim
1800 3072 1922 3142 quis

2024 1885 2186 1940 batur
2215 1904 2227 1939 :
2264 1905 2282 1938 ι
2320 1886 2450 1954 Quis
2481 1888 2627 1943 dedit
2657 1888 2972 1942 mulieribus
3003 1896 3232 1943 textura:
3262 1889 3602 1959 sapientiam,

2026 1986 2118 2030 aut
2142 1977 2422 2032 varietatis
2451 1977 2788 2049 disciplinam
2814 1978 2838 2030 ?
2864 1976 3006 2048 (Job.
3037 1976 3294 2049 xxxvm.)
3326 1998 3345 2031 ι
3382 1978 3452 2032 Ει
3479 1993 3608 2048 ροη-

2029 2066 2161 2122 tifcx
2205 2068 2370 2122 semel
2406 2067 2459 2122 in
2507 2082 2670 2133 anno,
2725 2068 2942 2139 quando
2971 2083 3071 2138 pro
3121 2067 3317 2139 pepulo
3359 2066 3608 2123 adolebat

2029 2160 2328 2225 incensum,
2385 2169 2440 2215 et
2497 2160 2900 2231 ingrediehatur
2952 2160 3006 2214 in
3043 2169 3229 2215 sancta
3272 2167 3603 2227 sanctorum,

2026 2251 2195 2307 variis
2224 2251 2465 2306 vestibus
2493 2252 2765 2307 utebatur.
2798 2250 2959 2308 Certe
2983 2251 3032 2306 si
3060 2251 3262 2306 divitia:
3288 2251 3606 2306 varietatem

2027 2342 2279 2407 vestium,
2311 2351 2366 2398 et
2394 2357 2503 2398 non
2536 2344 2802 2398 sanctitas
2827 2343 3052 2410 faceret,
3077 2343 3475 2414 diversitasque
3500 2343 3608 2400 vir-

2027 2442 2226 2500 tutum,
2253 2435 2470 2491 Pharao
2505 2443 2562 2491 et
2593 2435 3092 2492 Nabuchodonosor
3138 2437 3256 2492 haec
3282 2437 3607 2492 vestimenta

2028 2526 2283 2582 habuisse
2337 2527 2704 2584 scriberentur
2730 2546 2743 2582 :
2772 2537 2830 2584 et
2879 2543 2986 2584 non
3017 2527 3238 2600 Joseph,
3270 2529 3363 2600 qui
3400 2529 3499 2584 sub
3519 2543 3609 2600 pe-

2028 2617 2245 2689 regrino
2273 2626 2329 2674 et
2359 2617 2619 2689 pastorali
2665 2627 2840 2690 patre,
2892 2629 3074 2676 vestes
3122 2618 3421 2678 discolores
3441 2627 3496 2675 et
3521 2633 3610 2676 re-
3659 2617 3664 2624 ’

2027 2707 2144 2779 gias
2172 2708 2375 2776 habere
2405 2724 2512 2764 non
2543 2716 2774 2780 poterat.

2099 2799 2195 2852 «Et
2219 2799 2453 2854 calceavi
2477 2807 2529 2854 te
2551 2798 2920 2872 hyacinthino.
2946 2818 2965 2853 ι
2996 2799 3240 2871 Denique
3265 2798 3489 2857 facturis
3515 2815 3606 2870 pa-

2025 2887 2152 2944 scha
2184 2889 2518 2960 praecipitur,
2547 2890 2752 2961 absque
2780 2889 2886 2944 ulla
2913 2888 3112 2946 coloris
3136 2890 3403 2946 varietate
3428 2891 3606 2946 accin-

2024 2981 2126 3035 ctis
2150 2981 2346 3036 lumbis
2377 2990 2433 3036 et
2458 2981 2686 3052 pedibus
2724 2980 2954 3037 calceati
3009 2982 3138 3037 sint.
3186 2981 3298 3037 Ista
3349 2990 3478 3036 sunt
3499 2981 3607 3037 cal-

2024 3081 2305 3126 ceamenta
2334 3072 2400 3127 de
2423 3072 2620 3142 quibus
2649 3080 2706 3127 et
2732 3072 3025 3143 Apostolus
3055 3071 3246 3128 scribit
3270 3087 3285 3126 :
3319 3090 3338 3124 (
3371 3071 3602 3128 Calceati

331 3168 558 3216 renatus
586 3159 749 3214 fuerit
776 3175 840 3216 ex
871 3176 1010 3230 aqua
1040 3169 1094 3219 et
1116 3161 1318 3236 Spiritu
1358 3171 1568 3227 sancto,
1605 3179 1709 3219 non
1738 3173 1917 3234 potest
1948 3145 1992 3206 (ἶ
2024 3164 2192 3232 pedes
2221 3163 2274 3218 in
2302 3164 2698 3236 praeparatione
2733 3163 3013 3236 Evangelii
3038 3163 3186 3234 pacis
3205 3161 3423 3234 (Ephes.
3449 3161 3545 3233 vt).
3578 3180 3596 3224 ι

326 3249 533 3306 intrare
556 3251 609 3307 in
640 3267 866 3323 regnum
887 3252 982 3308 Dei
1012 3251 1195 3324 (Joan.
1226 3252 1330 3323 ιιι).
1362 3271 1380 3304 ι
1417 3253 1484 3308 Et
1509 3253 1634 3308 alibi
1657 3255 1912 3326 legimus:

335 3357 359 3393 ι
375 3339 494 3411 Ipse
507 3355 600 3396 vos
615 3341 914 3412 haptizabit
929 3342 981 3396 in
997 3340 1460 3412 Spiritusanctoet
1476 3343 1587 3414 igni
1605 3342 1797 3416 (Marc.
1815 3344 1876 3416 ι).
1893 3363 1910 3396 ι

333 3431 412 3488 De
435 3447 542 3502 quo
579 3431 900 3503 baptismate
943 3442 998 3489 et
1019 3433 1185 3490 Isaias
1221 3433 1478 3502 loquitur,
1509 3435 1731 3490 dicens:
1757 3453 1776 3485 ι
1809 3433 1916 3492 La-

329 3523 481 3577 vahit
527 3523 786 3578 Dominus
832 3525 1022 3580 sordes
1062 3523 1294 3578 ﬁliorum
1323 3526 1378 3578 et
1417 3521 1650 3578 filiarum
1680 3523 1832 3590 Sion,
1865 3532 1921 3580 et

332 3612 652 3684 sanguinem
699 3611 981 3668 mundabit
1008 3611 1075 3666 de
1103 3611 1283 3670 medio
1314 3624 1522 3677 eorum,
1553 3612 1745 3681 spiritu
1769 3611 1917 3682 judi-

321 3700 436 3768 cii,
477 3711 532 3756 et
577 3699 771 3770 spiritu
812 3700 1200 3764 combustionis
1229 3700 1362 3772 (lsa.
1390 3701 1485 3773 tv).
1521 3700 1694 3756 tCum
1737 3711 1916 3758 autem

333 3789 529 3846 laverit
553 3800 609 3846 et
639 3791 982 3847 mandaverit
1013 3791 1349 3865 sanguinem,
1384 3792 1526 3847 sicut
1554 3793 1922 3850 hemorrhois-

333 3896 470 3948 sam,
488 3896 606 3951 qua:
629 3882 913 3938 duodecim
937 3881 1097 3936 annis
1121 3897 1316 3938 cruore
1341 3882 1596 3938 manabat
1617 3882 1807 3957 (Marc.
1839 3883 1915 3951 v),

331 3973 559 4030 ﬁmbriae
591 3973 803 4028 sanavit
825 3980 1053 4038 attactu,
1086 3989 1192 4028 non
1217 3972 1413 4029 sullicit
1453 3975 1504 4031 ei
1550 3975 1733 4030 lavare
1755 3991 1916 4046 aqua,

330 4071 385 4120 et
401 4061 661 4116 mundare
681 4061 963 4131 sanguine,
989 4061 1091 4116 nisi
1118 4063 1238 4117 oleo
1253 4078 1466 4132 quoque
1488 4066 1728 4132 unxerit,
1763 4065 1917 4135 juxta

319 4153 475 4239 ,quod
499 4152 895 4220 Samaritanus,
921 4153 1013 4222 qui
1039 4153 1427 4226 interpretatur
1455 4165 1661 4221 custos,
1690 4157 1921 4212 semine-

315 4244 412 4314 ,εἰς
457 4243 710 4311 vulnera,
757 4245 991 4318 primum
1016 4245 1119 4300 olei
1167 4244 1438 4300 infusione
1472 4246 1674 4312 linivit,
1726 4247 1922 4304 deinde

321 4335 445 4402 ,vini
475 4336 793 4398 austeritate
827 4336 1191 4406 compescuit,
1227 4337 1485 4392 Dominus
1507 4345 1688 4392 autem
1735 4344 1920 4393 noster

324 4428 447 4499 ,alio
466 4436 660 4485 unctus
679 4436 762 4484 est
781 4428 920 4493 oleo,
953 4429 1096 4500 quod
1122 4443 1229 4483 non
1250 4427 1489 4483 dolorem
1516 4427 1797 4484 vulnerum
1827 4430 1922 4490 mi-

322 4518 673 4589 ;tigaret,‘sed
713 4517 956 4577 laetitiam
983 4518 1264 4585 tribueret,
1297 4519 1507 4575 dicente
1531 4519 1596 4574 ad
1627 4535 1750 4575 eum
1796 4520 1917 4596 Spi-

323 4611 440 4681 ritu
481 4619 669 4668 sancto
698 4628 712 4664 :
770 4630 788 4663 ι
815 4609 1108 4679 Propterea
1143 4611 1300 4666 unxit
1329 4619 1381 4666 te
1425 4610 1586 4678 Deus,
1618 4613 1762 4669 Deus
1795 4621 1920 4670 tuus

324 4702 452 4768 oleo
478 4703 822 4759 exultationis
863 4717 974 4772 pra:
1002 4703 1349 4758 consortibus
1376 4699 1670 4774 tuis(Psal.
1700 4703 1867 4776 xuv).
1891 4725 1910 4758 ι

331 4794 545 4858 Habent
576 4802 632 4850 et
658 4793 942 4852 contrariae
989 4791 1355 4859 fortitudines,
1384 4792 1618 4848 simulati
1647 4792 1752 4848 olei
1782 4792 1917 4848 leni-

331 4896 520 4956 utam,
549 4885 725 4944 dulcia
753 4901 851 4957 per
879 4885 1162 4941 haereticos
1189 4884 1526 4955 pollicentes,
1557 4900 1678 4955 quae
1705 4892 1918 4940 vertuno

329 4986 421 5042 tur
446 4977 501 5034 in
544 4975 997 5038 amaritudinem,
1044 4983 1099 5031 et
1140 4991 1260 5046 qua:
1304 4975 1601 5030 detestatur
1644 4975 1916 5046 Propheta

329 5083 763 5130 commemorans
788 5086 801 5123 :
846 5087 865 5120 ι
895 5067 1082 5123 Oleum
1110 5077 1288 5122 autem
1315 5067 1642 5137 peccatoris,
1681 5083 1783 5121 non
1815 5067 1916 5122 im-

328 5164 552 5238 pinguet
595 5172 756 5234 caput
802 5177 983 5220 meum
1008 5159 1180 5234 (Psal.
1215 5162 1361 5234 ch).
1402 5180 1421 5214 ι
1476 5160 1571 5216 Sin
1620 5171 1801 5216 autem
1847 5161 1914 5217 ab

329 5254 586 5312 unctione
624 5263 836 5316 unctus,
883 5253 936 5308 id
963 5262 1067 5317 est,
1113 5251 1363 5308 Christus
1415 5251 1737 5322 appellatur,
1790 5251 1914 5308 vide

330 5352 593 5413 quantum
618 5343 908 5415 profecerit
934 5341 1229 5398 Jerusalem
1255 5360 1268 5395 :
1302 5341 1361 5397 u't
1386 5351 1440 5397 et
1466 5343 1579 5412 ipsa
1607 5351 1769 5398 uncta
1795 5343 1914 5400 oleo

330 5436 590 5506 spiritali,
620 5435 821 5490 Christi
848 5449 1043 5490 nomen
1071 5434 1362 5504 acceperit.
1398 5433 1562 5489 Juxta
1593 5437 1734 5505 quod
1775 5445 1830 5491 et
1861 5437 1914 5490 in

331 5523 564 5580 Psalmis
586 5525 653 5594 de
671 5524 947 5580 Abraham
968 5523 1194 5595 legimus
1218 5541 1230 5578 :
1271 5543 1290 5575 ‹
1328 5523 1504 5580 Nolite
1526 5533 1744 5596 tangere
1768 5527 1916 5580 chri-

331 5625 446 5682 stos
485 5632 677 5681 meos,
721 5624 777 5672 et
826 5615 880 5670 in
915 5615 1191 5689 prophetis
1226 5616 1363 5671 meis
1417 5615 1583 5671 nolite
1631 5615 1910 5688 malignari

337 5706 515 5772 (Paul.
547 5705 678 5777 etv).
716 5723 734 5752 ν
1127 5701 1148 5706 ’

2019 3251 2130 3307 Nec
2160 3253 2311 3324 prius
2335 3251 2638 3310 Jerusalem
2667 3254 2941 3310 ealccatur
2974 3253 3362 3324 hyacinthinis,
3395 3252 3497 3308 nisi
3523 3252 3602 3307 la-

2018 3353 2176 3399 vetur
2203 3360 2368 3416 aqua.
2402 3345 2558 3404 Unde
2578 3345 2641 3404 ‘et
2662 3346 3043 3421 Apostolorum
3072 3344 3271 3416 quibus
3293 3345 3446 3415 prius
3469 3358 3600 3414 pras-

2019 3445 2239 3510 ceperat
2289 3438 2571 3504 Dominus,
2632 3446 2694 3492 ut
2752 3445 3068 3494 excuterem
3121 3436 3320 3507 pedum
3385 3448 3598 3490 suorum

2017 3527 2318 3598 pulverem,
2369 3527 2620 3582 lavantur
2647 3543 2676 3582 a
2715 3525 2998 3583 Salvatore
3044 3525 3230 3596 pedes.
3287 3524 3357 3578 Et
3407 3537 3598 3594 sponsa

2019 3617 2150 3672 dicit
2199 3618 2252 3671 in
2303 3616 2527 3672 Cantico
2577 3618 2954 3673 canticorum:
3009 3635 3027 3668 ι
3062 3614 3195 3669 Lavi
3238 3614 3403 3683 pedes
3432 3628 3594 3679 meos,

2019 3707 2287 3776 quomodo
2319 3707 2612 3777 inquinabo
2643 3708 2763 3762 illos
2795 3707 2972 3780 (Cant.
3023 3704 3079 3778 v)
3101 3706 3125 3760 Τ
3151 3724 3171 3758 ι
3206 3704 3274 3758 Ει
3304 3703 3520 3776 Moysen
3547 3711 3600 3758 et

2017 3795 2199 3851 Jesum
2231 3797 2443 3852 divinus
2475 3812 2656 3852 sermo
2691 3806 2939 3863 testatur,
2968 3803 3029 3850 ut
3056 3794 3272 3851 solvant
3309 3794 3596 3865 corrigiam

2020 3889 2372 3944 calceamenti
2400 3889 2504 3954 sui,
2521 3890 2647 3959 quia
2671 3889 2822 3945 locus
2847 3890 2900 3944 in
2929 3903 3037 3960 quo
3065 3895 3232 3953 stent,
3255 3895 3482 3943 sanctus
3507 3885 3592 3940 sit.

2020 3978 2156 4033 Cum
2193 3987 2373 4033 autem
2398 3979 2492 4034 loti
2528 3979 2729 4035 fuerint
2752 3978 2917 4050 pedes
2940 3988 2995 4034 et
3012 3978 3160 4034 omni
3182 3977 3343 4034 sorde
3363 3975 3583 4049 purgati,

2022 4067 2335 4123 calceantur
2359 4068 2724 4140 hyacinthinis
2745 4070 2859 4126 sive
2881 4069 3185 4142 janthinis:
3217 4069 3360 4139 quod
3386 4080 3589 4124 utrum-

2021 4176 2126 4230 que
2149 4161 2292 4214 acrei
2310 4161 2588 4216 εικυανέου
2615 4160 2810 4216 coloris
2833 4169 2940 4226 est,
2955 4169 3012 4215 ut
3025 4161 3309 4232 rapiantur
3335 4159 3391 4214 in
3409 4173 3592 4214 occur-

2023 4263 2142 4303 sum
2165 4247 2376 4303 Domini
2403 4249 2456 4305 in
2482 4265 2681 4314 aerem,
2699 4259 2753 4304 et
2775 4251 2842 4304 ad
2864 4250 3106 4305 cmlestia
3128 4264 3294 4320 regna
3318 4247 3585 4304 festinent.

2099 4356 2117 4388 ι
2155 4337 2222 4391 Et
2256 4338 2401 4392 cinxi
2431 4348 2483 4394 te
2508 4340 2725 4410 bysso.»
2761 4337 3059 4394 Jerusalem
3096 4354 3202 4394 non
3234 4337 3407 4392 solum
3433 4337 3590 4391 vesti-

2026 4436 2114 4482 tur
2161 4429 2534 4495 diseoloribus,
2574 4437 2628 4484 et
2665 4429 2941 4486 calceatur
2986 4429 3372 4500 hyacinthinis,
3403 4429 3495 4484 sed
3538 4435 3589 4482 et

2023 4519 2183 4589 bysso
2211 4519 2535 4590 accingitur.
2563 4520 2640 4575 De
2689 4535 2794 4590 qua
2823 4519 3136 4575 tenuissima
3165 4520 3218 4574 in
3245 4529 3395 4574 veste
3419 4519 3590 4596 ponti-

2023 4607 2139 4664 ﬁcis
2161 4607 2246 4663 ﬁla
2275 4618 2551 4664 texuntur.
2597 4609 2664 4664 Et
2696 4625 2834 4665 uxor
2878 4611 2934 4665 in
2957 4609 3290 4676 Proverbiis,
3318 4626 3438 4680 qua:
3476 4610 3586 4664 viro

2023 4713 2119 4753 suo
2149 4699 2280 4754 duas
2323 4700 2497 4754 texuit
2523 4699 2853 4771 chlamydes,
2891 4707 2946 4755 et
2993 4699 3276 4770 praesentis
3307 4699 3511 4764 saaculi,
3536 4705 3586 4753 et

2021 4787 2209 4852 futuri,
2226 4788 2327 4843 sibi
2353 4789 2419 4844 de
2448 4789 2610 4860 bysso
2637 4800 2691 4844 et
2714 4783 2954 4862 purpura
2976 4789 3170 4846 fecisse
3197 4789 3400 4845 dicitur
3427 4789 3587 4844 vesti-

2008 4887 2224 4932 Imenta.
2256 4876 2369 4932 Hac
2403 4879 2564 4949 bysso
2610 4879 2967 4949 accinguntur
3000 4895 3176 4944 renes,
3209 4879 3424 4948 quoties
3473 4877 3585 4948 pin-

2016 4967 2140 5038 guia
2164 4967 2402 5042 libidinis
2445 4967 2711 5023 incentiva
2761 4969 3024 5024 tcnuanda
3066 4977 3210 5033 sunt,
3266 4969 3505 5047 nihilque
3535 4967 3584 5020 in

2023 5061 2107 5118 eis
2207 5074 2405 5115 crassa:
2427 5061 2641 5115 veneris
2681 5060 3020 5131 relinquitur.
3049 5061 3118 5116 Et
3146 5059 3432 5130 implemus
3454 5075 3587 5129 pra:-
3689 5101 3693 5104 ς

2015 5157 2232 5220 ceptum
2260 5148 2504 5221 Apostoli
2534 5149 2793 5205 dicentis:
2823 5168 2842 5202 ι
2865 5149 3017 5206 State
3038 5165 3166 5221 ergo
3192 5148 3421 5204 accincti
3451 5148 3584 5201 lum-

2014 5244 2114 5300 bos
2142 5250 2354 5298 vestros
2383 5243 2435 5296 in
2460 5243 2692 5298 veritate
2717 5229 2933 5314 (Epiros.
2962 5241 3062 5312 vr),
3087 5262 3106 5294 ι
3134 5240 3290 5311 quasi
3321 5239 3442 5294 aliis
3460 5253 3579 5293 ver-

2016 5336 2100 5392 bis
2117 5335 2341 5401 diceret,
2359 5335 2538 5406 bysso.
2563 5336 2630 5390 Et
2652 5335 2912 5391 Dominus
2927 5335 2994 5389 ad
3018 5333 3287 5404 apostolos
3312 5332 3580 5401 loquitur:

2022 5445 2040 5478 ι
2075 5426 2196 5481 Sint
2244 5426 2409 5482 lumbi
2441 5427 2606 5482 vestri
2656 5426 2956 5497 praecincti,
2989 5440 3053 5480 ac
3079 5425 3313 5480 lucerna:
3334 5423 3586 5477 ardentes

2017 5519 2068 5573 in
2094 5517 2341 5572 manibus
2365 5517 2563 5572 vestris
2587 5517 2737 5588 (Luc.
2807 5516 2927 5586 xu).
2961 5536 2979 5568 ι
3013 5515 3126 5570 Nisi
3155 5514 3297 5569 enim
3326 5512 3586 5568 astrinxe-

2003 5610 2185 5671 rimus
2211 5607 2427 5662 fluentia
2457 5607 2761 5664 lumborum
2807 5614 3076 5672 reumata,
3105 5605 3356 5659 lucernas
3384 5603 3438 5656 in
3467 5615 3580 5654 ma-

2016 5702 2174 5764 nibus
2193 5700 2396 5759 habere
2445 5715 2550 5755 non
2597 5714 2903 5770 possumus.
2935 5697 3086 5754 Unde
3114 5706 3168 5752 et
3197 5694 3265 5750 ad
3288 5692 3391 5750 Joh
3416 5689 3577 5762 loqui-
