3954 6182
355 314 458 408 6:3

1281 346 1630 405 COMMENT.
1671 345 1740 399 IN
1785 336 2234 398 EZECHIELEM.
2275 359 2344 377 -ί
2381 333 2508 390 LIB.
2551 333 2660 391 νη.

3470 331 3591 390 εστι

353 474 442 516 tur
477 441 618 515 Deus
648 477 662 512 :
695 478 716 509 σ
745 456 977 528 Accinge
1029 458 1169 512 sicut
1216 458 1298 511 vir
1346 457 1554 511 lumbos
1606 464 1725 509 tuos
1775 448 1916 524 (Job.
1951 455 1996 513 Α
2027 457 2151 502 tunc
2197 446 2493 515 accipimus
2540 447 2692 516 juxta
2739 443 2995 515 mysticos
3047 441 3350 498 intellectus
3379 447 3596 511 quando

355 551 602 620 xxxviii).
643 569 662 598 ι
694 548 760 602 Et
799 547 1066 602 conresuri
1117 563 1313 616 agnum
1365 546 1586 600 caleeati
1625 544 1808 613 pedes,
1837 551 1918 596 te-

356 648 546 694 nentes
567 638 840 702 baculum,
871 646 1077 691 stantes
1110 636 1164 689 in
1185 635 1458 704 Evangelii
1487 635 1736 696 veritate,
1769 641 1824 687 et
1853 633 1920 687 ad

353 729 556 784 Christi
585 727 902 798 sanguinem
926 726 1237 797 praeparati,
1268 725 1481 778 lumbos
1522 723 1796 777 accinctos
1827 722 1923 776 ha-

351 820 484 874 bere
508 818 782 872 dicuntur.
811 816 928 883 Qua
961 831 1096 870 zona
1135 814 1498 870 mortificantc
1521 813 1750 877 lumbos,
1779 812 1924 865 El‘as

351 923 570 979 quoque
594 917 650 962 et
677 906 912 964 Joannes
939 906 1180 976 Baptista
1211 905 1584 974 accinguntur.
1622 904 1699 956 De
1729 902 1924 972 quibus

350 1006 407 1052 et
430 999 701 1068 paenitens
726 995 976 1050 ﬂebiliter
1002 995 1327 1066 ingemiscit,
1353 995 1538 1049 dicens
1565 1011 1578 1046 :
1614 1011 1632 1042 ι
1657 992 1922 1058 Quoniam

350 1087 524 1141 lumbi
548 1087 653 1140 mei
675 1086 876 1155 impleti
903 1093 1030 1140 sunt
1051 1085 1391 1140 illusionibus
1423 1083 1596 1154 (Psal.
1625 1083 1855 1153 xxxv").
1894 1099 1914 1134 ›

427 1195 448 1226 ι
484 1174 554 1229 Et
591 1175 742 1229 indui
771 1166 824 1229 t'e
863 1174 1170 1228 subtilibus.
1215 1193 1233 1226 ι
1265 1172 1512 1243 Congrue
1561 1172 1688 1236 illis,
1711 1172 1778 1225 de
1806 1171 1926 1241 qui-

351 1266 458 1318 bus
510 1264 799 1333 increpans
853 1263 1063 1318 dixerat
1094 1280 1106 1316 :
1143 1282 1160 1313 ι
1202 1262 1558 1316 lncrassatum
1588 1272 1671 1316 est
1705 1277 1801 1316 cor
1829 1276 1926 1330 po-

350 1351 464 1420 puli
489 1349 669 1419 hujus,
697 1359 755 1404 et
782 1352 1144 1417 manducavit,
1174 1362 1230 1422 et
1255 1351 1390 1406 bibit
1412 1349 1601 1415 Jacob,
1633 1359 1688 1404 et
1714 1359 1926 1404 satura-

351 1449 440 1494 tus
491 1449 597 1505 est,
657 1447 714 1495 et
767 1441 1100 1496 incrassatus
1149 1449 1266 1505 est,
1321 1449 1378 1494 et
1437 1440 1739 1495 calcitravit
1790 1441 1924 1496 dile-

351 1537 496 1594 ctus,
551 1539 607 1584 et
646 1529 932 1600 dereliquit
984 1530 1149 1585 Deum
1203 1531 1464 1586 factorem
1507 1547 1687 1598 suum,
1737 1553 1756 1586 ι
1799 1543 1926 1589 tunc

353 1623 590 1677 tenuitas
639 1624 870 1678 vestium
903 1625 1262 1678 condonatur.
1314 1624 1446 1678 Nam
1478 1635 1535 1678 et
1581 1626 1632 1678 in
1661 1625 1798 1680 libro
1823 1624 1925 1680 Sa-

347 1714 588 1783 pientiae,
642 1715 732 1784 qui
785 1715 1163 1783 aquibusdam
1216 1715 1517 1771 Salomonis
1568 1716 1880 1770 inscribitur
1907 1731 1963 1794 τι.

350 1803 592 1872 Spiritus
640 1805 939 1874 sapientiae,
991 1805 1302 1876 unigenitus
1330 1813 1386 1859 et
1427 1807 1927 1874 multiplex,tenuis
1957 1823 2000 1879 Β

348 1902 404 1947 et
431 1894 704 1948 mutabilis
745 1895 1064 1964 appellatur.
1095 1896 1159 1950 Et
1203 1911 1398 1950 manna
1423 1897 1492 1950 de
1526 1911 1633 1966 quo
1661 1897 1922 1965 scriptum

348 1992 481 2038 est:
519 2001 540 2034 ς
585 1983 787 2039 Panem
812 1986 1123 2054 angelorum
1163 1987 1508 2040 manducavit
1558 1987 1717 2041 homo
1748 1985 1920 2058 (Ρεαι.

349 2073 584 2143 cum),
625 2093 642 2126 ι
681 2075 1055 2130 tenuissimum
1102 2076 1156 2129 in
1186 2076 1592 2130 similitudinem
1641 2077 1847 2146 pruina:
1871 2085 1927 2130 et

346 2165 614 2219 sementis
641 2165 913 2220 coriandri
965 2164 1431 2220 fuissenarratur.
1464 2166 1756 2222 Possumus
1771 2166 1925 2236 juxta

347 2251 859 2321 interpretationem
936 2253 1184 2308 secundae
1253 2254 1506 2310 editionis
1555 2255 1784 2325 Aquilae,
1834 2258 1923 2325 qui

347 2339 603 2396 ﬂoridum
635 2342 1022 2411 interpretatus
1075 2351 1158 2398 est
1185 2343 1588 2408 vestimentum,
1622 2344 1926 2399 ubertatem

349 2445 516 2488 terra:
539 2432 692 2488 Judze
719 2449 818 2503 per
859 2435 1232 2505 metaphoram
1283 2434 1608 2505 intelligere,
1637 2435 1721 2489 vel
1760 2435 1927 2490 divini

348 2526 532 2580 cultus
561 2525 1044 2595 pulchritudinem.

427 2633 448 2666 ι
482 2617 547 2668 Et
600 2607 787 2670 ornavi
839 2625 890 2671 te
926 2625 1268 2671 ornamento.
1306 2636 1325 2669 ι
1379 2615 1721 2671 Generaliter
1769 2631 1930 2671 orna-

347 2713 535 2760 menta
565 2719 707 2760 nunc
740 2705 912 2776 ponit,
953 2705 1018 2760 de
1045 2704 1238 2774 quibus
1275 2706 1327 2759 in
1357 2705 1808 2774 consequentibus
1837 2722 1932 2776 per

347 2805 541 2867 partes
566 2804 869 2862 enumerat,
893 2796 1132 2852 armillas
1152 2805 1209 2852 et
1235 2785 1506 2866 torquem,
1523 2798 1742 2852 inaures
1765 2807 1818 2852 et
1841 2813 1932 2852 co-

347 2903 548 2942 ronam
589 2896 645 2943 et
683 2887 913 2956 reliqua,
947 2901 1066 2957 qua:
1121 2895 1437 2942 ornamenta
1487 2888 1673 2942 tribuit
1716 2888 1934 2943 Jerusa-

349 2977 483 3032 lem.
511 2976 580 3031 Et
602 2977 655 3031 in
679 2977 816 3032 Isaia
847 2977 1064 3043 dicitur,
1093 2978 1233 3046 quod
1265 2978 1390 3032 vitio
1408 2995 1504 3032 suo
1531 2979 1778 3033 universa
1808 2995 1930 3049 per-

352 3069 574 3124 diderit.
614 3067 884 3138 Scriptum
927 3074 1012 3122 est
1049 3067 1192 3120 enim
1220 3085 1232 3121 :
1265 3087 1282 3117 ι
1315 3066 1420 3121 Pro
1443 3083 1508 3122 eo
1534 3069 1675 3137 quod
1714 3068 1933 3124 elevata:

2024 551 2147 590 cum
2203 537 2460 606 Apostolo
2507 550 2793 604 possumus
2847 535 3065 589 dicere:
3113 553 3130 586 ‹
3169 533 3368 588 Christi
3421 535 3596 590 bonus

2021 629 2157 681 odor
2182 641 2387 690 sumus,
2412 626 2466 679 in
2497 626 2580 679 his
2614 625 2705 696 qui
2730 624 2862 679 salvi
2891 624 3044 689 fiunt,
3075 632 3128 678 et
3164 625 3216 678 in
3243 623 3328 678 his
3351 623 3441 692 qui
3468 637 3595 693 per—

2025 727 2175 780 cunt,
2207 717 2326 770 aliis
2351 717 2566 785 quidem
2591 717 2722 770 odor
2751 716 2941 769 mortis
2981 715 3032 768 in
3064 723 3288 768 mortem
3314 729 3328 767 :
3352 715 3472 770 aliis
3500 730 3598 769 ai:-

2027 817 2132 861 tcm
2166 809 2300 861 odor
2327 809 2451 860 vitai
2496 806 2548 858 in
2594 806 2754 858 vitam
2781 803 2862 874 (II
2887 803 3009 857 Cor.
3042 812 3127 872 it),
3163 824 3181 854 ι
3216 805 3429 872 quando
3454 805 3595 860 vivi-

2027 916 2166 963 mus,
2190 908 2246 952 et
2276 900 2340 951 de
2376 898 2530 951 nobis
2572 897 2673 951 dici
2720 905 2895 965 potest
2926 913 2937 947 :
2971 914 2988 945 ι
3019 895 3135 948 Non
3179 896 3372 948 mortui
3413 895 3598 950 laudas

2026 989 2159 1042 bunt
2191 998 2260 1050 te,
2296 987 2536 1050 Domine,
2566 987 2658 1038 sed
2706 1000 2803 1038 nos
2840 984 3081 1038 viventes
3109 981 3127 1054 (
3154 982 3301 1037 Psal.
3351 984 3540 1055 cxm),
3573 1004 3591 1037 ι

2031 1088 2157 1133 tunc
2193 1078 2450 1130 odoratur
2487 1076 2625 1129 Deus
2670 1075 2890 1128 odorem
2936 1073 3187 1128 sacriﬁcii
3229 1073 3398 1128 nostri
3443 1073 3599 1127 bona:

2026 1169 2354 1239 fragrantia,
2400 1177 2456 1223 et
2507 1183 2727 1221 aureum
2773 1167 3033 1222 circulum
3081 1181 3356 1232 sensuum,
3397 1182 3462 1221 ac
3502 1167 3598 1220 do-

2026 1269 2262 1328 gmatum
2287 1259 2588 1312 divinorum
2608 1258 2867 1311 habemus
2888 1256 2941 1310 in
2965 1256 3209 1320 auribus;
3237 1256 3448 1324 quando
3467 1268 3597 1310 vero

2025 1352 2226 1406 mortui
2255 1366 2460 1414 sumus,
2489 1357 2545 1403 et
2591 1363 2870 1402 versamur
2903 1347 2956 1401 in
2985 1362 3162 1412 emno,
3197 1355 3361 1414 atque
3394 1346 3446 1399 in
3481 1360 3598 1400 sor-

2027 1441 2184 1494 dibus
2207 1439 2618 1508 turpitudinum,
2642 1437 2902 1490 habemus
2927 1435 3070 1490 illam
3102 1435 3344 1488 inaurem
3366 1435 3420 1489 in
3450 1435 3596 1489 nari-

2025 1530 2148 1593 bus,
2174 1528 2238 1583 de
2271 1545 2372 1597 qua
2408 1529 2598 1582 scribit
2634 1527 2925 1582 Salomon:
2961 1546 2980 1578 ι
3016 1525 3167 1580 Sicut
3194 1527 3410 1581 inaures
3446 1526 3597 1581 aurei

2027 1621 2081 1674 in
2107 1619 2326 1672 naribus
2354 1633 2532 1688 porca:
2556 1633 2569 1678 ;
2595 1617 2675 1671 sic
2705 1617 2917 1670 mulieri
2947 1616 3085 1671 male
3109 1624 3329 1669 morata:
3360 1615 3599 1686 pulchri-

2031 1711 2158 1765 tudo
2189 1708 2368 1780 (Prov.
2396 1710 2529 1772 xm).
2544 1728 2562 1760 ι

2105 1818 2123 1850 ι
2157 1801 2220 1854 Et
2245 1799 2476 1854 circulos
2505 1799 2557 1853 in
2587 1799 2809 1852 auribus
2845 1798 2968 1852 tuis.
3001 1818 3019 1849 ι
3054 1796 3402 1868 Septuaginta
3433 1816 3446 1851 :
3481 1817 3498 1849 ο
3531 1797 3601 1852 Et

2029 1888 2231 1943 rotulas
2273 1905 2436 1957 super
2462 1902 2622 1944 aures
2663 1897 2802 1942 tuas.
2837 1907 2856 1939 ι
2891 1887 2992 1954 Qui
3025 1887 3223 1942 claudit
3257 1903 3417 1942 aures
3449 1903 3598 1953 suas,

2025 1996 2094 2034 ne
2123 1980 2303 2034 audiat
2323 1977 2585 2047 judicium
2618 1978 2916 2048 sanguinis,
2945 1986 3000 2031 et
3024 1979 3164 2044 sepit
3191 1992 3284 2031 eas
3309 1976 3496 2046 spinis,
3529 1989 3599 2031 ne

2027 2070 2295 2139 particeps
2330 2069 2420 2122 ﬂat
2467 2069 2662 2122 invidis
2696 2077 2750 2122 et
2787 2068 3256 2130 detrectatoribus,
3306 2068 3372 2123 de
3401 2070 3600 2137 quibus

2027 2161 2285 2230 scriptum
2314 2167 2397 2213 est
2424 2176 2436 2212 :
2473 2176 2494 2210 ‹
2521 2157 2653 2213 Cum
2687 2159 3134 2214 detrectatoribus
3158 2175 3226 2213 ne
3251 2159 3600 2213 commiscea-

2027 2252 2124 2316 ris,
2155 2251 2406 2319 quoniam
2432 2257 2652 2330 repente
2687 2249 2867 2304 veniet
2898 2248 3146 2303 interitus
3172 2264 3383 2315 eorum,
3406 2259 3461 2302 et
3487 2251 3598 2303 rui-

2027 2357 2152 2395 nam
2202 2341 2485 2408 utriusque
2538 2342 2659 2408 quis
2715 2339 2900 2392 novit?
2955 2337 3148 2408 (Prov.
3199 2339 3367 2408 xxiv)
3415 2357 3435 2389 ι
3489 2349 3597 2391 tam

2026 2432 2275 2486 videlicet
2310 2432 2428 2500 ejus
2476 2434 2570 2498 qui
2601 2431 2857 2493 detrahit,
2883 2445 3044 2498 quam
3096 2428 3256 2492 illius,
3287 2429 3378 2496 qui
3415 2428 3588 2482 liben-

2029 2531 2111 2577 ter
2148 2520 2433 2582 auscultat,
2465 2520 2566 2574 iste
2593 2519 2822 2573 circulos
2851 2520 3014 2572 habet
3039 2525 3092 2572 et
3127 2517 3331 2571 rotulas
3370 2518 3424 2570 in
3452 2518 3600 2572 auri-

2029 2613 2150 2675 bus,
2188 2627 2293 2664 non
2343 2619 2520 2673 rotas,
2577 2624 2696 2677 qua:
2744 2615 3043 2676 sequuntur
3087 2605 3411 2672 Cherubim,
3466 2604 3598 2661 illud

2029 2701 2173 2754 enim
2215 2699 2576 2770 angelicarum
2609 2697 2979 2751 fortitudinum
3020 2705 3122 2760 est,
3155 2697 3247 2751 sed
3289 2695 3490 2751 rotulas
3519 2697 3600 2750 di-

2031 2791 2446 2858 minutive,qua:
2473 2789 2718 2841 humana:
2740 2787 3063 2842 conveniunt
3085 2786 3384 2858 fragilitati.
3403 2786 3602 2852 Quam-
3670 2793 3672 2796 ’

2031 2879 2216 2934 obrem
2259 2889 2312 2932 et
2355 2878 2420 2931 ad
2471 2877 2638 2930 Deum
2681 2877 2917 2931 dicitur:
2954 2895 2972 2928 ι
3006 2877 3116 2932 Vox
3165 2877 3385 2931 tonilrui
3433 2878 3508 2930 tui
3549 2878 3603 2931 in

2033 2980 2150 3026 rota
2179 2968 2351 3041 (Ρεαι.
2388 2971 2593 3039 Lxxvi).
2632 2987 2649 3020 ι
2682 2969 2737 3022 In
2768 2970 2854 3023 his
2880 2969 3048 3034 enim,
3089 2970 3180 3038 qui
3229 2979 3439 3024 terrena
3478 2984 3602 3038 per-

2035 3070 2335 3126 transeunt,
2381 3072 2434 3116 et
2468 3062 2554 3116 vix
2595 3061 2820 3117 modicis
2857 3063 3102 3132 vestigiis
3141 3063 3461 3134 contingunt
3496 3073 3604 3117 ter-

350 3167 516 3223 sunt,
565 3157 668 3212 hoc
715 3157 835 3224 esti,
882 3157 1261 3226 superbierunt
1284 3197 1299 3219 ,
1342 3156 1481 3210 filiaa'
1505 3156 1835 3221 Jerusalem,
1859 3166 1928 3212 'et
1954 3159 2000 3221 ρ
2032 3169 2168 3218 ram,
2197 3155 2260 3206 de
2288 3154 2484 3224 quibus
2512 3154 2770 3221 scriptum
2793 3164 2874 3207 est
2901 3172 2913 3208 :
2945 3173 2964 3205 ‹
2993 3155 3238 3223 Lapides,
3265 3155 3357 3223 qui
3383 3154 3607 3207 volvun-

355 3248 774 3302 ambulaverunt
795 3245 1005 3300 excelsa
1029 3245 1240 3300 cervice
1264 3245 1397 3316 (Isa.
1431 3245 1538 3316 ut),
1575 3265 1594 3298 ›
1631 3255 1684 3300 et
1711 3257 1928 3312 caetera,

352 3353 457 3409 pro
488 3351 624 3390 zona
653 3335 909 3390 accincta:
938 3341 1065 3390 sunt
1101 3334 1335 3400 funibus,
1383 3343 1436 3388 et
1477 3351 1574 3404 pro
1605 3345 1798 3391 ornatu
1845 3352 1936 3391 ea-

354 3429 489 3500 pitis
515 3427 730 3482 calvitio
749 3428 1067 3496 deturpatm,
1108 3435 1163 3481 et
1204 3443 1302 3497 pro
1329 3425 1570 3496 pulchris
1599 3434 1656 3480 et
1687 3427 1936 3483 mollibus

358 3521 694 3576 indumentis
717 3518 876 3574 cilicii
901 3517 1193 3588 asperitate
1215 3517 1577 3572 circumdatae.

437 3631 455 3663 ‹
493 3611 564 3665 Et
588 3610 707 3665 dedi
742 3609 980 3664 armillas
1006 3609 1060 3663 in
1091 3609 1339 3664 manibus
1370 3608 1494 3662 tuis.
1528 3627 1546 3659 ι
1579 3601 1937 3674 Ουίωόᾰηο-

361 3702 450 3756 nis
492 3701 632 3755 bona
681 3714 846 3770 Opera
895 3699 1104 3754 dederit
1141 3698 1285 3752 Deus
1311 3737 1326 3764 ,
1383 3697 1686 3753 circumdat
1730 3697 1935 3751 armilla

361 3794 615 3849 manibus
649 3773 866 3846 nostris.
902 3791 1054 3846 Unde
1081 3797 1136 3845 et
1176 3791 1231 3843 in
1271 3789 1520 3844 manibus
1553 3789 1938 3859 prophetarum

363 3881 722 3954 assimilatum
764 3895 824 3935 se
861 3894 982 3933 esse
1013 3879 1164 3934 dicit.
1205 3877 1273 3931 Et
1307 3878 1498 3932 crebro
1541 3879 1596 3932 in
1631 3893 1794 3933 manu
1827 3877 1934 3949 Ag-

364 3973 464 4042 g.ei
513 3973 627 4026 sive
669 3969 915 4024 Jcremiae
947 3980 1003 4024 et
1054 3968 1383 4038 reliquorum
1410 3968 1556 4039 (03c.
1606 3971 1703 4038 xu)
1737 3969 1938 4026 factum

366 4079 675 4119 sermonem
703 4063 950 4131 legimus.
997 4062 1054 4116 ln
1085 4059 1186 4116 Job
1215 4076 1427 4131 quoque
1450 4061 1594 4132 (Job.
1641 4062 1730 4135 ιι.)
1759 4064 1923 4118 draco

366 4156 453 4210 nis
479 4155 677 4207 latium
714 4153 1015 4222 perforatur
1042 4152 1270 4218 armilla,
1309 4167 1605 4222 omnesque
1642 4153 1760 4224 ejus
1782 4170 1927 4209 vene

371 4245 486 4298 nati
525 4243 689 4309 sibili,
720 4243 813 4312 qui
860 4243 914 4297 in
959 4242 1227 4312 perversis
1278 4241 1646 4312 intelliguntur
1690 4243 1929 4316 dogmati

367 4339 492 4399 bus,
523 4335 786 4389 bonorum
821 4348 1044 4403 operum
1068 4333 1270 4388 circulo
1297 4331 1660 4402 perforantur.

447 4445 465 4476 ‹
505 4426 573 4479 Ει
596 4435 862 4495 torquem,
883 4425 1026 4480 circa
1049 4425 1244 4479 collum
1269 4433 1440 4479 tuum.
1475 4444 1492 4476 ι
1526 4425 1631 4481 Sed
1657 4434 1713 4480 ct
1733 4426 1786 4480 in
1808 4426 1939 4481 Isaia

2037 3255 2126 3298 tur
2171 3259 2332 3315 super
2359 3253 2581 3308 terram,
2618 3263 2635 3295 ι
2673 3259 2773 3296 vox
2802 3245 3025 3298 tonitrui
3079 3245 3286 3299 Domini
3323 3254 3378 3299 et
3426 3245 3601 3301 excel-

2034 3353 2214 3394 serum
2253 3337 2564 3408 dogmatum
2618 3347 2893 3407 personat.
2955 3338 3056 3402 Qui
3105 3348 3283 3393 autem
3324 3338 3602 3393 erroribus

2035 3431 2300 3486 ducuntur
2339 3429 2614 3493 humanis,
2652 3436 2706 3482 et
2749 3442 2856 3483 non
2905 3427 3316 3488 habent.solida
3353 3427 3602 3496 vestigia,

2040 3538 2061 3572 ε
2089 3522 2184 3577 sed
2217 3515 2873 3578 circumferuntur.omni
2907 3526 3068 3576 vento
3105 3517 3362 3572 doctrinae
3387 3516 3604 3588 (Ephes.

2060 3613 2176 3686 tv);
2203 3622 2259 3668 et
2291 3611 2448 3682 ejecti
2486 3611 2552 3666 de
2583 3609 2836 3680 paradiso
2863 3608 3131 3663 firmitatis
3160 3608 3402 3662 habitant
3437 3608 3492 3662 in
3522 3623 3608 3664 re-

2040 3703 2198 3774 gione
2225 3700 2360 3756 Naid
2390 3719 2403 3756 :
2437 3715 2556 3770 quae
2593 3700 2980 3769 interpretatur
3007 3697 3304 3762 ﬂuctuatio,
3327 3706 3607 3753 merentur

2039 3794 2234 3864 lingua:
2277 3791 2553 3846 mendacis
2592 3791 2735 3846 ferre
2772 3789 3114 3854 sententiam,
3155 3804 3274 3859 qua:
3309 3788 3612 3847 inﬂammat

2040 3894 2213 3940 rotam
2245 3882 2545 3937 nativitatis
2571 3889 2790 3936 nostrae.

2117 3994 2135 4027 ι
2168 3974 2234 4029 Ει
2263 3989 2522 4030 coronam
2549 3973 2757 4027 decoris
2787 3972 2840 4026 in
2881 3973 3057 4042 capite
3090 3980 3202 4027 tuo.
3231 3990 3249 4024 ι
3282 3971 3610 4029 Ornamenta

2042 4075 2237 4122 caetera
2267 4065 2632 4120 membrorum
2670 4073 2795 4119 sunt
2824 4063 3176 4135 singulorum.
3208 4063 3410 4136 Capitis
3451 4079 3612 4120 orna-

2043 4165 2150 4222 tus,
2185 4158 2348 4210 totius
2372 4143 2617 4226 corporis
2636 4155 2871 4228 dignitas
2892 4164 2993 4211 est.
3023 4154 3288 4210 Coronam
3319 4165 3498 4212 autem
3522 4171 3614 4212 vo-

2044 4257 2133 4303 cat
2164 4248 2407 4302 diadema
2449 4248 2794 4311 feminarum,
2823 4261 2929 4316 quo
2967 4247 3281 4315 capillorum
3331 4249 3614 4320 stringitur

2047 4347 2100 4395 et
2125 4349 2350 4393 ornatur
2370 4339 2611 4392 ambitio.
2642 4337 2698 4391 Si
2729 4337 2973 4391 volumus
3001 4337 3138 4392 scire
3160 4352 3278 4405 quae
3304 4338 3373 4392 sit
3410 4353 3609 4392 corona

2053 4430 2262 4485 decoris
2291 4431 2342 4482 in
2377 4429 2549 4498 capite
2583 4427 2908 4489 Jerusalem,
2953 4426 3291 4482 revolvamus
3344 4427 3611 4494 Exodum,

371 4517 632 4586 scriptum
660 4523 742 4570 est
766 4533 778 4568 :
820 4533 838 4564 ι
866 4515 1087 4570 Auferet
1111 4515 1370 4571 Dominus
1393 4516 1616 4588 gloriam
1643 4519 1946 4573 vestimenti
1975 4509 2024 4567 υ
2051 4521 2103 4575 in
2133 4536 2238 4590 quo
2267 4519 2524 4587 scriptum
2555 4525 2673 4571 est:
2706 4535 2724 4566 ι
2753 4517 2818 4570 Ει
2851 4515 2978 4569 fecit
3004 4515 3254 4570 laminam
3288 4531 3531 4584 auream,
3555 4528 3612 4574 et

371 4622 582 4669 earum,
613 4615 665 4659 et
690 4606 996 4660 inurenulas
1028 4616 1083 4660 et
1119 4609 1402 4670 corymbos
1440 4617 1494 4662 et
1520 4609 1750 4664 circulos
1771 4619 1824 4665 et
1855 4609 1948 4664 ka-

375 4697 554 4750 thema
584 4697 718 4766 (lsa.
770 4696 871 4764 ni).
910 4717 926 4746 ›
961 4695 1094 4750 Puto
1125 4707 1304 4751 autem
1343 4696 1594 4752 kathema
1631 4701 1698 4754 ab
1743 4701 1822 4755 eis
1859 4702 1943 4756 di-

373 4798 522 4843 ctum
559 4803 624 4842 ex
649 4789 816 4842 variis
842 4788 1066 4858 gemmis
1112 4790 1166 4842 in
1208 4799 1395 4859 pectus
1424 4789 1704 4846 mulierum
1750 4793 1950 4849 monile

375 4877 732 4942 descendens,
765 4878 855 4946 qui
892 4885 944 4930 et
975 4877 1088 4947 ipse
1124 4887 1348 4934 ornatus
1378 4879 1774 4950 pulcherrimus
1801 4882 1953 4937 femi-

377 4982 572 5022 narum
599 4975 702 5022 est.
734 4988 751 5017 ‹
788 4968 854 5021 Et
877 4968 998 5022 dedi
1028 4967 1270 5024 inaurem
1302 4985 1464 5040 super
1500 4986 1582 5037 os,
1613 4991 1632 5022 ι
1666 4973 1779 5027 sive
1807 4992 1824 5023 ‹
1853 4973 1957 5029 Na-

379 5071 469 5111 res
502 5065 622 5110 tuas
653 5076 670 5107 i
702 5056 935 5110 Verbum
961 5056 1282 5112 llebraicum
1322 5075 1520 5124 nezem,
1547 5073 1773 5130 excepto
1798 5060 1972 5132 Syva

378 5147 596 5211 macho,
620 5147 710 5214 qui
738 5145 1122 5215 interpretatus
1143 5157 1248 5212 est,
1272 5150 1564 5224 ἐπιρῤἑνιον,
1585 5164 1774 5204 omnes
1801 5152 1957 5204 inau-

381 5253 491 5291 rem
525 5238 913 5293 transtulerunt
943 5254 1085 5294 :non
1100 5255 1207 5308 quo
1236 5240 1452 5295 inaures
1465 5249 1734 5310 ponantur
1764 5243 1815 5294 in
1858 5256 1956 5296 na-

382 5328 564 5392 nibus,
587 5343 706 5398 qua:
729 5334 888 5382 ex'eo
912 5327 1053 5398 quod
1081 5328 1147 5382 de
1181 5329 1400 5383 naribus
1418 5331 1708 5398 pendeant,
1735 5330 1953 5384 inaures

382 5425 679 5472 vocantur:
708 5417 802 5472 sed
831 5419 974 5487 quod
1005 5418 1238 5473 circulus
1265 5419 1320 5473 in
1345 5419 1751 5474 similitudinem
1780 5419 1954 5474 factus

385 5508 652 5564 inaurium
666 5511 856 5566 eodem
871 5512 1131 5566 vocabulo
1144 5520 1497 5580 nuncupetur.
1515 5511 1582 5564 Et
1606 5492 1778 5581 usque
1794 5512 1954 5566 hodie

388 5598 530 5653 inter
545 5609 734 5656 caetera
757 5611 1071 5656 ornamenta
1089 5602 1394 5665 mulierum,
1409 5601 1583 5656 solent
1606 5601 1751 5654 aurei
1768 5601 1954 5657 circuli

323 5737 336 5746 .
388 5691 442 5744 in
467 5708 529 5745 os
559 5708 622 5745 ex
661 5691 834 5746 frozzte
867 5694 1118 5760 pendere,
1149 5702 1202 5745 et
1228 5695 1507 5748 imminere
1536 5693 1774 5747 naribus.
1805 5691 1951 5756 Quos

2054 4612 2272 4680 scripsit
2312 4611 2365 4662 in
2409 4625 2470 4662 ea
2501 4608 2709 4662 litteras
2733 4607 3062 4662 deformatas
3086 4608 3277 4680 sugillo
3306 4610 3614 4667 sanctiﬁca-

2053 4702 2214 4756 tionis
2239 4699 2470 4763 Domini,
2499 4707 2554 4752 et
2595 4698 2774 4767 posuit
2817 4713 2980 4768 super
3020 4708 3182 4768 caput
3205 4699 3384 4756 Aaron
3418 4701 3614 4773 (Exod.

2053 4789 2262 4860 xxxix).
2295 4809 2314 4842 δ
2344 4789 2562 4858 Signum
2596 4787 2886 4843 Dominicae
2933 4789 3261 4856 sanctitatis,
3301 4806 3495 4846 nomen
3532 4800 3617 4847 est

2055 4878 2436 4946 omnipotentis
2485 4877 2601 4942 Dei,
2645 4877 2785 4945 quod
2831 4887 3062 4946 quatuor
3103 4877 3296 4935 litteris
3340 4879 3620 4936 Hebraicis

2055 4967 2347 5023 scribitur:
2375 4974 2429 5021 et
2456 4967 2597 5036 apud
2625 4981 2719 5021 eos
2757 4977 2981 5022 vocatur
3021 4969 3309 5036 ineffabile,
3357 4971 3482 5026 dum
3523 4988 3621 5026 no-

2053 5074 2180 5124 men
2201 5057 2318 5126 ejus
2348 5072 2451 5112 non
2479 5065 2658 5128 potest
2695 5058 2822 5124 dici,
2865 5059 3018 5128 cujus
3049 5057 3384 5128 majestatem
3410 5062 3621 5132 gentili-

2057 5157 2140 5202 tas
2162 5147 2326 5202 etiam
2349 5162 2454 5201 non
2479 5147 2707 5216 ignorat,
2725 5156 2780 5202 et
2798 5145 3210 5204 Atheniensium
3240 5155 3468 5204 testatur
3487 5165 3612 5204 ara:

2056 5239 2245 5312 Ignoto
2271 5239 2398 5295 Deo.
2425 5237 2576 5294 Unde
2596 5247 2652 5292 et
2678 5238 3001 5307 Apostolus:
3033 5257 3052 5292 σ
3081 5237 3248 5306 Quem
3279 5253 3393 5304 vos,
3424 5239 3620 5309 inquit,

2056 5329 2296 5398 ignotum
2337 5327 2534 5391 colitis,
2571 5328 2712 5382 hunc
2750 5342 2849 5383 nos
2891 5328 3266 5382 annuntiamus
3293 5327 3445 5382 vobis
3480 5327 3620 5398 (Act.

2061 5421 2214 5492 xvii).
2251 5439 2269 5470 ›
2303 5419 2462 5474 istam
2501 5431 2631 5488 puto
2674 5433 2927 5474 coronam
2969 5433 3110 5484 esse,
3133 5419 3201 5473 de
3241 5431 3346 5488 qua
3388 5425 3444 5473 et
3480 5417 3626 5472 Psal-

2062 5513 2220 5566 mista
2250 5511 2415 5566 dicit:
2446 5529 2464 5562 ‹
2497 5509 2774 5580 Signatum
2801 5519 2885 5566 est
2919 5521 3210 5577 super.nos
3240 5507 3418 5562 lumen
3444 5507 3624 5564 vultus

2063 5603 2160 5665 tui,
2185 5601 2406 5657 Domine
2441 5599 2614 5672 (Psal.
2652 5600 2747 5672 iv).
2781 5620 2799 5653 ι
2830 5601 2898 5656 Et
2937 5598 3222 5670 Apostolus
3268 5599 3623 5669 loquebatur:

2069 5711 2088 5746 ε
2125 5691 2352 5749 Cursum
2391 5693 2780 5756 consummavi,
2827 5691 2983 5747 fidem
3014 5691 3243 5746 servavi.
3300 5689 3373 5742 Dc
3409 5696 3625 5752 caetero,
