3954 6182
386 262 518 336 675,
1021 263 1082 316 Β.
1124 261 1375 316 ἶὶὲιῧέὤὶ
1413 258 1631 315 MAURI
1666 254 1965 312 ARCHIEP

2081 253 2334 310 OGUNT.
2372 252 2657 311 OPERUM
2696 250 2874 306 PARS
2910 250 2975 306 Il.

3534 251 3633 307 6⁸ῖὸ

386 374 621 444 reposita
644 379 728 428 est
757 370 887 427 mibi
924 387 1117 427 corona
1137 370 1378 439 justitiae,
1404 386 1564 439 quam
1601 369 1731 424 mihi
1769 369 1959 423 reddet
1985 376 2030 433 Α
2062 367 2178 437 xu).
2208 387 2223 417 ι
2255 365 2444 421 Oleum
2472 381 2607 420 vero
2620 366 2762 434 quod
2788 365 3052 419 lassorum
3080 363 3321 419 membra
3348 373 3632 429 sustentat,

383 465 563 535 justus
581 462 857 535 judex‘UI
879 462 1010 515 Tim.
1038 461 1134 532 tv).
1166 480 1183 512 ι
1219 461 1285 515 Ει
1312 461 1364 514 in
1395 460 1501 514 alio
1531 459 1648 513 loco
1708 458 1959 512 acreden-

391 562 471 606 tes
504 572 515 606 :
549 571 567 603 ι
604 551 866 607 Gaudium
897 566 1093 614 meum,
1124 558 1177 604 et
1198 564 1395 603 corona
1426 564 1543 603 mea
1568 548 1785 619 (Philip.
1808 544 1905 617 ιν),
1936 565 1953 596 ι

389 644 558 712 gloria
613 644 751 696 enim
793 632 1005 710 patrum
1045 640 1158 693 ﬁlii.
1213 640 1281 693 Et
1320 641 1373 693 in
1430 638 1719 693 Salomone
1771 637 1961 693 scribi—

392 745 478 788 tur
514 752 526 787 :
560 752 578 783 ‹
619 733 825 793 Corona
866 732 1081 802 gloriae,
1126 741 1373 785 senectus
1412 729 1592 800 (Prov.
1635 728 1768 799 xu);
1810 748 1829 798 ρ
1875 742 1962 780 eo-

392 839 540 885 rum,
590 821 855 883 videlicet,
889 820 978 888 qui
1031 821 1416 873 destruxerunt
1452 834 1512 872 ea
1558 834 1676 887 quae
1716 815 1963 886 parvulo-

390 926 506 965 rum
534 917 674 971 sunt,
708 917 761 960 et
800 917 919 977 post
962 917 1172 961 aetatem
1219 908 1439 977 perfecti
1470 908 1571 960 viri
1600 914 1858 961 venerunt
1895 906 1963 957 ad

389 1013 737 1068 senectutem,
787 1014 841 1057 et
898 1004 962 1057 ad
1011 1005 1231 1057 Patrum
1281 1002 1497 1057 nomina
1537 1002 1730 1070 quibus
1778 999 1965 1054 scribit

388 1095 620 1151 Joannes
649 1103 771 1164 post
796 1111 993 1164 pueros
1021 1103 1071 1147 et
1087 1093 1335 1162 juvenes.
1369 1094 1460 1161 qui
1490 1099 1711 1161 possunt
1743 1090 1961 1145 dicere:

394 1205 412 1235 ι
446 1185 670 1252 Quando
702 1200 851 1237 eram
876 1182 1150 1253 parvulus,
1182 1183 1439 1251 loquebar
1469 1190 1528 1235 ut
1563 1180 1842 1251 parvulus,
1869 1193 1965 1232 co-

391 1276 625 1345 gitabam
657 1283 716 1326 ut
741 1273 1023 1341 parvulus;
1049 1274 1262 1341 quando
1283 1271 1459 1324 factus
1483 1270 1709 1333 sumvir,
1728 1267 1963 1325 destruxi

389 1380 452 1419 ea
483 1379 602 1432 qua:
630 1362 839 1429 parvuli
873 1369 1000 1415 sunt
1030 1359 1117 1432 (II
1136 1358 1258 1413 Cor.
1282 1361 1424 1429 xm).
1453 1379 1471 1410 ι

467 1474 484 1504 ι
517 1455 584 1508 Ει
612 1463 802 1506 ornata
839 1467 1052 1523 es_auro
1074 1462 1129 1506 et
1158 1460 1399 1521 argento.
1426 1471 1443 1502 ι
1481 1449 1684 1504 Crebro
1709 1448 1963 1511 diximus,

391 1562 581 1600 aurum
610 1545 674 1598 ad
700 1552 955 1602 mentem,
982 1551 1259 1611 argentum
1288 1541 1352 1593 ad
1379 1539 1651 1607 eloquium
1672 1538 1962 1608 pertinere,

395 1637 702 1704 tribuatque
728 1634 881 1688 nobis
912 1633 1169 1687 Dominus
1200 1639 1258 1683 ut
1292 1631 1529 1683 divinum
1578 1643 1792 1682 sensum
1824 1627 1963 1681 acci-

2064 464 2118 508 et
2141 455 2335 521 reficit,
2365 463 2420 509 et
2455 462 2540 509 est
2565 454 2782 509 luminis
2815 454 3226 517 nutrimentum,
3249 460 3304 506 et
3329 467 3436 522 quo
3463 453 3519 507 in
3559 464 3661 508 ta-‘

2062 543 2352 596 bernaculo
2383 544 2481 597 Dei“
2498 541 2625 613 juge
2662 542 2894 597 lucernae
2921 541 3099 595 lumen
3130 541 3462 605 accenditur,
3488 539 3634 596 Patri

2062 636 2260 689 dicitur
2285 636 2593 690 convenire.
2628 635 2757 702 Qum
2795 635 2977 689 omnia
3018 633 3363 689 credentibus
3400 634 3640 688 tribuunt

2062 730 2327 799 gratiam,
2378 729 2589 783 dicente
2639 728 2932 797 Apostolo:
2963 746 2981 778 ‹
3012 726 3316 781 Divisiones
3357 735 3482 781 sunt
3521 743 3641 796 grac

2065 819 2451 881 tiarum,'unus
2494 826 2673 870 autem
2711 817 2954 885 spiritus.
2980 816 3048 870 Et
3076 816 3365 870 divisiones
3400 817 3643 871 ministe-

2063 906 2289 970 riorum,
2329 921 2470 959 unus
2499 912 2681 958 autem
2728 905 3005 970 Dominus,
3036 913 3091 960 et
3123 904 3416 959 divisiones
3454 920 3644 976 opera-

2065 997 2289 1060 tionum,
2317 1012 2455 1050 unus
2485 1006 2664 1052 autem
2695 1005 2751 1050 et
2776 997 2916 1052 idem
2941 997 3083 1050 Deus
3111 995 3163 1068 (Ι
3185 994 3309 1050 Cor.
3338 996 3459 1067 xu).
3490 1016 3508 1048 ι
3542 997 3642 1066 Qui

2066 1087 2224 1141 talem
2254 1089 2548 1142 comederit
2576 1089 2778 1153 cibum,
2806 1098 2860 1143 et
2893 1090 2995 1143 hoc
3020 1088 3332 1162 dulcissimo
3356 1099 3409 1145 et
3438 1090 3644 1147 suavis-

2065 1178 2202 1232 simo
2232 1193 2388 1247 pane,
2411 1176 2621 1247 oleique
2663 1177 2947 1247 splendore
2971 1176 3204 1247 fulgente
3234 1185 3424 1247 pastus
3461 1177 3639 1244 fuerit,

2067 1281 2130 1320 ac
2158 1267 2410 1330 nutritus,
2431 1274 2669 1323 vertetur
2690 1266 2744 1320 in
2767 1267 3013 1321 decorem
3036 1276 3089 1320 et
3116 1266 3207 1320 ﬁet
3227 1267 3641 1337 pulcherrimus,

2067 1371 2173 1409 non
2216 1356 2411 1417 semel,
2452 1356 2547 1409 sed
2582 1356 2811 1426 repetito
2847 1357 3039 1419 nimis,
3073 1357 3231 1410 nimis
3267 1375 3278 1410 :
3315 1357 3643 1427 duplicatum

2066 1446 2211 1500 enim
2241 1447 2550 1501 adverbium
2582 1449 2788 1516 pondus
2820 1446 2948 1502 facit
2970 1448 3231 1503 orationis
3250 1488 3265 1513 ,
3301 1464 3409 1519 quo
3435 1452 3502 1504 ad
3532 1451 3646 1521 pul~

2067 1535 2394 1590 chritudinis
2425 1537 2851 1607 magnitudinem
2883 1538 3003 1593 addi
3033 1539 3171 1592 ultra
3200 1540 3333 1593 nihil
3359 1543 3549 1610 possit.

2146 1645 2163 1676 ι
2192 1625 2259 1679 Ει
2300 1626 2574 1697 profecisti
2618 1628 2671 1680 in
2705 1644 2947 1699 regnum.
2979 1648 2997 1680 ι
3035 1629 3148 1684 Hoc
3194 1631 3248 1685 in
3296 1630 3643 1702 Septuaginta

392 1743 520 1796 pere
550 1740 875 1787 mereamur,
908 1733 1069 1790 atque
1089 1721 1425 1789 sapientiam,
1458 1726 1511 1772 et
1536 1718 1587 1771 id
1619 1718 1760 1787 quod
1789 1726 1967 1772 mente
1999 1712 2043 1769 Β
2071 1730 2177 1767 non
2218 1715 2464 1781 habetur,
2510 1717 2601 1786 qui
2651 1715 2877 1772 forsitan
2920 1710 3257 1773 Alexandriae
3303 1720 3357 1774 in
3401 1720 3642 1776 Graecum

395 1815 747 1883 concipimus,
800 1812 998 1881 eloquii
1038 1819 1321 1865 venustate
1359 1809 1622 1880 proferre,
1669 1819 1724 1863 et
1769 1824 1972 1877 nequa-

394 1923 554 1976 quam
585 1921 650 1958 ex
674 1904 758 1958 bis
786 1903 964 1957 facere
994 1902 1155 1967 idola,
1189 1902 1325 1955 sicut
1368 1899 1573 1954 faciunt
1614 1899 1873 1963 haeretici,
1907 1899 1971 1976 de

396 1997 589 2063 quibus
623 1995 883 2062 scriptum
907 2001 990 2046 est
1017 2007 1031 2044 :
1062 2011 1079 2043 ι
1116 1992 1245 2046 Dedi
1268 1990 1346 2045 eis
1374 1998 1654 2060 argentum
1678 1998 1734 2044 et
1756 2004 1968 2053 aurum,

398 2084 501 2155 ipsi
528 2099 658 2138 vero
677 2099 744 2137 ex
768 2090 989 2153 argento
1015 2090 1070 2136 et
1107 2097 1237 2134 auro
1261 2079 1505 2135 fecerunt
1528 2080 1655 2133 Baal
1677 2079 1818 2151 (Ose.
1836 2080 1915 2152 ιι).
1947 2099 1965 2130 ι

396 2176 465 2232 Ει
492 2178 596 2231 hoc
635 2176 806 2247 magis
823 2174 976 2243 juxta
1008 2174 1418 2243 intelligentiam
1452 2173 1771 2242 spiritalem,
1815 2187 1973 2228 orna-

396 2266 474 2321 tui
517 2275 701 2336 aptum
749 2271 832 2318 est
877 2262 1219 2317 feminarum.
1276 2260 1529 2330 Alioquin
1569 2261 1778 2331 argenti
1818 2260 1974 2315 vilior

398 2355 625 2410 materia
656 2353 977 2409 rusticarum
1003 2360 1057 2406 et
1081 2367 1401 2421 pauperum,
1430 2350 1853 2421 ancillarumque
1879 2365 1971 2405 or-

398 2454 558 2500 natus
583 2452 687 2509 est,
715 2444 805 2513 qui
837 2458 941 2496 non
985 2442 1237 2497 convenit
1278 2439 1596 2505 Jerusalem,
1631 2454 1748 2510 quae
1793 2441 1847 2494 in
1884 2456 1972 2495 re-

397 2535 577 2607 ginam
609 2534 804 2589 dicitur
822 2531 1137 2603 profecisse.

476 2644 493 2675 ι
520 2624 585 2677 Ει
606 2624 798 2677 vestita
816 2639 874 2677 es
888 2624 1048 2692 bysso
1067 2628 1121 2675 et
1134 2620 1392 2692 polymita
1406 2628 1462 2701 et
1481 2618 1923 2701 multicoloribus.
1949 2640 1967 2673 ο

397 2714 588 2771 Omnis
615 2723 793 2770 autem
820 2722 1044 2769 ornatus
1082 2712 1402 2767 describitur
1446 2695 1766 2765 feminarum
1806 2720 1865 2764 ut
1893 2710 1974 2763 la-

397 2813 575 2870 vetur,
607 2814 665 2859 ut
693 2803 1001 2868 mundetur,
1032 2809 1091 2855 ut
1115 2808 1347 2871 ungatur
1375 2799 1520 2863 oleo,‘
1541 2808 1596 2853 et
1624 2799 1975 2854 discoloribus

399 2897 677 2952 vestiatur.
716 2895 845 2962 Quae
872 2893 1051 2948 omnia
1082 2893 1236 2963 juxta
1276 2892 1607 2960 superiorem
1641 2889 1976 2958 explanatio-

400 3000 521 3041 nem
571 2983 875 3054 aptabimus
931 2970 1299 3052 intelligentia:
1334 2979 1585 3051 spiritali,
1636 2988 1696 3033 ut
1736 2979 1972 3049 byssinis

2072 1820 2374 1859 sermonem
2401 1806 2696 1875 scripturas
2721 1823 2785 1862 ex
2820 1806 3083 1863 llebraica
3103 1810 3334 1866 veritate
3355 1821 3642 1877 vertentes,

2075 1897 2372 1951 timuerunt
2402 1898 2503 1953 hoc
2532 1899 2730 1963 dicere,
2761 1913 2831 1953 ne
2870 1914 3051 1968 regem
3081 1900 3298 1973 Egypti
3338 1902 3649 1956 viderentur

2071 1987 2367 2055 offendere,
2408 1991 2534 2045 dum
2565 2007 2595 2045 a
2634 1991 2744 2046 Deo
2787 1988 3087 2046 Jerusalem
3135 1993 3376 2047 debitum
3427 2008 3644 2064 regnum

2071 2092 2190 2132 esse
2218 2089 2722 2143 commemorarent,
2762 2095 3069 2151 quanquam
3093 2082 3293 2137 eruditi
3324 2082 3470 2137 solos
3496 2084 3647 2152 quin-

2074 2182 2176 2235 que
2224 2166 2391 2222 libros
2418 2168 2586 2240 Moysi
2618 2171 2686 2224 ab
2720 2170 2798 2223 eis
2828 2171 3213 2240 interpretatos
3243 2173 3492 2241 probent.
3524 2171 3646 2225 Post

2073 2269 2323 2314 ornatum
2351 2276 2478 2333 ergo
2504 2261 2874 2332 multipliCem,
2904 2274 3029 2332 post
3052 2277 3331 2325 coronam,
3371 2273 3495 2332 post
3534 2264 3644 2318 auri

2072 2358 2129 2404 et
2171 2350 2381 2420 argenti
2434 2351 2837 2416 abundantiam,
2884 2360 3006 2421 post
3040 2353 3354 2411 indumenta
3385 2352 3647 2423 palliaque

2073 2440 2455 2512 pulcherrima,
2481 2449 2603 2511 post
2630 2441 2881 2497 decorem
2917 2442 3309 2507 incredibilem,
3339 2442 3555 2512 prolicit
3592 2444 3643 2496 in

2076 2533 2338 2603 reginam,
2370 2533 2495 2603 quia
2522 2532 2713 2589 civitas
2740 2543 2824 2590 est
2868 2533 3046 2605 magni
3075 2534 3238 2605 regis.
3271 2535 3345 2589 De
3368 2549 3476 2604 quo
3513 2533 3644 2589 scri-

2075 2633 2226 2694 ptum
2251 2632 2367 2679 est:
2389 2641 2408 2674 (
2436 2624 2601 2689 Deus,
2618 2624 2878 2694 judicium
2901 2632 3051 2679 tuum
3076 2624 3190 2693 regi
3211 2625 3368 2688 da,et
3386 2623 3649 2693 justitiam

2078 2723 2223 2768 tuam
2278 2713 2388 2769 ﬁlio
2458 2714 2603 2785 regis
2645 2712 3022 2787 (Psal.r.x:n).
3060 2735 3080 2769 ι
3118 2715 3183 2770 Et
3231 2716 3284 2769 in
3334 2712 3652 2786 Apocalypsi

2076 2802 2299 2858 Joannis
2328 2822 2342 2859 :
2373 2822 2391 2855 t
2423 2803 2785 2871 Hierusalem,
2826 2805 2978 2874 quasi
3028 2819 3224 2875 sponsa
3268 2814 3459 2860 ornata
3489 2813 3650 2874 atque

2076 2894 2375 2962 composita
2427 2894 2751 2949 describitur
2807 2894 2925 2950 viro
2974 2910 3072 2949 suo
3116 2895 3299 2965 (Apoc.
3350 2893 3536 2964 “1).:
3594 2892 3653 2947 1n

2077 2982 2301 3051 psalmis
2331 2998 2547 3053 quoque
2584 2984 2650 3038 de
2684 2985 2872 3039 eadem
2898 2984 3100 3040 dicitur
3126 3003 3139 3038 :
3172 3003 3189 3036 ι
3220 2984 3443 3039 Adstitit
3462 2984 3653 3053 regina

400 3074 674 3145 aperiatur
695 3080 858 3143 atque
880 3071 1185 3135 subtilibus,
1208 3086 1276 3125 ne
1296 3071 1525 3125 delicata
1548 3069 1789 3140 conjugis
1816 3084 1981 3122 mem-
2006 3059 2049 3120 C
2083 3087 2125 3153 a‘
2152 3074 2355 3128 dextris
2378 3075 2499 3151 luis.
2522 3075 2577 3128 in
2604 3076 2803 3130 vestitu
2827 3076 3087 3131 deaurato
3115 3075 3453 3130 circumdata
3479 3076 3653 3129 varie-

401 3165 499 3220 bra
538 3162 688 3234 gravi
742 3162 1026 3232 palliorum
1073 3176 1238 3215 onere
1286 3168 1692 3231 prtegraventur
1738 3177 1751 3213 :
1790 3158 1884 3214 sed
1927 3167 1983 3213 et
2081 3170 2191 3218 tate
2237 3162 2407 3235 (Psal.
2448 3165 2615 3236 xuv).
2647 3186 2665 3218 ι
2706 3164 2878 3223 Omne
2922 3176 3101 3222 autem
3142 3168 3285 3238 quod
3324 3167 3553 3221 dicimus
3591 3167 3656 3221 de

402 3270 557 3317 usum
585 3253 790 3323 pariter
818 3252 1112 3306 exhibeant
1139 3259 1193 3305 et
1215 3250 1486 3305 decorem.

480 3365 499 3397 ι
534 3343 776 3399 Similam
822 3352 876 3397 et
922 3342 1028 3396 mel
1058 3351 1112 3396 et
1150 3341 1328 3395 oleum
1358 3339 1661 3405 comedisti,
1696 3346 1749 3393 et
1787 3340 1980 3393 decora

402 3436 543 3492 facta
569 3452 626 3491 es
652 3437 999 3490 vehementer
1022 3433 1202 3488 nimis.
1236 3452 1255 3483 ι
1291 3431 1420 3487 Post
1448 3432 1717 3491 vestitum,
1742 3432 1981 3485 ciborum

401 3542 586 3582 curam
634 3526 808 3594 gerit,
872 3532 932 3577 ut
988 3522 1235 3578 comedat
1267 3518 1586 3575 'Jerusalem
1644 3520 1874 3575 similam
1928 3531 1982 3575 et

401 3616 506 3670 mel
535 3625 589 3670 et
610 3616 825 3669 oleum:
852 3613 935 3668 vel
976 3628 1071 3683 per
1111 3619 1296 3681 partes
1320 3618 1380 3664 ut
1406 3609 1647 3679 plerique
1692 3610 1979 3674 mstimant,

400 3708 484 3761 vel
514 3705 889 3761 commistione
915 3705 1080 3758 trium
1119 3703 1415 3758 dulciorem
1451 3696 1665 3771 panem,
1700 3700 1788 3770 qui
1830 3701 1984 3769 panis

401 3795 468 3850 de
490 3795 628 3851 cmlo
650 3794 943 3858 descendit,
975 3809 1037 3848 ac
1060 3793 1159 3847 sub
1189 3791 1362 3847 tribus
1390 3791 1697 3847 nominibus
1724 3805 1738 3844 :
1768 3799 1826 3844 ut
1849 3806 1984 3844 non-

402 3885 532 3940 nulli
562 3894 788 3955 putant,
835 3893 1241 3940 sacramentum
1269 3884 1473 3941 indicat
1512 3883 1811 3940 Trinitatis.
1866 3882 1982 3940 Non

403 3993 510 4047 quo
541 3978 648 4031 alia
688 3985 850 4046 atque
881 3977 983 4030 alia
1013 3979 1310 4032 substantia
1354 3980 1444 4045 sit,
1479 3979 1573 4034 sed
1618 3993 1725 4049 quo
1754 3978 1982 4032 diversis

404 4066 597 4123 simila:
627 4074 682 4120 et
712 4066 905 4131 mellis,
929 4074 982 4119 et
1024 4066 1126 4121 olei
1165 4068 1495 4133 nominibus,
1524 4068 1723 4133 Patris,
1752 4078 1808 4123 et
1835 4069 1976 4133 Filii,

403 4166 459 4212 et
485 4155 719 4227 Spiritus
763 4157 954 4221 sancti,
984 4170 1089 4210 una
1133 4155 1360 4213 dulcedo
1390 4165 1738 4212 monstretur.
1784 4159 1849 4211 Et
1880 4159 1982 4212 hoc

406 4247 962 4311 animadvertendum,
992 4232 1133 4316 quod
1157 4246 1209 4301 in
1235 4246 1418 4301 multis
1449 4246 1749 4311 sacrificiis,
1782 4248 1977 4300 offera-

318 4402 323 4403 γ
405 4349 494 4394 tur
515 4338 710 4404 simila,
741 4338 794 4393 id
818 4344 920 4403 est,
947 4336 1178 4392 medulla
1207 4335 1459 4391 frumenti
1490 4348 1650 4406 atque
1670 4338 1978 4407 purissima,

406 4430 474 4486 de
501 4446 606 4502 qua
633 4429 895 4498 scriptum
920 4437 1001 4484 est
1027 4447 1038 4481 :
1070 4447 1088 4479 ι
1126 4427 1190 4481 Et
1219 4428 1285 4483 de
1307 4428 1462 4496 adipe
1484 4406 1735 4482 frumenti
1766 4428 1982 4482 satiavit
2011 4406 2060 4465 D

404 4535 497 4575 eos
522 4518 693 4589 (Psal.
721 4518 906 4592 Lxxx),
944 4538 961 4569 ι
998 4534 1103 4572 non
1143 4519 1209 4574 de
1240 4519 1441 4573 hordeo
1468 4535 1645 4587 neque
1677 4520 1743 4573 de
1786 4521 1980 4587 farina,

408 4625 528 4683 quae
554 4617 682 4663 tunc
726 4607 896 4663 solum
931 4607 1177 4674 offertur,
1205 4609 1423 4678 quando
1449 4610 1677 4665 maritus
1707 4611 1983 4682 zelotypiae

408 4701 600 4770 spiritu
622 4709 1008 4754 commovetur.
1034 4699 1090 4754 ln
1118 4699 1365 4756 Judicum
1387 4703 1657 4759 volumine
1681 4704 1980 4760 Debboram

409 4791 666 4861 legimus,
704 4806 820 4860 qua:
866 4791 1254 4861 interpretatur
1292 4795 1428 4863 apis,
1480 4794 1635 4864 cujus
1682 4794 1982 4863 Prophctiae

408 4883 561 4937 mella
597 4881 904 4937 dulcissima
935 4890 1081 4946 sunt,
1110 4892 1162 4938 et
1195 4883 1425 4938 refertur
1455 4884 1521 4938 ad
1561 4883 1819 4954 Spiritum
1855 4901 1981 4938 sau-

406 4984 575 5038 cium,
599 4972 690 5042 qui
717 4973 853 5043 apud
880 4972 1133 5027 Hebraeos
1162 4974 1458 5042 appellatur
1492 4989 1688 5044 genere
1725 4975 1980 5031 feminino

410 5080 528 5129 run,
554 5064 605 5117 in
636 5063 925 5133 Evangelio
952 5079 1166 5134 quoque
1200 5064 1546 5119 Hebraeorum
1574 5066 1716 5135 quod
1741 5065 1982 5122 lectitant

411 5154 669 5219 Nazarzei,
704 5152 951 5209 Salvator
973 5153 1244 5207 inducitur
1269 5153 1491 5223 loquens
1517 5173 1529 5208 :
1555 5174 1573 5207 ι
1608 5155 1765 5211 Modo
1791 5173 1875 5212 me
1896 5173 1983 5212 ar-

409 5246 572 5317 ripuit
586 5254 759 5300 mater
774 5261 891 5323 mea
914 5243 1146 5314 Spiritus
1163 5254 1397 5300 sanctus.
1424 5268 1441 5298 »
1463 5246 1632 5303 Porro
1651 5248 1846 5315 simila,
1862 5265 1969 5319 qua

410 5338 474 5393 de
494 5337 766 5391 frumento
798 5334 1098 5398 conficitur,
1123 5333 1349 5389 refertur
1376 5337 1441 5392 ad
1466 5337 1775 5402 Dominum,
1798 5339 1891 5407 qui
1914 5339 1980 5393 de

410 5417 697 5500 semetipso
724 5429 838 5483 ait:
874 5445 891 5479 ι
926 5426 1040 5481 Nisi
1077 5442 1303 5499 granum
1338 5429 1502 5483 tritici
1528 5429 1813 5494 ceciderit,
1842 5431 1978 5485 etin

413 5506 556 5573 terra
592 5528 863 5574 mortuum
910 5517 1092 5584 fuerit,
1126 5516 1300 5587 ipsum
1334 5518 1507 5573 solum
1553 5527 1754 5574 manet.
1788 5519 1848 5575 Si
1877 5534 1977 5575 au-

417 5617 521 5663 tem
549 5619 817 5665 mortuum
856 5606 1038 5676 fuerit,
1070 5608 1297 5664 multum
1330 5609 1565 5666 fructum
1609 5611 1765 5667 affert
1793 5610 1976 5684 (Joan.

2078 3252 2398 3319 Jerusalem,
2441 3270 2510 3310 ne
2555 3256 2611 3311 in
2652 3255 2878 3327 singulis
2920 3257 3256 3322 hmreamus,
3297 3265 3355 3311 et
3397 3256 3654 3310 librorum

2080 3344 2390 3414 magnitudo
2419 3346 2630 3400 aedium
2665 3346 2964 3418 legentibus
3010 3347 3195 3412 faciat,
3244 3348 3547 3403 referamus
3589 3346 3655 3401 ad

2079 3433 2383 3488 ecclesiam.
2419 3433 2476 3488 Si
2519 3436 2661 3489 enim
2687 3434 2983 3491 Jerusalem
3020 3436 3177 3506 juxta
3199 3438 3516 3513 Apostolum
3547 3453 3657 3492 ma-

2080 3532 2163 3577 ter
2211 3532 2397 3578 nostra
2444 3533 2547 3590 est,
2603 3535 2778 3580 mater
2820 3534 3000 3582 autem
3050 3538 3233 3583 nostra
3281 3527 3518 3583 ecclesia
3552 3536 3651 3590 est,

2078 3624 2470 3682 consequenter
2522 3613 2821 3671 Jerusalem
2869 3617 3099 3673 ecclesia
3143 3628 3264 3681 est,
3316 3626 3489 3673 mater
3547 3620 3656 3689 pri-

2079 3703 2408 3767 mitivorum,
2448 3705 2538 3772 qui
2570 3705 2821 3775 descripti
2846 3714 2968 3762 sunt
2998 3708 3054 3762 in
3080 3707 3251 3762 caelis.

2143 3815 2160 3845 ι
2199 3796 2265 3850 Et
2293 3811 2567 3867 egressum
2599 3805 2683 3852 est
2718 3814 2911 3855 nomen
2940 3808 3089 3858 tuum
3122 3801 3180 3860 in
3222 3811 3408 3876 gentes
3438 3817 3659 3877 propter

2085 3906 2103 3940 ι
2150 3889 2384 3961 speciem
2414 3897 2601 3949 tuam:
2634 3890 2767 3961 Quia
2796 3894 3033 3964 perfecta
3060 3914 3185 3952 eras
3210 3886 3262 3952 in
3297 3899 3494 3953 decore
3515 3914 3654 3963 meo,

2087 4001 2105 4034 ι
2150 3998 2308 4052 quem
2354 3984 2507 4052 posui
2556 3999 2718 4062 super
2746 3994 2818 4051 te,
2860 3986 2996 4042 dicit
3039 3987 3298 4041 Dominus
3330 3989 3493 4057 Deus.
3527 4006 3547 4039 ι
3590 3986 3663 4041 Et

2080 4085 2166 4130 est
2185 4091 2375 4131 sensus
2394 4096 2406 4129 :
2427 4075 2709 4132 Beneficiis
2733 4077 2885 4142 meis,
2914 4094 3139 4149 meaque
3164 4079 3467 4135 incredibili
3496 4079 3664 4151 largi-

2083 4174 2193 4221 tate
2235 4167 2302 4221 ad
2348 4167 2547 4236 regium
2576 4168 2897 4223 vocabulum
2944 4169 3263 4239 pervenisti,
3298 4170 3372 4225 ita
3408 4177 3470 4224 ut
3496 4170 3563 4243 de
3606 4180 3663 4226 te

2081 4257 2324 4311 omnium
2348 4256 2587 4326 gentium
2615 4272 2793 4311 sermo
2810 4257 3136 4327 loqueretur,
3161 4266 3216 4313 et
3245 4272 3395 4314 esses
3417 4274 3525 4315 non
3556 4260 3667 4314 tuis

2084 4347 2292 4402 meritis
2318 4356 2477 4416 atque
2502 4347 2812 4413 virtutibus,
2850 4350 2945 4403 sed
2978 4364 3096 4403 mea
3122 4349 3447 4405 liberalitate
3482 4350 3667 4420 perfe-

2084 4446 2190 4493 cta.
2235 4456 2253 4488 ι
2302 4437 2416 4493 Nisi
2458 4438 2601 4492 enim
2649 4438 2907 4495 Dominus
2942 4439 3290 4495 aedificaverit
3325 4440 3569 4507 domum,
3610 4442 3667 4495 in

2084 4542 2283 4583 vanum
2323 4527 2706 4583 laboraverunt
2728 4530 2820 4598 qui
2849 4529 3117 4585 aedificant
3148 4546 3291 4585 eam.
3323 4530 3438 4585 Nisi
3480 4531 3670 4585 Domi-

2084 4634 2185 4674 nus
2215 4618 2530 4673 custodierit
2561 4619 2856 4685 civitatem,
2886 4619 3087 4675 frustra
3111 4601 3334 4692 vigilani
3354 4622 3447 4692 qui
3478 4633 3673 4677 custo-

2085 4709 2381 4763 diunteam
2407 4707 2577 4778 (Psal.
2608 4708 2810 4780 cxxvt).
2845 4728 2865 4759 ι
2900 4710 3001 4777 Qui
3032 4711 3241 4781 plantat
3277 4712 3447 4776 enim,
3485 4720 3545 4767 et
3574 4712 3671 4782 qui

2085 4799 2247 4869 rigat,
2278 4798 2410 4853 nihil
2438 4806 2540 4863 est,
2572 4800 2674 4853 nisi
2712 4798 2972 4855 Dominus
2994 4802 3198 4855 dederit
3227 4803 3672 4858 incrementum:

2084 4890 2209 4957 quia
2245 4879 2272 4939 ἐ
2302 4902 2409 4941 non
2447 4896 2532 4943 est
2561 4888 2790 4944 volentis
2820 4903 2993 4959 neque
3031 4890 3321 4955 currentis,
3367 4893 3463 4945 sed
3496 4893 3678 4948 mise-

2086 4978 2253 5033 rentis
2289 4978 2384 5032 Dei
2424 4976 2597 5050 (Rom.
2628 4978 2725 5048 ιχ).
2773 4998 2793 5031 ι
2834 4979 2905 5034 Ut
2931 4988 3214 5050 postquam
3248 4983 3430 5036 omnia
3471 4981 3681 5037 feceri-

2088 5084 2230 5134 mus,
2248 5070 2489 5125 dicamus
2513 5087 2526 5123 :
2552 5089 2570 5122 ι
2600 5069 2755 5125 Servi
2778 5070 2995 5126 inutiles
3010 5087 3217 5137 sumus,
3235 5088 3359 5142 qua:
3380 5073 3682 5129 debuimus

2089 5159 2267 5216 facere
2310 5160 2711 5232 fecimus.(Luc.
2743 5161 2896 5233 xvu).
2936 5181 2954 5214 I
2989 5161 3105 5217 Non
3125 5178 3232 5232 quo
3259 5178 3326 5218 ex
3365 5163 3685 5219 beneficen-

2089 5252 2161 5306 tia
2189 5249 2286 5305 Dei
2333 5250 2563 5306 liberum
2601 5252 2803 5314 homini
2834 5251 3052 5306 tollatur
3086 5254 3395 5320 arbitrium,
3432 5253 3537 5309 sed
3565 5268 3685 5325 quo

2089 5342 2202 5412 ipsa
2226 5343 2445 5397 libertas
2471 5342 2756 5397 Dominmn
2785 5344 2985 5399 habere
3010 5344 3204 5399 debeat
3236 5346 3575 5414 adjutorem.

2163 5452 2181 5484 ι
2200 5433 2283 5509 ⁴Ει
2312 5433 2518 5488 habens
2559 5433 2811 5489 fiduciam
2845 5434 2900 5488 in
2925 5434 3328 5505 pulchritudine
3356 5444 3469 5501 tua,
3505 5436 3686 5496 forni-

2091 5541 2109 5574 σ
2155 5531 2278 5578 cata
2308 5537 2367 5577 es
2413 5523 2468 5577 in
2517 5524 2734 5578 nomine
2771 5531 2886 5590 tuo,
2928 5532 2984 5579 et
3008 5524 3306 5593 exposuisti
3346 5525 3685 5585 fornicatio—

2090 5633 2109 5666 ί
2152 5630 2275 5670 nem
2311 5622 2456 5670 tuam
2485 5615 2631 5669 omni
2674 5617 2996 5684 transeunti,
3028 5628 3086 5672 ut
3129 5616 3247 5685 ejus
3280 5616 3465 5685 lieres,
3510 5639 3533 5673 ι
3564 5630 3661 5679 etc
