3954 6182
279 346 380 401 677

277 465 489 523 Grande
509 464 798 519 discrimen
831 478 937 517 non
990 462 1043 516 in
1073 461 1171 517 Dei
1206 461 1515 525 clementia,
1540 458 1636 513 sed
1669 458 1721 511 in
1751 471 1851 510 suo
1878 461 1930 518 Α

277 556 466 608 decore
503 553 793 607 confidere.
825 550 1145 620 Quantaque
1184 550 1306 620 quis
1351 547 1632 603 sublimior
1661 544 1845 611 fuerit,

276 643 428 697 debet
465 642 655 696 timere
686 655 755 695 ne
802 648 1042 703 corruat,
1086 649 1141 694 et
1191 638 1487 693 fornicetur
1529 636 1580 689 in
1632 635 1848 689 nomine

274 746 389 785 suo.
434 728 776 785 Adversarius
821 729 1084 799 siquidem
1125 734 1439 798 potestates,
1492 724 1678 779 solitos
1720 738 1848 777 con-

276 832 515 879 temnunt
565 821 736 885 cibos,
784 830 839 875 et
880 820 1163 890 peregrina
1212 818 1464 896 alimenta
1515 813 1843 868 desiderant.

274 910 424 965 Unde
465 910 534 965 de
566 900 780 964 diabolo
817 909 1016 963 dicitur
1044 925 1057 961 ε
1087 926 1105 958 ι
1142 909 1291 962 Esca:
1328 906 1444 974 ejus
1482 905 1666 959 electae
1710 903 1849 974 (Ho-

274 1000 382 1052 bac.
411 996 474 1069 ι).
505 1016 523 1047 ι
552 996 668 1051 Νοη
704 997 817 1051 vult
844 994 1136 1065 quemlibet
1175 996 1442 1065 decipere.
1479 994 1609 1048 Saul
1636 1008 1842 1062 regem,

272 1088 361 1157 qui
387 1088 598 1141 electus
623 1100 654 1140 a
685 1087 913 1141 Domino
941 1096 1046 1151 est,
1081 1095 1134 1140 et
1162 1083 1355 1139 Judam
1385 1083 1683 1153 apostolum
1720 1097 1848 1149 snp-

270 1178 514 1247 plantare
561 1174 813 1230 festinat.‘
839 1174 957 1230 Non
986 1189 1114 1244 ergo
1159 1173 1490 1227 confidamus
1534 1172 1588 1225 in
1630 1172 1847 1240 propria

272 1264 693 1334 pulchritudine,
727 1278 827 1318 nec
854 1264 947 1317 Dei
994 1262 1394 1325 liberalitatem,
1422 1270 1660 1315 nostram
1690 1271 1844 1329 pute—

275 1369 393 1432 mus
412 1369 539 1417 esse
568 1354 859 1418 virtutem;
900 1353 992 1407 sed
1020 1354 1199 1421 potius
1227 1352 1539 1406 audiamus:
1571 1372 1588 1403 ι
1625 1350 1700 1405 Ne
1734 1352 1848 1421 glo-

272 1446 431 1500 rieris
468 1445 521 1499 in
547 1446 863 1499 crastinum.
892 1443 1080 1499 Nescis
1100 1444 1244 1497 enim
1270 1444 1397 1513 quid
1422 1444 1600 1513 pariat
1621 1451 1846 1507 ventura

273 1535 384 1590 dies
415 1534 598 1606 (Prov.
636 1533 841 1605 xxvii);
873 1541 979 1609 get
1022 1533 1076 1586 in
1114 1533 1221 1587 alio
1268 1533 1427 1588 loco:
1462 1549 1481 1582 ι
1510 1531 1751 1596 Fratres,
1802 1531 1847 1585 si

268 1632 575 1695 praeventus
618 1621 781 1677 fuerit
822 1622 990 1676 homo
1035 1622 1089 1675 in
1122 1621 1302 1690 aliquo
1333 1628 1576 1690 peccato,
1608 1635 1729 1685 vos,
1754 1619 1848 1687 qui

272 1716 543 1786 spiritales
564 1716 720 1777 estis,
752 1713 996 1784 perficite
1020 1710 1325 1783 hujusmodi
1368 1713 1422 1766 in
1457 1711 1651 1782 spiritu
1690 1725 1843 1764 man-

1226 340 1580 399 COMMENT.
1620 340 1687 394 1N
1726 337 2180 394 EZECHIELEM.
2219 368 2290 379 ——
2326 336 2611 393 LlB.-Vll.'

3415 347 3517 404 678

2031 472 2051 506 ο
2085 455 2153 509 Et
2177 453 2343 510 tulisti
2374 469 2503 508 vasa
2545 453 2760 510 decoris
2788 455 2884 521 tul,
2920 457 2990 512 de
3032 469 3167 513 auro
3193 473 3315 514 meo
3340 469 3398 515 et
3431 476 3522 517 ar-

1956 563 1979 598 σ
2022 555 2183 617 genta
2209 560 2349 620 meo,
2381 546 2525 614 quod
2553 545 2671 601 dedi
2701 546 2816 612 tibi,
2844 556 2900 601 et
2925 546 3101 604 fecisti
3141 550 3236 604 tibi
3261 551 3521 622 imagines

1954 657 1973 689 α
2019 637 2368 701 masculinas,
2400 644 2452 691 et
2475 636 2738 691 fornicata
2763 653 2821 692 es
2847 638 2899 691 in
2925 639 3025 693 eis.
3060 659 3076 691 ι
3104 639 3262 694 Juxta
3287 640 3521 696 litteram

1948 728 2209 782 Dominus
2230 728 2283 781 in
2303 727 2421 795 lege
2439 728 2695 796 prmeepit
2714 736 2773 780 ut
2790 727 2980 782 fierent
2997 729 3284 794 thuribula,
3309 732 3521 799 phialas,

1947 817 2354 880 candelabrum,
2390 830 2515 870 arca
2544 818 2870 881 testamenti,
2912 828 3213 887 cunctaque
3239 821 3321 874 vel
3360 837 3523 876 aurea

1945 906 2032 960 vel
2063 907 2342 969 deaurata,
2374 914 2429 959 et
2453 906 2558 959 alia
2589 922 2657 960 ex
2687 918 2933 977 argento,
2963 925 3083 977 quae
3120 912 3298 964 omnia
3325 911 3526 965 confla-

1949 997 2026 1050 vit
2063 995 2396 1060 Jerusalem,
2429 1005 2483 1049 et
2513 996 2676 1049 vertit
2714 998 2767 1050 in
2804 998 2943 1051 idola
2983 999 3158 1064 Belis,
3199 1000 3311 1054 sive
3348 996 3525 1054 Baulis

1947 1087 2182 1141 Chamos
2215 1094 2270 1140 et
2308 1087 2562 1141 Astaroth
2582 1126 2596 1149 ,
2625 1095 2681 1141 et
2709 1086 2991 1143 Mclchom.
3024 1089 3183 1143 Juxta
3220 1090 3524 1161 intelligen-

1948 1177 2081 1231 tiam
2115 1175 2434 1245 spiritalem,
2466 1176 2533 1229 de
2564 1191 2697 1229 auro
2721 1185 2777 1229 et
2801 1186 3023 1247 argento
3046 1188 3352 1232 sanctarum
3380 1178 3525 1234 Scri-

1946 1276 2231 1338 pturarum
2274 1266 2414 1321 idola
2440 1267 2692 1332 facimus,
2722 1270 2937 1335 quando
2965 1270 3195 1339 gratiam
3241 1285 3433 1325 sensus
3471 1281 3527 1325 et

1947 1357 2266 1426 eloquentiae
2302 1358 2554 1412 hazretica
2586 1359 2853 1426 pravitate
2891 1361 3309 1429 corrumpimus,
3342 1372 3396 1415 ct
3424 1378 3523 1433 po-

1950 1446 2129 1499 nimus
2166 1446 2221 1499 in
2257 1446 2453 1500 ccelum
2484 1461 2546 1501 os
2579 1455 2823 1501 nostrum
2862 1459 2915 1501 et
2946 1448 3127 1517 lingua
3182 1458 3364 1503 nostra
3406 1464 3531 1518 pcr-

1950 1533 2146 1586 transit
2186 1533 2241 1585 in
2287 1541 2508 1586 terram.
2552 1532 2861 1588 Maseulina:
2890 1535 3433 1609 dicuntur‘imagincs
3474 1537 3527 1589 in

1949 1621 2145 1691 quibus
2171 1622 2346 1677 omnis
2389 1622 2610 1677 haeresis
2636 1622 2953 1687 fornicatur,
2984 1641 3050 1679 ex
3087 1641 3152 1679 eo
3186 1628 3328 1695 quod
3367 1641 3529 1681 unus»

1949 1713 2177 1783 quisque
2199 1728 2258 1769 se
2283 1720 2439 1783 putat
2469 1715 2845 1769 robustissima
2873 1716 3048 1771 colere
3082 1724 3137 1770 et
3165 1717 3383 1781 habere,
3408 1732 3530 1786 quae

269 1804 590 1868 suetudinis,
618 1803 967 1859 considerans
994 1802 1243 1872 teipsum,
1280 1816 1348 1855 ne
1378 1800 1517 1856 forte
1550 1811 1605 1855 et
1646 1808 1704 1854 tu
1735 1809 1849 1855 ten-
1876 1818 1925 1878 Β
1954 1801 2128 1868 finxit,
2179 1818 2282 1858 nec
2330 1802 2439 1856 ulla
2479 1814 2637 1871 posse
2680 1806 3077 1874 oppugnatione
3122 1805 3381 1860 subverti.
3436 1806 3531 1860 llas

270 1893 402 1947 teris
430 1890 574 1963 (Gal.
602 1892 697 1961 vr).
728 1912 748 1944 ι
782 1891 966 1961 Neque
1004 1906 1337 1961 exponamus
1369 1893 1484 1946 sive
1511 1891 1850 1947 ell‘undamns

273 1984 686 2040 fornicationem
732 1993 972 2038 nostram
999 1982 1142 2037 omni
1173 1982 1472 2038 transeunti
1510 1990 1571 2036 ut
1619 1998 1725 2036 non
1758 1982 1852 2036 Dei

271 2074 324 2127 in
350 2088 517 2143 quem
549 2072 842 2138 credimus,
872 2073 966 2127 sed
991 2072 1107 2142 ejus
1134 2071 1325 2126 ﬁamus
1348 2088 1377 2125 a
1409 2087 1515 2140 quo
1540 2072 1851 2140 pollniinur,

273 2163 360 2231 qui
392 2171 590 2217 cuncta
629 2161 822 2230 recipit
862 2161 1013 2226 vitia,
1052 2168 1107 2214 et
1136 2161 1469 2215 diversorum
1510 2171 1853 2230 peccatorum

272 2253 525 2323 spiritum
555 2260 923 2306 transeuntem
946 2264 1046 2305 suo
1074 2251 1299 2319 suscipit
1331 2252 1558 2321 gremio,
1582 2260 1637 2305 et
1660 2250 1857 2305 divari—

274 2352 361 2399 cat
390 2343 560 2415 pedes
587 2357 715 2398 suos
754 2343 899 2397 omni
940 2344 1238 2399 transeunti
1264 2362 1276 2396 :
1303 2343 1404 2398 iste
1431 2343 1656 2399 effundit
1691 2344 1857 2398 forni-

273 2436 546 2490 cationem
591 2448 770 2499 suam,
802 2441 858 2489 et
906 2435 1025 2505 ejus
1062 2434 1252 2504 incipit
1297 2435 1567 2489 sustinere
1613 2436 1855 2490 domma-

277 2536 417 2593 tum,
438 2528 593 2597 cujus
615 2528 811 2595 hospes
833 2527 1091 2581 extiterit.
1428 2546 1433 2551 ·
1821 2588 1830 2598 ,

349 2634 371 2666 ι
410 2615 478 2670 Et
513 2630 732 2669 sumens
771 2616 836 2669 de
881 2615 1219 2669 vestimentis
1256 2615 1382 2679 tuis,
1427 2614 1600 2668 fecisti
1639 2612 1732 2667 tibi
1763 2628 1857 2668 ex-

280 2722 302 2759 c
345 2704 497 2761 celsa
524 2704 652 2759 hinc
680 2703 806 2757 inde
837 2713 1086 2768 consuta,
1112 2712 1168 2758 et
1189 2702 1450 2758 fornicata
1479 2718 1539 2757 es
1566 2716 1727 2770 super
1753 2701 1854 2764 eis,

282 2812 304 2846 ι
342 2794 493 2848 sicut
519 2808 625 2848 non
653 2800 735 2847 est
776 2791 999 2857 factum,
1041 2807 1213 2861 neque
1241 2792 1477 2847 futurum
1507 2799 1610 2845 est.
1640 2810 1657 2842 ι
1703 2790 1856 2857 Quod

281 2899 450 2955 super
497 2883 796 2940 Jerusalem
846 2885 1000 2955 juxta
1054 2884 1289 2940 litteram
1358 2883 1579 2954 intelligi
1637 2883 1856 2952 potest,
1908 2954 1915 2960 θ

279 2985 335 3030 ut
362 2976 550 3030 omnia
593 2983 856 3045 praecepta
878 2974 1014 3046 legis
1038 2982 1094 3031 et
1135 2975 1369 3041 divitias,
1417 2974 1491 3033 ac"
1519 2989 1698 3029 rerum
1736 2989 1855 3029 om-

280 3067 434 3121 nium
482 3064 863 3119 abundantiam
917 3064 1074 3120 idolis
1113 3064 1490 3134 deputaverit:
1542 3066 1683 3133 quod
1726 3079 1860 3133 gens

1953 1903 2081 1950 sunt
2124 1896 2410 1967 imagines,
2440 1911 2575 1965 quas
2620 1897 2687 1951 de
2728 1906 2914 1952 nostro
2952 1899 3115 1953 corde
3164 1900 3440 1964 ﬁnximus,
3476 1908 3532 1954 et

1906 2049 1913 2057 .
1953 2000 2074 2054 qua:
2098 1986 2153 2039 in
2180 1986 2387 2041 caelesti
2428 1986 2726 2040 Jerusalem
2750 1988 3084 2042 destruenda:
3123 1998 3265 2043 sunt.
3298 1992 3374 2044 De
3409 1991 3531 2058 qui-

1951 2075 2054 2129 bus
2076 2074 2347 2145 Propheta
2380 2076 2738 2144 pronuntiat:
2776 2095 2793 2127 i
2829 2077 3075 2144 Domine,
3109 2078 3160 2131 in
3190 2079 3409 2131 civitate
3447 2089 3533 2132 tua

1954 2165 2218 2235 imagines
2243 2180 2431 2220 eorum
2475 2164 2953 2237 dissipabis(Psal.
3001 2167 3191 2237 Lxxn).
3224 2187 3243 2218 ι
3278 2167 3536 2234 Quicum-

1926 2271 2062 2325 -que
2090 2255 2236 2311 enim
2274 2255 2436 2311 homo
2462 2263 2565 2320 est,
2594 2264 2651 2310 et
2677 2255 2773 2309 Dei
2804 2271 2999 2311 nomen
3022 2258 3224 2322 amisit,
3250 2257 3450 2312 dicitur
3472 2260 3536 2312 de

1956 2361 2061 2402 eo:
2091 2366 2110 2399 ι
2139 2348 2521 2401 Verumtamen
2552 2346 2606 2400 in
2634 2346 2870 2417 imagine
2896 2348 3303 2423 perambulabat
3353 2349 3533 2412 homo,

1956 2445 2330 2490 verumtamen
2376 2434 2579 2491 frustra
2624 2437 2982 2492 conturbatur
3011 2436 3184 2507 (Psal.
3224 2437 3476 2507 xxxvm).
3510 2457 3529 2488 ι

1957 2524 2067 2579 Nos
2093 2534 2272 2580 autem
2295 2541 2460 2579 unum
2490 2526 2751 2581 habemus
2774 2526 2970 2591 virum,
2999 2534 3055 2580 et
3097 2542 3260 2581 unam
3306 2542 3534 2580 venera-

1958 2630 2080 2669 mur
2107 2614 2415 2684 imaginem,
2447 2629 2564 2683 qua:
2597 2616 2868 2686 estimago
2899 2615 3181 2671 invisibilis
3207 2626 3263 2670 et
3288 2617 3536 2686 omnipo-

1961 2704 2142 2759 tentis.

2034 2813 2052 2845 ι
2084 2794 2152 2848 Et
2171 2794 2444 2865 sumpsisti
2466 2794 2781 2850 vestimenta
2808 2804 2897 2850 tua
2923 2795 3300 2860 multicoloria,
3328 2805 3385 2852 et
3403 2812 3536 2867 ope-

1965 2905 1984 2937 ‹
2030 2885 2186 2940 ruisti
2222 2885 2359 2940 illas.
2396 2905 2416 2937 ι
2450 2884 2780 2940 Subauditur
2805 2886 3068 2957 imagines
3101 2887 3445 2953 masculinas,
3477 2897 3537 2941 ut

1960 2990 2176 3031 omnem
2214 2975 2415 3030 cultum
2439 2991 2596 3043 quem
2637 2986 2921 3045 acceperat
2962 2976 3030 3030 ad
3068 2978 3322 3030 utendum
3360 2987 3537 3032 verte-

1962 3067 2123 3122 rctin
2180 3066 2591 3136 blasphemiam.
2641 3066 2753 3123 lloc
2796 3076 2975 3122 autem
3019 3066 3280 3132 facimus,
3324 3069 3537 3137 quoties

280 3158 391 3212 alia
426 3171 533 3212 non
568 3154 757 3211 fecerit
792 3169 894 3211 nec
926 3155 1133 3211 factura
1159 3157 1247 3210 sit.
1285 3154 1485 3211 Omnes
1509 3155 1650 3210 enim
1686 3155 1862 3210 natio-
1889 3160 1933 3222 C
1965 3157 2275 3227 prudentia,
2326 3158 2703 3228 temperantia,
2753 3157 3089 3244 fortitudine,
3126 3157 3354 3225 justitia,
3407 3172 3537 3212 cun-

278 3260 403 3311 nes,
442 3259 566 3314 quae
609 3259 641 3299 a
690 3244 953 3315 principio
988 3245 1144 3300 idolis
1191 3245 1517 3309 servierunt,
1562 3259 1670 3299 non
1723 3244 1858 3298 tanti

279 3337 531 3393 criminis
565 3352 671 3392 reae
707 3345 850 3392 sunt.
887 3335 1083 3393 Nostra
1129 3345 1309 3393 autem
1355 3333 1684 3400 Jerusalem,
1740 3349 1859 3404 qua:

281 3429 679 3496 interpretatur
719 3428 848 3481 cisio
892 3428 1071 3497 pacis,
1126 3428 1195 3483 ab
1251 3426 1517 3482 haereticis
1575 3424 1859 3491 scinditur,

281 3517 504 3586 quando
527 3531 691 3570 unum
717 3523 772 3570 et
797 3516 1025 3570 alterum
1063 3515 1426 3572 testimonium
1468 3514 1860 3583 scripturarum

282 3610 350 3665 de
396 3608 629 3678 propriis
656 3616 938 3677 carpentes
978 3607 1111 3663 locis
1164 3614 1427 3662 conantur
1469 3620 1709 3669 assuere,
1755 3605 1859 3669 his,

284 3698 485 3767 quibus
509 3708 616 3751 non
638 3705 839 3765 queunt
864 3686 1117 3765 cooptare
1139 3712 1152 3725 ·
1180 3695 1247 3749 ad
1268 3708 1405 3764 quos
1423 3704 1478 3748 ot
1496 3693 1862 3763 supradictum

283 3789 338 3843 in
369 3789 477 3844 hoc
500 3786 689 3843 eodem
714 3787 982 3858 Propheta
1020 3786 1247 3857 legimus
1275 3805 1289 3838 :
1323 3804 1342 3837 ι
1372 3785 1464 3840 Vae
1486 3785 1571 3840 his
1611 3785 1702 3855 qui
1732 3800 1862 3840 con-

284 3888 456 3937 suunt
481 3878 788 3945 cervicalia,
818 3878 920 3933 sub
941 3877 1086 3941 omni
1114 3876 1297 3931 cubitu
1329 3890 1543 3939 manus,
1575 3884 1631 3929 et
1659 3874 1863 3929 faciunt

283 3971 626 4041 operimenta
675 3983 839 4039 super
889 3975 1051 4036 caput
1100 3966 1366 4045 universa:
1420 3965 1597 4045 aetatis
1643 3964 1859 4033 (Ezech.

287 4064 435 4133 xm).
472 4080 490 4114 ι
522 4062 673 4127 Quod
722 4059 840 4114 ﬁeri
881 4058 1142 4114 Dominus
1176 4043 1485 4126 prohibens,
1526 4043 1763 4124 loquitur
1808 4055 1863 4109 in

288 4152 584 4221 Evangelio
621 4170 635 4204 :
683 4169 703 4201 ι
738 4148 906 4206 Nemo
956 4147 1187 4203 assumit
1238 4146 1649 4202 commissuram
1699 4144 1863 4214 panni

289 4244 444 4299 rudis
475 4242 533 4297 in
559 4242 729 4298 veteri
760 4240 1101 4301 vestimento.
1146 4237 1398 4307 Alioquin
1425 4236 1563 4291 tollit
1598 4236 1665 4289 de
1695 4234 1866 4304 pleni-

284 4334 478 4390 tudine
500 4334 618 4404 ejus
644 4342 701 4387 et
720 4330 871 4402 pejor
897 4330 1130 4385 scissura
1166 4328 1278 4383 flet.
1306 4326 1416 4381 Nec
1442 4327 1659 4403 mittunt
1682 4324 1866 4379 vinum

284 4438 490 4480 novum
516 4424 573 4478 in
597 4431 748 4477 utres
770 4428 981 4476 veteres
1002 4417 1215 4491 (Matth.
1245 4416 1345 4488 rx).
1385 4435 1402 4469 ι
1432 4415 1588 4470 Tales
1614 4422 1739 4470 sunt
1762 4413 1866 4468 Na-

1961 3251 2171 3319 ctisque
2202 3250 2494 3303 virtutibus
2536 3249 2844 3304 haereticam
2879 3248 3277 3303 circumdamus
3304 3249 3514 3319 pravita

1964 3346 2092 3402 tem,
2116 3345 2171 3391 et
2194 3336 2295 3392 sub
2321 3336 2606 3392 occasione
2631 3351 2842 3401 earum,
2872 3336 3146 3405 simplices
3171 3351 3415 3406 quosque
3441 3338 3536 3393 de-

1962 3428 2213 3498 cipimus,
2249 3435 2310 3481 ut
2350 3424 2601 3480 videntes
2632 3424 2792 3479 mella
2830 3425 3117 3490 virtutum,
3160 3426 3414 3480 vitiorum
3452 3440 3540 3480 ve-

1962 3532 2103 3572 nena
2127 3531 2234 3571 non
2267 3525 2516 3571 caveant.
2780 3574 2785 3581 ,

2039 3625 2058 3658 ι
2092 3606 2160 3660 Et
2184 3606 2362 3662 oleum
2396 3619 2574 3660 meum
2594 3611 2651 3658 et
2677 3603 2967 3675 thymiama
2989 3618 3168 3659 meum
3197 3604 3421 3674 posuisti
3447 3616 3542 3659 coo

1968 3715 1987 3748 ί
2034 3712 2149 3751 ram
2192 3697 2294 3751 eis.
2329 3696 2397 3749 Et
2424 3710 2618 3765 panem
2656 3710 2833 3749 meum
2874 3695 3043 3765 (Sive,
3083 3704 3142 3750 ut
3188 3695 3538 3765 Septuaginta

1969 3803 1987 3836 ι
2038 3785 2448 3853 transtulerunt,
2483 3784 2849 3857 panesmeos)
2876 3800 3036 3854 quem
3062 3785 3183 3839 dedi
3217 3786 3351 3846 tibi;
3382 3786 3537 3839 sitni-
3622 3798 3631 3806 '

1970 3895 1988 3927 ι
2034 3875 2158 3939 lam,
2192 3884 2247 3929 et
2276 3875 2475 3940 oleum,
2510 3883 2566 3927 et
2605 3875 2730 3941 mel,
2766 3876 2963 3945 quibus
3000 3875 3233 3929 enutrivi
3262 3884 3333 3939 te,
3360 3874 3539 3944 posui-

1971 3983 1990 4016 ι
2036 3965 2103 4020 sti
2128 3980 2191 4019 ea
2222 3965 2276 4018 in
2306 3976 2597 4034 conspectu
2620 3980 2807 4021 eorum
2843 3965 2895 4018 in
2927 3965 3148 4019 odorem
3185 3965 3486 4020 suavitatis.
3516 3982 3536 4015 ι

1965 4054 2151 4110 Oleum
2180 4055 2245 4108 de
2269 4069 2373 4122 quo
2404 4069 2565 4124 supra
2595 4055 2850 4119 diximus,
2881 4063 2935 4108 et
2977 4054 3270 4125 thymiama
3311 4055 3423 4108 sive
3461 4054 3544 4108 in-

1967 4157 2210 4209 censum,
2249 4143 2314 4198 de
2368 4158 2475 4213 quo
2518 4143 2803 4198 Psalmista
2850 4143 3191 4197 conclamat:
3220 4162 3238 4191 ι
3271 4141 3547 4212 Dirigatur

1965 4234 2141 4289 oratio
2166 4249 2288 4289 mea
2331 4226 2784 4289 sicutincensum
2824 4233 2878 4287 in
2912 4242 3200 4301 conspectu
3245 4240 3336 4285 tuo
3364 4230 3542 4300 (Psal.

1968 4324 2113 4395 CXL),
2153 4343 2171 4377 ι
2205 4332 2260 4379 et
2295 4339 2464 4394 panes
2510 4322 2895 4394 pr0positionis
2943 4336 3078 4389 quos
3122 4321 3348 4373 Domino
3385 4320 3541 4389 jube-

1971 4432 2091 4471 mur
2134 4415 2370 4472 offerre:
2403 4416 2635 4471 similam
2682 4428 2895 4484 quoque
2934 4426 3148 4466 sensum
3190 4411 3543 4479 purissimum

285 4515 483 4579 κεντεῖ,
521 4514 614 4584 qui
655 4511 854 4567 veteris
902 4490 1036 4580 legis
1077 4508 1480 4564 observantiam
1530 4503 1864 4574 Evangelicze
1889 4497 1941 4557 D
1969 4490 2392 4575 Scripturarum,
2436 4513 2493 4560 et
2531 4505 2638 4558 mel
2681 4503 2823 4573 quod
2870 4502 3105 4572 gustavit
3151 4498 3445 4566 lonathan,
3487 4507 3544 4555 et

281 4603 477 4674 gratiae
514 4610 700 4672 aptare
725 4606 1011 4655 conantur.
1042 4596 1110 4651 Et
1143 4610 1331 4651 omnes
1363 4594 1633 4657 Hacretici,
1663 4592 1752 4661 qui
1785 4600 1863 4646 te-

282 4692 604 4749 stimonium
648 4692 704 4746 in
731 4706 829 4746 suo
857 4689 996 4755 loco,
1024 4688 1180 4743 alteri
1214 4685 1394 4743 sensui
1433 4699 1754 4755 congruens,
1786 4681 1866 4735 al-

286 4784 394 4841 teri
441 4784 686 4838 nituntur
720 4793 1126 4837 assuere:cum
1156 4764 1370 4832 Domini
1414 4775 1591 4829 tunica
1634 4774 1867 4841 desuper

285 4884 439 4929 texta
464 4888 560 4943 per
578 4880 751 4926 totum
790 4870 962 4927 scindi
994 4869 1216 4926 omnino
1248 4882 1354 4922 non
1379 4865 1566 4936 possit,
1600 4865 1695 4920 sed
1722 4873 1865 4918 texta

286 4966 499 5036 Spiritu
525 4971 714 5020 sancto
750 4963 952 5025 nullam
980 4961 1202 5032 recipiat
1225 4960 1561 5015 scissionem.
1590 4957 1742 5025 Quod
1768 4972 1866 5011 au-

285 5065 401 5123 tem
426 5052 795 5123 diciturjuxta
816 5050 1189 5121 Septuaginta,
1227 5068 1247 5103 ε
1271 5056 1326 5103 et
1348 5063 1456 5102 non
1489 5047 1735 5111 intrabis,
1770 5062 1867 5101 ne-

284 5157 393 5213 que
409 5143 535 5207 erit,
562 5161 582 5193 ι
600 5142 702 5198 hoc
712 5141 999 5212 significat,
1016 5155 1140 5193 cum
1154 5138 1248 5193 tibi
1276 5136 1414 5193 idola
1438 5135 1631 5192 feceris
1652 5150 1873 5206 perver-

286 5248 477 5293 sorutn
507 5232 837 5304 dogmatum,
867 5245 990 5302 qua:
1024 5230 1308 5285 arbitraris
1338 5228 1577 5293 excelsa,
1621 5236 1676 5284 et
1704 5226 1875 5281 forni-

289 5334 417 5396 cata
442 5325 521 5380 sis
556 5340 718 5395 super
742 5325 842 5389 eis,
867 5321 1094 5379 credens
1120 5321 1175 5376 in
1206 5321 1310 5386 bis,
1342 5334 1461 5389 qua:
1495 5320 1612 5388 ipsa
1641 5317 1866 5384 tinxisti,

289 5417 551 5487 templum
587 5417 693 5472 Dei
724 5417 928 5471 intrare
962 5429 1069 5470 non
1097 5412 1323 5485 poteris,
1358 5419 1413 5466 et
1458 5410 1746 5487 simulacra
1778 5419 1868 5465 tua

286 5507 649 5562 substantiam
683 5522 790 5562 non
833 5506 1129 5570 habebunt,
1172 5516 1349 5571 neque
1388 5507 1549 5555 erunt
1592 5501 1645 5554 in
1686 5513 1872 5571 perpe-

290 5606 467 5664 tuum,
508 5598 720 5653 dicente
760 5594 1047 5666 Apostolo:
1082 5613 1100 5646 ‹
1130 5592 1345 5648 Scimus
1374 5590 1517 5646 enim
1562 5590 1689 5660 quia
1737 5589 1869 5644 nihil

287 5695 381 5741 cst
395 5686 597 5742 idolum
625 5686 678 5741 in
713 5686 909 5741 mundo
936 5683 985 5757 (Ι
1016 5681 1139 5737 Cor.
1170 5679 1308 5755 vm).
1344 5698 1363 5735 ι

1968 4599 2138 4667 aperti
2164 4606 2290 4653 sunt
2311 4598 2453 4651 oculi
2483 4595 2618 4664 ejus,
2651 4604 2705 4648 et
2731 4591 3064 4648 confortatus
3089 4601 3191 4655 est,
3231 4591 3408 4659 posuit
3434 4590 3538 4645 mi-

1968 4704 2090 4744 sera
2119 4686 2417 4759 Jerusalem
2462 4687 2518 4740 in
2546 4694 2834 4752 conspectu
2874 4678 3165 4745 idolorum,
3199 4683 3311 4736 sive
3354 4695 3542 4739 coram

1970 4778 2297 4849 imaginibus
2343 4775 2684 4839 masculinis,
2740 4783 2799 4827 ut
2850 4781 3029 4828 essent
3084 4772 3169 4827 his
3215 4774 3269 4826 in
3318 4772 3538 4825 odorem

1973 4868 2276 4930 suavitatis,
2307 4882 2425 4934 quae
2447 4873 2639 4919 natura
2663 4880 2755 4918 sua
2781 4863 2954 4917 dulcia
2976 4871 3124 4927 sunt,
3154 4870 3315 4931 atque
3337 4862 3543 4916 suavis-

1975 4957 2131 5012 sima.
2179 4955 2285 5008 Sed
2315 4954 2440 5008 dum
2494 4951 2795 5006 offeruntur
2835 4951 3007 5015 idolis,
3060 4950 3317 5020 falsisque
3348 4950 3546 5005 doctri-

1974 5050 2080 5114 nis,
2112 5054 2396 5102 vertuutur
2425 5045 2476 5098 in
2506 5045 2939 5098 amaritudinem.

2051 5156 2070 5190 ι
2096 5136 2164 5190 Et
2182 5133 2383 5191 factum
2410 5142 2514 5197 est,
2541 5134 2618 5188 ait
2648 5134 2902 5189 Dominus
2931 5136 3092 5199 Deus,
3122 5140 3177 5189 et
3206 5133 3375 5188 tulisti
3411 5132 3548 5186 lllios

1980 5208 2025 5281 ξ’
2045 5237 2185 5292 tuos,
2218 5234 2274 5281 et
2295 5225 2434 5280 filias
2462 5234 2600 5288 tuas,
2624 5239 2761 5292 quas
2784 5224 3011 5296 genuisti
3033 5223 3188 5288 mihi,
3218 5231 3274 5276 et
3298 5221 3543 5277 immola-

1982 5339 2000 5372 ι
2045 5320 2117 5375 sti
2143 5320 2224 5375 eis
2270 5318 2338 5374 ad
2367 5318 2756 5373 devorandum.
2788 5316 3039 5384 Nunquid
3079 5329 3247 5384 parva
3276 5323 3360 5368 est
3388 5316 3547 5368 torni-

1982 5429 2001 5462 ι
2046 5409 2190 5463 catio
2218 5417 2307 5462 tua
2356 5407 2685 5461 immolantis
2729 5406 2866 5461 filios
2905 5420 3077 5469 meos,
3103 5413 3158 5457 et
3202 5402 3402 5458 dedisti
3430 5402 3551 5458 illos

1983 5521 2000 5553 ι
2045 5514 2371 5556 consecrans
2401 5499 2500 5553 eis.
2530 5498 2596 5551 Et
2620 5505 2741 5567 post
2763 5511 2953 5552 omnes
2979 5493 3405 5550 abominationes
3426 5500 3548 5547 tuas

1981 5610 1999 5641 ι
2045 5599 2102 5645 et
2129 5589 2515 5645 fornicationes
2548 5602 2657 5640 non
2697 5601 2763 5641 es
2795 5585 3078 5641 recordata
3118 5582 3326 5644 dierum
3371 5580 3546 5636 adolet

1982 5700 2000 5732 ι
2047 5679 2444 5743 εεειιιίω.ῐυω,
2487 5670 2703 5746 quando
2750 5689 2873 5728 eras
2917 5673 3077 5737 nuda,
3126 5680 3183 5726 et
3224 5670 3560 5727 confusionis
