  <div class='ocr_page' id='page_1' title='image "/cluster/home/n/w/nwhite01/storage/ocr_20150623/110/hvd.32044054759758/345.png"; bbox 0 0 3954 6182; ppageno 0'>
   <div class='ocr_carea' id='block_1_1' title="bbox 457 318 3705 392">
    <p class='ocr_par' dir='ltr' id='par_1_1' title="bbox 457 318 3705 392">
     <span class='ocr_line' id='line_1_1' title="bbox 457 318 3705 392; baseline -0.004 0"><span class='ocrx_word' id='word_1_1' title='bbox 457 332 563 392; x_wconf 78' lang='lat'><strong>679</strong></span> <span class='ocrx_word' id='word_1_2' title='bbox 1094 330 1157 385; x_wconf 82' lang='grc' dir='ltr'><strong>Β.</strong></span> <span class='ocrx_word' id='word_1_3' title='bbox 1196 326 1449 384; x_wconf 78' lang='lat' dir='ltr'><strong>RABANI</strong></span> <span class='ocrx_word' id='word_1_4' title='bbox 1487 324 1704 381; x_wconf 74' lang='lat' dir='ltr'><strong>MAURI</strong></span> <span class='ocrx_word' id='word_1_5' title='bbox 1740 324 2058 383; x_wconf 76' lang='lat' dir='ltr'><strong>ARCHIEP.</strong></span> <span class='ocrx_word' id='word_1_6' title='bbox 2099 321 2407 382; x_wconf 71' lang='lat' dir='ltr'><strong>MOGUNT.</strong></span> <span class='ocrx_word' id='word_1_7' title='bbox 2448 318 2734 382; x_wconf 74' lang='lat' dir='ltr'><strong>OPERUM</strong></span> <span class='ocrx_word' id='word_1_8' title='bbox 2764 318 2941 379; x_wconf 73' lang='lat' dir='ltr'><strong>PARS</strong></span> <span class='ocrx_word' id='word_1_9' title='bbox 2977 319 3041 378; x_wconf 90' lang='lat' dir='ltr'><strong>ll.</strong></span> <span class='ocrx_word' id='word_1_10' title='bbox 3598 320 3705 379; x_wconf 66' lang='lat'><strong>600</strong></span> 
     </span>
    </p>
   </div>
   <div class='ocr_carea' id='block_1_2' title="bbox 462 432 3705 515">
    <p class='ocr_par' dir='ltr' id='par_1_2' title="bbox 462 432 3705 515">
     <span class='ocr_line' id='line_1_2' title="bbox 462 432 3705 515; baseline -0.003 -18"><span class='ocrx_word' id='word_1_11' title='bbox 462 464 482 497; x_wconf 72' lang='grc' dir='ltr'>ι</span> <span class='ocrx_word' id='word_1_12' title='bbox 521 444 702 515; x_wconf 86' lang='lat' dir='ltr'><strong>plena,</strong></span> <span class='ocrx_word' id='word_1_13' title='bbox 739 441 1051 499; x_wconf 74' lang='lat' dir='ltr'><strong>conculcata</strong></span> <span class='ocrx_word' id='word_1_14' title='bbox 1096 438 1150 494; x_wconf 91' lang='lat' dir='ltr'><strong>in</strong></span> <span class='ocrx_word' id='word_1_15' title='bbox 1194 437 1454 508; x_wconf 82' lang='lat' dir='ltr'><strong>sanguine</strong></span> <span class='ocrx_word' id='word_1_16' title='bbox 1498 443 1613 490; x_wconf 85' lang='lat' dir='ltr'><strong>tuo.</strong></span> <span class='ocrx_word' id='word_1_17' title='bbox 1650 454 1670 489; x_wconf 72' lang='grc' dir='ltr'>ι</span> <span class='ocrx_word' id='word_1_18' title='bbox 1700 435 2030 501; x_wconf 72' lang='lat' dir='ltr'><strong>Quodﬁlios</strong></span> <span class='ocrx_word' id='word_1_19' title='bbox 2057 434 2256 504; x_wconf 78' lang='lat' dir='ltr'><strong>A.plex</strong></span> <span class='ocrx_word' id='word_1_20' title='bbox 2280 432 2892 495; x_wconf 70' lang='lat' dir='ltr'><strong>,maledictionissermo</strong></span> <span class='ocrx_word' id='word_1_21' title='bbox 2920 432 3191 503; x_wconf 83' lang='lat' dir='ltr'><strong>dirigitur,</strong></span> <span class='ocrx_word' id='word_1_22' title='bbox 3216 440 3277 488; x_wconf 90' lang='lat' dir='ltr'><strong>ut</strong></span> <span class='ocrx_word' id='word_1_23' title='bbox 3303 433 3548 500; x_wconf 87' lang='lat' dir='ltr'><strong>audiant,</strong></span> <span class='ocrx_word' id='word_1_24' title='bbox 3603 448 3705 499; x_wconf 67' lang='lat' dir='ltr'><strong>Vm,</strong></span> 
     </span>
    </p>
   </div>
   <div class='ocr_carea' id='block_1_3' title="bbox 448 520 3708 596">
    <p class='ocr_par' dir='ltr' id='par_1_3' title="bbox 448 520 3708 596">
     <span class='ocr_line' id='line_1_3' title="bbox 448 520 3708 596; baseline -0.003 -8"><span class='ocrx_word' id='word_1_25' title='bbox 448 548 585 588; x_wconf 82' lang='lat' dir='ltr'><strong>suos</strong></span> <span class='ocrx_word' id='word_1_26' title='bbox 634 530 931 588; x_wconf 77' lang='lat' dir='ltr'><strong>Jerusalem</strong></span> <span class='ocrx_word' id='word_1_27' title='bbox 974 537 1032 583; x_wconf 90' lang='lat' dir='ltr'><strong>et</strong></span> <span class='ocrx_word' id='word_1_28' title='bbox 1081 527 1220 587; x_wconf 88' lang='lat' dir='ltr'><strong>ﬁlias</strong></span> <span class='ocrx_word' id='word_1_29' title='bbox 1250 526 1343 581; x_wconf 53' lang='lat' dir='ltr'><strong>.de</strong></span> <span class='ocrx_word' id='word_1_30' title='bbox 1368 527 1568 596; x_wconf 80' lang='lat' dir='ltr'><strong>quibus</strong></span> <span class='ocrx_word' id='word_1_31' title='bbox 1607 527 1868 596; x_wconf 88' lang='lat' dir='ltr'><strong>scriptum</strong></span> <span class='ocrx_word' id='word_1_32' title='bbox 1907 536 2028 596; x_wconf 71' lang='lat' dir='ltr'><strong>est:</strong></span> <span class='ocrx_word' id='word_1_33' title='bbox 2118 538 2211 585; x_wconf 62' lang='grc' dir='ltr'><strong>,ναξ</strong></span> <span class='ocrx_word' id='word_1_34' title='bbox 2252 522 2371 586; x_wconf 91' lang='lat' dir='ltr'><strong>tibi,</strong></span> <span class='ocrx_word' id='word_1_35' title='bbox 2400 522 2484 583; x_wconf 82' lang='lat' dir='ltr'><strong>ait</strong></span> <span class='ocrx_word' id='word_1_36' title='bbox 2524 522 2787 583; x_wconf 86' lang='lat' dir='ltr'><strong>Dominus</strong></span> <span class='ocrx_word' id='word_1_37' title='bbox 2822 520 3038 588; x_wconf 75' lang='lat' dir='ltr'><strong>Deus;i</strong></span> <span class='ocrx_word' id='word_1_38' title='bbox 3063 520 3217 589; x_wconf 92' lang='lat' dir='ltr'><strong>juxta</strong></span> <span class='ocrx_word' id='word_1_39' title='bbox 3248 520 3381 577; x_wconf 91' lang='lat' dir='ltr'><strong>illud</strong></span> <span class='ocrx_word' id='word_1_40' title='bbox 3405 523 3553 591; x_wconf 91' lang='lat' dir='ltr'><strong>quod</strong></span> <span class='ocrx_word' id='word_1_41' title='bbox 3570 523 3708 579; x_wconf 87' lang='lat' dir='ltr'><strong>scri-</strong></span> 
     </span>
    </p>
   </div>
   <div class='ocr_carea' id='block_1_4' title="bbox 464 589 3708 694">
    <p class='ocr_par' dir='ltr' id='par_1_4' title="bbox 464 589 3708 694">
     <span class='ocr_line' id='line_1_4' title="bbox 464 589 3708 694; baseline -0.004 -18"><span class='ocrx_word' id='word_1_42' title='bbox 464 643 483 676; x_wconf 78' lang='grc' dir='ltr'>ι</span> <span class='ocrx_word' id='word_1_43' title='bbox 516 624 682 679; x_wconf 79' lang='lat' dir='ltr'><strong>Filios</strong></span> <span class='ocrx_word' id='word_1_44' title='bbox 706 622 862 694; x_wconf 92' lang='lat' dir='ltr'><strong>genui</strong></span> <span class='ocrx_word' id='word_1_45' title='bbox 884 630 942 676; x_wconf 90' lang='lat' dir='ltr'><strong>et</strong></span> <span class='ocrx_word' id='word_1_46' title='bbox 960 620 1349 690; x_wconf 57' lang='lat' dir='ltr'><strong>exaltavi,~ipsi</strong></span> <span class='ocrx_word' id='word_1_47' title='bbox 1382 589 1562 673; x_wconf 76' lang='lat' dir='ltr'><strong>autem</strong></span> <span class='ocrx_word' id='word_1_48' title='bbox 1589 589 1909 687; x_wconf 66' lang='lat' dir='ltr'><strong>spreverunt</strong></span> <span class='ocrx_word' id='word_1_49' title='bbox 1945 589 2048 671; x_wconf 53' lang='lat' dir='ltr'><strong>md.</strong></span> <span class='ocrx_word' id='word_1_50' title='bbox 2129 619 2285 680; x_wconf 70' lang='lat' dir='ltr'><strong>ptum.</strong></span> <span class='ocrx_word' id='word_1_51' title='bbox 2305 621 2388 673; x_wconf 85' lang='lat' dir='ltr'><strong>est</strong></span> <span class='ocrx_word' id='word_1_52' title='bbox 2408 611 2462 665; x_wconf 90' lang='lat' dir='ltr'><strong>in</strong></span> <span class='ocrx_word' id='word_1_53' title='bbox 2495 609 2821 680; x_wconf 81' lang='lat' dir='ltr'><strong>Apocalypsi</strong></span> <span class='ocrx_word' id='word_1_54' title='bbox 2857 609 3122 671; x_wconf 79' lang='lat' dir='ltr'><strong>Joannis:</strong></span> <span class='ocrx_word' id='word_1_55' title='bbox 3153 611 3275 669; x_wconf 72' lang='lat' dir='ltr'><strong>«Va:</strong></span> <span class='ocrx_word' id='word_1_56' title='bbox 3311 589 3474 683; x_wconf 79' lang='lat' dir='ltr'><strong>super</strong></span> <span class='ocrx_word' id='word_1_57' title='bbox 3516 627 3708 670; x_wconf 77' lang='lat' dir='ltr'><strong>omnes</strong></span> 
     </span>
    </p>
   </div>
   <div class='ocr_carea' id='block_1_5' title="bbox 461 710 2030 785">
    <p class='ocr_par' dir='ltr' id='par_1_5' title="bbox 461 710 2030 785">
     <span class='ocr_line' id='line_1_5' title="bbox 461 710 2030 785; baseline -0.006 -16"><span class='ocrx_word' id='word_1_58' title='bbox 461 714 701 785; x_wconf 70' lang='lat' dir='ltr'><strong>(Isa.1),i</strong></span> <span class='ocrx_word' id='word_1_59' title='bbox 718 714 876 769; x_wconf 83' lang='lat' dir='ltr'><strong>idolis</strong></span> <span class='ocrx_word' id='word_1_60' title='bbox 902 712 1261 767; x_wconf 79' lang='lat' dir='ltr'><strong>immutaverit</strong></span> <span class='ocrx_word' id='word_1_61' title='bbox 1287 720 1473 766; x_wconf 86' lang='lat' dir='ltr'><strong>sancta</strong></span> <span class='ocrx_word' id='word_1_62' title='bbox 1496 710 1779 778; x_wconf 77' lang='lat' dir='ltr'><strong>Scriptura</strong></span> <span class='ocrx_word' id='word_1_63' title='bbox 1795 721 2030 762; x_wconf 87' lang='lat' dir='ltr'><strong>comme-</strong></span> 
     </span>
    </p>
   </div>
   <div class='ocr_carea' id='block_1_6' title="bbox 459 794 2030 860">
    <p class='ocr_par' dir='ltr' id='par_1_6' title="bbox 459 794 2030 860">
     <span class='ocr_line' id='line_1_6' title="bbox 459 794 2030 860; baseline -0.009 0"><span class='ocrx_word' id='word_1_64' title='bbox 459 812 671 860; x_wconf 85' lang='lat' dir='ltr'><strong>morat:</strong></span> <span class='ocrx_word' id='word_1_65' title='bbox 699 822 718 855; x_wconf 82' lang='lat' dir='ltr'><strong>t</strong></span> <span class='ocrx_word' id='word_1_66' title='bbox 749 802 1168 858; x_wconf 79' lang='lat' dir='ltr'><strong>immolaverunt</strong></span> <span class='ocrx_word' id='word_1_67' title='bbox 1198 800 1337 855; x_wconf 89' lang='lat' dir='ltr'><strong>ﬁlios</strong></span> <span class='ocrx_word' id='word_1_68' title='bbox 1366 809 1419 855; x_wconf 88' lang='lat' dir='ltr'><strong>et</strong></span> <span class='ocrx_word' id='word_1_69' title='bbox 1445 800 1588 853; x_wconf 79' lang='lat' dir='ltr'><strong>tilias</strong></span> <span class='ocrx_word' id='word_1_70' title='bbox 1605 813 1743 853; x_wconf 84' lang='lat' dir='ltr'><strong>.suas</strong></span> <span class='ocrx_word' id='word_1_71' title='bbox 1776 794 2030 851; x_wconf 69' lang='lat' dir='ltr'><strong>daemoni-</strong></span> 
     </span>
    </p>
   </div>
   <div class='ocr_carea' id='block_1_7' title="bbox 460 888 2032 966">
    <p class='ocr_par' dir='ltr' id='par_1_7' title="bbox 460 888 2032 966">
     <span class='ocr_line' id='line_1_7' title="bbox 460 888 2032 966; baseline -0.008 -16"><span class='ocrx_word' id='word_1_72' title='bbox 460 893 884 966; x_wconf 73' lang='lat' dir='ltr'><strong>bus(Psal.cv).</strong></span> <span class='ocrx_word' id='word_1_73' title='bbox 932 892 1048 947; x_wconf 70' lang='grc' dir='ltr'><strong>»Εἰ</strong></span> <span class='ocrx_word' id='word_1_74' title='bbox 1096 893 1331 947; x_wconf 85' lang='lat' dir='ltr'><strong>iterum:</strong></span> <span class='ocrx_word' id='word_1_75' title='bbox 1377 912 1394 942; x_wconf 82' lang='lat' dir='ltr'><strong>t</strong></span> <span class='ocrx_word' id='word_1_76' title='bbox 1424 890 1570 956; x_wconf 84' lang='lat' dir='ltr'><strong>Quas</strong></span> <span class='ocrx_word' id='word_1_77' title='bbox 1616 888 2032 944; x_wconf 84' lang='lat' dir='ltr'><strong>immolaverunt</strong></span> 
     </span>
    </p>
   </div>
   <div class='ocr_carea' id='block_1_8' title="bbox 457 973 2032 1056">
    <p class='ocr_par' dir='ltr' id='par_1_8' title="bbox 457 973 2032 1056">
     <span class='ocr_line' id='line_1_8' title="bbox 457 973 2032 1056; baseline -0.008 -16"><span class='ocrx_word' id='word_1_78' title='bbox 457 984 803 1056; x_wconf 83' lang='lat' dir='ltr'><strong>sculptilibns</strong></span> <span class='ocrx_word' id='word_1_79' title='bbox 822 983 1099 1039; x_wconf 78' lang='lat' dir='ltr'><strong>Chanaan.</strong></span> <span class='ocrx_word' id='word_1_80' title='bbox 1136 1001 1154 1034; x_wconf 71' lang='grc' dir='ltr'><strong><em>ι</em></strong></span> <span class='ocrx_word' id='word_1_81' title='bbox 1188 981 1324 1037; x_wconf 79' lang='lat' dir='ltr'><strong>Suos</strong></span> <span class='ocrx_word' id='word_1_82' title='bbox 1357 990 1535 1034; x_wconf 84' lang='lat' dir='ltr'><strong>autem</strong></span> <span class='ocrx_word' id='word_1_83' title='bbox 1566 988 1727 1033; x_wconf 85' lang='lat' dir='ltr'><strong>vocat</strong></span> <span class='ocrx_word' id='word_1_84' title='bbox 1748 977 1902 1047; x_wconf 79' lang='lat' dir='ltr'><strong>juxta</strong></span> <span class='ocrx_word' id='word_1_85' title='bbox 1926 973 2032 1030; x_wconf 79' lang='lat' dir='ltr'><strong>He—</strong></span> 
     </span>
    </p>
   </div>
   <div class='ocr_carea' id='block_1_9' title="bbox 456 1056 2026 1146">
    <p class='ocr_par' dir='ltr' id='par_1_9' title="bbox 456 1056 2026 1146">
     <span class='ocr_line' id='line_1_9' title="bbox 456 1056 2026 1146; baseline -0.008 -14"><span class='ocrx_word' id='word_1_86' title='bbox 456 1077 721 1132; x_wconf 88' lang='lat' dir='ltr'><strong>braieum.</strong></span> <span class='ocrx_word' id='word_1_87' title='bbox 746 1075 865 1146; x_wconf 87' lang='lat' dir='ltr'><strong>lpse</strong></span> <span class='ocrx_word' id='word_1_88' title='bbox 884 1075 1030 1129; x_wconf 90' lang='lat' dir='ltr'><strong>enim</strong></span> <span class='ocrx_word' id='word_1_89' title='bbox 1057 1075 1124 1129; x_wconf 91' lang='lat' dir='ltr'><strong>de</strong></span> <span class='ocrx_word' id='word_1_90' title='bbox 1149 1074 1229 1129; x_wconf 89' lang='lat' dir='ltr'><strong>eis</strong></span> <span class='ocrx_word' id='word_1_91' title='bbox 1261 1073 1492 1133; x_wconf 75' lang='lat' dir='ltr'><strong>dixerat,</strong></span> <span class='ocrx_word' id='word_1_92' title='bbox 1524 1069 1663 1138; x_wconf 71' lang='lat' dir='ltr'><strong>ﬁlias</strong></span> <span class='ocrx_word' id='word_1_93' title='bbox 1688 1056 2026 1131; x_wconf 63' lang='lat' dir='ltr'><strong>.meos,.siv&#39;e,</strong></span> 
     </span>
    </p>
   </div>
   <div class='ocr_carea' id='block_1_10' title="bbox 448 1158 2028 1237">
    <p class='ocr_par' dir='ltr' id='par_1_10' title="bbox 448 1158 2028 1237">
     <span class='ocr_line' id='line_1_10' title="bbox 448 1158 2028 1237; baseline -0.007 -17"><span class='ocrx_word' id='word_1_94' title='bbox 448 1163 605 1235; x_wconf 81' lang='lat' dir='ltr'><strong>juxta</strong></span> <span class='ocrx_word' id='word_1_95' title='bbox 640 1165 1010 1237; x_wconf 75' lang='lat' dir='ltr'><strong>Septuaginta,</strong></span> <span class='ocrx_word' id='word_1_96' title='bbox 1032 1174 1172 1229; x_wconf 77' lang='lat' dir='ltr'><strong>tuos,</strong></span> <span class='ocrx_word' id='word_1_97' title='bbox 1202 1178 1337 1232; x_wconf 90' lang='lat' dir='ltr'><strong>quos</strong></span> <span class='ocrx_word' id='word_1_98' title='bbox 1372 1163 1440 1217; x_wconf 90' lang='lat' dir='ltr'><strong>de</strong></span> <span class='ocrx_word' id='word_1_99' title='bbox 1480 1158 1839 1215; x_wconf 80' lang='lat' dir='ltr'><strong>fornicatione</strong></span> <span class='ocrx_word' id='word_1_100' title='bbox 1862 1170 2028 1224; x_wconf 83' lang='lat' dir='ltr'><strong>gene—</strong></span> 
     </span>
    </p>
   </div>
   <div class='ocr_carea' id='block_1_11' title="bbox 456 1246 2031 1320">
    <p class='ocr_par' dir='ltr' id='par_1_11' title="bbox 456 1246 2031 1320">
     <span class='ocr_line' id='line_1_11' title="bbox 456 1246 2031 1320; baseline -0.006 -10"><span class='ocrx_word' id='word_1_101' title='bbox 456 1255 608 1310; x_wconf 90' lang='lat' dir='ltr'><strong>rasti.</strong></span> <span class='ocrx_word' id='word_1_102' title='bbox 635 1256 769 1311; x_wconf 87' lang='lat' dir='ltr'><strong>Cum</strong></span> <span class='ocrx_word' id='word_1_103' title='bbox 796 1257 926 1319; x_wconf 66' lang='lat' dir='ltr'><strong>haec,</strong></span> <span class='ocrx_word' id='word_1_104' title='bbox 952 1256 1048 1320; x_wconf 85' lang='lat' dir='ltr'><strong>ait,</strong></span> <span class='ocrx_word' id='word_1_105' title='bbox 1079 1254 1294 1319; x_wconf 78' lang='lat' dir='ltr'><strong>feceris,</strong></span> <span class='ocrx_word' id='word_1_106' title='bbox 1326 1268 1433 1308; x_wconf 87' lang='lat' dir='ltr'><strong>non</strong></span> <span class='ocrx_word' id='word_1_107' title='bbox 1462 1266 1523 1307; x_wconf 91' lang='lat' dir='ltr'><strong>es</strong></span> <span class='ocrx_word' id='word_1_108' title='bbox 1546 1249 1829 1305; x_wconf 84' lang='lat' dir='ltr'><strong>recordata</strong></span> <span class='ocrx_word' id='word_1_109' title='bbox 1854 1246 2031 1303; x_wconf 85' lang='lat' dir='ltr'><strong>infan-</strong></span> 
     </span>
    </p>
   </div>
   <div class='ocr_carea' id='block_1_12' title="bbox 432 1337 2030 1415">
    <p class='ocr_par' dir='ltr' id='par_1_12' title="bbox 432 1337 2030 1415">
     <span class='ocr_line' id='line_1_12' title="bbox 432 1337 2030 1415; baseline -0.004 -18"><span class='ocrx_word' id='word_1_110' title='bbox 432 1344 545 1397; x_wconf 68' lang='lat' dir='ltr'><strong>tiu:</strong></span> <span class='ocrx_word' id='word_1_111' title='bbox 569 1353 696 1411; x_wconf 73' lang='lat' dir='ltr'><strong>tute,</strong></span> <span class='ocrx_word' id='word_1_112' title='bbox 722 1346 938 1415; x_wconf 87' lang='lat' dir='ltr'><strong>quando</strong></span> <span class='ocrx_word' id='word_1_113' title='bbox 961 1345 1059 1400; x_wconf 90' lang='lat' dir='ltr'><strong>tuli</strong></span> <span class='ocrx_word' id='word_1_114' title='bbox 1083 1355 1135 1399; x_wconf 90' lang='lat' dir='ltr'><strong>te</strong></span> <span class='ocrx_word' id='word_1_115' title='bbox 1179 1354 1527 1413; x_wconf 86' lang='lat' dir='ltr'><strong>conspersam</strong></span> <span class='ocrx_word' id='word_1_116' title='bbox 1554 1339 1822 1411; x_wconf 78' lang='lat' dir='ltr'><strong>sanguine</strong></span> <span class='ocrx_word' id='word_1_117' title='bbox 1860 1346 1917 1393; x_wconf 91' lang='lat' dir='ltr'><strong>et</strong></span> <span class='ocrx_word' id='word_1_118' title='bbox 1950 1337 2030 1391; x_wconf 91' lang='lat' dir='ltr'><strong>la-</strong></span> 
     </span>
    </p>
   </div>
   <div class='ocr_carea' id='block_1_13' title="bbox 455 1426 2025 1503">
    <p class='ocr_par' dir='ltr' id='par_1_13' title="bbox 455 1426 2025 1503">
     <span class='ocr_line' id='line_1_13' title="bbox 455 1426 2025 1503; baseline -0.003 -18"><span class='ocrx_word' id='word_1_119' title='bbox 455 1431 545 1497; x_wconf 88' lang='lat' dir='ltr'><strong>vi,</strong></span> <span class='ocrx_word' id='word_1_120' title='bbox 589 1442 645 1487; x_wconf 91' lang='lat' dir='ltr'><strong>et</strong></span> <span class='ocrx_word' id='word_1_121' title='bbox 673 1443 792 1503; x_wconf 90' lang='lat' dir='ltr'><strong>post</strong></span> <span class='ocrx_word' id='word_1_122' title='bbox 818 1434 985 1487; x_wconf 87' lang='lat' dir='ltr'><strong>multa</strong></span> <span class='ocrx_word' id='word_1_123' title='bbox 1017 1449 1136 1503; x_wconf 71' lang='lat' dir='ltr'><strong>qua:</strong></span> <span class='ocrx_word' id='word_1_124' title='bbox 1160 1432 1509 1503; x_wconf 82' lang='lat' dir='ltr'><strong>propheticus</strong></span> <span class='ocrx_word' id='word_1_125' title='bbox 1539 1444 1723 1484; x_wconf 87' lang='lat' dir='ltr'><strong>sermo</strong></span> <span class='ocrx_word' id='word_1_126' title='bbox 1763 1426 2025 1491; x_wconf 85' lang='lat' dir='ltr'><strong>narravit,</strong></span> 
     </span>
    </p>
   </div>
   <div class='ocr_carea' id='block_1_14' title="bbox 429 1519 2029 1593">
    <p class='ocr_par' dir='ltr' id='par_1_14' title="bbox 429 1519 2029 1593">
     <span class='ocr_line' id='line_1_14' title="bbox 429 1519 2029 1593; baseline -0.001 -18"><span class='ocrx_word' id='word_1_127' title='bbox 429 1522 702 1591; x_wconf 73' lang='lat' dir='ltr'><strong>~copulavi</strong></span> <span class='ocrx_word' id='word_1_128' title='bbox 744 1524 898 1578; x_wconf 90' lang='lat' dir='ltr'><strong>mihi.</strong></span> <span class='ocrx_word' id='word_1_129' title='bbox 939 1523 1130 1578; x_wconf 85' lang='lat' dir='ltr'><strong>Nostra</strong></span> <span class='ocrx_word' id='word_1_130' title='bbox 1159 1536 1374 1593; x_wconf 86' lang='lat' dir='ltr'><strong>quoque</strong></span> <span class='ocrx_word' id='word_1_131' title='bbox 1412 1521 1708 1577; x_wconf 84' lang='lat' dir='ltr'><strong>Jerusalem</strong></span> <span class='ocrx_word' id='word_1_132' title='bbox 1762 1519 1808 1574; x_wconf 87' lang='lat' dir='ltr'><strong>si</strong></span> <span class='ocrx_word' id='word_1_133' title='bbox 1857 1519 2029 1574; x_wconf 63' lang='lat' dir='ltr'><strong>bane-</strong></span> 
     </span>
    </p>
   </div>
   <div class='ocr_carea' id='block_1_15' title="bbox 424 1611 2025 1683">
    <p class='ocr_par' dir='ltr' id='par_1_15' title="bbox 424 1611 2025 1683">
     <span class='ocr_line' id='line_1_15' title="bbox 424 1611 2025 1683; baseline -0.002 -16"><span class='ocrx_word' id='word_1_134' title='bbox 424 1630 429 1631; x_wconf 65' lang='lat'><strong><em>&#39;</em></strong></span> <span class='ocrx_word' id='word_1_135' title='bbox 455 1614 559 1668; x_wconf 83' lang='lat' dir='ltr'><strong>tica</strong></span> <span class='ocrx_word' id='word_1_136' title='bbox 576 1613 1122 1669; x_wconf 81' lang='lat' dir='ltr'><strong>fueritfraudulentia</strong></span> <span class='ocrx_word' id='word_1_137' title='bbox 1152 1613 1519 1683; x_wconf 86' lang='lat' dir='ltr'><strong>supplantata,</strong></span> <span class='ocrx_word' id='word_1_138' title='bbox 1547 1611 1848 1666; x_wconf 87' lang='lat' dir='ltr'><strong>tollit-ﬁlios</strong></span> <span class='ocrx_word' id='word_1_139' title='bbox 1874 1624 2025 1677; x_wconf 86' lang='lat' dir='ltr'><strong>suos,</strong></span> 
     </span>
    </p>
   </div>
   <div class='ocr_carea' id='block_1_16' title="bbox 438 1699 2026 1773">
    <p class='ocr_par' dir='ltr' id='par_1_16' title="bbox 438 1699 2026 1773">
     <span class='ocr_line' id='line_1_16' title="bbox 438 1699 2026 1773; baseline -0.003 -15"><span class='ocrx_word' id='word_1_140' title='bbox 438 1704 543 1773; x_wconf 86' lang='lat' dir='ltr'><strong>qui</strong></span> <span class='ocrx_word' id='word_1_141' title='bbox 586 1703 891 1759; x_wconf 85' lang='lat' dir='ltr'><strong>subtiliores</strong></span> <span class='ocrx_word' id='word_1_142' title='bbox 927 1704 979 1757; x_wconf 90' lang='lat' dir='ltr'><strong>in</strong></span> <span class='ocrx_word' id='word_1_143' title='bbox 1026 1703 1131 1758; x_wconf 88' lang='lat' dir='ltr'><strong>ﬁde</strong></span> <span class='ocrx_word' id='word_1_144' title='bbox 1168 1712 1315 1768; x_wconf 88' lang='lat' dir='ltr'><strong>sunt,</strong></span> <span class='ocrx_word' id='word_1_145' title='bbox 1344 1712 1399 1757; x_wconf 90' lang='lat' dir='ltr'><strong>et</strong></span> <span class='ocrx_word' id='word_1_146' title='bbox 1448 1702 1585 1756; x_wconf 87' lang='lat' dir='ltr'><strong>ﬁlias</strong></span> <span class='ocrx_word' id='word_1_147' title='bbox 1616 1715 1739 1771; x_wconf 67' lang='lat' dir='ltr'><strong>qum</strong></span> <span class='ocrx_word' id='word_1_148' title='bbox 1779 1714 1887 1755; x_wconf 89' lang='lat' dir='ltr'><strong>non</strong></span> <span class='ocrx_word' id='word_1_149' title='bbox 1928 1699 2026 1753; x_wconf 87' lang='lat' dir='ltr'><strong>ha-</strong></span> 
     </span>
    </p>
   </div>
   <div class='ocr_carea' id='block_1_17' title="bbox 2124 699 3711 772">
    <p class='ocr_par' dir='ltr' id='par_1_17' title="bbox 2124 699 3711 772">
     <span class='ocr_line' id='line_1_17' title="bbox 2124 699 3711 772; baseline 0.002 -15"><span class='ocrx_word' id='word_1_150' title='bbox 2124 701 2466 757; x_wconf 77' lang='lat' dir='ltr'><strong>hubilatores</strong></span> <span class='ocrx_word' id='word_1_151' title='bbox 2521 709 2682 765; x_wconf 71' lang='lat' dir='ltr'><strong>terra:</strong></span> <span class='ocrx_word' id='word_1_152' title='bbox 2727 700 2910 771; x_wconf 78' lang='lat' dir='ltr'><strong>(Apoc.</strong></span> <span class='ocrx_word' id='word_1_153' title='bbox 2940 699 3082 772; x_wconf 85' lang='lat' dir='ltr'><strong>vni).</strong></span> <span class='ocrx_word' id='word_1_154' title='bbox 3112 719 3131 751; x_wconf 71' lang='grc' dir='ltr'><strong><em>ι</em></strong></span> <span class='ocrx_word' id='word_1_155' title='bbox 3180 702 3239 756; x_wconf 90' lang='lat' dir='ltr'><strong>Si</strong></span> <span class='ocrx_word' id='word_1_156' title='bbox 3285 702 3431 757; x_wconf 87' lang='lat' dir='ltr'><strong>enim</strong></span> <span class='ocrx_word' id='word_1_157' title='bbox 3483 713 3711 760; x_wconf 78' lang='lat' dir='ltr'><strong>sanctus</strong></span> 
     </span>
    </p>
   </div>
   <div class='ocr_carea' id='block_1_18' title="bbox 2131 789 3709 865">
    <p class='ocr_par' dir='ltr' id='par_1_18' title="bbox 2131 789 3709 865">
     <span class='ocr_line' id='line_1_18' title="bbox 2131 789 3709 865; baseline 0.006 -24"><span class='ocrx_word' id='word_1_158' title='bbox 2131 790 2294 848; x_wconf 87' lang='lat' dir='ltr'><strong>dicit:</strong></span> <span class='ocrx_word' id='word_1_159' title='bbox 2317 789 2562 845; x_wconf 64' lang='lat' dir='ltr'><strong>«Advena</strong></span> <span class='ocrx_word' id='word_1_160' title='bbox 2586 805 2705 844; x_wconf 90' lang='lat' dir='ltr'><strong>sum</strong></span> <span class='ocrx_word' id='word_1_161' title='bbox 2727 798 2783 844; x_wconf 93' lang='lat' dir='ltr'><strong>et</strong></span> <span class='ocrx_word' id='word_1_162' title='bbox 2804 790 3142 860; x_wconf 84' lang='lat' dir='ltr'><strong>peregrinus,</strong></span> <span class='ocrx_word' id='word_1_163' title='bbox 3164 791 3508 865; x_wconf 87' lang='lat' dir='ltr'><strong>sicutomnes</strong></span> <span class='ocrx_word' id='word_1_164' title='bbox 3525 802 3709 864; x_wconf 80' lang='lat' dir='ltr'><strong>patres</strong></span> 
     </span>
    </p>
   </div>
   <div class='ocr_carea' id='block_1_19' title="bbox 2124 878 3711 951">
    <p class='ocr_par' dir='ltr' id='par_1_19' title="bbox 2124 878 3711 951">
     <span class='ocr_line' id='line_1_19' title="bbox 2124 878 3711 951; baseline 0.004 -18"><span class='ocrx_word' id='word_1_165' title='bbox 2124 879 2236 933; x_wconf 86' lang='lat' dir='ltr'><strong>mei</strong></span> <span class='ocrx_word' id='word_1_166' title='bbox 2281 878 2455 951; x_wconf 66' lang='lat' dir='ltr'><strong>(Ptol.</strong></span> <span class='ocrx_word' id='word_1_167' title='bbox 2481 879 2737 951; x_wconf 82' lang='lat' dir='ltr'><strong>xxxvni),</strong></span> <span class='ocrx_word' id='word_1_168' title='bbox 2759 899 2779 932; x_wconf 73' lang='grc' dir='ltr'><strong><em>ι</em></strong></span> <span class='ocrx_word' id='word_1_169' title='bbox 2813 895 2985 949; x_wconf 88' lang='lat' dir='ltr'><strong>quare</strong></span> <span class='ocrx_word' id='word_1_170' title='bbox 3010 895 3117 935; x_wconf 87' lang='lat' dir='ltr'><strong>non</strong></span> <span class='ocrx_word' id='word_1_171' title='bbox 3151 890 3408 951; x_wconf 83' lang='lat' dir='ltr'><strong>peccator</strong></span> <span class='ocrx_word' id='word_1_172' title='bbox 3432 883 3711 939; x_wconf 82' lang='lat' dir='ltr'><strong>habitator</strong></span> 
     </span>
    </p>
   </div>
   <div class='ocr_carea' id='block_1_20' title="bbox 2132 969 3708 1042">
    <p class='ocr_par' dir='ltr' id='par_1_20' title="bbox 2132 969 3708 1042">
     <span class='ocr_line' id='line_1_20' title="bbox 2132 969 3708 1042; baseline 0.003 -19"><span class='ocrx_word' id='word_1_173' title='bbox 2132 977 2290 1025; x_wconf 65' lang='lat' dir='ltr'><strong>terra:</strong></span> <span class='ocrx_word' id='word_1_174' title='bbox 2315 985 2436 1024; x_wconf 88' lang='lat' dir='ltr'><strong>esse</strong></span> <span class='ocrx_word' id='word_1_175' title='bbox 2469 969 2703 1036; x_wconf 81' lang='lat' dir='ltr'><strong>dicitur?</strong></span> <span class='ocrx_word' id='word_1_176' title='bbox 2728 970 2986 1029; x_wconf 72' lang='lat' dir='ltr'><strong>ASdiﬁcat</strong></span> <span class='ocrx_word' id='word_1_177' title='bbox 3009 978 3191 1026; x_wconf 88' lang='lat' dir='ltr'><strong>autem</strong></span> <span class='ocrx_word' id='word_1_178' title='bbox 3215 971 3318 1031; x_wconf 83' lang='lat' dir='ltr'><strong>sibi</strong></span> <span class='ocrx_word' id='word_1_179' title='bbox 3343 970 3595 1042; x_wconf 85' lang='lat' dir='ltr'><strong>lupanar,</strong></span> <span class='ocrx_word' id='word_1_180' title='bbox 3616 972 3708 1042; x_wconf 85' lang='lat' dir='ltr'><strong>qui</strong></span> 
     </span>
    </p>
   </div>
   <div class='ocr_carea' id='block_1_21' title="bbox 2131 1058 3709 1135">
    <p class='ocr_par' dir='ltr' id='par_1_21' title="bbox 2131 1058 3709 1135">
     <span class='ocr_line' id='line_1_21' title="bbox 2131 1058 3709 1135; baseline 0.003 -22"><span class='ocrx_word' id='word_1_181' title='bbox 2131 1066 2242 1113; x_wconf 87' lang='lat' dir='ltr'><strong>tota</strong></span> <span class='ocrx_word' id='word_1_182' title='bbox 2307 1058 2502 1121; x_wconf 81' lang='lat' dir='ltr'><strong>frontis</strong></span> <span class='ocrx_word' id='word_1_183' title='bbox 2548 1058 2796 1123; x_wconf 84' lang='lat' dir='ltr'><strong>libertate</strong></span> <span class='ocrx_word' id='word_1_184' title='bbox 2842 1058 3341 1133; x_wconf 40' lang='lat' dir='ltr'><strong>delinquitLjuxta</strong></span> <span class='ocrx_word' id='word_1_185' title='bbox 3390 1059 3523 1116; x_wconf 91' lang='lat' dir='ltr'><strong>illud</strong></span> <span class='ocrx_word' id='word_1_186' title='bbox 3558 1061 3709 1135; x_wconf 85' lang='lat' dir='ltr'><strong>quod</strong></span> 
     </span>
    </p>
   </div>
   <div class='ocr_carea' id='block_1_22' title="bbox 2129 1149 3707 1225">
    <p class='ocr_par' dir='ltr' id='par_1_22' title="bbox 2129 1149 3707 1225">
     <span class='ocr_line' id='line_1_22' title="bbox 2129 1149 3707 1225; baseline 0.004 -23"><span class='ocrx_word' id='word_1_187' title='bbox 2129 1149 2390 1219; x_wconf 88' lang='lat' dir='ltr'><strong>scriptum</strong></span> <span class='ocrx_word' id='word_1_188' title='bbox 2428 1158 2552 1205; x_wconf 90' lang='lat' dir='ltr'><strong>est:</strong></span> <span class='ocrx_word' id='word_1_189' title='bbox 2584 1168 2602 1201; x_wconf 85' lang='lat' dir='ltr'><strong>t</strong></span> <span class='ocrx_word' id='word_1_190' title='bbox 2624 1149 2888 1205; x_wconf 89' lang='lat' dir='ltr'><strong>Peccator</strong></span> <span class='ocrx_word' id='word_1_191' title='bbox 2917 1165 3040 1217; x_wconf 81' lang='lat' dir='ltr'><strong>cum</strong></span> <span class='ocrx_word' id='word_1_192' title='bbox 3069 1152 3283 1223; x_wconf 61' lang='lat' dir='ltr'><strong>venerit</strong></span> <span class='ocrx_word' id='word_1_193' title='bbox 3298 1152 3353 1207; x_wconf 90' lang='lat' dir='ltr'><strong>in</strong></span> <span class='ocrx_word' id='word_1_194' title='bbox 3378 1151 3707 1225; x_wconf 85' lang='lat' dir='ltr'><strong>profundum</strong></span> 
     </span>
    </p>
   </div>
   <div class='ocr_carea' id='block_1_23' title="bbox 2130 1238 3227 1311">
    <p class='ocr_par' dir='ltr' id='par_1_23' title="bbox 2130 1238 3227 1311">
     <span class='ocr_line' id='line_1_23' title="bbox 2130 1238 3227 1311; baseline 0.003 -18"><span class='ocrx_word' id='word_1_195' title='bbox 2130 1238 2450 1307; x_wconf 84' lang='lat' dir='ltr'><strong>iniquitatis,</strong></span> <span class='ocrx_word' id='word_1_196' title='bbox 2475 1242 2775 1296; x_wconf 85' lang='lat' dir='ltr'><strong>contemnit</strong></span> <span class='ocrx_word' id='word_1_197' title='bbox 2799 1238 2981 1311; x_wconf 79' lang='lat' dir='ltr'><strong>(Prov.</strong></span> <span class='ocrx_word' id='word_1_198' title='bbox 3006 1241 3184 1311; x_wconf 69' lang='grc' dir='ltr'><strong>ινιιι).</strong></span> <span class='ocrx_word' id='word_1_199' title='bbox 3206 1261 3227 1296; x_wconf 71' lang='grc' dir='ltr'>ι</span> 
     </span>
    </p>
   </div>
   <div class='ocr_carea' id='block_1_24' title="bbox 2200 1326 3701 1405">
    <p class='ocr_par' dir='ltr' id='par_1_24' title="bbox 2200 1326 3701 1405">
     <span class='ocr_line' id='line_1_24' title="bbox 2200 1326 3701 1405; baseline 0.004 -23"><span class='ocrx_word' id='word_1_200' title='bbox 2200 1327 2269 1382; x_wconf 85' lang='lat' dir='ltr'><strong>Et</strong></span> <span class='ocrx_word' id='word_1_201' title='bbox 2310 1326 2882 1391; x_wconf 80' lang='lat' dir='ltr'><strong>exstruxlaltissimum</strong></span> <span class='ocrx_word' id='word_1_202' title='bbox 2908 1330 3087 1397; x_wconf 82' lang='lat' dir='ltr'><strong>locum</strong></span> <span class='ocrx_word' id='word_1_203' title='bbox 3136 1331 3194 1386; x_wconf 87' lang='lat' dir='ltr'><strong>in</strong></span> <span class='ocrx_word' id='word_1_204' title='bbox 3237 1331 3447 1388; x_wconf 88' lang='lat' dir='ltr'><strong>cunctis</strong></span> <span class='ocrx_word' id='word_1_205' title='bbox 3486 1332 3701 1405; x_wconf 85' lang='lat' dir='ltr'><strong>plateis.</strong></span> 
     </span>
    </p>
   </div>
   <div class='ocr_carea' id='block_1_25' title="bbox 2135 1419 3703 1497">
    <p class='ocr_par' dir='ltr' id='par_1_25' title="bbox 2135 1419 3703 1497">
     <span class='ocr_line' id='line_1_25' title="bbox 2135 1419 3703 1497; baseline 0.003 -24"><span class='ocrx_word' id='word_1_206' title='bbox 2135 1438 2153 1471; x_wconf 74' lang='grc' dir='ltr'>ι</span> <span class='ocrx_word' id='word_1_207' title='bbox 2185 1419 2321 1474; x_wconf 88' lang='lat' dir='ltr'><strong>Lata</strong></span> <span class='ocrx_word' id='word_1_208' title='bbox 2352 1420 2498 1483; x_wconf 86' lang='lat' dir='ltr'><strong>enim</strong></span> <span class='ocrx_word' id='word_1_209' title='bbox 2526 1428 2584 1474; x_wconf 92' lang='lat' dir='ltr'><strong>et</strong></span> <span class='ocrx_word' id='word_1_210' title='bbox 2606 1421 2842 1490; x_wconf 86' lang='lat' dir='ltr'><strong>spatiosa</strong></span> <span class='ocrx_word' id='word_1_211' title='bbox 2887 1421 2976 1476; x_wconf 87' lang='lat' dir='ltr'><strong>via</strong></span> <span class='ocrx_word' id='word_1_212' title='bbox 3004 1437 3138 1492; x_wconf 75' lang='lat' dir='ltr'><strong>qua:</strong></span> <span class='ocrx_word' id='word_1_213' title='bbox 3171 1421 3322 1479; x_wconf 90' lang='lat' dir='ltr'><strong>ducit</strong></span> <span class='ocrx_word' id='word_1_214' title='bbox 3359 1422 3431 1477; x_wconf 89' lang='lat' dir='ltr'><strong>ad</strong></span> <span class='ocrx_word' id='word_1_215' title='bbox 3472 1424 3703 1497; x_wconf 80' lang='lat' dir='ltr'><strong>mortem</strong></span> 
     </span>
    </p>
   </div>
   <div class='ocr_carea' id='block_1_26' title="bbox 2131 1506 3704 1583">
    <p class='ocr_par' dir='ltr' id='par_1_26' title="bbox 2131 1506 3704 1583">
     <span class='ocr_line' id='line_1_26' title="bbox 2131 1506 3704 1583; baseline 0.003 -22"><span class='ocrx_word' id='word_1_216' title='bbox 2131 1506 2346 1579; x_wconf 72' lang='lat' dir='ltr'><strong>(Matth.</strong></span> <span class='ocrx_word' id='word_1_217' title='bbox 2371 1507 2497 1579; x_wconf 76' lang='lat' dir='ltr'><strong>vit).</strong></span> <span class='ocrx_word' id='word_1_218' title='bbox 2528 1527 2548 1561; x_wconf 73' lang='grc' dir='ltr'><strong><em>ι</em></strong></span> <span class='ocrx_word' id='word_1_219' title='bbox 2601 1507 2670 1563; x_wconf 86' lang='lat' dir='ltr'><strong>Et</strong></span> <span class='ocrx_word' id='word_1_220' title='bbox 2705 1509 2760 1562; x_wconf 92' lang='lat' dir='ltr'><strong>in</strong></span> <span class='ocrx_word' id='word_1_221' title='bbox 2790 1508 2951 1576; x_wconf 65' lang='lat' dir='ltr'><strong>omni</strong></span> <span class='ocrx_word' id='word_1_222' title='bbox 2978 1509 3167 1578; x_wconf 82' lang='lat' dir='ltr'><strong>capite</strong></span> <span class='ocrx_word' id='word_1_223' title='bbox 3206 1509 3307 1564; x_wconf 66' lang='lat' dir='ltr'><strong>via:</strong></span> <span class='ocrx_word' id='word_1_224' title='bbox 3341 1508 3609 1573; x_wconf 61' lang='lat' dir='ltr'><strong>aediﬁcat.</strong></span> <span class='ocrx_word' id='word_1_225' title='bbox 3634 1517 3704 1583; x_wconf 6' lang='lat' dir='ltr'><strong>(ut</strong></span> 
     </span>
    </p>
   </div>
   <div class='ocr_carea' id='block_1_27' title="bbox 2129 1598 3705 1676">
    <p class='ocr_par' dir='ltr' id='par_1_27' title="bbox 2129 1598 3705 1676">
     <span class='ocr_line' id='line_1_27' title="bbox 2129 1598 3705 1676; baseline 0.003 -26"><span class='ocrx_word' id='word_1_226' title='bbox 2129 1598 2275 1659; x_wconf 87' lang='lat' dir='ltr'><strong>nulla</strong></span> <span class='ocrx_word' id='word_1_227' title='bbox 2314 1605 2675 1666; x_wconf 78' lang='lat' dir='ltr'><strong>peccatorum.</strong></span> <span class='ocrx_word' id='word_1_228' title='bbox 2702 1612 2907 1666; x_wconf 81' lang='lat' dir='ltr'><strong>genera</strong></span> <span class='ocrx_word' id='word_1_229' title='bbox 2937 1598 3298 1670; x_wconf 82' lang='lat' dir='ltr'><strong>derelinquat,</strong></span> <span class='ocrx_word' id='word_1_230' title='bbox 3342 1599 3439 1663; x_wconf 82' lang='lat' dir='ltr'><strong>sed</strong></span> <span class='ocrx_word' id='word_1_231' title='bbox 3485 1599 3705 1676; x_wconf 64' lang='lat' dir='ltr'><strong>imitans</strong></span> 
     </span>
    </p>
   </div>
   <div class='ocr_carea' id='block_1_28' title="bbox 2108 1687 3703 1769">
    <p class='ocr_par' dir='ltr' id='par_1_28' title="bbox 2108 1687 3703 1769">
     <span class='ocr_line' id='line_1_28' title="bbox 2108 1687 3703 1769; baseline 0.004 -28"><span class='ocrx_word' id='word_1_232' title='bbox 2108 1696 2368 1751; x_wconf 65' lang='lat' dir='ltr'><strong>secutum</strong></span> <span class='ocrx_word' id='word_1_233' title='bbox 2392 1746 2395 1749; x_wconf 96' lang='lat'><em>_</em></span> <span class='ocrx_word' id='word_1_234' title='bbox 2416 1688 2827 1757; x_wconf 85' lang='lat' dir='ltr'><strong>proverbiorum</strong></span> <span class='ocrx_word' id='word_1_235' title='bbox 2876 1687 3165 1755; x_wconf 76' lang='lat' dir='ltr'><strong>manifeste</strong></span> <span class='ocrx_word' id='word_1_236' title='bbox 3210 1689 3265 1744; x_wconf 91' lang='lat' dir='ltr'><strong>in</strong></span> <span class='ocrx_word' id='word_1_237' title='bbox 3308 1689 3506 1769; x_wconf 88' lang='lat' dir='ltr'><strong>plateis</strong></span> <span class='ocrx_word' id='word_1_238' title='bbox 3548 1698 3607 1746; x_wconf 90' lang='lat' dir='ltr'><strong>et</strong></span> <span class='ocrx_word' id='word_1_239' title='bbox 3649 1690 3703 1748; x_wconf 88' lang='lat' dir='ltr'><strong>in</strong></span> 
     </span>
    </p>
   </div>
   <div class='ocr_carea' id='block_1_29' title="bbox 419 1770 3706 1861">
    <p class='ocr_par' dir='ltr' id='par_1_29' title="bbox 419 1770 3706 1861">
     <span class='ocr_line' id='line_1_29' title="bbox 419 1770 3706 1861; baseline 0.001 -14"><span class='ocrx_word' id='word_1_240' title='bbox 419 1798 423 1805; x_wconf 86' lang='lat'><strong>&#39;</strong></span> <span class='ocrx_word' id='word_1_241' title='bbox 452 1770 581 1847; x_wconf 81' lang='lat' dir='ltr'><strong>bent</strong></span> <span class='ocrx_word' id='word_1_242' title='bbox 604 1802 820 1846; x_wconf 72' lang='lat' dir='ltr'><strong>tantam&#39;</strong></span> <span class='ocrx_word' id='word_1_243' title='bbox 846 1792 966 1848; x_wconf 87' lang='lat' dir='ltr'><strong>ﬁdei</strong></span> <span class='ocrx_word' id='word_1_244' title='bbox 1007 1792 1399 1859; x_wconf 82' lang='lat' dir='ltr'><strong>fortitudinem,</strong></span> <span class='ocrx_word' id='word_1_245' title='bbox 1435 1800 1529 1849; x_wconf 89' lang='lat' dir='ltr'><strong>aut</strong></span> <span class='ocrx_word' id='word_1_246' title='bbox 1552 1770 1896 1855; x_wconf 61' lang='lat' dir='ltr'><strong>certeiﬁlios,</strong></span> <span class='ocrx_word' id='word_1_247' title='bbox 1926 1770 2105 1861; x_wconf 63' lang='lat' dir='ltr'><strong>quinB</strong></span> <span class='ocrx_word' id='word_1_248' title='bbox 2132 1778 2344 1847; x_wconf 75' lang='lat' dir='ltr'><strong>ansulis</strong></span> <span class='ocrx_word' id='word_1_249' title='bbox 2386 1777 2718 1847; x_wconf 58' lang='grc' dir='ltr'><strong>φιλιωωων</strong></span> <span class='ocrx_word' id='word_1_250' title='bbox 2750 1785 3136 1847; x_wconf 60' lang='grc' dir='ltr'><strong>βηῐθτθβηιθε</strong></span> <span class='ocrx_word' id='word_1_251' title='bbox 3175 1777 3369 1849; x_wconf 73' lang='lat' dir='ltr'><strong>stultos</strong></span> <span class='ocrx_word' id='word_1_252' title='bbox 3387 1777 3706 1857; x_wconf 61' lang='grc' dir='ltr'><strong>,ἱιινειιβδιά</strong></span> 
     </span>
    </p>
   </div>
   <div class='ocr_carea' id='block_1_30' title="bbox 418 1879 2030 1954">
    <p class='ocr_par' dir='ltr' id='par_1_30' title="bbox 418 1879 2030 1954">
     <span class='ocr_line' id='line_1_30' title="bbox 418 1879 2030 1954; baseline -0.002 -17"><span class='ocrx_word' id='word_1_253' title='bbox 418 1883 678 1952; x_wconf 58' lang='grc' dir='ltr'><strong>αωνειὶοει</strong></span> <span class='ocrx_word' id='word_1_254' title='bbox 726 1898 951 1953; x_wconf 71' lang='lat' dir='ltr'><strong>qumque</strong></span> <span class='ocrx_word' id='word_1_255' title='bbox 988 1892 1343 1954; x_wconf 86' lang='lat' dir='ltr'><strong>cognoscunt,</strong></span> <span class='ocrx_word' id='word_1_256' title='bbox 1394 1881 1682 1950; x_wconf 70' lang='lat' dir='ltr'><strong>filiasqute</strong></span> <span class='ocrx_word' id='word_1_257' title='bbox 1732 1879 2030 1949; x_wconf 84' lang='lat' dir='ltr'><strong>simplicem</strong></span> 
     </span>
    </p>
   </div>
   <div class='ocr_carea' id='block_1_31' title="bbox 452 1970 2033 2041">
    <p class='ocr_par' dir='ltr' id='par_1_31' title="bbox 452 1970 2033 2041">
     <span class='ocr_line' id='line_1_31' title="bbox 452 1970 2033 2041; baseline -0.003 -15"><span class='ocrx_word' id='word_1_258' title='bbox 452 1981 753 2041; x_wconf 89' lang='lat' dir='ltr'><strong>sequuntur</strong></span> <span class='ocrx_word' id='word_1_259' title='bbox 780 1972 1081 2027; x_wconf 85' lang='lat' dir='ltr'><strong>historiam.</strong></span> <span class='ocrx_word' id='word_1_260' title='bbox 1111 1972 1179 2026; x_wconf 86' lang='lat' dir='ltr'><strong>Et</strong></span> <span class='ocrx_word' id='word_1_261' title='bbox 1214 1970 2033 2033; x_wconf 17' lang='lat' dir='ltr'><strong>traditdaamonibusudevoran-</strong></span> 
     </span>
    </p>
   </div>
   <div class='ocr_carea' id='block_1_32' title="bbox 450 2060 2032 2128">
    <p class='ocr_par' dir='ltr' id='par_1_32' title="bbox 450 2060 2032 2128">
     <span class='ocr_line' id='line_1_32' title="bbox 450 2060 2032 2128; baseline 0 -12"><span class='ocrx_word' id='word_1_262' title='bbox 450 2062 550 2117; x_wconf 89' lang='lat' dir='ltr'><strong>dos</strong></span> <span class='ocrx_word' id='word_1_263' title='bbox 582 2070 636 2117; x_wconf 88' lang='lat' dir='ltr'><strong>et</strong></span> <span class='ocrx_word' id='word_1_264' title='bbox 683 2077 806 2116; x_wconf 87' lang='lat' dir='ltr'><strong>cum</strong></span> <span class='ocrx_word' id='word_1_265' title='bbox 854 2061 1141 2118; x_wconf 81' lang='lat' dir='ltr'><strong>interficiat</strong></span> <span class='ocrx_word' id='word_1_266' title='bbox 1180 2076 1293 2128; x_wconf 90' lang='lat' dir='ltr'><strong>eos,</strong></span> <span class='ocrx_word' id='word_1_267' title='bbox 1323 2062 1711 2121; x_wconf 20' lang='lat' dir='ltr'><strong>viviﬁcarer-se</strong></span> <span class='ocrx_word' id='word_1_268' title='bbox 1756 2061 1931 2117; x_wconf 80' lang='lat' dir='ltr'><strong>credit</strong></span> <span class='ocrx_word' id='word_1_269' title='bbox 1975 2060 2032 2116; x_wconf 84' lang='lat' dir='ltr'><strong>et</strong></span> 
     </span>
    </p>
   </div>
   <div class='ocr_carea' id='block_1_33' title="bbox 416 2150 2028 2223">
    <p class='ocr_par' dir='ltr' id='par_1_33' title="bbox 416 2150 2028 2223">
     <span class='ocr_line' id='line_1_33' title="bbox 416 2150 2028 2223; baseline 0 -19"><span class='ocrx_word' id='word_1_270' title='bbox 416 2150 667 2223; x_wconf 61' lang='lat' dir='ltr'><strong>&#39;placare</strong></span> <span class='ocrx_word' id='word_1_271' title='bbox 710 2150 1022 2217; x_wconf 83' lang='lat' dir='ltr'><strong>simulacra,</strong></span> <span class='ocrx_word' id='word_1_272' title='bbox 1072 2166 1302 2222; x_wconf 87' lang='lat' dir='ltr'><strong>quorum</strong></span> <span class='ocrx_word' id='word_1_273' title='bbox 1373 2151 1646 2207; x_wconf 87' lang='lat' dir='ltr'><strong>occisione</strong></span> <span class='ocrx_word' id='word_1_274' title='bbox 1692 2160 2028 2207; x_wconf 73' lang='lat' dir='ltr'><strong>saturantur.</strong></span> 
     </span>
    </p>
   </div>
   <div class='ocr_carea' id='block_1_34' title="bbox 452 2239 2032 2313">
    <p class='ocr_par' dir='ltr' id='par_1_34' title="bbox 452 2239 2032 2313">
     <span class='ocr_line' id='line_1_34' title="bbox 452 2239 2032 2313; baseline 0 -16"><span class='ocrx_word' id='word_1_275' title='bbox 452 2240 715 2311; x_wconf 81' lang='lat' dir='ltr'><strong>Quodque</strong></span> <span class='ocrx_word' id='word_1_276' title='bbox 745 2240 1129 2311; x_wconf 77' lang='lat' dir='ltr'><strong>dicitur-juxta</strong></span> <span class='ocrx_word' id='word_1_277' title='bbox 1166 2239 1542 2313; x_wconf 76' lang='lat' dir='ltr'><strong>Septuaginta,</strong></span> <span class='ocrx_word' id='word_1_278' title='bbox 1584 2241 1691 2296; x_wconf 85' lang='lat' dir='ltr'><strong>hoc</strong></span> <span class='ocrx_word' id='word_1_279' title='bbox 1731 2240 1847 2307; x_wconf 65' lang='lat' dir='ltr'><strong>est,</strong></span> <span class='ocrx_word' id='word_1_280' title='bbox 1868 2254 2032 2313; x_wconf 88' lang='lat' dir='ltr'><strong>super</strong></span> 
     </span>
    </p>
   </div>
   <div class='ocr_carea' id='block_1_35' title="bbox 450 2331 2026 2397">
    <p class='ocr_par' dir='ltr' id='par_1_35' title="bbox 450 2331 2026 2397">
     <span class='ocr_line' id='line_1_35' title="bbox 450 2331 2026 2397; baseline -0.001 -9"><span class='ocrx_word' id='word_1_281' title='bbox 450 2346 667 2388; x_wconf 90' lang='lat' dir='ltr'><strong>omnem</strong></span> <span class='ocrx_word' id='word_1_282' title='bbox 690 2331 1103 2388; x_wconf 85' lang='lat' dir='ltr'><strong>fornicationem</strong></span> <span class='ocrx_word' id='word_1_283' title='bbox 1134 2340 1303 2397; x_wconf 75' lang='lat' dir='ltr'><strong>tuam,</strong></span> <span class='ocrx_word' id='word_1_284' title='bbox 1335 2339 1391 2388; x_wconf 89' lang='lat' dir='ltr'><strong>et</strong></span> <span class='ocrx_word' id='word_1_285' title='bbox 1414 2332 1845 2387; x_wconf 82' lang='lat' dir='ltr'><strong>abominatioues</strong></span> <span class='ocrx_word' id='word_1_286' title='bbox 1866 2339 2026 2386; x_wconf 78' lang='lat' dir='ltr'><strong>uias:</strong></span> 
     </span>
    </p>
   </div>
   <div class='ocr_carea' id='block_1_36' title="bbox 450 2422 2031 2494">
    <p class='ocr_par' dir='ltr' id='par_1_36' title="bbox 450 2422 2031 2494">
     <span class='ocr_line' id='line_1_36' title="bbox 450 2422 2031 2494; baseline 0 -15"><span class='ocrx_word' id='word_1_287' title='bbox 450 2422 585 2479; x_wconf 85' lang='lat' dir='ltr'><strong>illud</strong></span> <span class='ocrx_word' id='word_1_288' title='bbox 610 2423 880 2494; x_wconf 84' lang='lat' dir='ltr'><strong>signiﬁcat</strong></span> <span class='ocrx_word' id='word_1_289' title='bbox 909 2440 923 2478; x_wconf 88' lang='lat'><strong>:</strong></span> <span class='ocrx_word' id='word_1_290' title='bbox 952 2424 1093 2493; x_wconf 84' lang='lat' dir='ltr'><strong>quod</strong></span> <span class='ocrx_word' id='word_1_291' title='bbox 1128 2423 1337 2479; x_wconf 89' lang='lat' dir='ltr'><strong>cunctis</strong></span> <span class='ocrx_word' id='word_1_292' title='bbox 1361 2423 1687 2494; x_wconf 76' lang='lat' dir='ltr'><strong>peccatisct</strong></span> <span class='ocrx_word' id='word_1_293' title='bbox 1714 2422 2031 2479; x_wconf 86' lang='lat' dir='ltr'><strong>fornicatio-</strong></span> 
     </span>
    </p>
   </div>
   <div class='ocr_carea' id='block_1_37' title="bbox 451 2513 2029 2587">
    <p class='ocr_par' dir='ltr' id='par_1_37' title="bbox 451 2513 2029 2587">
     <span class='ocr_line' id='line_1_37' title="bbox 451 2513 2029 2587; baseline -0.001 -16"><span class='ocrx_word' id='word_1_294' title='bbox 451 2515 610 2572; x_wconf 90' lang='lat' dir='ltr'><strong>nibus</strong></span> <span class='ocrx_word' id='word_1_295' title='bbox 628 2516 781 2587; x_wconf 89' lang='lat' dir='ltr'><strong>pejor</strong></span> <span class='ocrx_word' id='word_1_296' title='bbox 805 2516 876 2571; x_wconf 88' lang='lat' dir='ltr'><strong>sit</strong></span> <span class='ocrx_word' id='word_1_297' title='bbox 892 2516 1141 2571; x_wconf 86' lang='lat' dir='ltr'><strong>doctrina</strong></span> <span class='ocrx_word' id='word_1_298' title='bbox 1172 2516 1714 2584; x_wconf 56' lang='lat' dir='ltr'><strong>haereticorum-quae</strong></span> <span class='ocrx_word' id='word_1_299' title='bbox 1738 2514 1836 2570; x_wconf 88' lang='lat' dir='ltr'><strong>Dei</strong></span> <span class='ocrx_word' id='word_1_300' title='bbox 1863 2513 2029 2582; x_wconf 89' lang='lat' dir='ltr'><strong>ﬁlios,</strong></span> 
     </span>
    </p>
   </div>
   <div class='ocr_carea' id='block_1_38' title="bbox 450 2601 2029 2675">
    <p class='ocr_par' dir='ltr' id='par_1_38' title="bbox 450 2601 2029 2675">
     <span class='ocr_line' id='line_1_38' title="bbox 450 2601 2029 2675; baseline -0.002 -14"><span class='ocrx_word' id='word_1_301' title='bbox 450 2604 583 2663; x_wconf 87' lang='lat' dir='ltr'><strong>facit</strong></span> <span class='ocrx_word' id='word_1_302' title='bbox 604 2606 742 2662; x_wconf 88' lang='lat' dir='ltr'><strong>ﬁlios</strong></span> <span class='ocrx_word' id='word_1_303' title='bbox 771 2606 1180 2671; x_wconf 67' lang='lat' dir='ltr'><strong>daemoniorum,</strong></span> <span class='ocrx_word' id='word_1_304' title='bbox 1213 2607 1323 2661; x_wconf 91' lang='lat' dir='ltr'><strong>imo</strong></span> <span class='ocrx_word' id='word_1_305' title='bbox 1351 2604 1611 2661; x_wconf 88' lang='lat' dir='ltr'><strong>interﬁcit</strong></span> <span class='ocrx_word' id='word_1_306' title='bbox 1633 2619 1748 2671; x_wconf 86' lang='lat' dir='ltr'><strong>eos,</strong></span> <span class='ocrx_word' id='word_1_307' title='bbox 1779 2619 1916 2675; x_wconf 90' lang='lat' dir='ltr'><strong>quos</strong></span> <span class='ocrx_word' id='word_1_308' title='bbox 1940 2601 2029 2660; x_wconf 93' lang='lat' dir='ltr'><strong>vel</strong></span> 
     </span>
    </p>
   </div>
   <div class='ocr_carea' id='block_1_39' title="bbox 450 2694 2028 2767">
    <p class='ocr_par' dir='ltr' id='par_1_39' title="bbox 450 2694 2028 2767">
     <span class='ocr_line' id='line_1_39' title="bbox 450 2694 2028 2767; baseline -0.002 -15"><span class='ocrx_word' id='word_1_309' title='bbox 450 2696 621 2752; x_wconf 91' lang='lat' dir='ltr'><strong>multo</strong></span> <span class='ocrx_word' id='word_1_310' title='bbox 660 2696 844 2751; x_wconf 89' lang='lat' dir='ltr'><strong>labore</strong></span> <span class='ocrx_word' id='word_1_311' title='bbox 869 2704 1135 2767; x_wconf 80' lang='lat' dir='ltr'><strong>genuerat</strong></span> <span class='ocrx_word' id='word_1_312' title='bbox 1163 2696 1292 2761; x_wconf 92' lang='lat' dir='ltr'><strong>Deo,</strong></span> <span class='ocrx_word' id='word_1_313' title='bbox 1327 2695 1412 2751; x_wconf 87' lang='lat' dir='ltr'><strong>vel</strong></span> <span class='ocrx_word' id='word_1_314' title='bbox 1457 2710 1585 2751; x_wconf 90' lang='lat' dir='ltr'><strong>suos</strong></span> <span class='ocrx_word' id='word_1_315' title='bbox 1621 2694 1829 2751; x_wconf 87' lang='lat' dir='ltr'><strong>fecerat</strong></span> <span class='ocrx_word' id='word_1_316' title='bbox 1862 2694 2028 2763; x_wconf 83' lang='lat' dir='ltr'><strong>ﬁlios,</strong></span> 
     </span>
    </p>
   </div>
   <div class='ocr_carea' id='block_1_40' title="bbox 451 2785 1357 2859">
    <p class='ocr_par' dir='ltr' id='par_1_40' title="bbox 451 2785 1357 2859">
     <span class='ocr_line' id='line_1_40' title="bbox 451 2785 1357 2859; baseline 0 -16"><span class='ocrx_word' id='word_1_317' title='bbox 451 2801 589 2858; x_wconf 83' lang='lat' dir='ltr'><strong>quos</strong></span> <span class='ocrx_word' id='word_1_318' title='bbox 616 2787 669 2841; x_wconf 94' lang='lat' dir='ltr'><strong>in</strong></span> <span class='ocrx_word' id='word_1_319' title='bbox 700 2785 1058 2843; x_wconf 85' lang='lat' dir='ltr'><strong>fornicatione</strong></span> <span class='ocrx_word' id='word_1_320' title='bbox 1075 2797 1357 2859; x_wconf 85' lang='lat' dir='ltr'><strong>genuerat.</strong></span> 
     </span>
    </p>
   </div>
   <div class='ocr_carea' id='block_1_41' title="bbox 524 2878 2095 2948">
    <p class='ocr_par' dir='ltr' id='par_1_41' title="bbox 524 2878 2095 2948">
     <span class='ocr_line' id='line_1_41' title="bbox 524 2878 2095 2948; baseline -0.002 -16"><span class='ocrx_word' id='word_1_321' title='bbox 524 2898 546 2932; x_wconf 73' lang='grc' dir='ltr'>ι</span> <span class='ocrx_word' id='word_1_322' title='bbox 575 2879 645 2934; x_wconf 91' lang='lat' dir='ltr'><strong>Et</strong></span> <span class='ocrx_word' id='word_1_323' title='bbox 683 2879 878 2935; x_wconf 90' lang='lat' dir='ltr'><strong>accidit</strong></span> <span class='ocrx_word' id='word_1_324' title='bbox 917 2887 1039 2948; x_wconf 90' lang='lat' dir='ltr'><strong>post</strong></span> <span class='ocrx_word' id='word_1_325' title='bbox 1070 2894 1287 2935; x_wconf 86' lang='lat' dir='ltr'><strong>omnem</strong></span> <span class='ocrx_word' id='word_1_326' title='bbox 1311 2878 1572 2934; x_wconf 88' lang='lat' dir='ltr'><strong>malitiam</strong></span> <span class='ocrx_word' id='word_1_327' title='bbox 1613 2886 1782 2944; x_wconf 90' lang='lat' dir='ltr'><strong>tuam,</strong></span> <span class='ocrx_word' id='word_1_328' title='bbox 1818 2890 1920 2947; x_wconf 67' lang='lat' dir='ltr'><strong>vae,</strong></span> <span class='ocrx_word' id='word_1_329' title='bbox 1946 2894 2030 2946; x_wconf 68' lang='lat' dir='ltr'><strong>vae</strong></span> <span class='ocrx_word' id='word_1_330' title='bbox 2086 2915 2095 2929; x_wconf 62' lang='grc' dir='ltr'><em>ρ</em></span> 
     </span>
    </p>
   </div>
   <div class='ocr_carea' id='block_1_42' title="bbox 454 2968 2022 3040">
    <p class='ocr_par' dir='ltr' id='par_1_42' title="bbox 454 2968 2022 3040">
     <span class='ocr_line' id='line_1_42' title="bbox 454 2968 2022 3040; baseline 0.001 -17"><span class='ocrx_word' id='word_1_331' title='bbox 454 2988 476 3023; x_wconf 75' lang='lat' dir='ltr'><strong>t</strong></span> <span class='ocrx_word' id='word_1_332' title='bbox 511 2969 629 3036; x_wconf 88' lang='lat' dir='ltr'><strong>tibi,</strong></span> <span class='ocrx_word' id='word_1_333' title='bbox 656 2969 790 3024; x_wconf 91' lang='lat' dir='ltr'><strong>dicit</strong></span> <span class='ocrx_word' id='word_1_334' title='bbox 809 2970 1060 3025; x_wconf 90' lang='lat' dir='ltr'><strong>dominus</strong></span> <span class='ocrx_word' id='word_1_335' title='bbox 1083 2969 1243 3024; x_wconf 89' lang='lat' dir='ltr'><strong>Deus.</strong></span> <span class='ocrx_word' id='word_1_336' title='bbox 1268 2970 1336 3024; x_wconf 90' lang='lat' dir='ltr'><strong>Et</strong></span> <span class='ocrx_word' id='word_1_337' title='bbox 1351 2968 1754 3025; x_wconf 24' lang='lat' dir='ltr'><strong>aediﬁcasti‘tibi</strong></span> <span class='ocrx_word' id='word_1_338' title='bbox 1776 2968 2022 3040; x_wconf 81' lang='lat' dir='ltr'><strong>lupanar,</strong></span> 
     </span>
    </p>
   </div>
   <div class='ocr_carea' id='block_1_43' title="bbox 452 3057 2024 3129">
    <p class='ocr_par' dir='ltr' id='par_1_43' title="bbox 452 3057 2024 3129">
     <span class='ocr_line' id='line_1_43' title="bbox 452 3057 2024 3129; baseline 0 -16"><span class='ocrx_word' id='word_1_339' title='bbox 452 3078 474 3113; x_wconf 73' lang='grc' dir='ltr'>ι</span> <span class='ocrx_word' id='word_1_340' title='bbox 510 3057 777 3116; x_wconf 85' lang='lat' dir='ltr'><strong>etfecisti</strong></span> <span class='ocrx_word' id='word_1_341' title='bbox 829 3059 925 3113; x_wconf 89' lang='lat' dir='ltr'><strong>tibi</strong></span> <span class='ocrx_word' id='word_1_342' title='bbox 970 3058 1326 3129; x_wconf 90' lang='lat' dir='ltr'><strong>prostibulum</strong></span> <span class='ocrx_word' id='word_1_343' title='bbox 1351 3059 1419 3113; x_wconf 88' lang='lat' dir='ltr'><strong>in</strong></span> <span class='ocrx_word' id='word_1_344' title='bbox 1446 3059 1660 3113; x_wconf 86' lang='lat' dir='ltr'><strong>cunctis</strong></span> <span class='ocrx_word' id='word_1_345' title='bbox 1699 3058 1912 3128; x_wconf 88' lang='lat' dir='ltr'><strong>plateis,</strong></span> <span class='ocrx_word' id='word_1_346' title='bbox 1956 3058 2024 3113; x_wconf 85' lang='lat' dir='ltr'><strong>ad</strong></span> 
     </span>
    </p>
   </div>
   <div class='ocr_carea' id='block_1_44' title="bbox 452 3147 2041 3220">
    <p class='ocr_par' dir='ltr' id='par_1_44' title="bbox 452 3147 2041 3220">
     <span class='ocr_line' id='line_1_44' title="bbox 452 3147 2041 3220; baseline 0.001 -17"><span class='ocrx_word' id='word_1_347' title='bbox 452 3168 474 3203; x_wconf 74' lang='grc' dir='ltr'>ι</span> <span class='ocrx_word' id='word_1_348' title='bbox 509 3161 669 3205; x_wconf 88' lang='lat' dir='ltr'><strong>omne</strong></span> <span class='ocrx_word' id='word_1_349' title='bbox 707 3156 874 3219; x_wconf 86' lang='lat' dir='ltr'><strong>caput</strong></span> <span class='ocrx_word' id='word_1_350' title='bbox 910 3148 1013 3204; x_wconf 79' lang='lat' dir='ltr'><strong>viae</strong></span> <span class='ocrx_word' id='word_1_351' title='bbox 1042 3147 1338 3217; x_wconf 35' lang='lat' dir='ltr'><strong>,tediﬁcostt&#39;</strong></span> <span class='ocrx_word' id='word_1_352' title='bbox 1382 3149 1597 3220; x_wconf 87' lang='lat' dir='ltr'><strong>signum</strong></span> <span class='ocrx_word' id='word_1_353' title='bbox 1630 3149 2041 3218; x_wconf 66' lang='lat' dir='ltr'><strong>peostrtutiouis-</strong></span> 
     </span>
    </p>
   </div>
   <div class='ocr_carea' id='block_1_45' title="bbox 451 3239 2028 3306">
    <p class='ocr_par' dir='ltr' id='par_1_45' title="bbox 451 3239 2028 3306">
     <span class='ocr_line' id='line_1_45' title="bbox 451 3239 2028 3306; baseline 0.003 -14"><span class='ocrx_word' id='word_1_354' title='bbox 451 3257 473 3292; x_wconf 73' lang='grc' dir='ltr'><strong>α</strong></span> <span class='ocrx_word' id='word_1_355' title='bbox 508 3247 636 3306; x_wconf 65' lang='lat' dir='ltr'><strong>tuae,</strong></span> <span class='ocrx_word' id='word_1_356' title='bbox 678 3239 1167 3295; x_wconf 83' lang='lat' dir='ltr'><strong>etabominabilem</strong></span> <span class='ocrx_word' id='word_1_357' title='bbox 1218 3239 1391 3296; x_wconf 87' lang='lat' dir='ltr'><strong>fecisti</strong></span> <span class='ocrx_word' id='word_1_358' title='bbox 1433 3240 1687 3295; x_wconf 83' lang='lat' dir='ltr'><strong>decorem</strong></span> <span class='ocrx_word' id='word_1_359' title='bbox 1739 3248 1909 3299; x_wconf 85' lang='lat' dir='ltr'><strong>tuum.</strong></span> <span class='ocrx_word' id='word_1_360' title='bbox 1961 3241 2028 3296; x_wconf 89' lang='lat' dir='ltr'><strong>Et</strong></span> 
     </span>
    </p>
   </div>
   <div class='ocr_carea' id='block_1_46' title="bbox 451 3329 2026 3401">
    <p class='ocr_par' dir='ltr' id='par_1_46' title="bbox 451 3329 2026 3401">
     <span class='ocr_line' id='line_1_46' title="bbox 451 3329 2026 3401; baseline 0.003 -18"><span class='ocrx_word' id='word_1_361' title='bbox 451 3345 473 3383; x_wconf 74' lang='grc' dir='ltr'>ι</span> <span class='ocrx_word' id='word_1_362' title='bbox 508 3329 762 3385; x_wconf 85' lang='lat' dir='ltr'><strong>dimisisti</strong></span> <span class='ocrx_word' id='word_1_363' title='bbox 801 3331 966 3401; x_wconf 86' lang='lat' dir='ltr'><strong>pedes</strong></span> <span class='ocrx_word' id='word_1_364' title='bbox 1002 3331 1309 3387; x_wconf 75' lang='lat' dir='ltr'><strong>tuosemni</strong></span> <span class='ocrx_word' id='word_1_365' title='bbox 1339 3332 1741 3397; x_wconf 88' lang='lat' dir='ltr'><strong>transeunti,et</strong></span> <span class='ocrx_word' id='word_1_366' title='bbox 1767 3332 2026 3401; x_wconf 88' lang='lat' dir='ltr'><strong>multipli-</strong></span> 
     </span>
    </p>
   </div>
   <div class='ocr_carea' id='block_1_47' title="bbox 450 3421 2026 3488">
    <p class='ocr_par' dir='ltr' id='par_1_47' title="bbox 450 3421 2026 3488">
     <span class='ocr_line' id='line_1_47' title="bbox 450 3421 2026 3488; baseline 0.003 -12"><span class='ocrx_word' id='word_1_367' title='bbox 450 3440 473 3476; x_wconf 74' lang='grc' dir='ltr'><strong><em>ι</em></strong></span> <span class='ocrx_word' id='word_1_368' title='bbox 509 3422 646 3479; x_wconf 87' lang='lat' dir='ltr'><strong>casti</strong></span> <span class='ocrx_word' id='word_1_369' title='bbox 684 3421 1085 3479; x_wconf 29' lang='lat' dir='ltr'><strong>fornicationes:</strong></span> <span class='ocrx_word' id='word_1_370' title='bbox 1101 3431 1238 3488; x_wconf 91' lang='lat' dir='ltr'><strong>tuas,</strong></span> <span class='ocrx_word' id='word_1_371' title='bbox 1269 3430 1331 3479; x_wconf 88' lang='lat' dir='ltr'><strong>et</strong></span> <span class='ocrx_word' id='word_1_372' title='bbox 1364 3422 1635 3479; x_wconf 86' lang='lat' dir='ltr'><strong>fornicata</strong></span> <span class='ocrx_word' id='word_1_373' title='bbox 1656 3437 1721 3479; x_wconf 92' lang='lat' dir='ltr'><strong>es</strong></span> <span class='ocrx_word' id='word_1_374' title='bbox 1744 3437 1875 3478; x_wconf 90' lang='lat' dir='ltr'><strong>cum</strong></span> <span class='ocrx_word' id='word_1_375' title='bbox 1901 3423 2026 3480; x_wconf 86' lang='lat' dir='ltr'><strong>ﬁliis</strong></span> 
     </span>
    </p>
   </div>
   <div class='ocr_carea' id='block_1_48' title="bbox 452 3511 2029 3585">
    <p class='ocr_par' dir='ltr' id='par_1_48' title="bbox 452 3511 2029 3585">
     <span class='ocr_line' id='line_1_48' title="bbox 452 3511 2029 3585; baseline 0.002 -18"><span class='ocrx_word' id='word_1_376' title='bbox 452 3530 474 3567; x_wconf 77' lang='grc' dir='ltr'>ι</span> <span class='ocrx_word' id='word_1_377' title='bbox 508 3511 728 3585; x_wconf 65' lang='grc' dir='ltr'><strong>Δὶεγριί</strong></span> <span class='ocrx_word' id='word_1_378' title='bbox 752 3513 949 3569; x_wconf 83' lang='lat' dir='ltr'><strong>vicinis</strong></span> <span class='ocrx_word' id='word_1_379' title='bbox 975 3513 1083 3569; x_wconf 89' lang='lat' dir='ltr'><strong>tuis</strong></span> <span class='ocrx_word' id='word_1_380' title='bbox 1106 3529 1425 3585; x_wconf 88' lang='lat' dir='ltr'><strong>magnarum</strong></span> <span class='ocrx_word' id='word_1_381' title='bbox 1446 3514 1715 3569; x_wconf 88' lang='lat' dir='ltr'><strong>carnium.</strong></span> <span class='ocrx_word' id='word_1_382' title='bbox 1750 3514 1818 3570; x_wconf 91' lang='lat' dir='ltr'><strong>Et</strong></span> <span class='ocrx_word' id='word_1_383' title='bbox 1845 3515 2029 3570; x_wconf 88' lang='lat' dir='ltr'><strong>multi-</strong></span> 
     </span>
    </p>
   </div>
   <div class='ocr_carea' id='block_1_49' title="bbox 454 3602 2026 3676">
    <p class='ocr_par' dir='ltr' id='par_1_49' title="bbox 454 3602 2026 3676">
     <span class='ocr_line' id='line_1_49' title="bbox 454 3602 2026 3676; baseline 0.003 -20"><span class='ocrx_word' id='word_1_384' title='bbox 454 3619 476 3656; x_wconf 73' lang='grc' dir='ltr'>ι</span> <span class='ocrx_word' id='word_1_385' title='bbox 511 3603 727 3676; x_wconf 88' lang='lat' dir='ltr'><strong>plicasti</strong></span> <span class='ocrx_word' id='word_1_386' title='bbox 753 3602 1140 3659; x_wconf 88' lang='lat' dir='ltr'><strong>fornicationes</strong></span> <span class='ocrx_word' id='word_1_387' title='bbox 1177 3613 1298 3660; x_wconf 90' lang='lat' dir='ltr'><strong>tuas</strong></span> <span class='ocrx_word' id='word_1_388' title='bbox 1335 3604 1404 3660; x_wconf 90' lang='lat' dir='ltr'><strong>ad</strong></span> <span class='ocrx_word' id='word_1_389' title='bbox 1444 3604 1787 3660; x_wconf 87' lang='lat' dir='ltr'><strong>irritandum.</strong></span> <span class='ocrx_word' id='word_1_390' title='bbox 1818 3624 1838 3658; x_wconf 72' lang='grc' dir='ltr'><strong><em>ι</em></strong></span> <span class='ocrx_word' id='word_1_391' title='bbox 1873 3603 2026 3673; x_wconf 82' lang='lat' dir='ltr'><strong>Quod</strong></span> 
     </span>
    </p>
   </div>
   <div class='ocr_carea' id='block_1_50' title="bbox 446 3693 2027 3766">
    <p class='ocr_par' dir='ltr' id='par_1_50' title="bbox 446 3693 2027 3766">
     <span class='ocr_line' id='line_1_50' title="bbox 446 3693 2027 3766; baseline 0 -17"><span class='ocrx_word' id='word_1_392' title='bbox 446 3693 614 3749; x_wconf 84' lang='lat' dir='ltr'><strong>semel</strong></span> <span class='ocrx_word' id='word_1_393' title='bbox 634 3704 689 3750; x_wconf 86' lang='lat' dir='ltr'><strong>et</strong></span> <span class='ocrx_word' id='word_1_394' title='bbox 713 3694 910 3749; x_wconf 86' lang='lat' dir='ltr'><strong>iterum</strong></span> <span class='ocrx_word' id='word_1_395' title='bbox 936 3701 1101 3765; x_wconf 86' lang='lat' dir='ltr'><strong>atque</strong></span> <span class='ocrx_word' id='word_1_396' title='bbox 1127 3694 1325 3749; x_wconf 88' lang='lat' dir='ltr'><strong>iterum</strong></span> <span class='ocrx_word' id='word_1_397' title='bbox 1354 3694 1591 3750; x_wconf 80' lang='lat' dir='ltr'><strong>diximus</strong></span> <span class='ocrx_word' id='word_1_398' title='bbox 1624 3695 1679 3749; x_wconf 88' lang='lat' dir='ltr'><strong>in</strong></span> <span class='ocrx_word' id='word_1_399' title='bbox 1710 3704 2027 3766; x_wconf 85' lang='lat' dir='ltr'><strong>perpetuum</strong></span> 
     </span>
    </p>
   </div>
   <div class='ocr_carea' id='block_1_51' title="bbox 447 3772 2024 3855">
    <p class='ocr_par' dir='ltr' id='par_1_51' title="bbox 447 3772 2024 3855">
     <span class='ocr_line' id='line_1_51' title="bbox 447 3772 2024 3855; baseline -0.001 -15"><span class='ocrx_word' id='word_1_400' title='bbox 447 3784 648 3840; x_wconf 81' lang='lat' dir='ltr'><strong>dixisse</strong></span> <span class='ocrx_word' id='word_1_401' title='bbox 685 3784 938 3851; x_wconf 80' lang='lat' dir='ltr'><strong>sufﬁciat,</strong></span> <span class='ocrx_word' id='word_1_402' title='bbox 983 3784 1086 3840; x_wconf 92' lang='lat' dir='ltr'><strong>sub</strong></span> <span class='ocrx_word' id='word_1_403' title='bbox 1121 3798 1352 3855; x_wconf 85' lang='lat' dir='ltr'><strong>persona</strong></span> <span class='ocrx_word' id='word_1_404' title='bbox 1399 3785 1641 3841; x_wconf 85' lang='lat' dir='ltr'><strong>mulieris</strong></span> <span class='ocrx_word' id='word_1_405' title='bbox 1669 3794 1795 3855; x_wconf 90' lang='lat' dir='ltr'><strong>post</strong></span> <span class='ocrx_word' id='word_1_406' title='bbox 1842 3772 2024 3840; x_wconf 80' lang='lat' dir='ltr'><strong>mariti</strong></span> 
     </span>
    </p>
   </div>
   <div class='ocr_carea' id='block_1_52' title="bbox 448 3873 2026 3931">
    <p class='ocr_par' dir='ltr' id='par_1_52' title="bbox 448 3873 2026 3931">
     <span class='ocr_line' id='line_1_52' title="bbox 448 3873 2026 3931; baseline -0.001 -1"><span class='ocrx_word' id='word_1_407' title='bbox 448 3874 711 3930; x_wconf 89' lang='lat' dir='ltr'><strong>benelicia</strong></span> <span class='ocrx_word' id='word_1_408' title='bbox 769 3873 1092 3930; x_wconf 83' lang='lat' dir='ltr'><strong>fornicantis</strong></span> <span class='ocrx_word' id='word_1_409' title='bbox 1134 3875 1368 3931; x_wconf 87' lang='lat' dir='ltr'><strong>describi</strong></span> <span class='ocrx_word' id='word_1_410' title='bbox 1418 3874 1831 3931; x_wconf 85' lang='lat' dir='ltr'><strong>fornicationem</strong></span> <span class='ocrx_word' id='word_1_411' title='bbox 1873 3876 2026 3930; x_wconf 76' lang='lat' dir='ltr'><strong>Jeru-</strong></span> 
     </span>
    </p>
   </div>
   <div class='ocr_carea' id='block_1_53' title="bbox 447 3963 2075 4035">
    <p class='ocr_par' dir='ltr' id='par_1_53' title="bbox 447 3963 2075 4035">
     <span class='ocr_line' id='line_1_53' title="bbox 447 3963 2075 4035; baseline 0.001 -16"><span class='ocrx_word' id='word_1_412' title='bbox 447 3963 663 4019; x_wconf 86' lang='lat' dir='ltr'><strong>salem:</strong></span> <span class='ocrx_word' id='word_1_413' title='bbox 698 3965 966 4033; x_wconf 88' lang='lat' dir='ltr'><strong>quomodo</strong></span> <span class='ocrx_word' id='word_1_414' title='bbox 1012 3979 1045 4019; x_wconf 89' lang='lat' dir='ltr'><strong>a</strong></span> <span class='ocrx_word' id='word_1_415' title='bbox 1093 3963 1204 4020; x_wconf 92' lang='lat' dir='ltr'><strong>Deo</strong></span> <span class='ocrx_word' id='word_1_416' title='bbox 1253 3966 1573 4032; x_wconf 88' lang='lat' dir='ltr'><strong>recesserit,</strong></span> <span class='ocrx_word' id='word_1_417' title='bbox 1626 3975 1681 4021; x_wconf 90' lang='lat' dir='ltr'><strong>et</strong></span> <span class='ocrx_word' id='word_1_418' title='bbox 1720 3965 1907 4035; x_wconf 90' lang='lat' dir='ltr'><strong>juncta</strong></span> <span class='ocrx_word' id='word_1_419' title='bbox 1957 3967 2027 4021; x_wconf 89' lang='lat' dir='ltr'><strong>sit</strong></span> <span class='ocrx_word' id='word_1_420' title='bbox 2074 3994 2075 4001; x_wconf 58' lang='grc' dir='ltr'>ι</span> 
     </span>
    </p>
   </div>
   <div class='ocr_carea' id='block_1_54' title="bbox 449 4053 2026 4135">
    <p class='ocr_par' dir='ltr' id='par_1_54' title="bbox 449 4053 2026 4135">
     <span class='ocr_line' id='line_1_54' title="bbox 449 4053 2026 4135; baseline 0.006 -27"><span class='ocrx_word' id='word_1_421' title='bbox 449 4053 630 4119; x_wconf 89' lang='lat' dir='ltr'><strong>idolis,</strong></span> <span class='ocrx_word' id='word_1_422' title='bbox 659 4070 760 4111; x_wconf 91' lang='lat' dir='ltr'><strong>nec</strong></span> <span class='ocrx_word' id='word_1_423' title='bbox 784 4057 998 4113; x_wconf 89' lang='lat' dir='ltr'><strong>occulta</strong></span> <span class='ocrx_word' id='word_1_424' title='bbox 1043 4059 1205 4115; x_wconf 88' lang='lat' dir='ltr'><strong>fuerit</strong></span> <span class='ocrx_word' id='word_1_425' title='bbox 1243 4059 1598 4118; x_wconf 86' lang='lat' dir='ltr'><strong>fornicatione</strong></span> <span class='ocrx_word' id='word_1_426' title='bbox 1631 4073 1906 4135; x_wconf 88' lang='lat' dir='ltr'><strong>contenta,</strong></span> <span class='ocrx_word' id='word_1_427' title='bbox 1932 4064 2026 4120; x_wconf 89' lang='lat' dir='ltr'><strong>sed</strong></span> 
     </span>
    </p>
   </div>
   <div class='ocr_carea' id='block_1_55' title="bbox 451 4144 2025 4226">
    <p class='ocr_par' dir='ltr' id='par_1_55' title="bbox 451 4144 2025 4226">
     <span class='ocr_line' id='line_1_55' title="bbox 451 4144 2025 4226; baseline 0.006 -26"><span class='ocrx_word' id='word_1_428' title='bbox 451 4144 798 4201; x_wconf 65' lang='lat' dir='ltr'><strong>aediﬁcaverit</strong></span> <span class='ocrx_word' id='word_1_429' title='bbox 827 4148 929 4203; x_wconf 88' lang='lat' dir='ltr'><strong>sibi</strong></span> <span class='ocrx_word' id='word_1_430' title='bbox 967 4148 1215 4220; x_wconf 89' lang='lat' dir='ltr'><strong>lupanar,</strong></span> <span class='ocrx_word' id='word_1_431' title='bbox 1243 4160 1300 4207; x_wconf 93' lang='lat' dir='ltr'><strong>et</strong></span> <span class='ocrx_word' id='word_1_432' title='bbox 1326 4154 1473 4208; x_wconf 91' lang='lat' dir='ltr'><strong>omni</strong></span> <span class='ocrx_word' id='word_1_433' title='bbox 1494 4154 1577 4208; x_wconf 87' lang='lat' dir='ltr'><strong>via</strong></span> <span class='ocrx_word' id='word_1_434' title='bbox 1608 4148 1821 4226; x_wconf 86' lang='lat' dir='ltr'><strong>signum</strong></span> <span class='ocrx_word' id='word_1_435' title='bbox 1850 4166 2025 4211; x_wconf 88' lang='lat' dir='ltr'><strong>trans-</strong></span> 
     </span>
    </p>
   </div>
   <div class='ocr_carea' id='block_1_56' title="bbox 448 4236 2024 4308">
    <p class='ocr_par' dir='ltr' id='par_1_56' title="bbox 448 4236 2024 4308">
     <span class='ocr_line' id='line_1_56' title="bbox 448 4236 2024 4308; baseline 0.007 -17"><span class='ocrx_word' id='word_1_436' title='bbox 448 4236 702 4292; x_wconf 88' lang='lat' dir='ltr'><strong>euntibus</strong></span> <span class='ocrx_word' id='word_1_437' title='bbox 730 4239 989 4308; x_wconf 89' lang='lat' dir='ltr'><strong>posuerit,</strong></span> <span class='ocrx_word' id='word_1_438' title='bbox 1028 4249 1089 4295; x_wconf 91' lang='lat' dir='ltr'><strong>ut</strong></span> <span class='ocrx_word' id='word_1_439' title='bbox 1116 4241 1366 4297; x_wconf 89' lang='lat' dir='ltr'><strong>venirent</strong></span> <span class='ocrx_word' id='word_1_440' title='bbox 1404 4242 1469 4298; x_wconf 90' lang='lat' dir='ltr'><strong>ad</strong></span> <span class='ocrx_word' id='word_1_441' title='bbox 1507 4253 1747 4300; x_wconf 87' lang='lat' dir='ltr'><strong>scortum</strong></span> <span class='ocrx_word' id='word_1_442' title='bbox 1781 4254 1836 4302; x_wconf 90' lang='lat' dir='ltr'><strong>et</strong></span> <span class='ocrx_word' id='word_1_443' title='bbox 1861 4247 2024 4302; x_wconf 86' lang='lat' dir='ltr'><strong>satia-</strong></span> 
     </span>
    </p>
   </div>
   <div class='ocr_carea' id='block_1_57' title="bbox 450 4328 2025 4407">
    <p class='ocr_par' dir='ltr' id='par_1_57' title="bbox 450 4328 2025 4407">
     <span class='ocr_line' id='line_1_57' title="bbox 450 4328 2025 4407; baseline 0.006 -24"><span class='ocrx_word' id='word_1_444' title='bbox 450 4337 573 4384; x_wconf 88' lang='lat' dir='ltr'><strong>rent</strong></span> <span class='ocrx_word' id='word_1_445' title='bbox 613 4328 892 4386; x_wconf 88' lang='lat' dir='ltr'><strong>libidinem</strong></span> <span class='ocrx_word' id='word_1_446' title='bbox 919 4348 932 4384; x_wconf 91' lang='lat'><strong>:</strong></span> <span class='ocrx_word' id='word_1_447' title='bbox 962 4347 1068 4387; x_wconf 91' lang='lat' dir='ltr'><strong>non</strong></span> <span class='ocrx_word' id='word_1_448' title='bbox 1109 4342 1217 4389; x_wconf 89' lang='lat' dir='ltr'><strong>tam</strong></span> <span class='ocrx_word' id='word_1_449' title='bbox 1259 4349 1413 4389; x_wconf 87' lang='lat' dir='ltr'><strong>suam</strong></span> <span class='ocrx_word' id='word_1_450' title='bbox 1441 4335 1768 4405; x_wconf 36' lang='lat' dir='ltr'><strong>quamiejus,</strong></span> <span class='ocrx_word' id='word_1_451' title='bbox 1799 4352 1919 4407; x_wconf 71' lang='lat' dir='ltr'><strong>quae</strong></span> <span class='ocrx_word' id='word_1_452' title='bbox 1945 4338 2025 4393; x_wconf 86' lang='lat' dir='ltr'><strong>di-</strong></span> 
     </span>
    </p>
   </div>
   <div class='ocr_carea' id='block_1_58' title="bbox 2133 1866 3703 1943">
    <p class='ocr_par' dir='ltr' id='par_1_58' title="bbox 2133 1866 3703 1943">
     <span class='ocr_line' id='line_1_58' title="bbox 2133 1866 3703 1943; baseline 0.003 -20"><span class='ocrx_word' id='word_1_453' title='bbox 2133 1882 2262 1923; x_wconf 89' lang='lat' dir='ltr'><strong>suos</strong></span> <span class='ocrx_word' id='word_1_454' title='bbox 2296 1866 2503 1929; x_wconf 57' lang='lat' dir='ltr'><strong>invitet</strong></span> <span class='ocrx_word' id='word_1_455' title='bbox 2550 1866 2851 1935; x_wconf 75' lang='lat' dir='ltr'><strong>amplexus,</strong></span> <span class='ocrx_word' id='word_1_456' title='bbox 2881 1876 2937 1935; x_wconf 81' lang='lat' dir='ltr'><strong>et</strong></span> <span class='ocrx_word' id='word_1_457' title='bbox 2964 1867 3167 1937; x_wconf 83' lang='lat' dir='ltr'><strong>polluat</strong></span> <span class='ocrx_word' id='word_1_458' title='bbox 3192 1869 3389 1939; x_wconf 74' lang='lat' dir='ltr'><strong>anima:</strong></span> <span class='ocrx_word' id='word_1_459' title='bbox 3427 1870 3703 1943; x_wconf 81' lang='lat' dir='ltr'><strong>decorem,</strong></span> 
     </span>
    </p>
   </div>
   <div class='ocr_carea' id='block_1_59' title="bbox 2097 1957 3708 2028">
    <p class='ocr_par' dir='ltr' id='par_1_59' title="bbox 2097 1957 3708 2028">
     <span class='ocr_line' id='line_1_59' title="bbox 2097 1957 3708 2028; baseline 0.005 -18"><span class='ocrx_word' id='word_1_460' title='bbox 2097 2006 2103 2017; x_wconf 85' lang='grc'><em>,</em></span> <span class='ocrx_word' id='word_1_461' title='bbox 2132 1972 2291 2028; x_wconf 90' lang='lat' dir='ltr'><strong>quem</strong></span> <span class='ocrx_word' id='word_1_462' title='bbox 2318 1972 2418 2027; x_wconf 90' lang='lat' dir='ltr'><strong>pro</strong></span> <span class='ocrx_word' id='word_1_463' title='bbox 2447 1957 2711 2013; x_wconf 87' lang='lat' dir='ltr'><strong>beneﬁcio</strong></span> <span class='ocrx_word' id='word_1_464' title='bbox 2740 1972 2772 2011; x_wconf 93' lang='lat' dir='ltr'><strong>a</strong></span> <span class='ocrx_word' id='word_1_465' title='bbox 2801 1957 2910 2012; x_wconf 90' lang='lat' dir='ltr'><strong>Deo</strong></span> <span class='ocrx_word' id='word_1_466' title='bbox 2944 1957 3226 2015; x_wconf 89' lang='lat' dir='ltr'><strong>conditore</strong></span> <span class='ocrx_word' id='word_1_467' title='bbox 3265 1960 3583 2017; x_wconf 83' lang='lat' dir='ltr'><strong>sortitaest</strong></span> <span class='ocrx_word' id='word_1_468' title='bbox 3613 1980 3629 2017; x_wconf 91' lang='lat'><strong>:</strong></span> <span class='ocrx_word' id='word_1_469' title='bbox 3654 1971 3708 2021; x_wconf 84' lang='lat' dir='ltr'><strong>et</strong></span> 
     </span>
    </p>
   </div>
   <div class='ocr_carea' id='block_1_60' title="bbox 2095 2045 3710 2119">
    <p class='ocr_par' dir='ltr' id='par_1_60' title="bbox 2095 2045 3710 2119">
     <span class='ocr_line' id='line_1_60' title="bbox 2095 2045 3710 2119; baseline 0.003 -16"><span class='ocrx_word' id='word_1_470' title='bbox 2095 2048 2312 2111; x_wconf 78' lang='lat' dir='ltr'><strong>:omnia</strong></span> <span class='ocrx_word' id='word_1_471' title='bbox 2358 2047 2555 2103; x_wconf 87' lang='lat' dir='ltr'><strong>itinera</strong></span> <span class='ocrx_word' id='word_1_472' title='bbox 2595 2045 2714 2116; x_wconf 88' lang='lat' dir='ltr'><strong>ejus</strong></span> <span class='ocrx_word' id='word_1_473' title='bbox 2753 2046 2912 2118; x_wconf 90' lang='lat' dir='ltr'><strong>plena</strong></span> <span class='ocrx_word' id='word_1_474' title='bbox 2944 2056 3077 2111; x_wconf 79' lang='lat' dir='ltr'><strong>sunt</strong></span> <span class='ocrx_word' id='word_1_475' title='bbox 3104 2049 3710 2119; x_wconf 84' lang='lat' dir='ltr'><strong>turpitudiniseunctis-</strong></span> 
     </span>
    </p>
   </div>
   <div class='ocr_carea' id='block_1_61' title="bbox 2094 2136 3711 2216">
    <p class='ocr_par' dir='ltr' id='par_1_61' title="bbox 2094 2136 3711 2216">
     <span class='ocr_line' id='line_1_61' title="bbox 2094 2136 3711 2216; baseline 0.002 -21"><span class='ocrx_word' id='word_1_476' title='bbox 2094 2190 2099 2195; x_wconf 91' lang='lat'><strong>.</strong></span> <span class='ocrx_word' id='word_1_477' title='bbox 2131 2152 2237 2208; x_wconf 89' lang='lat' dir='ltr'><strong>que</strong></span> <span class='ocrx_word' id='word_1_478' title='bbox 2264 2136 2708 2208; x_wconf 85' lang='lat' dir='ltr'><strong>cogitationibus,</strong></span> <span class='ocrx_word' id='word_1_479' title='bbox 2747 2138 3162 2207; x_wconf 52' lang='lat' dir='ltr'><strong>quaemitiorum</strong></span> <span class='ocrx_word' id='word_1_480' title='bbox 3197 2139 3466 2209; x_wconf 79' lang='lat' dir='ltr'><strong>incentiva</strong></span> <span class='ocrx_word' id='word_1_481' title='bbox 3515 2157 3711 2216; x_wconf 84' lang='lat' dir='ltr'><strong>suppe-</strong></span> 
     </span>
    </p>
   </div>
   <div class='ocr_carea' id='block_1_62' title="bbox 2120 2227 3711 2301">
    <p class='ocr_par' dir='ltr' id='par_1_62' title="bbox 2120 2227 3711 2301">
     <span class='ocr_line' id='line_1_62' title="bbox 2120 2227 3711 2301; baseline 0.001 -16"><span class='ocrx_word' id='word_1_482' title='bbox 2120 2227 2329 2294; x_wconf 83' lang='lat' dir='ltr'><strong>ditant,</strong></span> <span class='ocrx_word' id='word_1_483' title='bbox 2366 2227 2542 2297; x_wconf 88' lang='lat' dir='ltr'><strong>aperit</strong></span> <span class='ocrx_word' id='word_1_484' title='bbox 2562 2241 2658 2282; x_wconf 93' lang='lat' dir='ltr'><strong>cor</strong></span> <span class='ocrx_word' id='word_1_485' title='bbox 2685 2242 2841 2283; x_wconf 90' lang='lat' dir='ltr'><strong>suum</strong></span> <span class='ocrx_word' id='word_1_486' title='bbox 2868 2235 2926 2283; x_wconf 91' lang='lat' dir='ltr'><strong>et</strong></span> <span class='ocrx_word' id='word_1_487' title='bbox 2946 2242 3107 2284; x_wconf 88' lang='lat' dir='ltr'><strong>crura</strong></span> <span class='ocrx_word' id='word_1_488' title='bbox 3134 2228 3419 2295; x_wconf 83' lang='lat' dir='ltr'><strong>divaricat.</strong></span> <span class='ocrx_word' id='word_1_489' title='bbox 3445 2231 3519 2287; x_wconf 89' lang='lat' dir='ltr'><strong>Et</strong></span> <span class='ocrx_word' id='word_1_490' title='bbox 3544 2231 3711 2301; x_wconf 83' lang='lat' dir='ltr'><strong>forni-</strong></span> 
     </span>
    </p>
   </div>
   <div class='ocr_carea' id='block_1_63' title="bbox 2092 2317 3709 2396">
    <p class='ocr_par' dir='ltr' id='par_1_63' title="bbox 2092 2317 3709 2396">
     <span class='ocr_line' id='line_1_63' title="bbox 2092 2317 3709 2396; baseline 0.01 -29"><span class='ocrx_word' id='word_1_491' title='bbox 2092 2324 2288 2382; x_wconf 45' lang='lat' dir='ltr'><strong>_,catur</strong></span> <span class='ocrx_word' id='word_1_492' title='bbox 2320 2332 2446 2374; x_wconf 90' lang='lat' dir='ltr'><strong>cum</strong></span> <span class='ocrx_word' id='word_1_493' title='bbox 2471 2317 2742 2390; x_wconf 66' lang='lat' dir='ltr'><strong>Egyptiis</strong></span> <span class='ocrx_word' id='word_1_494' title='bbox 2778 2317 2975 2375; x_wconf 87' lang='lat' dir='ltr'><strong>vicinis</strong></span> <span class='ocrx_word' id='word_1_495' title='bbox 3017 2319 3150 2387; x_wconf 83' lang='lat' dir='ltr'><strong>suis,</strong></span> <span class='ocrx_word' id='word_1_496' title='bbox 3194 2336 3426 2393; x_wconf 81' lang='lat' dir='ltr'><strong>quorum</strong></span> <span class='ocrx_word' id='word_1_497' title='bbox 3461 2324 3709 2396; x_wconf 72' lang='lat' dir='ltr'><strong>exempla</strong></span> 
     </span>
    </p>
   </div>
   <div class='ocr_carea' id='block_1_64' title="bbox 2128 2410 3709 2487">
    <p class='ocr_par' dir='ltr' id='par_1_64' title="bbox 2128 2410 3709 2487">
     <span class='ocr_line' id='line_1_64' title="bbox 2128 2410 3709 2487; baseline 0.001 -18"><span class='ocrx_word' id='word_1_498' title='bbox 2128 2419 2399 2477; x_wconf 80' lang='lat' dir='ltr'><strong>sectatur,</strong></span> <span class='ocrx_word' id='word_1_499' title='bbox 2434 2410 2665 2469; x_wconf 88' lang='lat' dir='ltr'><strong>ethnicis</strong></span> <span class='ocrx_word' id='word_1_500' title='bbox 2696 2410 2970 2478; x_wconf 85' lang='lat' dir='ltr'><strong>videlicet,</strong></span> <span class='ocrx_word' id='word_1_501' title='bbox 3013 2411 3107 2482; x_wconf 83' lang='lat' dir='ltr'><strong>qui</strong></span> <span class='ocrx_word' id='word_1_502' title='bbox 3156 2413 3213 2468; x_wconf 90' lang='lat' dir='ltr'><strong>in</strong></span> <span class='ocrx_word' id='word_1_503' title='bbox 3257 2414 3374 2470; x_wconf 88' lang='lat' dir='ltr'><strong>suis</strong></span> <span class='ocrx_word' id='word_1_504' title='bbox 3420 2417 3709 2487; x_wconf 81' lang='lat' dir='ltr'><strong>turpitudi-</strong></span> 
     </span>
    </p>
   </div>
   <div class='ocr_carea' id='block_1_65' title="bbox 2108 2502 3709 2586">
    <p class='ocr_par' dir='ltr' id='par_1_65' title="bbox 2108 2502 3709 2586">
     <span class='ocr_line' id='line_1_65' title="bbox 2108 2502 3709 2586; baseline 0.002 -27"><span class='ocrx_word' id='word_1_505' title='bbox 2108 2504 2291 2586; x_wconf 60' lang='lat' dir='ltr'><strong>nibus</strong></span> <span class='ocrx_word' id='word_1_506' title='bbox 2333 2502 2654 2574; x_wconf 88' lang='lat' dir='ltr'><strong>gloriantur,</strong></span> <span class='ocrx_word' id='word_1_507' title='bbox 2698 2508 2754 2558; x_wconf 94' lang='lat' dir='ltr'><strong>et</strong></span> <span class='ocrx_word' id='word_1_508' title='bbox 2792 2510 2904 2569; x_wconf 87' lang='lat' dir='ltr'><strong>tam</strong></span> <span class='ocrx_word' id='word_1_509' title='bbox 2948 2502 3159 2560; x_wconf 86' lang='lat' dir='ltr'><strong>nefaria</strong></span> <span class='ocrx_word' id='word_1_510' title='bbox 3184 2512 3286 2573; x_wconf 82' lang='lat' dir='ltr'><strong>est,</strong></span> <span class='ocrx_word' id='word_1_511' title='bbox 3312 2506 3552 2579; x_wconf 85' lang='lat' dir='ltr'><strong>utipsos</strong></span> <span class='ocrx_word' id='word_1_512' title='bbox 3575 2523 3709 2581; x_wconf 81' lang='lat' dir='ltr'><strong>quo-</strong></span> 
     </span>
    </p>
   </div>
   <div class='ocr_carea' id='block_1_66' title="bbox 2090 2591 3710 2664">
    <p class='ocr_par' dir='ltr' id='par_1_66' title="bbox 2090 2591 3710 2664">
     <span class='ocr_line' id='line_1_66' title="bbox 2090 2591 3710 2664; baseline 0.01 -27"><span class='ocrx_word' id='word_1_513' title='bbox 2090 2632 2099 2637; x_wconf 82' lang='lat'><strong>.</strong></span> <span class='ocrx_word' id='word_1_514' title='bbox 2128 2609 2235 2664; x_wconf 81' lang='lat' dir='ltr'><strong>que</strong></span> <span class='ocrx_word' id='word_1_515' title='bbox 2257 2599 2478 2664; x_wconf 88' lang='lat' dir='ltr'><strong>superet</strong></span> <span class='ocrx_word' id='word_1_516' title='bbox 2511 2591 2566 2646; x_wconf 93' lang='lat' dir='ltr'><strong>in</strong></span> <span class='ocrx_word' id='word_1_517' title='bbox 2599 2591 2950 2662; x_wconf 84' lang='lat' dir='ltr'><strong>turpitudine.</strong></span> <span class='ocrx_word' id='word_1_518' title='bbox 2988 2592 3058 2648; x_wconf 89' lang='lat' dir='ltr'><strong>Et</strong></span> <span class='ocrx_word' id='word_1_519' title='bbox 3090 2594 3206 2650; x_wconf 64' lang='lat' dir='ltr'><strong>haec</strong></span> <span class='ocrx_word' id='word_1_520' title='bbox 3236 2596 3420 2652; x_wconf 86' lang='lat' dir='ltr'><strong>omnia</strong></span> <span class='ocrx_word' id='word_1_521' title='bbox 3454 2596 3610 2663; x_wconf 86' lang='lat' dir='ltr'><strong>facit,</strong></span> <span class='ocrx_word' id='word_1_522' title='bbox 3650 2606 3710 2655; x_wconf 89' lang='lat' dir='ltr'><strong>ut</strong></span> 
     </span>
    </p>
   </div>
   <div class='ocr_carea' id='block_1_67' title="bbox 2128 2681 3708 2757">
    <p class='ocr_par' dir='ltr' id='par_1_67' title="bbox 2128 2681 3708 2757">
     <span class='ocr_line' id='line_1_67' title="bbox 2128 2681 3708 2757; baseline 0.005 -19"><span class='ocrx_word' id='word_1_523' title='bbox 2128 2683 2302 2739; x_wconf 90' lang='lat' dir='ltr'><strong>Deum</strong></span> <span class='ocrx_word' id='word_1_524' title='bbox 2343 2682 2411 2739; x_wconf 84' lang='lat' dir='ltr'><strong>ad</strong></span> <span class='ocrx_word' id='word_1_525' title='bbox 2452 2681 2791 2745; x_wconf 84' lang='lat' dir='ltr'><strong>iracundiam</strong></span> <span class='ocrx_word' id='word_1_526' title='bbox 2833 2690 3110 2755; x_wconf 90' lang='lat' dir='ltr'><strong>provocet.</strong></span> <span class='ocrx_word' id='word_1_527' title='bbox 3160 2683 3476 2756; x_wconf 79' lang='lat' dir='ltr'><strong>Magnarum</strong></span> <span class='ocrx_word' id='word_1_528' title='bbox 3528 2696 3708 2757; x_wconf 79' lang='lat' dir='ltr'><strong>autem</strong></span> 
     </span>
    </p>
   </div>
   <div class='ocr_carea' id='block_1_68' title="bbox 2128 2771 3707 2851">
    <p class='ocr_par' dir='ltr' id='par_1_68' title="bbox 2128 2771 3707 2851">
     <span class='ocr_line' id='line_1_68' title="bbox 2128 2771 3707 2851; baseline 0.005 -23"><span class='ocrx_word' id='word_1_529' title='bbox 2128 2773 2373 2829; x_wconf 90' lang='lat' dir='ltr'><strong>carnium</strong></span> <span class='ocrx_word' id='word_1_530' title='bbox 2405 2771 2646 2843; x_wconf 67' lang='lat' dir='ltr'><strong>Egyptii</strong></span> <span class='ocrx_word' id='word_1_531' title='bbox 2670 2772 3092 2851; x_wconf 67' lang='lat' dir='ltr'><strong>essedicuntur,</strong></span> <span class='ocrx_word' id='word_1_532' title='bbox 3116 2775 3233 2832; x_wconf 89' lang='lat' dir='ltr'><strong>sive</strong></span> <span class='ocrx_word' id='word_1_533' title='bbox 3256 2777 3328 2834; x_wconf 92' lang='lat' dir='ltr'><strong>ob</strong></span> <span class='ocrx_word' id='word_1_534' title='bbox 3354 2778 3707 2848; x_wconf 76' lang='lat' dir='ltr'><strong>turpitudinis</strong></span> 
     </span>
    </p>
   </div>
   <div class='ocr_carea' id='block_1_69' title="bbox 2128 2863 3702 2936">
    <p class='ocr_par' dir='ltr' id='par_1_69' title="bbox 2128 2863 3702 2936">
     <span class='ocr_line' id='line_1_69' title="bbox 2128 2863 3702 2936; baseline 0.003 -16"><span class='ocrx_word' id='word_1_535' title='bbox 2128 2863 2574 2936; x_wconf 85' lang='lat' dir='ltr'><strong>magnitudinem,</strong></span> <span class='ocrx_word' id='word_1_536' title='bbox 2624 2863 2740 2920; x_wconf 88' lang='lat' dir='ltr'><strong>sive</strong></span> <span class='ocrx_word' id='word_1_537' title='bbox 2779 2863 3240 2935; x_wconf 83' lang='lat' dir='ltr'><strong>nbpeccatorum</strong></span> <span class='ocrx_word' id='word_1_538' title='bbox 3278 2866 3702 2933; x_wconf 81' lang='lat' dir='ltr'><strong>deformitatem.</strong></span> 
     </span>
    </p>
   </div>
   <div class='ocr_carea' id='block_1_70' title="bbox 2129 2953 3709 3029">
    <p class='ocr_par' dir='ltr' id='par_1_70' title="bbox 2129 2953 3709 3029">
     <span class='ocr_line' id='line_1_70' title="bbox 2129 2953 3709 3029; baseline 0.004 -19"><span class='ocrx_word' id='word_1_539' title='bbox 2129 2953 2285 3010; x_wconf 89' lang='lat' dir='ltr'><strong>Unde</strong></span> <span class='ocrx_word' id='word_1_540' title='bbox 2304 2960 2523 3010; x_wconf 89' lang='lat' dir='ltr'><strong>sanctus</strong></span> <span class='ocrx_word' id='word_1_541' title='bbox 2545 2953 2768 3019; x_wconf 85' lang='lat' dir='ltr'><strong>dicitur,</strong></span> <span class='ocrx_word' id='word_1_542' title='bbox 2813 2955 3060 3016; x_wconf 75' lang='lat' dir='ltr'><strong>carnium</strong></span> <span class='ocrx_word' id='word_1_543' title='bbox 3084 2955 3457 3026; x_wconf 81' lang='lat' dir='ltr'><strong>parvulamm,</strong></span> <span class='ocrx_word' id='word_1_544' title='bbox 3501 2973 3627 3029; x_wconf 67' lang='lat' dir='ltr'><strong>qum</strong></span> <span class='ocrx_word' id='word_1_545' title='bbox 3651 2959 3709 3016; x_wconf 86' lang='lat' dir='ltr'><strong>in</strong></span> 
     </span>
    </p>
   </div>
   <div class='ocr_carea' id='block_1_71' title="bbox 2126 3042 3709 3117">
    <p class='ocr_par' dir='ltr' id='par_1_71' title="bbox 2126 3042 3709 3117">
     <span class='ocr_line' id='line_1_71' title="bbox 2126 3042 3709 3117; baseline 0.004 -19"><span class='ocrx_word' id='word_1_546' title='bbox 2126 3058 2192 3099; x_wconf 91' lang='lat' dir='ltr'><strong>eo</strong></span> <span class='ocrx_word' id='word_1_547' title='bbox 2220 3042 2541 3105; x_wconf 87' lang='lat' dir='ltr'><strong>decrescunt</strong></span> <span class='ocrx_word' id='word_1_548' title='bbox 2566 3045 2829 3113; x_wconf 81' lang='lat' dir='ltr'><strong>quotidie,</strong></span> <span class='ocrx_word' id='word_1_549' title='bbox 2860 3052 2921 3110; x_wconf 58' lang='lat' dir='ltr'><strong>et,</strong></span> <span class='ocrx_word' id='word_1_550' title='bbox 2934 3060 3035 3117; x_wconf 89' lang='lat' dir='ltr'><strong>per</strong></span> <span class='ocrx_word' id='word_1_551' title='bbox 3053 3046 3283 3111; x_wconf 79' lang='lat' dir='ltr'><strong>virtutes</strong></span> <span class='ocrx_word' id='word_1_552' title='bbox 3317 3048 3709 3115; x_wconf 88' lang='lat' dir='ltr'><strong>adtenuantur,</strong></span> 
     </span>
    </p>
   </div>
   <div class='ocr_carea' id='block_1_72' title="bbox 2128 3133 3711 3209">
    <p class='ocr_par' dir='ltr' id='par_1_72' title="bbox 2128 3133 3711 3209">
     <span class='ocr_line' id='line_1_72' title="bbox 2128 3133 3711 3209; baseline 0.004 -20"><span class='ocrx_word' id='word_1_553' title='bbox 2128 3133 2206 3190; x_wconf 88' lang='lat' dir='ltr'><strong>ita</strong></span> <span class='ocrx_word' id='word_1_554' title='bbox 2243 3141 2850 3204; x_wconf 13' lang='lat' dir='ltr'><strong>utrneqnaquamcaro</strong></span> <span class='ocrx_word' id='word_1_555' title='bbox 2878 3136 3196 3206; x_wconf 78' lang='lat' dir='ltr'><strong>appelletur,</strong></span> <span class='ocrx_word' id='word_1_556' title='bbox 3656 3148 3711 3195; x_wconf 91' lang='lat' dir='ltr'><strong>et</strong></span> 
     </span>
    </p>
   </div>
   <div class='ocr_carea' id='block_1_73' title="bbox 2104 3222 3705 3297">
    <p class='ocr_par' dir='ltr' id='par_1_73' title="bbox 2104 3222 3705 3297">
     <span class='ocr_line' id='line_1_73' title="bbox 2104 3222 3705 3297; baseline 0.008 -15"><span class='ocrx_word' id='word_1_557' title='bbox 2104 3222 2380 3293; x_wconf 69' lang='lat' dir='ltr'><strong>loquatur</strong></span> <span class='ocrx_word' id='word_1_558' title='bbox 2399 3223 2453 3283; x_wconf 86' lang='lat' dir='ltr'><strong>in</strong></span> <span class='ocrx_word' id='word_1_559' title='bbox 2472 3222 2686 3292; x_wconf 84' lang='lat' dir='ltr'><strong>psalmo</strong></span> <span class='ocrx_word' id='word_1_560' title='bbox 2711 3240 2725 3279; x_wconf 91' lang='lat'><strong>:</strong></span> <span class='ocrx_word' id='word_1_561' title='bbox 2761 3222 2988 3289; x_wconf 71' lang='lat' dir='ltr'><strong>«.Sitivit</strong></span> <span class='ocrx_word' id='word_1_562' title='bbox 3004 3226 3185 3291; x_wconf 79' lang='lat' dir='ltr'><strong>anima</strong></span> <span class='ocrx_word' id='word_1_563' title='bbox 3208 3242 3331 3294; x_wconf 69' lang='lat' dir='ltr'><strong>mea</strong></span> <span class='ocrx_word' id='word_1_564' title='bbox 3356 3229 3425 3293; x_wconf 74' lang='lat' dir='ltr'><strong>ad</strong></span> <span class='ocrx_word' id='word_1_565' title='bbox 3447 3236 3523 3292; x_wconf 71' lang='lat' dir='ltr'><strong>te.</strong></span> <span class='ocrx_word' id='word_1_566' title='bbox 3537 3230 3705 3297; x_wconf 60' lang='lat' dir='ltr'><strong>Deus</strong></span> 
     </span>
    </p>
   </div>
   <div class='ocr_carea' id='block_1_74' title="bbox 2126 3315 3707 3387">
    <p class='ocr_par' dir='ltr' id='par_1_74' title="bbox 2126 3315 3707 3387">
     <span class='ocr_line' id='line_1_74' title="bbox 2126 3315 3707 3387; baseline 0.003 -14"><span class='ocrx_word' id='word_1_567' title='bbox 2126 3332 2290 3387; x_wconf 89' lang='lat' dir='ltr'><strong>quam</strong></span> <span class='ocrx_word' id='word_1_568' title='bbox 2335 3315 2707 3387; x_wconf 81' lang='lat' dir='ltr'><strong>multipliciter</strong></span> <span class='ocrx_word' id='word_1_569' title='bbox 2749 3317 2845 3375; x_wconf 89' lang='lat' dir='ltr'><strong>tibi</strong></span> <span class='ocrx_word' id='word_1_570' title='bbox 2872 3331 3000 3374; x_wconf 87' lang='lat' dir='ltr'><strong>caro</strong></span> <span class='ocrx_word' id='word_1_571' title='bbox 3031 3332 3172 3385; x_wconf 82' lang='lat' dir='ltr'><strong>mea,</strong></span> <span class='ocrx_word' id='word_1_572' title='bbox 3210 3318 3272 3373; x_wconf 88' lang='lat' dir='ltr'><strong>in</strong></span> <span class='ocrx_word' id='word_1_573' title='bbox 3305 3327 3453 3385; x_wconf 84' lang='lat' dir='ltr'><strong>terra</strong></span> <span class='ocrx_word' id='word_1_574' title='bbox 3494 3321 3707 3381; x_wconf 72' lang='lat' dir='ltr'><strong>deserta</strong></span> 
     </span>
    </p>
   </div>
   <div class='ocr_carea' id='block_1_75' title="bbox 2128 3406 3701 3482">
    <p class='ocr_par' dir='ltr' id='par_1_75' title="bbox 2128 3406 3701 3482">
     <span class='ocr_line' id='line_1_75' title="bbox 2128 3406 3701 3482; baseline 0 -20"><span class='ocrx_word' id='word_1_575' title='bbox 2128 3416 2184 3462; x_wconf 90' lang='lat' dir='ltr'><strong>et</strong></span> <span class='ocrx_word' id='word_1_576' title='bbox 2226 3407 2490 3478; x_wconf 77' lang='lat' dir='ltr'><strong>inaquosa</strong></span> <span class='ocrx_word' id='word_1_577' title='bbox 2517 3407 2596 3465; x_wconf 88' lang='lat' dir='ltr'><strong>sic</strong></span> <span class='ocrx_word' id='word_1_578' title='bbox 2622 3407 2677 3462; x_wconf 92' lang='lat' dir='ltr'><strong>in</strong></span> <span class='ocrx_word' id='word_1_579' title='bbox 2705 3415 2894 3465; x_wconf 87' lang='lat' dir='ltr'><strong>sancto</strong></span> <span class='ocrx_word' id='word_1_580' title='bbox 2927 3407 3151 3477; x_wconf 82' lang='lat' dir='ltr'><strong>apparui</strong></span> <span class='ocrx_word' id='word_1_581' title='bbox 3168 3407 3269 3467; x_wconf 84' lang='lat' dir='ltr'><strong>tibi</strong></span> <span class='ocrx_word' id='word_1_582' title='bbox 3290 3406 3466 3480; x_wconf 67' lang='lat' dir='ltr'><strong>(Prol.</strong></span> <span class='ocrx_word' id='word_1_583' title='bbox 3490 3409 3652 3482; x_wconf 54' lang='lat' dir='ltr'><strong>aut).</strong></span> <span class='ocrx_word' id='word_1_584' title='bbox 3680 3427 3701 3462; x_wconf 71' lang='grc' dir='ltr'><strong><em>ο</em></strong></span> 
     </span>
    </p>
   </div>
   <div class='ocr_carea' id='block_1_76' title="bbox 2128 3494 3708 3564">
    <p class='ocr_par' dir='ltr' id='par_1_76' title="bbox 2128 3494 3708 3564">
     <span class='ocr_line' id='line_1_76' title="bbox 2128 3494 3708 3564; baseline 0.003 -12"><span class='ocrx_word' id='word_1_585' title='bbox 2128 3496 2488 3564; x_wconf 82' lang='lat' dir='ltr'><strong>Quamobrem</strong></span> <span class='ocrx_word' id='word_1_586' title='bbox 2516 3504 2573 3551; x_wconf 90' lang='lat' dir='ltr'><strong>et</strong></span> <span class='ocrx_word' id='word_1_587' title='bbox 2597 3494 2911 3559; x_wconf 85' lang='lat' dir='ltr'><strong>Corinthius</strong></span> <span class='ocrx_word' id='word_1_588' title='bbox 2943 3495 3245 3561; x_wconf 84' lang='lat' dir='ltr'><strong>fornicator</strong></span> <span class='ocrx_word' id='word_1_589' title='bbox 3280 3498 3515 3563; x_wconf 84' lang='lat' dir='ltr'><strong>traditur</strong></span> <span class='ocrx_word' id='word_1_590' title='bbox 3544 3498 3599 3555; x_wconf 87' lang='lat' dir='ltr'><strong>in</strong></span> <span class='ocrx_word' id='word_1_591' title='bbox 3630 3500 3708 3556; x_wconf 91' lang='lat' dir='ltr'><strong>in—</strong></span> 
     </span>
    </p>
   </div>
   <div class='ocr_carea' id='block_1_77' title="bbox 2128 3587 3707 3661">
    <p class='ocr_par' dir='ltr' id='par_1_77' title="bbox 2128 3587 3707 3661">
     <span class='ocr_line' id='line_1_77' title="bbox 2128 3587 3707 3661; baseline 0.004 -19"><span class='ocrx_word' id='word_1_592' title='bbox 2128 3589 2347 3644; x_wconf 89' lang='lat' dir='ltr'><strong>teritum</strong></span> <span class='ocrx_word' id='word_1_593' title='bbox 2375 3587 2576 3652; x_wconf 87' lang='lat' dir='ltr'><strong>carnis,</strong></span> <span class='ocrx_word' id='word_1_594' title='bbox 2612 3595 2674 3645; x_wconf 86' lang='lat' dir='ltr'><strong>ut</strong></span> <span class='ocrx_word' id='word_1_595' title='bbox 2692 3588 3136 3658; x_wconf 70' lang='lat' dir='ltr'><strong>spiritussalvus</strong></span> <span class='ocrx_word' id='word_1_596' title='bbox 3163 3589 3278 3647; x_wconf 88' lang='lat' dir='ltr'><strong>ﬁat.</strong></span> <span class='ocrx_word' id='word_1_597' title='bbox 3310 3591 3389 3647; x_wconf 88' lang='lat' dir='ltr'><strong>De</strong></span> <span class='ocrx_word' id='word_1_598' title='bbox 3408 3593 3519 3661; x_wconf 80' lang='lat' dir='ltr'><strong>hac</strong></span> <span class='ocrx_word' id='word_1_599' title='bbox 3545 3608 3707 3661; x_wconf 76' lang='lat' dir='ltr'><strong>carne</strong></span> 
     </span>
    </p>
   </div>
   <div class='ocr_carea' id='block_1_78' title="bbox 2128 3678 3708 3753">
    <p class='ocr_par' dir='ltr' id='par_1_78' title="bbox 2128 3678 3708 3753">
     <span class='ocr_line' id='line_1_78' title="bbox 2128 3678 3708 3753; baseline 0.003 -18"><span class='ocrx_word' id='word_1_600' title='bbox 2128 3680 2389 3749; x_wconf 87' lang='lat' dir='ltr'><strong>scriptum</strong></span> <span class='ocrx_word' id='word_1_601' title='bbox 2410 3688 2493 3734; x_wconf 90' lang='lat' dir='ltr'><strong>est</strong></span> <span class='ocrx_word' id='word_1_602' title='bbox 2517 3696 2532 3732; x_wconf 89' lang='lat'><strong>:</strong></span> <span class='ocrx_word' id='word_1_603' title='bbox 2568 3697 2586 3731; x_wconf 83' lang='lat' dir='ltr'><strong>t</strong></span> <span class='ocrx_word' id='word_1_604' title='bbox 2615 3678 2802 3737; x_wconf 88' lang='lat' dir='ltr'><strong>Omnis</strong></span> <span class='ocrx_word' id='word_1_605' title='bbox 2845 3694 2973 3739; x_wconf 84' lang='lat' dir='ltr'><strong>caro</strong></span> <span class='ocrx_word' id='word_1_606' title='bbox 3012 3679 3215 3747; x_wconf 86' lang='lat' dir='ltr'><strong>fenum,</strong></span> <span class='ocrx_word' id='word_1_607' title='bbox 3245 3691 3302 3739; x_wconf 87' lang='lat' dir='ltr'><strong>et</strong></span> <span class='ocrx_word' id='word_1_608' title='bbox 3332 3684 3512 3743; x_wconf 88' lang='lat' dir='ltr'><strong>omnis</strong></span> <span class='ocrx_word' id='word_1_609' title='bbox 3538 3684 3708 3753; x_wconf 81' lang='lat' dir='ltr'><strong>gloria</strong></span> 
     </span>
    </p>
   </div>
   <div class='ocr_carea' id='block_1_79' title="bbox 2127 3766 3708 3842">
    <p class='ocr_par' dir='ltr' id='par_1_79' title="bbox 2127 3766 3708 3842">
     <span class='ocr_line' id='line_1_79' title="bbox 2127 3766 3708 3842; baseline 0 -18"><span class='ocrx_word' id='word_1_610' title='bbox 2127 3768 2244 3837; x_wconf 89' lang='lat' dir='ltr'><strong>ejus</strong></span> <span class='ocrx_word' id='word_1_611' title='bbox 2269 3769 2422 3839; x_wconf 90' lang='lat' dir='ltr'><strong>quasi</strong></span> <span class='ocrx_word' id='word_1_612' title='bbox 2459 3766 2557 3823; x_wconf 86' lang='lat' dir='ltr'><strong>ﬁos</strong></span> <span class='ocrx_word' id='word_1_613' title='bbox 2582 3768 2718 3840; x_wconf 87' lang='lat' dir='ltr'><strong>agri.</strong></span> <span class='ocrx_word' id='word_1_614' title='bbox 2761 3768 2921 3824; x_wconf 83' lang='lat' dir='ltr'><strong>Aruit</strong></span> <span class='ocrx_word' id='word_1_615' title='bbox 2951 3768 3169 3837; x_wconf 77' lang='lat' dir='ltr'><strong>fenum,</strong></span> <span class='ocrx_word' id='word_1_616' title='bbox 3200 3781 3269 3834; x_wconf 72' lang='grc' dir='ltr'><strong>,ει</strong></span> <span class='ocrx_word' id='word_1_617' title='bbox 3308 3771 3411 3837; x_wconf 85' lang='lat' dir='ltr'><strong>ﬁos</strong></span> <span class='ocrx_word' id='word_1_618' title='bbox 3452 3772 3575 3842; x_wconf 62' lang='lat' dir='ltr'><strong>eius</strong></span> <span class='ocrx_word' id='word_1_619' title='bbox 3617 3777 3708 3832; x_wconf 76' lang='lat' dir='ltr'><strong>de-</strong></span> 
     </span>
    </p>
   </div>
   <div class='ocr_carea' id='block_1_80' title="bbox 2129 3853 3708 3934">
    <p class='ocr_par' dir='ltr' id='par_1_80' title="bbox 2129 3853 3708 3934">
     <span class='ocr_line' id='line_1_80' title="bbox 2129 3853 3708 3934; baseline 0.007 -21"><span class='ocrx_word' id='word_1_620' title='bbox 2129 3853 2293 3925; x_wconf 78' lang='lat' dir='ltr'><strong>cidit;</strong></span> <span class='ocrx_word' id='word_1_621' title='bbox 2343 3861 2568 3915; x_wconf 83' lang='lat' dir='ltr'><strong>verbum</strong></span> <span class='ocrx_word' id='word_1_622' title='bbox 2630 3869 2813 3917; x_wconf 82' lang='lat' dir='ltr'><strong>autem</strong></span> <span class='ocrx_word' id='word_1_623' title='bbox 2857 3862 3075 3923; x_wconf 78' lang='lat' dir='ltr'><strong>Domini</strong></span> <span class='ocrx_word' id='word_1_624' title='bbox 3111 3873 3298 3927; x_wconf 73' lang='lat' dir='ltr'><strong>trianet</strong></span> <span class='ocrx_word' id='word_1_625' title='bbox 3342 3866 3398 3921; x_wconf 89' lang='lat' dir='ltr'><strong>in</strong></span> <span class='ocrx_word' id='word_1_626' title='bbox 3442 3876 3708 3934; x_wconf 63' lang='lat' dir='ltr'><strong>internum</strong></span> 
     </span>
    </p>
   </div>
   <div class='ocr_carea' id='block_1_81' title="bbox 2129 3950 3709 4037">
    <p class='ocr_par' dir='ltr' id='par_1_81' title="bbox 2129 3950 3709 4037">
     <span class='ocr_line' id='line_1_81' title="bbox 2129 3950 3709 4037; baseline 0.01 -33"><span class='ocrx_word' id='word_1_627' title='bbox 2129 3950 2263 4020; x_wconf 84' lang='lat' dir='ltr'><strong>(lsa.</strong></span> <span class='ocrx_word' id='word_1_628' title='bbox 2293 3952 2403 4037; x_wconf 67' lang='lat' dir='ltr'><strong>xi).</strong></span> <span class='ocrx_word' id='word_1_629' title='bbox 2437 3971 2455 4004; x_wconf 74' lang='grc' dir='ltr'><strong><em>ι</em></strong></span> <span class='ocrx_word' id='word_1_630' title='bbox 2496 3951 2574 4007; x_wconf 91' lang='lat' dir='ltr'><strong>De</strong></span> <span class='ocrx_word' id='word_1_631' title='bbox 2596 3968 2702 4022; x_wconf 88' lang='lat' dir='ltr'><strong>qua</strong></span> <span class='ocrx_word' id='word_1_632' title='bbox 2722 3962 2801 4037; x_wconf 42' lang='lat' dir='ltr'><strong>.ct</strong></span> <span class='ocrx_word' id='word_1_633' title='bbox 2819 3954 3110 4025; x_wconf 73' lang='lat' dir='ltr'><strong>Apostolus</strong></span> <span class='ocrx_word' id='word_1_634' title='bbox 3133 3955 3497 4028; x_wconf 74' lang='lat' dir='ltr'><strong>loquebatur:</strong></span> <span class='ocrx_word' id='word_1_635' title='bbox 3529 3961 3709 4019; x_wconf 70' lang='lat' dir='ltr'><strong>«(iam</strong></span> 
     </span>
    </p>
   </div>
   <div class='ocr_carea' id='block_1_82' title="bbox 2126 4033 3699 4126">
    <p class='ocr_par' dir='ltr' id='par_1_82' title="bbox 2126 4033 3699 4126">
     <span class='ocr_line' id='line_1_82' title="bbox 2126 4033 3699 4126; baseline 0.006 -29"><span class='ocrx_word' id='word_1_636' title='bbox 2126 4052 2182 4097; x_wconf 91' lang='lat' dir='ltr'><strong>et</strong></span> <span class='ocrx_word' id='word_1_637' title='bbox 2204 4033 2425 4114; x_wconf 84' lang='lat' dir='ltr'><strong>sanguis</strong></span> <span class='ocrx_word' id='word_1_638' title='bbox 2446 4057 2678 4113; x_wconf 81' lang='lat' dir='ltr'><strong>regnum</strong></span> <span class='ocrx_word' id='word_1_639' title='bbox 2693 4033 2793 4102; x_wconf 84' lang='lat' dir='ltr'><strong>Dei</strong></span> <span class='ocrx_word' id='word_1_640' title='bbox 2816 4048 3297 4117; x_wconf 81' lang='lat' dir='ltr'><strong>nonpossidebunt</strong></span> <span class='ocrx_word' id='word_1_641' title='bbox 3322 4049 3375 4123; x_wconf 89' lang='grc' dir='ltr'><strong>(ι</strong></span> <span class='ocrx_word' id='word_1_642' title='bbox 3392 4050 3518 4110; x_wconf 86' lang='lat' dir='ltr'><strong>Cor.</strong></span> <span class='ocrx_word' id='word_1_643' title='bbox 3542 4053 3655 4126; x_wconf 86' lang='lat' dir='ltr'><strong>xv).</strong></span> <span class='ocrx_word' id='word_1_644' title='bbox 3680 4072 3699 4106; x_wconf 76' lang='grc' dir='ltr'><strong><em>ι</em></strong></span> 
     </span>
    </p>
   </div>
   <div class='ocr_carea' id='block_1_83' title="bbox 2126 4133 3707 4217">
    <p class='ocr_par' dir='ltr' id='par_1_83' title="bbox 2126 4133 3707 4217">
     <span class='ocr_line' id='line_1_83' title="bbox 2126 4133 3707 4217; baseline 0.008 -29"><span class='ocrx_word' id='word_1_645' title='bbox 2126 4133 2195 4188; x_wconf 84' lang='grc' dir='ltr'><strong>Ει</strong></span> <span class='ocrx_word' id='word_1_646' title='bbox 2224 4135 2277 4189; x_wconf 96' lang='lat' dir='ltr'><strong>in</strong></span> <span class='ocrx_word' id='word_1_647' title='bbox 2307 4134 2503 4190; x_wconf 86' lang='lat' dir='ltr'><strong>Genesi</strong></span> <span class='ocrx_word' id='word_1_648' title='bbox 2543 4135 2782 4205; x_wconf 88' lang='lat' dir='ltr'><strong>loquitur</strong></span> <span class='ocrx_word' id='word_1_649' title='bbox 2824 4138 3002 4194; x_wconf 90' lang='lat' dir='ltr'><strong>Deus:</strong></span> <span class='ocrx_word' id='word_1_650' title='bbox 3036 4157 3054 4191; x_wconf 90' lang='lat' dir='ltr'><strong>t</strong></span> <span class='ocrx_word' id='word_1_651' title='bbox 3080 4138 3199 4197; x_wconf 86' lang='lat' dir='ltr'><strong>Non</strong></span> <span class='ocrx_word' id='word_1_652' title='bbox 3224 4145 3574 4212; x_wconf 75' lang='lat' dir='ltr'><strong>permanebit</strong></span> <span class='ocrx_word' id='word_1_653' title='bbox 3599 4146 3707 4217; x_wconf 81' lang='lat' dir='ltr'><strong>spi-</strong></span> 
     </span>
    </p>
   </div>
   <div class='ocr_carea' id='block_1_84' title="bbox 2129 4225 3701 4308">
    <p class='ocr_par' dir='ltr' id='par_1_84' title="bbox 2129 4225 3701 4308">
     <span class='ocr_line' id='line_1_84' title="bbox 2129 4225 3701 4308; baseline 0.007 -29"><span class='ocrx_word' id='word_1_654' title='bbox 2129 4225 2267 4280; x_wconf 91' lang='lat' dir='ltr'><strong>ritus</strong></span> <span class='ocrx_word' id='word_1_655' title='bbox 2306 4226 2553 4281; x_wconf 26' lang='lat' dir='ltr'><strong>nieusrin.</strong></span> <span class='ocrx_word' id='word_1_656' title='bbox 2572 4227 2884 4297; x_wconf 85' lang='lat' dir='ltr'><strong>hominibus</strong></span> <span class='ocrx_word' id='word_1_657' title='bbox 2906 4229 3045 4295; x_wconf 87' lang='lat' dir='ltr'><strong>istis,</strong></span> <span class='ocrx_word' id='word_1_658' title='bbox 3070 4231 3199 4301; x_wconf 88' lang='lat' dir='ltr'><strong>quia</strong></span> <span class='ocrx_word' id='word_1_659' title='bbox 3232 4247 3364 4290; x_wconf 85' lang='lat' dir='ltr'><strong>caro</strong></span> <span class='ocrx_word' id='word_1_660' title='bbox 3390 4244 3522 4292; x_wconf 83' lang='lat' dir='ltr'><strong>sunt</strong></span> <span class='ocrx_word' id='word_1_661' title='bbox 3544 4234 3701 4308; x_wconf 81' lang='lat' dir='ltr'><strong>(Gen.</strong></span> 
     </span>
    </p>
   </div>
   <div class='ocr_carea' id='block_1_85' title="bbox 2127 4314 3708 4388">
    <p class='ocr_par' dir='ltr' id='par_1_85' title="bbox 2127 4314 3708 4388">
     <span class='ocr_line' id='line_1_85' title="bbox 2127 4314 3708 4388; baseline 0.009 -22"><span class='ocrx_word' id='word_1_662' title='bbox 2127 4314 2226 4387; x_wconf 85' lang='lat' dir='ltr'><strong>vt).</strong></span> <span class='ocrx_word' id='word_1_663' title='bbox 2249 4335 2268 4367; x_wconf 71' lang='grc' dir='ltr'><strong><em>ι</em></strong></span> <span class='ocrx_word' id='word_1_664' title='bbox 2301 4315 2373 4369; x_wconf 90' lang='lat' dir='ltr'><strong>Et</strong></span> <span class='ocrx_word' id='word_1_665' title='bbox 2395 4315 2463 4368; x_wconf 89' lang='lat' dir='ltr'><strong>ad</strong></span> <span class='ocrx_word' id='word_1_666' title='bbox 2491 4315 2776 4371; x_wconf 88' lang='lat' dir='ltr'><strong>credentes</strong></span> <span class='ocrx_word' id='word_1_667' title='bbox 2796 4316 3049 4375; x_wconf 81' lang='lat' dir='ltr'><strong>..dicitur:</strong></span> <span class='ocrx_word' id='word_1_668' title='bbox 3082 4319 3226 4386; x_wconf 69' lang='lat' dir='ltr'><strong>(Qui</strong></span> <span class='ocrx_word' id='word_1_669' title='bbox 3266 4322 3327 4379; x_wconf 85' lang='lat' dir='ltr'><strong>in</strong></span> <span class='ocrx_word' id='word_1_670' title='bbox 3368 4336 3539 4385; x_wconf 78' lang='lat' dir='ltr'><strong>carne</strong></span> <span class='ocrx_word' id='word_1_671' title='bbox 3580 4334 3708 4388; x_wconf 71' lang='lat' dir='ltr'><strong>sunt</strong></span> 
     </span>
    </p>
   </div>
   <div class='ocr_carea' id='block_1_86' title="bbox 449 4403 2028 4503">
    <p class='ocr_par' dir='ltr' id='par_1_86' title="bbox 449 4403 2027 4495">
     <span class='ocr_line' id='line_1_86' title="bbox 449 4403 2027 4495; baseline 0.006 -22"><span class='ocrx_word' id='word_1_672' title='bbox 449 4417 715 4474; x_wconf 88' lang='lat' dir='ltr'><strong>varicavit</strong></span> <span class='ocrx_word' id='word_1_673' title='bbox 742 4435 901 4476; x_wconf 91' lang='lat' dir='ltr'><strong>crura</strong></span> <span class='ocrx_word' id='word_1_674' title='bbox 927 4436 1023 4477; x_wconf 89' lang='lat' dir='ltr'><strong>sua</strong></span> <span class='ocrx_word' id='word_1_675' title='bbox 1055 4423 1204 4478; x_wconf 92' lang='lat' dir='ltr'><strong>omni</strong></span> <span class='ocrx_word' id='word_1_676' title='bbox 1230 4403 1554 4491; x_wconf 80' lang='lat' dir='ltr'><strong>transeunti,</strong></span> <span class='ocrx_word' id='word_1_677' title='bbox 1584 4433 1640 4481; x_wconf 90' lang='lat' dir='ltr'><strong>et</strong></span> <span class='ocrx_word' id='word_1_678' title='bbox 1660 4403 2027 4495; x_wconf 23' lang='lat' dir='ltr'><strong>“pulchritudi-</strong></span> 
     </span>
    </p>
   </div>
   <div class='ocr_carea' id='block_1_87' title="bbox 2125 4403 3703 4503">
    <p class='ocr_par' dir='ltr' id='par_1_87' title="bbox 2129 4403 3703 4475">
     <span class='ocr_line' id='line_1_87' title="bbox 2129 4403 3703 4475; baseline 0.006 -16"><span class='ocrx_word' id='word_1_679' title='bbox 2129 4404 2240 4460; x_wconf 88' lang='lat' dir='ltr'><strong>Deo</strong></span> <span class='ocrx_word' id='word_1_680' title='bbox 2274 4403 2490 4474; x_wconf 90' lang='lat' dir='ltr'><strong>placere</strong></span> <span class='ocrx_word' id='word_1_681' title='bbox 2528 4418 2635 4459; x_wconf 93' lang='lat' dir='ltr'><strong>non</strong></span> <span class='ocrx_word' id='word_1_682' title='bbox 2666 4414 2918 4475; x_wconf 82' lang='lat' dir='ltr'><strong>possunt.</strong></span> <span class='ocrx_word' id='word_1_683' title='bbox 2960 4405 3077 4466; x_wconf 75' lang='lat' dir='ltr'><strong>.Yos.</strong></span> <span class='ocrx_word' id='word_1_684' title='bbox 3106 4415 3451 4471; x_wconf 73' lang='lat' dir='ltr'><strong>autemnon</strong></span> <span class='ocrx_word' id='word_1_685' title='bbox 3649 4413 3703 4468; x_wconf 90' lang='lat' dir='ltr'><strong>in</strong></span> 
     </span>
    </p>
   </div>
   <div class='ocr_carea' id='block_1_88' title="bbox 447 4497 3705 4590">
    <p class='ocr_par' dir='ltr' id='par_1_88' title="bbox 447 4497 3705 4590">
     <span class='ocr_line' id='line_1_88' title="bbox 447 4497 3705 4590; baseline 0.002 -23"><span class='ocrx_word' id='word_1_686' title='bbox 447 4513 533 4568; x_wconf 90' lang='lat' dir='ltr'><strong>nis</strong></span> <span class='ocrx_word' id='word_1_687' title='bbox 563 4514 986 4584; x_wconf 73' lang='lat' dir='ltr'><strong>magnitudinem</strong></span> <span class='ocrx_word' id='word_1_688' title='bbox 1026 4514 1401 4573; x_wconf 69' lang='lat' dir='ltr'><strong>fornicationis</strong></span> <span class='ocrx_word' id='word_1_689' title='bbox 1452 4518 1818 4590; x_wconf 77' lang='lat' dir='ltr'><strong>magnitudine</strong></span> <span class='ocrx_word' id='word_1_690' title='bbox 1842 4519 2027 4575; x_wconf 91' lang='lat' dir='ltr'><strong>detur-</strong></span> <span class='ocrx_word' id='word_1_691' title='bbox 2049 4497 2091 4503; x_wconf 66' lang='grc'>⁷</span> <span class='ocrx_word' id='word_1_692' title='bbox 2127 4512 2310 4562; x_wconf 67' lang='lat' dir='ltr'><strong>carne»</strong></span> <span class='ocrx_word' id='word_1_693' title='bbox 2335 4500 2429 4552; x_wconf 75' lang='lat' dir='ltr'><strong>sed</strong></span> <span class='ocrx_word' id='word_1_694' title='bbox 2464 4498 2523 4552; x_wconf 77' lang='lat' dir='ltr'><strong>in</strong></span> <span class='ocrx_word' id='word_1_695' title='bbox 2557 4497 2749 4569; x_wconf 65' lang='lat' dir='ltr'><strong>spiritu</strong></span> <span class='ocrx_word' id='word_1_696' title='bbox 2781 4497 2959 4569; x_wconf 76' lang='lat' dir='ltr'><strong>(Rom-</strong></span> <span class='ocrx_word' id='word_1_697' title='bbox 3003 4499 3145 4573; x_wconf 65' lang='grc' dir='ltr'><strong>πω).</strong></span> <span class='ocrx_word' id='word_1_698' title='bbox 3166 4518 3186 4552; x_wconf 76' lang='grc' dir='ltr'><strong><em>ι</em></strong></span> <span class='ocrx_word' id='word_1_699' title='bbox 3218 4500 3342 4559; x_wconf 67' lang='lat' dir='ltr'><strong>Alia</strong></span> <span class='ocrx_word' id='word_1_700' title='bbox 3371 4512 3556 4567; x_wconf 67' lang='lat' dir='ltr'><strong>autem</strong></span> <span class='ocrx_word' id='word_1_701' title='bbox 3577 4519 3705 4565; x_wconf 71' lang='lat' dir='ltr'><strong>caro</strong></span> 
     </span>
    </p>
   </div>
   <div class='ocr_carea' id='block_1_89' title="bbox 447 4603 2021 4679">
    <p class='ocr_par' dir='ltr' id='par_1_89' title="bbox 447 4603 2021 4679">
     <span class='ocr_line' id='line_1_89' title="bbox 447 4603 2021 4679; baseline 0.004 -24"><span class='ocrx_word' id='word_1_702' title='bbox 447 4603 610 4672; x_wconf 86' lang='lat' dir='ltr'><strong>parit.</strong></span> <span class='ocrx_word' id='word_1_703' title='bbox 642 4603 709 4657; x_wconf 89' lang='lat' dir='ltr'><strong>Et</strong></span> <span class='ocrx_word' id='word_1_704' title='bbox 734 4604 876 4660; x_wconf 90' lang='lat' dir='ltr'><strong>inter</strong></span> <span class='ocrx_word' id='word_1_705' title='bbox 913 4613 1127 4669; x_wconf 78' lang='lat' dir='ltr'><strong>cmtera,</strong></span> <span class='ocrx_word' id='word_1_706' title='bbox 1181 4605 1346 4661; x_wconf 88' lang='lat' dir='ltr'><strong>etiam</strong></span> <span class='ocrx_word' id='word_1_707' title='bbox 1382 4606 1653 4679; x_wconf 62' lang='lat' dir='ltr'><strong>Egyptiis</strong></span> <span class='ocrx_word' id='word_1_708' title='bbox 1686 4608 1880 4664; x_wconf 90' lang='lat' dir='ltr'><strong>vicinis</strong></span> <span class='ocrx_word' id='word_1_709' title='bbox 1909 4609 2021 4664; x_wconf 90' lang='lat' dir='ltr'><strong>suis</strong></span> 
     </span>
    </p>
   </div>
   <div class='ocr_carea' id='block_1_90' title="bbox 448 4697 2021 4766">
    <p class='ocr_par' dir='ltr' id='par_1_90' title="bbox 448 4697 2021 4766">
     <span class='ocr_line' id='line_1_90' title="bbox 448 4697 2021 4766; baseline 0.005 -21"><span class='ocrx_word' id='word_1_710' title='bbox 448 4706 637 4746; x_wconf 88' lang='lat' dir='ltr'><strong>amore</strong></span> <span class='ocrx_word' id='word_1_711' title='bbox 657 4708 972 4764; x_wconf 86' lang='lat' dir='ltr'><strong>magnarum</strong></span> <span class='ocrx_word' id='word_1_712' title='bbox 1001 4697 1244 4750; x_wconf 88' lang='lat' dir='ltr'><strong>carnium</strong></span> <span class='ocrx_word' id='word_1_713' title='bbox 1268 4704 1536 4766; x_wconf 90' lang='lat' dir='ltr'><strong>prostrata</strong></span> <span class='ocrx_word' id='word_1_714' title='bbox 1565 4697 1654 4752; x_wconf 87' lang='lat' dir='ltr'><strong>sit.</strong></span> <span class='ocrx_word' id='word_1_715' title='bbox 1684 4697 1752 4751; x_wconf 91' lang='lat' dir='ltr'><strong>Et</strong></span> <span class='ocrx_word' id='word_1_716' title='bbox 1775 4706 1834 4752; x_wconf 91' lang='lat' dir='ltr'><strong>ut</strong></span> <span class='ocrx_word' id='word_1_717' title='bbox 1861 4712 2021 4754; x_wconf 89' lang='lat' dir='ltr'><strong>omne</strong></span> 
     </span>
    </p>
   </div>
   <div class='ocr_carea' id='block_1_91' title="bbox 447 4780 2024 4861">
    <p class='ocr_par' dir='ltr' id='par_1_91' title="bbox 447 4780 2024 4861">
     <span class='ocr_line' id='line_1_91' title="bbox 447 4780 2024 4861; baseline 0.007 -28"><span class='ocrx_word' id='word_1_718' title='bbox 447 4796 619 4851; x_wconf 87' lang='lat' dir='ltr'><strong>genus</strong></span> <span class='ocrx_word' id='word_1_719' title='bbox 651 4783 992 4851; x_wconf 85' lang='lat' dir='ltr'><strong>turpitudinis</strong></span> <span class='ocrx_word' id='word_1_720' title='bbox 1030 4780 1449 4854; x_wconf 79' lang='lat' dir='ltr'><strong>demonstraret,</strong></span> <span class='ocrx_word' id='word_1_721' title='bbox 1470 4788 1781 4860; x_wconf 90' lang='lat' dir='ltr'><strong>multiplicis</strong></span> <span class='ocrx_word' id='word_1_722' title='bbox 1814 4791 2024 4861; x_wconf 91' lang='lat' dir='ltr'><strong>spurci-</strong></span> 
     </span>
    </p>
   </div>
   <div class='ocr_carea' id='block_1_92' title="bbox 453 4870 2019 4948">
    <p class='ocr_par' dir='ltr' id='par_1_92' title="bbox 453 4870 2019 4948">
     <span class='ocr_line' id='line_1_92' title="bbox 453 4870 2019 4948; baseline 0.008 -28"><span class='ocrx_word' id='word_1_723' title='bbox 453 4871 541 4924; x_wconf 76' lang='lat' dir='ltr'><strong>tiae</strong></span> <span class='ocrx_word' id='word_1_724' title='bbox 562 4883 759 4939; x_wconf 84' lang='lat' dir='ltr'><strong>genere</strong></span> <span class='ocrx_word' id='word_1_725' title='bbox 781 4870 1081 4927; x_wconf 87' lang='lat' dir='ltr'><strong>deformata</strong></span> <span class='ocrx_word' id='word_1_726' title='bbox 1110 4874 1200 4928; x_wconf 90' lang='lat' dir='ltr'><strong>sit.</strong></span> <span class='ocrx_word' id='word_1_727' title='bbox 1222 4874 1361 4931; x_wconf 84' lang='lat' dir='ltr'><strong>Nulli</strong></span> <span class='ocrx_word' id='word_1_728' title='bbox 1392 4885 1573 4931; x_wconf 90' lang='lat' dir='ltr'><strong>autem</strong></span> <span class='ocrx_word' id='word_1_729' title='bbox 1602 4879 1845 4943; x_wconf 86' lang='lat' dir='ltr'><strong>dubium,</strong></span> <span class='ocrx_word' id='word_1_730' title='bbox 1877 4880 2019 4948; x_wconf 80' lang='lat' dir='ltr'><strong>quod</strong></span> 
     </span>
    </p>
   </div>
   <div class='ocr_carea' id='block_1_93' title="bbox 452 4959 2020 5034">
    <p class='ocr_par' dir='ltr' id='par_1_93' title="bbox 452 4959 2020 5034">
     <span class='ocr_line' id='line_1_93' title="bbox 452 4959 2020 5034; baseline 0.008 -22"><span class='ocrx_word' id='word_1_731' title='bbox 452 4959 689 5030; x_wconf 65' lang='lat' dir='ltr'><strong>Aigypto</strong></span> <span class='ocrx_word' id='word_1_732' title='bbox 729 4960 905 5015; x_wconf 89' lang='lat' dir='ltr'><strong>vicina</strong></span> <span class='ocrx_word' id='word_1_733' title='bbox 951 4963 1024 5016; x_wconf 91' lang='lat' dir='ltr'><strong>sit</strong></span> <span class='ocrx_word' id='word_1_734' title='bbox 1070 4962 1376 5034; x_wconf 63' lang='lat' dir='ltr'><strong>Palaestina,</strong></span> <span class='ocrx_word' id='word_1_735' title='bbox 1423 4966 1637 5023; x_wconf 89' lang='lat' dir='ltr'><strong>dicente</strong></span> <span class='ocrx_word' id='word_1_736' title='bbox 1686 4968 1915 5024; x_wconf 91' lang='lat' dir='ltr'><strong>Domino</strong></span> <span class='ocrx_word' id='word_1_737' title='bbox 1951 4969 2020 5024; x_wconf 90' lang='lat' dir='ltr'><strong>ad</strong></span> 
     </span>
    </p>
   </div>
   <div class='ocr_carea' id='block_1_94' title="bbox 450 5046 2021 5132">
    <p class='ocr_par' dir='ltr' id='par_1_94' title="bbox 450 5046 2021 5132">
     <span class='ocr_line' id='line_1_94' title="bbox 450 5046 2021 5132; baseline 0.006 -26"><span class='ocrx_word' id='word_1_738' title='bbox 450 5050 720 5106; x_wconf 82' lang='lat' dir='ltr'><strong>Abraham</strong></span> <span class='ocrx_word' id='word_1_739' title='bbox 744 5063 759 5102; x_wconf 89' lang='lat'><strong>:</strong></span> <span class='ocrx_word' id='word_1_740' title='bbox 788 5046 812 5101; x_wconf 74' lang='grc' dir='ltr'><strong><em>ἰ</em></strong></span> <span class='ocrx_word' id='word_1_741' title='bbox 842 5050 989 5105; x_wconf 90' lang='lat' dir='ltr'><strong>Dabo</strong></span> <span class='ocrx_word' id='word_1_742' title='bbox 1019 5052 1113 5107; x_wconf 88' lang='lat' dir='ltr'><strong>tibi</strong></span> <span class='ocrx_word' id='word_1_743' title='bbox 1142 5068 1357 5110; x_wconf 90' lang='lat' dir='ltr'><strong>omnem</strong></span> <span class='ocrx_word' id='word_1_744' title='bbox 1384 5064 1583 5112; x_wconf 88' lang='lat' dir='ltr'><strong>terram</strong></span> <span class='ocrx_word' id='word_1_745' title='bbox 1612 5074 1641 5112; x_wconf 87' lang='lat' dir='ltr'><strong>a</strong></span> <span class='ocrx_word' id='word_1_746' title='bbox 1665 5058 1828 5115; x_wconf 87' lang='lat' dir='ltr'><strong>ﬁuvio</strong></span> <span class='ocrx_word' id='word_1_747' title='bbox 1854 5058 2021 5132; x_wconf 63' lang='lat' dir='ltr'><strong>IEgy-</strong></span> 
     </span>
    </p>
   </div>
   <div class='ocr_carea' id='block_1_95' title="bbox 450 5136 2023 5220">
    <p class='ocr_par' dir='ltr' id='par_1_95' title="bbox 450 5136 2023 5220">
     <span class='ocr_line' id='line_1_95' title="bbox 450 5136 2023 5220; baseline 0.009 -29"><span class='ocrx_word' id='word_1_748' title='bbox 450 5139 526 5210; x_wconf 86' lang='lat' dir='ltr'><strong>pti</strong></span> <span class='ocrx_word' id='word_1_749' title='bbox 554 5151 722 5207; x_wconf 82' lang='lat' dir='ltr'><strong>usque</strong></span> <span class='ocrx_word' id='word_1_750' title='bbox 742 5138 809 5192; x_wconf 90' lang='lat' dir='ltr'><strong>ad</strong></span> <span class='ocrx_word' id='word_1_751' title='bbox 832 5136 1027 5191; x_wconf 90' lang='lat' dir='ltr'><strong>ﬁumen</strong></span> <span class='ocrx_word' id='word_1_752' title='bbox 1048 5152 1294 5210; x_wconf 85' lang='lat' dir='ltr'><strong>magnum</strong></span> <span class='ocrx_word' id='word_1_753' title='bbox 1311 5142 1619 5214; x_wconf 87' lang='lat' dir='ltr'><strong>Euphraten</strong></span> <span class='ocrx_word' id='word_1_754' title='bbox 1644 5143 1945 5220; x_wconf 72' lang='lat' dir='ltr'><strong>(Gen.xv),i</strong></span> <span class='ocrx_word' id='word_1_755' title='bbox 1964 5158 2023 5205; x_wconf 93' lang='lat' dir='ltr'><strong>ut</strong></span> 
     </span>
    </p>
   </div>
   <div class='ocr_carea' id='block_1_96' title="bbox 449 5225 2018 5308">
    <p class='ocr_par' dir='ltr' id='par_1_96' title="bbox 449 5225 2018 5308">
     <span class='ocr_line' id='line_1_96' title="bbox 449 5225 2018 5308; baseline 0.006 -25"><span class='ocrx_word' id='word_1_756' title='bbox 449 5245 516 5284; x_wconf 84' lang='lat' dir='ltr'><strong>ex</strong></span> <span class='ocrx_word' id='word_1_757' title='bbox 544 5243 646 5283; x_wconf 90' lang='lat' dir='ltr'><strong>una</strong></span> <span class='ocrx_word' id='word_1_758' title='bbox 681 5235 836 5298; x_wconf 89' lang='lat' dir='ltr'><strong>parte</strong></span> <span class='ocrx_word' id='word_1_759' title='bbox 875 5225 1178 5298; x_wconf 69' lang='lat' dir='ltr'><strong>ASgyptios,</strong></span> <span class='ocrx_word' id='word_1_760' title='bbox 1223 5243 1291 5284; x_wconf 81' lang='lat' dir='ltr'><strong>ex</strong></span> <span class='ocrx_word' id='word_1_761' title='bbox 1333 5229 1499 5287; x_wconf 86' lang='lat' dir='ltr'><strong>altera</strong></span> <span class='ocrx_word' id='word_1_762' title='bbox 1525 5233 1721 5289; x_wconf 88' lang='lat' dir='ltr'><strong>habeat</strong></span> <span class='ocrx_word' id='word_1_763' title='bbox 1746 5236 2018 5308; x_wconf 82' lang='lat' dir='ltr'><strong>Assyrios,</strong></span> 
     </span>
    </p>
   </div>
   <div class='ocr_carea' id='block_1_97' title="bbox 452 5317 2014 5387">
    <p class='ocr_par' dir='ltr' id='par_1_97' title="bbox 452 5317 2014 5387">
     <span class='ocr_line' id='line_1_97' title="bbox 452 5317 2014 5387; baseline 0.008 -17"><span class='ocrx_word' id='word_1_764' title='bbox 452 5333 574 5372; x_wconf 87' lang='lat' dir='ltr'><strong>cum</strong></span> <span class='ocrx_word' id='word_1_765' title='bbox 620 5317 829 5387; x_wconf 78' lang='lat' dir='ltr'><strong>quibus</strong></span> <span class='ocrx_word' id='word_1_766' title='bbox 858 5324 915 5371; x_wconf 93' lang='lat' dir='ltr'><strong>et</strong></span> <span class='ocrx_word' id='word_1_767' title='bbox 960 5317 1013 5372; x_wconf 93' lang='lat' dir='ltr'><strong>in</strong></span> <span class='ocrx_word' id='word_1_768' title='bbox 1061 5318 1449 5387; x_wconf 89' lang='lat' dir='ltr'><strong>posterioribus</strong></span> <span class='ocrx_word' id='word_1_769' title='bbox 1491 5322 1690 5378; x_wconf 89' lang='lat' dir='ltr'><strong>dicitur</strong></span> <span class='ocrx_word' id='word_1_770' title='bbox 1730 5324 2014 5383; x_wconf 84' lang='lat' dir='ltr'><strong>fornicata.</strong></span> 
     </span>
    </p>
   </div>
   <div class='ocr_carea' id='block_1_98' title="bbox 451 5405 2018 5486">
    <p class='ocr_par' dir='ltr' id='par_1_98' title="bbox 451 5405 2018 5486">
     <span class='ocr_line' id='line_1_98' title="bbox 451 5405 2018 5486; baseline 0.009 -26"><span class='ocrx_word' id='word_1_771' title='bbox 451 5407 758 5462; x_wconf 81' lang='lat' dir='ltr'><strong>Fornicatio</strong></span> <span class='ocrx_word' id='word_1_772' title='bbox 810 5415 991 5462; x_wconf 89' lang='lat' dir='ltr'><strong>autem</strong></span> <span class='ocrx_word' id='word_1_773' title='bbox 1057 5405 1360 5464; x_wconf 80' lang='lat' dir='ltr'><strong>Jerusalem</strong></span> <span class='ocrx_word' id='word_1_774' title='bbox 1413 5426 1536 5467; x_wconf 90' lang='lat' dir='ltr'><strong>cum</strong></span> <span class='ocrx_word' id='word_1_775' title='bbox 1589 5411 1859 5486; x_wconf 66' lang='lat' dir='ltr'><strong>Egyptiis</strong></span> <span class='ocrx_word' id='word_1_776' title='bbox 1904 5420 2018 5474; x_wconf 86' lang='lat' dir='ltr'><strong>ido-</strong></span> 
     </span>
    </p>
   </div>
   <div class='ocr_carea' id='block_1_99' title="bbox 408 5497 2019 5573">
    <p class='ocr_par' dir='ltr' id='par_1_99' title="bbox 408 5497 2019 5573">
     <span class='ocr_line' id='line_1_99' title="bbox 408 5497 2019 5573; baseline 0.009 -23"><span class='ocrx_word' id='word_1_777' title='bbox 408 5572 411 5573; x_wconf 10' lang='grc' dir='ltr'><em>γ</em></span> <span class='ocrx_word' id='word_1_778' title='bbox 450 5497 676 5553; x_wconf 71' lang='lat' dir='ltr'><strong>lulatria:</strong></span> <span class='ocrx_word' id='word_1_779' title='bbox 710 5513 897 5554; x_wconf 87' lang='lat' dir='ltr'><strong>eorum</strong></span> <span class='ocrx_word' id='word_1_780' title='bbox 938 5499 1168 5555; x_wconf 87' lang='lat' dir='ltr'><strong>imitatio</strong></span> <span class='ocrx_word' id='word_1_781' title='bbox 1210 5510 1316 5556; x_wconf 90' lang='lat' dir='ltr'><strong>est.</strong></span> <span class='ocrx_word' id='word_1_782' title='bbox 1355 5501 1422 5556; x_wconf 87' lang='lat' dir='ltr'><strong>Et</strong></span> <span class='ocrx_word' id='word_1_783' title='bbox 1468 5504 1534 5559; x_wconf 89' lang='lat' dir='ltr'><strong>ad</strong></span> <span class='ocrx_word' id='word_1_784' title='bbox 1583 5517 1822 5562; x_wconf 89' lang='lat' dir='ltr'><strong>nostram</strong></span> <span class='ocrx_word' id='word_1_785' title='bbox 1860 5508 2019 5565; x_wconf 83' lang='lat' dir='ltr'><strong>Jeru-</strong></span> 
     </span>
    </p>
   </div>
   <div class='ocr_carea' id='block_1_100' title="bbox 451 5590 2017 5658">
    <p class='ocr_par' dir='ltr' id='par_1_100' title="bbox 451 5590 2017 5658">
     <span class='ocr_line' id='line_1_100' title="bbox 451 5590 2017 5658; baseline 0.01 -17"><span class='ocrx_word' id='word_1_786' title='bbox 451 5590 616 5643; x_wconf 79' lang='lat' dir='ltr'><strong>salem</strong></span> <span class='ocrx_word' id='word_1_787' title='bbox 650 5592 765 5646; x_wconf 79' lang='lat' dir='ltr'><strong>sive</strong></span> <span class='ocrx_word' id='word_1_788' title='bbox 793 5590 1112 5658; x_wconf 75' lang='lat' dir='ltr'><strong>Ecclesium,</strong></span> <span class='ocrx_word' id='word_1_789' title='bbox 1154 5591 1269 5648; x_wconf 88' lang='lat' dir='ltr'><strong>sive</strong></span> <span class='ocrx_word' id='word_1_790' title='bbox 1311 5594 1649 5652; x_wconf 89' lang='lat' dir='ltr'><strong>credentium</strong></span> <span class='ocrx_word' id='word_1_791' title='bbox 1696 5600 1906 5655; x_wconf 89' lang='lat' dir='ltr'><strong>animas</strong></span> <span class='ocrx_word' id='word_1_792' title='bbox 1932 5618 1944 5654; x_wconf 90' lang='lat'><strong>:</strong></span> <span class='ocrx_word' id='word_1_793' title='bbox 1974 5602 2017 5657; x_wconf 92' lang='lat' dir='ltr'><strong>si</strong></span> 
     </span>
    </p>
   </div>
   <div class='ocr_carea' id='block_1_101' title="bbox 454 5666 2023 5761">
    <p class='ocr_par' dir='ltr' id='par_1_101' title="bbox 454 5666 2023 5761">
     <span class='ocr_line' id='line_1_101' title="bbox 454 5666 2023 5761; baseline 0.01 -30"><span class='ocrx_word' id='word_1_794' title='bbox 454 5666 649 5735; x_wconf 69' lang='lat' dir='ltr'><strong>fuerint</strong></span> <span class='ocrx_word' id='word_1_795' title='bbox 687 5685 1029 5756; x_wconf 76' lang='lat' dir='ltr'><strong>negligentes,</strong></span> <span class='ocrx_word' id='word_1_796' title='bbox 1072 5696 1126 5743; x_wconf 90' lang='lat' dir='ltr'><strong>et</strong></span> <span class='ocrx_word' id='word_1_797' title='bbox 1150 5687 1402 5744; x_wconf 89' lang='lat' dir='ltr'><strong>omnibus</strong></span> <span class='ocrx_word' id='word_1_798' title='bbox 1430 5689 1574 5745; x_wconf 90' lang='lat' dir='ltr'><strong>vitiis</strong></span> <span class='ocrx_word' id='word_1_799' title='bbox 1603 5694 1894 5761; x_wconf 82' lang='lat' dir='ltr'><strong>patuerint,</strong></span> <span class='ocrx_word' id='word_1_800' title='bbox 1925 5695 2023 5749; x_wconf 50' lang='lat' dir='ltr'><strong>du,</strong></span> 
     </span>
    </p>
   </div>
   <div class='ocr_carea' id='block_1_102' title="bbox 2125 4590 3707 4666">
    <p class='ocr_par' dir='ltr' id='par_1_102' title="bbox 2125 4590 3707 4666">
     <span class='ocr_line' id='line_1_102' title="bbox 2125 4590 3707 4666; baseline 0.006 -21"><span class='ocrx_word' id='word_1_801' title='bbox 2125 4590 2434 4645; x_wconf 65' lang='lat' dir='ltr'><strong>sanctorum</strong></span> <span class='ocrx_word' id='word_1_802' title='bbox 2481 4597 2584 4645; x_wconf 89' lang='lat' dir='ltr'><strong>est.</strong></span> <span class='ocrx_word' id='word_1_803' title='bbox 2628 4591 2705 4646; x_wconf 92' lang='lat' dir='ltr'><strong>De</strong></span> <span class='ocrx_word' id='word_1_804' title='bbox 2732 4604 2837 4659; x_wconf 90' lang='lat' dir='ltr'><strong>qua</strong></span> <span class='ocrx_word' id='word_1_805' title='bbox 2866 4592 3137 4661; x_wconf 87' lang='lat' dir='ltr'><strong>scriptum</strong></span> <span class='ocrx_word' id='word_1_806' title='bbox 3155 4601 3242 4649; x_wconf 84' lang='lat' dir='ltr'><strong>est</strong></span> <span class='ocrx_word' id='word_1_807' title='bbox 3267 4612 3283 4650; x_wconf 91' lang='lat'><strong>:</strong></span> <span class='ocrx_word' id='word_1_808' title='bbox 3317 4612 3337 4647; x_wconf 81' lang='lat' dir='ltr'><strong>t</strong></span> <span class='ocrx_word' id='word_1_809' title='bbox 3359 4592 3556 4666; x_wconf 68' lang='lat' dir='ltr'><strong>anis</strong></span> <span class='ocrx_word' id='word_1_810' title='bbox 3570 4612 3707 4654; x_wconf 76' lang='lat' dir='ltr'><strong>caro</strong></span> 
     </span>
    </p>
   </div>
   <div class='ocr_carea' id='block_1_103' title="bbox 2124 4679 3337 4753">
    <p class='ocr_par' dir='ltr' id='par_1_103' title="bbox 2124 4679 3337 4753">
     <span class='ocr_line' id='line_1_103' title="bbox 2124 4679 3337 4753; baseline 0 -18"><span class='ocrx_word' id='word_1_811' title='bbox 2124 4680 2328 4736; x_wconf 89' lang='lat' dir='ltr'><strong>videbit</strong></span> <span class='ocrx_word' id='word_1_812' title='bbox 2353 4680 2586 4736; x_wconf 85' lang='lat' dir='ltr'><strong>salutare</strong></span> <span class='ocrx_word' id='word_1_813' title='bbox 2610 4679 2705 4736; x_wconf 90' lang='lat' dir='ltr'><strong>Dei</strong></span> <span class='ocrx_word' id='word_1_814' title='bbox 2744 4679 2881 4751; x_wconf 68' lang='lat' dir='ltr'><strong>(Ira.</strong></span> <span class='ocrx_word' id='word_1_815' title='bbox 2909 4681 3019 4753; x_wconf 65' lang='grc' dir='ltr'><strong>ιιι).</strong></span> <span class='ocrx_word' id='word_1_816' title='bbox 3041 4700 3060 4735; x_wconf 78' lang='lat' dir='ltr'><strong>i</strong></span> <span class='ocrx_word' id='word_1_817' title='bbox 3326 4700 3337 4729; x_wconf 73' lang='grc' dir='ltr'>σ</span> 
     </span>
    </p>
   </div>
   <div class='ocr_carea' id='block_1_104' title="bbox 2202 4791 3707 4868">
    <p class='ocr_par' dir='ltr' id='par_1_104' title="bbox 2202 4791 3707 4868">
     <span class='ocr_line' id='line_1_104' title="bbox 2202 4791 3707 4868; baseline 0.01 -25"><span class='ocrx_word' id='word_1_818' title='bbox 2202 4810 2221 4843; x_wconf 86' lang='lat' dir='ltr'><strong>t</strong></span> <span class='ocrx_word' id='word_1_819' title='bbox 2252 4791 2391 4846; x_wconf 85' lang='lat' dir='ltr'><strong>Ecce</strong></span> <span class='ocrx_word' id='word_1_820' title='bbox 2417 4805 2516 4861; x_wconf 87' lang='lat' dir='ltr'><strong>ego</strong></span> <span class='ocrx_word' id='word_1_821' title='bbox 2554 4792 2839 4846; x_wconf 85' lang='lat' dir='ltr'><strong>extendam</strong></span> <span class='ocrx_word' id='word_1_822' title='bbox 2877 4808 3093 4848; x_wconf 90' lang='lat' dir='ltr'><strong>manum</strong></span> <span class='ocrx_word' id='word_1_823' title='bbox 3136 4809 3314 4850; x_wconf 89' lang='lat' dir='ltr'><strong>meam</strong></span> <span class='ocrx_word' id='word_1_824' title='bbox 3348 4811 3516 4868; x_wconf 87' lang='lat' dir='ltr'><strong>super</strong></span> <span class='ocrx_word' id='word_1_825' title='bbox 3539 4808 3611 4866; x_wconf 84' lang='lat' dir='ltr'><strong>te,</strong></span> <span class='ocrx_word' id='word_1_826' title='bbox 3648 4811 3707 4858; x_wconf 89' lang='lat' dir='ltr'><strong>et</strong></span> 
     </span>
    </p>
   </div>
   <div class='ocr_carea' id='block_1_105' title="bbox 2134 4880 3706 4949">
    <p class='ocr_par' dir='ltr' id='par_1_105' title="bbox 2134 4880 3706 4949">
     <span class='ocr_line' id='line_1_105' title="bbox 2134 4880 3706 4949; baseline 0.01 -15"><span class='ocrx_word' id='word_1_827' title='bbox 2134 4902 2153 4934; x_wconf 85' lang='lat' dir='ltr'><strong>t</strong></span> <span class='ocrx_word' id='word_1_828' title='bbox 2187 4880 2428 4937; x_wconf 89' lang='lat' dir='ltr'><strong>auferam</strong></span> <span class='ocrx_word' id='word_1_829' title='bbox 2460 4880 2902 4949; x_wconf 84' lang='lat' dir='ltr'><strong>justiﬁcationem</strong></span> <span class='ocrx_word' id='word_1_830' title='bbox 2953 4888 3118 4948; x_wconf 86' lang='lat' dir='ltr'><strong>tuam,</strong></span> <span class='ocrx_word' id='word_1_831' title='bbox 3160 4892 3218 4938; x_wconf 90' lang='lat' dir='ltr'><strong>et</strong></span> <span class='ocrx_word' id='word_1_832' title='bbox 3257 4884 3400 4941; x_wconf 85' lang='lat' dir='ltr'><strong>dabo</strong></span> <span class='ocrx_word' id='word_1_833' title='bbox 3427 4895 3482 4944; x_wconf 88' lang='lat' dir='ltr'><strong>te</strong></span> <span class='ocrx_word' id='word_1_834' title='bbox 3506 4891 3706 4949; x_wconf 85' lang='lat' dir='ltr'><strong>animis</strong></span> 
     </span>
    </p>
   </div>
   <div class='ocr_carea' id='block_1_106' title="bbox 2132 4971 3705 5049">
    <p class='ocr_par' dir='ltr' id='par_1_106' title="bbox 2132 4971 3705 5049">
     <span class='ocr_line' id='line_1_106' title="bbox 2132 4971 3705 5049; baseline 0.008 -23"><span class='ocrx_word' id='word_1_835' title='bbox 2132 4991 2152 5026; x_wconf 84' lang='lat' dir='ltr'><strong>t</strong></span> <span class='ocrx_word' id='word_1_836' title='bbox 2185 4972 2480 5029; x_wconf 88' lang='lat' dir='ltr'><strong>odientium</strong></span> <span class='ocrx_word' id='word_1_837' title='bbox 2520 4979 2593 5037; x_wconf 86' lang='lat' dir='ltr'><strong>te,</strong></span> <span class='ocrx_word' id='word_1_838' title='bbox 2622 4971 2866 5026; x_wconf 79' lang='lat' dir='ltr'><strong>ﬁliarum</strong></span> <span class='ocrx_word' id='word_1_839' title='bbox 2908 4972 3335 5043; x_wconf 66' lang='lat' dir='ltr'><strong>Palaestinarum,</strong></span> <span class='ocrx_word' id='word_1_840' title='bbox 3382 4986 3508 5049; x_wconf 59' lang='lat' dir='ltr'><strong>quae</strong></span> <span class='ocrx_word' id='word_1_841' title='bbox 3547 4983 3705 5040; x_wconf 84' lang='lat' dir='ltr'><strong>arde-</strong></span> 
     </span>
    </p>
   </div>
   <div class='ocr_carea' id='block_1_107' title="bbox 2134 5064 3707 5138">
    <p class='ocr_par' dir='ltr' id='par_1_107' title="bbox 2134 5064 3707 5138">
     <span class='ocr_line' id='line_1_107' title="bbox 2134 5064 3707 5138; baseline 0.008 -20"><span class='ocrx_word' id='word_1_842' title='bbox 2134 5085 2153 5118; x_wconf 79' lang='lat' dir='ltr'><strong>t</strong></span> <span class='ocrx_word' id='word_1_843' title='bbox 2190 5072 2350 5122; x_wconf 90' lang='lat' dir='ltr'><strong>scunt</strong></span> <span class='ocrx_word' id='word_1_844' title='bbox 2374 5064 2510 5138; x_wconf 71' lang='lat' dir='ltr'><strong>(AL,</strong></span> <span class='ocrx_word' id='word_1_845' title='bbox 2539 5064 2893 5138; x_wconf 75' lang='lat' dir='ltr'><strong>erubescunt}</strong></span> <span class='ocrx_word' id='word_1_846' title='bbox 2919 5066 2972 5120; x_wconf 93' lang='lat' dir='ltr'><strong>in</strong></span> <span class='ocrx_word' id='word_1_847' title='bbox 3002 5065 3086 5121; x_wconf 88' lang='lat' dir='ltr'><strong>via</strong></span> <span class='ocrx_word' id='word_1_848' title='bbox 3125 5073 3215 5122; x_wconf 90' lang='lat' dir='ltr'><strong>tua</strong></span> <span class='ocrx_word' id='word_1_849' title='bbox 3240 5069 3525 5128; x_wconf 85' lang='lat' dir='ltr'><strong>scelerata.</strong></span> <span class='ocrx_word' id='word_1_850' title='bbox 3555 5095 3575 5129; x_wconf 73' lang='grc' dir='ltr'><strong>ι</strong></span> <span class='ocrx_word' id='word_1_851' title='bbox 3601 5076 3707 5137; x_wconf 83' lang='lat' dir='ltr'><strong>Ex-</strong></span> 
     </span>
    </p>
   </div>
   <div class='ocr_carea' id='block_1_108' title="bbox 2129 5154 3702 5236">
    <p class='ocr_par' dir='ltr' id='par_1_108' title="bbox 2129 5154 3702 5236">
     <span class='ocr_line' id='line_1_108' title="bbox 2129 5154 3702 5236; baseline 0.01 -27"><span class='ocrx_word' id='word_1_852' title='bbox 2129 5155 2298 5210; x_wconf 89' lang='lat' dir='ltr'><strong>tendit</strong></span> <span class='ocrx_word' id='word_1_853' title='bbox 2322 5163 2503 5210; x_wconf 86' lang='lat' dir='ltr'><strong>autem</strong></span> <span class='ocrx_word' id='word_1_854' title='bbox 2526 5154 2783 5210; x_wconf 90' lang='lat' dir='ltr'><strong>Dominus</strong></span> <span class='ocrx_word' id='word_1_855' title='bbox 2802 5170 2964 5226; x_wconf 92' lang='lat' dir='ltr'><strong>super</strong></span> <span class='ocrx_word' id='word_1_856' title='bbox 2973 5154 3273 5214; x_wconf 87' lang='lat' dir='ltr'><strong>Jerusalem</strong></span> <span class='ocrx_word' id='word_1_857' title='bbox 3286 5176 3507 5219; x_wconf 88' lang='lat' dir='ltr'><strong>manum</strong></span> <span class='ocrx_word' id='word_1_858' title='bbox 3520 5180 3702 5236; x_wconf 77' lang='lat' dir='ltr'><strong>suam,</strong></span> 
     </span>
    </p>
   </div>
   <div class='ocr_carea' id='block_1_109' title="bbox 2126 5244 3703 5328">
    <p class='ocr_par' dir='ltr' id='par_1_109' title="bbox 2126 5244 3703 5328">
     <span class='ocr_line' id='line_1_109' title="bbox 2126 5244 3703 5328; baseline 0.006 -27"><span class='ocrx_word' id='word_1_859' title='bbox 2126 5256 2186 5301; x_wconf 90' lang='lat' dir='ltr'><strong>ut</strong></span> <span class='ocrx_word' id='word_1_860' title='bbox 2197 5246 2436 5316; x_wconf 87' lang='lat' dir='ltr'><strong>corrigat</strong></span> <span class='ocrx_word' id='word_1_861' title='bbox 2451 5244 2733 5314; x_wconf 90' lang='lat' dir='ltr'><strong>delinquen</strong></span> <span class='ocrx_word' id='word_1_862' title='bbox 2741 5254 2845 5300; x_wconf 90' lang='lat' dir='ltr'><strong>tem</strong></span> <span class='ocrx_word' id='word_1_863' title='bbox 2855 5286 2870 5310; x_wconf 92' lang='lat'><strong>,</strong></span> <span class='ocrx_word' id='word_1_864' title='bbox 2885 5254 2941 5301; x_wconf 92' lang='lat' dir='ltr'><strong>et</strong></span> <span class='ocrx_word' id='word_1_865' title='bbox 2953 5246 3166 5303; x_wconf 77' lang='lat' dir='ltr'><strong>auferat</strong></span> <span class='ocrx_word' id='word_1_866' title='bbox 3179 5248 3415 5323; x_wconf 84' lang='lat' dir='ltr'><strong>legitima</strong></span> <span class='ocrx_word' id='word_1_867' title='bbox 3428 5254 3568 5326; x_wconf 87' lang='lat' dir='ltr'><strong>ejus,</strong></span> <span class='ocrx_word' id='word_1_868' title='bbox 3580 5273 3703 5328; x_wconf 71' lang='lat' dir='ltr'><strong>qua</strong></span> 
     </span>
    </p>
   </div>
   <div class='ocr_carea' id='block_1_110' title="bbox 2119 5335 3703 5413">
    <p class='ocr_par' dir='ltr' id='par_1_110' title="bbox 2119 5335 3703 5413">
     <span class='ocr_line' id='line_1_110' title="bbox 2119 5335 3703 5413; baseline 0.008 -22"><span class='ocrx_word' id='word_1_869' title='bbox 2119 5336 2373 5408; x_wconf 89' lang='lat' dir='ltr'><strong>quamdiu</strong></span> <span class='ocrx_word' id='word_1_870' title='bbox 2399 5335 2493 5390; x_wconf 89' lang='lat' dir='ltr'><strong>Dei</strong></span> <span class='ocrx_word' id='word_1_871' title='bbox 2515 5344 2782 5405; x_wconf 64' lang='lat' dir='ltr'><strong>praecepta</strong></span> <span class='ocrx_word' id='word_1_872' title='bbox 2808 5338 3082 5405; x_wconf 79' lang='lat' dir='ltr'><strong>servabat,</strong></span> <span class='ocrx_word' id='word_1_873' title='bbox 3106 5339 3346 5413; x_wconf 85' lang='lat' dir='ltr'><strong>legitima</strong></span> <span class='ocrx_word' id='word_1_874' title='bbox 3368 5340 3584 5401; x_wconf 88' lang='lat' dir='ltr'><strong>Domini</strong></span> <span class='ocrx_word' id='word_1_875' title='bbox 3618 5348 3703 5403; x_wconf 63' lang='lat' dir='ltr'><strong>dio</strong></span> 
     </span>
    </p>
   </div>
   <div class='ocr_carea' id='block_1_111' title="bbox 2120 5426 3704 5508">
    <p class='ocr_par' dir='ltr' id='par_1_111' title="bbox 2120 5426 3704 5508">
     <span class='ocr_line' id='line_1_111' title="bbox 2120 5426 3704 5508; baseline 0.007 -25"><span class='ocrx_word' id='word_1_876' title='bbox 2120 5427 2399 5483; x_wconf 89' lang='lat' dir='ltr'><strong>cebantnr.</strong></span> <span class='ocrx_word' id='word_1_877' title='bbox 2430 5426 2654 5508; x_wconf 80' lang='lat' dir='ltr'><strong>Quando</strong></span> <span class='ocrx_word' id='word_1_878' title='bbox 2680 5441 2812 5482; x_wconf 89' lang='lat' dir='ltr'><strong>vero</strong></span> <span class='ocrx_word' id='word_1_879' title='bbox 2839 5428 3088 5485; x_wconf 87' lang='lat' dir='ltr'><strong>adoravit</strong></span> <span class='ocrx_word' id='word_1_880' title='bbox 3124 5431 3265 5488; x_wconf 82' lang='lat' dir='ltr'><strong>idola</strong></span> <span class='ocrx_word' id='word_1_881' title='bbox 3301 5441 3361 5490; x_wconf 87' lang='lat' dir='ltr'><strong>et</strong></span> <span class='ocrx_word' id='word_1_882' title='bbox 3384 5435 3704 5508; x_wconf 80' lang='lat' dir='ltr'><strong>religionem</strong></span> 
     </span>
    </p>
   </div>
   <div class='ocr_carea' id='block_1_112' title="bbox 2123 5505 3705 5598">
    <p class='ocr_par' dir='ltr' id='par_1_112' title="bbox 2123 5505 3705 5598">
     <span class='ocr_line' id='line_1_112' title="bbox 2123 5505 3705 5598; baseline 0.006 -25"><span class='ocrx_word' id='word_1_883' title='bbox 2123 5518 2399 5587; x_wconf 86' lang='lat' dir='ltr'><strong>impietate</strong></span> <span class='ocrx_word' id='word_1_884' title='bbox 2436 5505 2687 5582; x_wconf 73' lang='lat' dir='ltr'><strong>mutavit,</strong></span> <span class='ocrx_word' id='word_1_885' title='bbox 2712 5530 3055 5589; x_wconf 87' lang='lat' dir='ltr'><strong>nequaquam</strong></span> <span class='ocrx_word' id='word_1_886' title='bbox 3092 5520 3330 5594; x_wconf 82' lang='lat' dir='ltr'><strong>legitima</strong></span> <span class='ocrx_word' id='word_1_887' title='bbox 3355 5505 3511 5583; x_wconf 76' lang='lat' dir='ltr'><strong>illius</strong></span> <span class='ocrx_word' id='word_1_888' title='bbox 3520 5525 3705 5598; x_wconf 85' lang='lat' dir='ltr'><strong>appel-</strong></span> 
     </span>
    </p>
   </div>
   <div class='ocr_carea' id='block_1_113' title="bbox 2122 5607 3705 5685">
    <p class='ocr_par' dir='ltr' id='par_1_113' title="bbox 2122 5607 3705 5685">
     <span class='ocr_line' id='line_1_113' title="bbox 2122 5607 3705 5685; baseline 0.008 -22"><span class='ocrx_word' id='word_1_889' title='bbox 2122 5609 2325 5663; x_wconf 80' lang='lat' dir='ltr'><strong>lantur.</strong></span> <span class='ocrx_word' id='word_1_890' title='bbox 2370 5608 2525 5675; x_wconf 83' lang='lat' dir='ltr'><strong>Qund</strong></span> <span class='ocrx_word' id='word_1_891' title='bbox 2556 5624 2661 5664; x_wconf 88' lang='lat' dir='ltr'><strong>non</strong></span> <span class='ocrx_word' id='word_1_892' title='bbox 2689 5607 2861 5683; x_wconf 85' lang='lat' dir='ltr'><strong>solum</strong></span> <span class='ocrx_word' id='word_1_893' title='bbox 2893 5611 2947 5666; x_wconf 89' lang='lat' dir='ltr'><strong>in</strong></span> <span class='ocrx_word' id='word_1_894' title='bbox 2974 5612 3091 5685; x_wconf 90' lang='lat' dir='ltr'><strong>lege</strong></span> <span class='ocrx_word' id='word_1_895' title='bbox 3117 5623 3173 5671; x_wconf 88' lang='lat' dir='ltr'><strong>et</strong></span> <span class='ocrx_word' id='word_1_896' title='bbox 3197 5618 3557 5685; x_wconf 65' lang='lat' dir='ltr'><strong>caeremoniis,</strong></span> <span class='ocrx_word' id='word_1_897' title='bbox 3604 5620 3705 5676; x_wconf 77' lang='lat' dir='ltr'><strong>sed</strong></span> 
     </span>
    </p>
   </div>
   <div class='ocr_carea' id='block_1_114' title="bbox 2123 5700 3704 5772">
    <p class='ocr_par' dir='ltr' id='par_1_114' title="bbox 2123 5700 3704 5772">
     <span class='ocr_line' id='line_1_114' title="bbox 2123 5700 3704 5772; baseline 0.009 -19"><span class='ocrx_word' id='word_1_898' title='bbox 2123 5700 2176 5753; x_wconf 90' lang='lat' dir='ltr'><strong>in</strong></span> <span class='ocrx_word' id='word_1_899' title='bbox 2219 5700 2459 5755; x_wconf 84' lang='lat' dir='ltr'><strong>sabbatis</strong></span> <span class='ocrx_word' id='word_1_900' title='bbox 2485 5718 2698 5772; x_wconf 86' lang='lat' dir='ltr'><strong>quoque</strong></span> <span class='ocrx_word' id='word_1_901' title='bbox 2720 5714 2776 5761; x_wconf 87' lang='lat' dir='ltr'><strong>et</strong></span> <span class='ocrx_word' id='word_1_902' title='bbox 2802 5704 2990 5761; x_wconf 86' lang='lat' dir='ltr'><strong>diebus</strong></span> <span class='ocrx_word' id='word_1_903' title='bbox 3013 5705 3166 5763; x_wconf 89' lang='lat' dir='ltr'><strong>festis</strong></span> <span class='ocrx_word' id='word_1_904' title='bbox 3194 5716 3249 5764; x_wconf 87' lang='lat' dir='ltr'><strong>et</strong></span> <span class='ocrx_word' id='word_1_905' title='bbox 3283 5709 3583 5766; x_wconf 86' lang='lat' dir='ltr'><strong>neomeniis</strong></span> <span class='ocrx_word' id='word_1_906' title='bbox 3605 5723 3704 5767; x_wconf 79' lang='lat' dir='ltr'><strong>ac-</strong></span> 
     </span>
    </p>
   </div>
  </div>
