3954 6182
290 263 390 323 (illi

1224 252 1576 316 COHMENT.
1619 258 1685 314 lN
1725 254 2181 316 BZECRIELEII.
2222 286 2289 303 -—
2330 256 2458 317 LIB.
2509 257 2597 317 νη

3466 258 3574 321 683

288 382 619 455 "pluuium.
655 368 797 433 Duas
826 379 971 432 enim
999 377 1174 452 legem
1194 377 1267 432 ait
1298 392 1312 430 :
1345 396 1363 429 ι
1392 377 1631 433 Sabbata
1668 392 1787 433 mea
1822 384 1879 434 et

2002 378 2165 442 stitue,
2212 376 2456 441 Domine,
2496 374 2863 447 legislaturcm
2906 384 3067 443 super
3095 387 3189 428 eos
3213 371 3387 444 (Paul.
3425 376 3522 445 ιι).
3549 396 3571 429 ι

289 476 407 530 dies
432 471 599 527 festos
640 483 791 524 meos
814 467 1003 537 (Levii.
1030 466 1167 538 XIX).
1190 485 1213 519 ι
1241 465 1468 533 Quando
1500 476 1679 523 autem
1710 480 1890 523 reces-

288 569 483 621 serunt
514 577 545 616 a
582 561 718 625 Deo,
771 558 976 614 dicitur
1020 558 1103 613 eis
1129 575 1142 612 :
1173 555 1536 613 «Neomenias
1575 566 1790 613 vestras
1835 566 1892 613 et

288 654 518 711 sabbata
546 660 602 707 et
641 651 783 707 diem
813 662 1071 720 magnum
1099 662 1207 703 non
1232 647 1512 716 recipiam.
1539 645 1811 716 Ieiunium
1835 654 1893 702 et

286 747 461 802 otium
480 755 537 800 et
552 742 922 799 soiemnitates
934 749 1147 797 vestras
1165 741 1281 797 odit
1295 740 1474 795 anima
1488 755 1609 796 mea
1626 739 1760 813 (ιω.
1787 740 1850 814 ι).
1865 762 1884 794 ι

290 837 448 904 Quod
476 836 623 890 etde
642 833 840 905 populo
871 833 1135 904 scriptum
1163 841 1266 887 est.
1310 831 1413 900 Qui
1442 833 1586 887 enim
1612 834 1765 904 prius
1792 834 1889 888 Dei

287 926 524 999 populus
544 926 864 990 vocabatur,
901 932 1190 995 postquam
1227 924 1454 979 recessit
1475 939 1507 977 a
1529 924 1663 991 Deo,
1688 924 1892 980 dicitur

289 1019 357 1072 de
382 1030 452 1071 eo
480 1014 547 1069 ad
576 1014 829 1084 Moysen:
853 1031 872 1063 ε
896 1012 1151 1067 Peccavit
1170 1011 1397 1081 populus
1422 1020 1546 1066 tuus
1566 1024 1727 1081 quem
1751 1011 1889 1066 edu-

287 1109 418 1163 xisti
450 1110 517 1163 de
540 1116 683 1162 terra
731 1105 954 1177 zEgypti
992 1103 1190 1177 (Exod.
1223 1104 1421 1176 xxxii).
1454 1124 1473 1157 ι
1507 1104 1639 1171 Quae
1664 1104 1755 1160 hic
1790 1118 1890 1158 ex-

292 1203 472 1255 tensio
520 1215 714 1254 manus
758 1198 883 1252 alibi
929 1183 1163 1252 elevatio
1216 1196 1330 1250 sive
1377 1194 1622 1250 visitatio
1668 1196 1888 1251 dicitur.

290 1291 529 1358 Quando
553 1289 698 1344 enim
740 1294 1056 1357 peccantem
1085 1300 1193 1339 non
1224 1285 1452 1355 corripit
1484 1285 1647 1350 Deus,
1674 1278 1892 1341 contra-

291 1383 377 1436 hit
422 1394 642 1434 manum
686 1393 863 1434 suam.
909 1376 1004 1432 Sin
1050 1383 1231 1431 autem
1271 1376 1599 1444 peccaverit,
1628 1384 1684 1431 et
1715 1374 1890 1430 inDcl

292 1470 527 1540 coeperit
574 1468 690 1539 lege
741 1476 1041 1538 aegrotare,
1093 1465 1329 1518 mittitur
1368 1464 1434 1518 ad
1479 1479 1602 1519 eum
1653 1465 1896 1519 visitatio

288 1562 447 1632 juxta
490 1561 620 1616 illud
659 1561 803 1630 quod
833 1559 886 1613 in
912 1558 1133 1629 psalmis
1162 1556 1378 1612 canitur
1407 1575 1418 1610 :
1457 1576 1475 1606 ε
1500 1556 1557 1611 Si
1587 1557 1892 1626 derelique-

294 1665 425 1711 runt
467 1655 560 1710 lilii
590 1653 705 1723 ejus
735 1654 907 1725 legem
944 1668 1152 1716 meam,
1200 1662 1254 1708 et
1279 1656 1331 1709 in
1363 1651 1582 1721 judiciis
1606 1652 1738 1707 meis
1785 1667 1894 1710 non

1992 469 2059 524 Et
2088 471 2141 523 in
2166 470 2273 526 alio
2297 469 2416 525 loco
2443 486 2455 521 :
2492 487 2510 519 ι
2537 468 2745 540 Legem
2776 481 2917 538 pone
2942 466 3095 531 mihi,
3128 465 3376 533 Domine,
3407 466 3462 523 in
3491 468 3578 523 via

1993 571 2082 615 tua
2108 560 2128 631 (
2139 559 2281 615 Psal.
2316 558 2484 633 xxvt).
2521 578 2540 612 ι

2066 670 2085 703 ε
2126 652 2194 706 Ει
2236 651 2501 706 fornicata
2540 666 2600 706 es
2646 650 2699 704 in
2748 649 2871 704 ﬁliis
2905 649 3274 720 Assyriorum,
3324 664 3390 705 eo
3435 649 3582 720 quod

1997 760 2035 795 «ν
2054 739 2283 797 necdum
2312 741 2482 797 fueris
2508 739 2744 811 expleta.
2776 740 2845 794 Et
2868 747 3160 810 postquam
3195 738 3466 797 fornicata
3496 757 3576 806 es,

1997 851 2017 882 ε
2056 846 2155 887 nec
2179 832 2260 887 sic
2288 846 2351 887 es
2390 831 2605 886 satiata.
2652 830 2720 884 Et
2758 829 3129 899 multiplicasti
3167 828 3591 886 fornicationem.

1997 941 2015 973 ι
2052 931 2198 977 tuam
2226 922 2280 975 in
2311 929 2458 975 terra
2496 918 2753 973 Chanaan
2784 933 2905 973 cum
2936 916 3204 974 Cbaldmis
3231 937 3244 973 :
3278 927 3335 975 et
3365 935 3463 975 nec
3498 920 3580 979 sic

1997 1033 2016 1065 ε
2051 1014 2245 1068 satiata
2293 1027 2371 1066 es.
2398 1030 2415 1061 ι
2451 1009 2626 1079 Supra
2665 1008 2926 1079 scriptum
2956 1017 3039 1063 est
3072 1007 3394 1064 fornicatam
3421 1007 3583 1065 Jeru-

1992 1103 2162 1160 salem
2222 1117 2346 1158 cum
2401 1101 2525 1156 filiis
2581 1100 2804 1171 zEgypti
2858 1098 3052 1154 vicinis
3112 1100 3266 1165 suis,
3318 1101 3411 1170 qui
3455 1110 3584 1161 sunt

1992 1206 2308 1265 magnarum
2341 1191 2606 1246 carnium.
2638 1188 2736 1245 llic
2760 1188 2928 1244 altera
2955 1178 3303 1261 Assyriorum
3332 1190 3595 1247 vicinitas.

1994 1285 2283 1339 indicatur.
2307 1282 2375 1336 Et
2402 1290 2689 1352 propterea
2718 1281 2968 1351 utrisque
2985 1283 3276 1338 traduntur
3302 1283 3577 1357 gentibus,

1993 1378 2120 1448 quia
2135 1385 2487 1445 utrarumque
2511 1375 2802 1430 simulacra
2817 1374 3059 1430 venerati
3084 1382 3230 1430 sunt.
3274 1374 3583 1447 Ingredien-

1995 1478 2183 1537 tesque
2218 1467 2552 1532 Chaldzeam,
2594 1481 2715 1537 quae
2752 1475 2836 1521 est
2888 1474 3033 1522 terra
3070 1468 3351 1534 Chanaan,
3382 1469 3581 1526 imitati

1994 1570 2119 1616 sunt
2167 1577 2353 1617 eorum
2395 1576 2627 1627 errores,
2658 1576 2887 1631 quorum
2932 1562 3159 1632 imperio
3205 1560 3577 1630 subiacebat“.

1999 1652 2305 1709 Secundum
2338 1652 2714 1724 tropologiam,
2767 1654 2833 1708 de
2882 1652 3005 1708 aliis
3047 1653 3308 1723 peccatis,
3361 1655 3430 1710 ad
3476 1653 3583 1710 alia

294 1745 720 1809 ambulaverint,
770 1743 1013 1798 visitabo
1057 1743 1112 1797 in
1158 1744 1308 1816 virga
1353 1743 1667 1812 iniquitates
1704 1757 1894 1797 eorum
1928 1739 1973 1798 Β
2000 1760 2143 1816 saepe
2191 1746 2485 1801 transimus
2511 1785 2525 1811 ,
2580 1760 2814 1816 cumque
2861 1761 2969 1800 non
3013 1747 3285 1818 egerimus
3336 1748 3579 1817 priorum

296 1836 476 1909 (Psal.
504 1837 789 1908 Lxxsvttt).
820 1854 839 1886 ι
868 1834 934 1888 Et
964 1835 1014 1888 in
1039 1835 1143 1889 hoc
1178 1834 1446 1905 Propheta
1475 1833 1733 1902 scriptum
1763 1844 1846 1889 est
1871 1851 1884 1887 :

301 1928 528 1985 «Terra
577 1925 977 1998 si‘peccaverit
1015 1926 1149 1980 mibi
1182 1933 1243 1979 ut
1281 1925 1559 1994 delinquat
1606 1923 1889 1990 delictum,

292 2020 589 2078 extendam
634 2032 856 2074 manum
905 2029 1083 2071 meam
1133 2031 1295 2087 super
1337 2030 1481 2081 eam,
1525 2023 1580 2070 et
1608 2024 1891 2070 conteram

294 2113 702 2168 tirmauentum
748 2108 906 2179 panis
947 2108 1066 2179 ejus
1089 2107 1262 2180 (Paul.
1291 2107 1423 2178 etv),
1468 2115 1573 2162 etc.
1607 2125 1624 2158 ι
1679 2106 1735 2160 In
1780 2121 1893 2175 quo

293 2202 595 2273 qumzimus
636 2200 764 2271 quid
818 2201 890 2255 sit
934 2199 1091 2255 inter"
1124 2197 1496 2254 cxtensioncm
1551 2211 1779 2262 manus,
1835 2202 1894 2251 ct

294 2293 648 2349 emissionem
673 2290 810 2360 ejus.
857 2289 1122 2360 Loquitur
1160 2288 1406 2344 diabolus
1444 2289 1511 2342 ad
1558 2287 1842 2343 Dominum
1872 2305 1890 2342 :

301 2404 322 2437 σ
350 2383 748 2439 Hitte‘manum
772 2391 940 2446 tuam,
967 2387 1023 2435 et
1041 2388 1203 2451 tange
1228 2378 1406 2433 omnia
1425 2391 1544 2447 quae
1572 2377 1758 2443 habet,
1781 2375 1890 2431 nisi

296 2475 353 2530 in
384 2473 527 2531 facie
556 2472 895 2529 benedixerit
933 2470 1028 2526 tibi
1073 2470 1217 2542 (Job.
1271 2470 1367 2544 1).»
1400 2470 1728 2541 Videturque
1754 2469 1889 2527 mihi

297 2567 442 2622 mitti
472 2578 669 2621 manus
692 2564 758 2619 ad
785 2562 1160 2633 probationem
1188 2576 1373 2617 eorum
1400 2563 1597 2631 quibus
1628 2564 1888 2621 mittitur.

297 2653 535 2710 Extendi
563 2660 743 2707 autem
762 2652 838 2706 ad
866 2664 1056 2721 ptenas
1082 2665 1293 2715 eorum,
1327 2652 1415 2720 qui
1454 2661 1731 2707 merentur
1765 2668 1895 2723 snp-

295 2745 482 2815 plicia,
498 2757 601 2798 nec
616 2742 789 2798 solum
803 2742 1046 2797 extensio
1058 2726 1112 2796 et
1129 2741 1369 2805 emissio,
1388 2743 1481 2797 sed
1499 2743 1758 2813 cxpansio
1775 2758 1894 2798 ma-

298 2851 407 2891 nus
418 2836 514 2889 Dei
537 2835 757 2898 dicitur,
773 2832 907 2888 lsaia
923 2847 990 2887 ex
1007 2844 1237 2903 persona
1256 2832 1467 2888 Domini
1489 2832 1861 2903 proclamante
1878 2848 1893 2887 :

305 2945 324 2978 ι
351 2928 496 2981 Tota
535 2926 623 2980 die
661 2925 895 2996 expandi
945 2939 1137 2979 manus
1181 2939 1332 2979 meas
1368 2924 1435 2979 ad
1474 2925 1729 2994 populum
1781 2941 1893 2982 non

302 3016 617 3072 credentem
671 3022 728 3070 et
776 3014 1234 3068 contradicentcm
1276 3012 1412 3084 (Isa.
1441 3013 1590 3085 va).
1615 3034 1634 3066 ι
1663 3013 1896 3070 Sanctus

303 3124 533 3182 quoque
550 3108 735 3164 levare
769 3115 1028 3161 narratur
1071 3121 1285 3172 manus,
1324 3105 1603 3177 Scriptura
1636 3107 1889 3166 dicente:
1924 3099 1967 3160 C

306 3222 327 3254 ε
347 3202 598 3258 Elevatio
624 3216 882 3255 manuum
909 3214 1151 3255 mearum
1176 3200 1502 3255 sacrificium
1528 3210 1897 3271 vespertinum

300 3291 663 3367 (haben).
684 3310 706 3345 ι
735 3292 973 3349 Sublatis
1011 3302 1191 3348 autem
1230 3293 1485 3365 legitimis
1519 3293 1612 3347 Dei
1640 3309 1670 3347 a
1702 3294 1901 3364 populo

298 3383 616 3441 Iudaeorum
647 3384 1041 3456 interrogemus
1065 3400 1160 3440 eos
1189 3400 1351 3459 quam
1381 3385 1617 3440 habeant
1640 3386 1776 3456 legis
1799 3388 1898 3441 ob-

288 3472 639 3536 servantiam
672 3495 686 3532 :
720 3477 985 3536 Mimas
1043 3466 1254 3535 sublati)
1307 3480 1505 3549 templo
1556 3488 1722 3549 atque
1768 3481 1897 3535 sub-

298 3584 467 3627 verso
502 3566 703 3625 olei-ro
742 3583 849 3623 non
887 3577 1135 3639 possunt,
1165 3584 1266 3626 nec
1301 3571 1671 3625 adulterarum
1699 3572 1898 3643 lapida-

302 3661 409 3726 tio;
455 3667 889 3730 ceterorumque
930 3660 1220 3715 criminum
1266 3661 1384 3731 lege
1433 3672 1693 3718 concessa
1745 3678 1902 3718 exer-

300 3767 436 3809 cere
460 3759 663 3822 potest,
687 3759 742 3807 et
761 3752 973 3806 vacatio
1003 3760 1159 3807 terra:
1185 3766 1331 3807 anno
1354 3753 1695 3810 remissionis
1721 3763 1772 3810 et
1801 3770 1902 3810 cte-

302 3857 424 3900 tera
451 3843 780 3913 hujusmodi.
807 3844 975 3898 Datur
994 3851 1173 3899 autem
1198 3844 1251 3898 in
1278 3844 1488 3898 animas
1515 3845 1814 3900 odientium
1845 3862 1902 3903 se

299 3938 546 3992 ﬁliarum
591 3934 1005 3999 Palestinarum,
1039 3934 1255 4004 quando
1299 3934 1529 3991 traditur
1567 3934 1898 3992 Palestinis:

299 4042 449 4098 quos
486 4024 860 4082 indifferenter
900 4025 1251 4098 Septuaginta
1291 4025 1627 4096 alienigenas
1665 4036 1897 4082 vocant:

301 4133 445 4190 quas
491 4119 793 4191 intelligere
835 4130 1125 4188 possumus
1166 4117 1327 4172 urbes
1377 4117 1462 4172 vel
1509 4118 1702 4189 oppida
1750 4118 1904 4174 Pale-

302 4212 489 4266 stintr.
514 4210 707 4266 Nostra
737 4222 950 4281 quoque
974 4208 1273 4265 Jerusalem
1300 4211 1345 4265 si
1375 4220 1767 4280 praetereamus
1796 4227 1901 4267 cac-

300 4303 587 4359 remonias
634 4303 751 4368 Dei,
803 4312 859 4358 et
886 4312 1108 4359 extenta
1150 4304 1317 4360 fuerit
1357 4313 1556 4361 manus
1589 4305 1706 4376 ejus
1743 4321 1903 4376 super

298 4414 432 4465 nos,
456 4406 514 4454 et
539 4397 716 4453 ablata
743 4408 937 4453 cuneta
965 4399 1098 4470 legis
1119 4399 1467 4455 observantia
1496 4401 1739 4456 tradetur
1768 4399 1901 4454 lilia-

298 4491 410 4548 hus
459 4490 743 4545 Palestina!
785 4497 839 4544 et
886 4505 992 4545 non
1042 4489 1186 4545 filiis.
1242 4489 1432 4560 Neque
1477 4493 1622 4547 enim
1666 4493 1899 4563 primum

300 4582 633 4640 fortioribus
669 4581 946 4652 suppliciis
991 4582 1291 4648 trademur,
1329 4585 1427 4639 sed
1464 4583 1616 4653 juxta
1651 4594 1900 4655 peccato-

303 4693 433 4731 rum
483 4673 799 4745 qualitatem
828 4671 1192 4741 inferioribus,
1232 4683 1292 4729 ut
1326 4678 1563 4747 correpti
1598 4678 1652 4732 in
1683 4680 1898 4746 minori,

305 4766 524 4836 majora
565 4763 899 4820 cruciatuum
936 4772 1205 4821 tormenta
1253 4765 1510 4823 vitemus.
1555 4766 1898 4837 Philisthiim,

304 4860 420 4914 hoc
467 4864 573 4923 est,
599 4855 879 4922 Palestini,
928 4857 1101 4928 prima
1138 4857 1446 4918 litterarum
1482 4870 1631 4931 parte
1672 4873 1896 4931 mutata,

306 4949 747 5016 interpretantur
769 4948 1043 5013 cadentes,
1069 4953 1262 5018 poculo
1289 4950 1406 5006 sive
1447 4949 1653 5007 factura
1697 4951 1903 5026 [Forte,

307 5035 532 5109 actura]
548 5050 644 5107 per
656 5053 776 5107 qua:
797 5037 1133 5108 significatur
1149 5041 1442 5098 tradendos
1465 5058 1563 5099 nos
1583 5044 1908 5100 adversariis

303 5128 700 5201 putaminibus,
721 5142 843 5198 quae
859 5129 1113 5185 biberunt
1132 5131 1198 5187 de
1214 5133 1387 5189 calice
1403 5134 1690 5207 Babylonis
1711 5146 1764 5190 et
1787 5151 1907 5191 cor-

306 5228 569 5284 ruerunt,
608 5227 666 5275 et
693 5234 921 5289 quarum
956 5235 1121 5291 opera
1155 5238 1412 5293 perversa
1447 5232 1592 5281 sunt.
1629 5226 1909 5297 Tantaque

307 5309 432 5365 erit
458 5310 673 5365 miserat
690 5307 988 5367 Jerusalem
1012 5314 1293 5383 correptio
1316 5323 1478 5386 atque
1502 5316 1817 5388 ignominia,
1850 5327 1909 5373 ut

304 5403 672 5468 erubescant,
696 5403 858 5458 etiam
886 5404 1019 5475 ipsa:
1056 5404 1385 5462 adversariae
1424 5416 1720 5477 potestates
1747 5423 1911 5479 super

307 5506 637 5556 nostrorum
670 5498 1046 5568 magnitudine
1069 5509 1440 5570 peccatorum.
1470 5500 1710 5557 Sublatis
1731 5512 1909 5557 autem

308 5589 667 5646 caeremoniis
695 5588 789 5644 Dei
815 5605 844 5642 a
883 5590 1079 5658 populo
1112 5589 1421 5648 .ludzcorum
1446 5594 1512 5648 ad
1541 5609 1640 5649 nos
1666 5609 1789 5650 cum
1820 5610 1911 5649 sa-

311 5681 570 5738 cerdotio
586 5681 780 5735 transit
793 5687 849 5735 ot
862 5680 1154 5751 legislatio,
1170 5683 1450 5755 Scriptura
1467 5684 1676 5740 dicente
1697 5703 1709 5737 :
1739 5683 1908 5741 «Con-

730 5773 1005 5835 ΡΑτιιοι.
1043 5774 1175 5835 CX.

1996 1834 2261 1889 scelerum
2284 1835 2683 1904 penitentiam,
2724 1848 2985 1904 augemus
3021 1834 3212 1891 delicta
3255 1835 3487 1900 delictis,
3525 1846 3581 1890 et

1996 1926 2144 1980 nullo
2166 1940 2354 1980 errore
2382 1926 2663 1979 satiamur.
2708 1923 2815 1980 Sed
2852 1924 3008 1995 quasi
3032 1924 3158 1979 fune
3189 1925 3347 1995 longe
3374 1934 3430 1982 et
3457 1941 3581 1983 cor-

1996 2016 2129 2087 rigla
2172 2014 2288 2087 jugi
2325 2015 2509 2070 vitulus
2549 2016 2818 2072 trahimus
2842 2025 3088 2087 peccata,
3117 2025 3173 2072 et
3200 2024 3585 2075 testamentum

1996 2116 2240 2162 nostrum
2266 2106 2381 2163 sive
2413 2105 2824 2163 fornicationem
2870 2106 3290 2176 multiplicantes
3328 2108 3385 2164 in
3438 2118 3581 2165 terra

1994 2198 2271 2263 Chanaan,
2295 2211 2415 2269 quae
2436 2199 2840 2269 interpretatur,
2870 2199 3025 2268 quasi
3061 2197 3357 2266 ﬂuctuatio,
3382 2208 3436 2255 et
3457 2214 3583 2255 cum

1995 2289 2279 2357 Cbaldmis,
2330 2290 2421 2359 qui
2464 2298 2520 2345 et
2568 2290 2671 2359 ipsi
2718 2290 3002 2345 nobiscum
3044 2296 3260 2355 sonant,
3292 2290 3446 2360 quasi
3477 2289 3585 2345 dte-

1997 2380 2198 2445 monia,
2238 2393 2556 2449 semperque
2599 2378 2826 2447 vestigia
2866 2378 3127 2432 hair-emus
3173 2378 3225 2432 in
3264 2377 3468 2437 sabulo.
3510 2378 3580 2435 Et

1996 2488 2286 2544 numquam
2303 2484 2589 2544 possumus
2610 2472 2808 2538 dicere,
2835 2491 2852 2523 ‹
2871 2473 3061 2527 statuit
3078 2487 3239 2543 supra
3254 2480 3464 2542 petram
3480 2488 3577 2543 pe.

1997 2566 2091 2621 des
2122 2580 2292 2631 meos,
2316 2584 2333 2616 ι
2361 2565 2843 2634 luereticorumqne
2863 2564 3219 2633 pravitatibus
3238 2562 3578 2632 subjicimur,

1997 2658 2086 2727 qui
2135 2657 2335 2711 habent
2380 2655 2784 2711 similitudinem
2838 2656 3251 2722 dicmoniorznn,
3288 2656 3405 2715 sive
3448 2656 3580 2727 ipsis

1997 2748 2364 2814 (Imitonibus,
2408 2748 2475 2803 de
2516 2748 2714 2817 quibus
2766 2747 2967 2803 Paulus
3015 2748 3244 2803 scribit:
3283 2747 3441 2804 «Non
3492 2760 3581 2805 est

1996 2842 2081 2894 no'
2107 2840 2153 2893 is
2190 2854 2367 2910 pugna
2409 2840 2694 2895 adversum
2737 2855 2960 2896 carnem
3004 2851 3059 2896 et
3109 2841 3445 2913 sanguinem,
3486 2842 3585 2899 sed

1998 2931 2281 2985 adversum
2319 2936 2560 2986 rectores
2602 2931 2951 2987 tenebrarum
2999 2932 3249 3000 istarum,
3296 2935 3584 3003 adversum

1998 3018 2264 3090 spiritalia
2286 3018 2540 3089 nequitiae
2564 3018 2617 3074 in
2647 3018 2958 3077 caelestibus
2987 3018 3205 3093 (Ephes.
3238 3020 3334 3093 vt).
3358 3041 3379 3075 ο

2075 3137 2091 3167 ι
2124 3118 2179 3172 in
2225 3133 2334 3188 quo
2375 3117 2648 3173 mundabo
2672 3132 2769 3175 cor
2795 3128 2966 3181 tuum,
3009 3116 3086 3172 ait
3128 3118 3388 3174 Dominus
3418 3119 3585 3186 Deus,

2006 3228 2023 3260 ι
2053 3226 2173 3265 cum
2197 3211 2365 3266 facias
2385 3211 2566 3266 omnia
2597 3211 2711 3266 haec
2740 3226 2902 3281 opera
2932 3208 3178 3266 mulieris
3201 3212 3504 3269 meretricis
3526 3218 3589 3270 et

2003 3321 2020 3350 ι
2052 3302 2316 3371 procacis,
2344 3302 2471 3372 quia
2513 3300 2778 3356 fabricata
2801 3316 2862 3355 es
2891 3300 3119 3369 lupanar
3147 3308 3297 3356 tuum
3326 3302 3382 3357 in
3406 3303 3582 3374 capite

2004 3411 2021 3442 ‹
2048 3392 2224 3447 omnis
2253 3392 2372 3457 viae,
2403 3401 2460 3448 et
2487 3392 2761 3448 excelsum
2792 3399 2941 3447 tuum
2979 3390 3152 3447 fecisti
3181 3393 3235 3446 in
3275 3392 3423 3447 omni
3458 3393 3583 3464 pla-

2005 3503 2025 3533 c
2056 3494 2160 3550 tea,
2187 3500 2287 3541 nec
2315 3485 2456 3541 facta
2496 3501 2580 3552 es,
2616 3486 2768 3557 quasi
2822 3485 3080 3543 meretrix
3118 3484 3337 3541 fastidio
3375 3500 3583 3556 augens

2007 3597 2024 3627 ι
2057 3579 2309 3648 pretium.
2336 3598 2353 3630 ι
2384 3576 2509 3633 Haec
2533 3579 2715 3633 omnia
2745 3577 2809 3633 ad
2836 3576 3134 3633 Jerusalem
3156 3577 3394 3648 loquitur
3417 3579 3583 3645 Deus,

2000 3672 2142 3743 quod
2186 3672 2428 3726 invenire
2464 3686 2570 3726 non
2610 3670 2792 3727 valeat
2827 3685 2936 3740 quo
2959 3678 3310 3742 mgrotantem
3338 3680 3395 3726 et
3423 3672 3589 3728 semi-

2000 3784 2189 3826 necem
2234 3768 2404 3840 possit
2432 3782 2624 3823 curare
2668 3764 3045 3828 medicamine,
3083 3761 3239 3832 juxta
3271 3762 3401 3819 illud
3441 3763 3586 3833 quod

2001 3863 2191 3918 scribit
2234 3862 2443 3917 lsaias:
2485 3880 2503 3913 ι
2531 3859 2671 3928 Quid
2702 3866 2786 3913 est
2833 3857 2975 3927 quod
3013 3855 3174 3911 debui
3217 3854 3357 3910 ultra
3407 3854 3589 3913 facere

2001 3954 2172 4009 vinea:
2212 3967 2368 4017 meae,
2403 3960 2459 4007 et
2494 3966 2601 4006 non
2650 3948 2877 4005 fecerim
2903 3947 2952 4002 ei
2982 3945 3117 4018 (Isa.
3141 3946 3263 4017 v)?»
3304 3946 3373 4002 Et
3397 3946 3585 4011 05cm:

2007 4064 2024 4095 α
2057 4043 2194 4112 Quid
2219 4042 2315 4098 tibi
2340 4041 2556 4107 faciam,
2580 4039 2860 4110 Ephraim,
2883 4038 3013 4109 quid
3038 4037 3234 4093 faciam
3261 4037 3391 4104 tibi,
3414 4037 3591 4101 inda?

2004 4131 2373 4189 Misericordia
2410 4140 2609 4196 vestra,
2640 4132 2792 4202 quasi
2826 4131 2996 4185 nubes
3026 4129 3314 4193 matutina,
3346 4136 3400 4183 et
3428 4130 3588 4200 quasi

2003 4238 2094 4278 ros
2138 4237 2297 4277 mane
2341 4222 2709 4293 pertransiens
2752 4220 2896 4293 (Ore.
2929 4221 3023 4292 vr).
3048 4239 3069 4269 ι
3106 4218 3412 4275 ldololatria
3438 4220 3585 4274 enim

2005 4322 2097 4367 tua
2125 4328 2235 4370 non
2264 4314 2317 4368 in
2346 4313 2580 4378 occulto,
2609 4314 2703 4368 sed
2734 4321 2849 4367 tota
2870 4311 3120 4366 libertate
3155 4309 3445 4364 commissa
3482 4317 3587 4376 est,

2006 4413 2067 4461 ut
2090 4407 2144 4460 in
2169 4396 2419 4462 omnibus
2446 4406 2655 4460 viarum
2678 4402 2959 4474 principiis
2983 4409 3038 4456 et
3065 4400 3316 4471 compitis
3348 4415 3586 4471 poneres

2008 4513 2133 4553 aras
2171 4506 2227 4553 et
2260 4497 2424 4552 bases
2471 4495 2585 4551 sive
2636 4492 2908 4549 excelsum
2955 4501 3105 4548 tuum
3158 4488 3247 4563 (de
3283 4506 3393 4563 quo
3424 4505 3590 4562 supra

2009 4588 2264 4661 diximus)
2319 4587 2524 4643 faceres
2570 4585 2627 4640 in
2676 4583 2823 4639 omni
2870 4583 3068 4655 platea,
3120 4598 3221 4638 nec
3265 4583 3476 4638 imitata
3524 4598 3589 4639 es

2008 4681 2231 4738 callidas
2251 4681 2582 4743 meretrices,
2612 4693 2732 4747 qum
2759 4678 2937 4732 solent
2960 4674 3272 4731 dillicultato
3298 4689 3498 4747 augere
3524 4676 3592 4731 li»

2007 4775 2207 4829 bidinis
2234 4774 2487 4844 pretium,
2527 4780 2581 4827 et
2610 4786 2674 4826 ex
2701 4770 2803 4825 hoc
2836 4770 3009 4840 magis
3034 4777 3307 4823 amatores
3346 4770 3414 4823 ad
3448 4769 3590 4823 insa-

2009 4864 2153 4919 niam
2175 4878 2489 4934 provocare.
2532 4860 2656 4915 Sive
2684 4860 2838 4931 juxta
2867 4858 3239 4930 Septuaginta,
3266 4874 3376 4913 non
3421 4858 3592 4925 fuisti,

2011 4957 2163 5026 quasi
2191 4954 2473 5019 meretrix,
2498 4967 2837 5025 congregans
2872 4951 3151 5007 mercedes
3179 4968 3191 5004 :
3224 4951 3319 5007 sed
3356 4949 3590 5017 dedisti,

1992 5048 2130 5118 qua:
2174 5047 2419 5116 accipere
2444 5045 2727 5110 debueras,
2759 5054 2818 5099 ut
2842 5059 2943 5100 nec
2964 5044 3018 5098 in
3041 5056 3129 5108 eo,
3157 5043 3301 5113 quod
3328 5041 3590 5097 fornicata

1960 5174 1985 5185 ν
2011 5153 2069 5191 es
2100 5145 2157 5192 et
2193 5143 2378 5191 secuta
2408 5135 2700 5200 daemones,
2722 5148 2911 5189 eorum
2955 5131 3317 5203 protegeroris
3345 5130 3589 5185 attxilio-z

1991 5225 2103 5281 sed
2126 5226 2290 5281 variis
2323 5240 2581 5297 oppressa
2618 5224 3019 5294 captivitatibus
3041 5221 3275 5277 sentires
3311 5220 3590 5275 calamita—

2015 5325 2100 5372 tes
2147 5315 2282 5372 tuas.
2326 5316 2481 5383 Quod
2528 5316 2744 5386 quidem
2769 5323 2826 5370 et
2852 5316 2919 5370 ad
2945 5328 3161 5372 omnem
3192 5312 3426 5368 animam
3448 5312 3594 5365 chri-

2015 5407 2246 5461 stianatn
2284 5406 2478 5463 referri
2514 5414 2710 5476 potest,
2744 5420 2865 5475 quae
2886 5407 3101 5460 deserto
3127 5401 3273 5458 cultu
3304 5400 3424 5466 Dei,
3450 5399 3596 5454 vitiis

2017 5516 2075 5557 se
2121 5502 2348 5557 luxuria:
2386 5500 2552 5572 pollui
2575 5500 2841 5569 permisit,
2870 5506 2924 5554 et
2952 5496 3269 5553 stecularem
3295 5499 3479 5549 secuta
3505 5505 3591 5549 vt-

2017 5601 2150 5658 tam,
2176 5609 2244 5649 ne
2278 5594 2330 5648 iu
2357 5607 2421 5648 ea
2445 5591 2665 5663 quidem
2706 5591 2818 5662 egit
2868 5588 3119 5651 feliciter,
3164 5583 3262 5639 sed
3296 5592 3352 5639 et
3376 5581 3597 5641 divitias

2019 5686 2290 5755 religionis
2315 5686 2567 5757 perdidit,
2613 5692 2667 5739 et
2706 5681 2886 5737 munzli
2932 5678 3148 5733 divitias
3193 5691 3296 5730 non
3344 5674 3594 5747 accepit:

3004 5769 3084 5828 2'2
