3906 6176
349 265 464 321 -ὀϐἷι

998 260 1058 313 Β.
1101 257 1352 312 BABANI
1390 256 1609 312 ιιΑυιιι
1648 256 1943 311 Αιιιᾷιιιιςιι

2053 258 2315 315 ΟΟΕΝΤ.
2354 257 2641 315 OPERUM
2683 259 2861 314 PARS
2899 259 2961 314 ll.

3526 261 3628 323 εἷεό

361 346 542 432 Necin
567 375 963 443 constupranda
977 386 1042 426 ea
1069 369 1170 425 fuit
1189 369 1367 438 aliqua
1394 368 1809 433 didicultas,sed
1831 368 1944 438 ipsa
1974 377 2022 434 Α
2054 388 2073 421 ι
2117 379 2203 425 tur
2233 371 2510 429 mercedes
2538 389 2551 424 :
2585 379 2640 425 tu
2671 381 2850 426 autem
2883 371 3074 427 dedisti
3102 374 3403 430 mercedem
3425 381 3632 436 cunctis

362 483 422 521 se
453 467 674 536 ingessit
707 463 1039 519 amatoribus
1064 461 1197 516 suis.
1230 460 1326 515 Est
1357 469 1538 515 autem
1569 467 1624 514 et
1645 459 1748 514 alia
1773 459 1937 514 forni-

363 559 507 613 catio
533 555 809 626 spiritalis,
841 551 1055 623 quando
1093 551 1408 606 deserentes
1443 551 1743 607 Ecclesiam
1771 551 1944 605 haere-

365 648 486 703 ticis
517 646 817 716 jungimnr,
856 653 912 698 et
952 642 1286 698 aedificamus
1334 642 1563 712 lupanar
1611 650 1858 698 nostrum
1889 641 1943 696 in

367 740 543 810 capite
583 737 764 792 omnis
804 737 924 800 vim,
957 734 1153 804 quibus
1191 733 1436 803 praecipit
1477 747 1656 788 sermo
1691 732 1941 788 divinus:

372 849 390 880 ι
417 829 566 882 State
595 828 648 881 in
668 827 772 880 viis
798 833 853 880 et
880 825 1105 895 quaerite
1145 826 1367 878 semitas
1409 823 1622 877 Domini
1665 823 1947 892 sempiter-

361 934 483 982 nas,
523 926 577 972 et
615 915 790 971 videte
827 931 946 986 qum
967 915 1037 969 sit
1070 914 1156 967 via
1208 913 1348 968 bona
1370 953 1386 977 ,
1413 921 1466 966 et
1494 911 1764 966 ambulate
1801 912 1854 966 in
1881 925 1945 966 ea

363 1005 500 1079 (Jer.
526 1007 602 1080 vr)
621 1027 671 1074 ,ι
706 1006 874 1077 Moysi
908 1005 1176 1070 videlicet,
1204 1003 1354 1068 Jesu,
1380 1001 1627 1060 Julicum
1657 1011 1711 1057 et
1741 1003 1944 1074 Regum

362 1099 517 1154 libris
560 1097 808 1167 lsaiaque
859 1105 915 1151 et
953 1093 1211 1160 Jcrcmia,
1262 1103 1317 1149 et
1369 1093 1490 1148 aliis
1538 1094 1836 1164 prophetis.
1886 1093 1944 1147 ln

361 1189 613 1245 omnibus
644 1189 851 1243 viarum
877 1171 1166 1258 principiis
1186 1186 1486 1242 fabricatur
1512 1185 1739 1256 lupanar
1765 1202 1944 1251 suum,

359 1283 485 1352 quia
524 1281 595 1338 ob
635 1280 1049 1352 perversitatem
1096 1281 1387 1342 doctrinm,
1440 1279 1762 1334 testimoniis
1808 1278 1946 1334 male

360 1371 604 1427 abutitur
651 1369 1081 1441 Scripturarum.
1134 1370 1200 1424 Et
1242 1369 1375 1423 dicit
1407 1386 1418 1422 :
1449 1367 1573 1422 Haec
1628 1370 1706 1423 ait
1756 1367 1942 1433 Isaias,

361 1466 478 1520 luce
501 1463 636 1520 dicit
655 1464 814 1530 Osee,
844 1463 962 1518 haec
985 1463 1196 1520 locutus
1222 1470 1307 1517 est
1336 1461 1566 1532 Moyses,
1600 1462 1713 1517 haec
1735 1461 1942 1526 Daniel,

355 1563 414 1608 et
454 1552 680 1623 pulchre
709 1567 817 1606 non
849 1551 903 1605 in
932 1550 1126 1606 mediis
1150 1549 1275 1616 viis,
1308 1564 1409 1604 nec
1440 1550 1494 1604 in
1523 1550 1730 1604 viarum
1762 1550 1950 1604 termi-

359 1647 446 1701 nis
473 1647 624 1717 ponit
668 1645 899 1716 lupanar
933 1660 1112 1710 suum,
1151 1644 1248 1699 sed
1290 1643 1344 1697 in
1389 1644 1672 1714 principio.
1720 1643 1775 1698 Si
1801 1644 1945 1698 enim

2053 480 2070 512 ι
2118 462 2451 517 amatoribus
2481 462 2607 526 tuis,
2631 472 2685 518 et
2714 463 2952 517 donabas
2973 462 3052 518 eis
3087 471 3145 516 nt
3172 463 3442 520 intrarent
3465 471 3534 522 ad
3560 479 3631 534 te,

2055 570 2072 601 ι
2117 552 2353 621 undique
2404 552 2471 605 ad
2521 551 2895 608 fornicandum
2943 563 3165 608 tecum:
3200 553 3512 628 factumque
3555 569 3634 614 est

2053 653 2070 684 ι
2118 645 2172 698 in
2206 652 2258 698 te
2285 653 2472 699 contra
2503 645 2946 700 consuetudinem
2984 647 3271 702 mulierum
3306 648 3360 702 in
3403 651 3636 706 fornica-

2052 754 2069 785 ι
2119 734 2352 789 tionibus
2383 735 2507 789 tuis.
2539 734 2607 788 Et
2642 745 2764 803 post
2799 742 2851 790 te
2886 751 2993 790 non
3020 737 3127 791 erit
3147 736 3456 794 fornicatio.
3487 739 3545 793 In
3571 755 3635 796 eo

2053 843 2070 874 ι
2117 824 2260 878 enim
2287 824 2430 893 quod
2461 824 2654 878 dedisti
2694 825 2992 888 mercedes,
3019 837 3076 880 et
3100 829 3380 884 mercedes
3413 845 3519 886 non
3549 846 3636 887 ac-

2054 935 2071 965 ι
2118 915 2331 984 cepisti,
2358 915 2556 970 factum
2587 924 2672 971 est
2701 917 2754 970 in
2792 925 2844 971 te
2867 919 3223 974 contrarium.
3254 939 3273 971 ι
3307 919 3450 976 Tulit
3474 923 3637 995 igitur

2045 1006 2344 1063 Jerusalem
2397 1023 2580 1063 rerum
2625 1009 2866 1063 omnium
2893 1011 3304 1078 abundantiam,
3331 1029 3495 1083 quam
3520 1014 3635 1071 fue-

2048 1111 2135 1156 rat
2182 1101 2282 1156 viri
2329 1101 2650 1156 liberalitate
2693 1101 2909 1156 donata.
2945 1102 3012 1157 Et
3067 1104 3216 1158 dedit
3260 1122 3381 1161 eam
3423 1107 3633 1176 alienis,

2048 1191 2380 1246 (temonibus
2413 1191 2662 1246 videlicet
2703 1199 2757 1246 et
2788 1192 2959 1258 idolis,
2981 1193 3133 1263 juxta
3166 1194 3296 1250 illud
3327 1197 3470 1266 quod
3501 1199 3634 1254 scri-

2047 1294 2198 1355 ptum
2225 1292 2308 1338 est
2336 1284 2390 1338 in
2414 1281 2551 1338 Osca
2581 1301 2593 1337 :
2631 1301 2648 1334 ι
2685 1283 2747 1337 Et
2782 1283 2896 1338 haec
2929 1300 3034 1339 non
3080 1287 3352 1356 cognovit,
3383 1289 3513 1358 quia
3541 1304 3634 1358 ego

2048 1375 2166 1431 dedi
2187 1374 2237 1429 ei
2261 1375 2496 1428 triticum
2523 1383 2580 1428 et
2598 1375 2782 1428 vinum
2807 1383 2864 1430 et
2888 1374 3089 1441 oleum,
3117 1385 3172 1431 et
3196 1388 3482 1449 argentum
3507 1379 3636 1434 mul-

2051 1465 2284 1535 tiplicavi
2325 1466 2395 1520 ei.
2422 1465 2539 1535 Ipsa
2565 1481 2697 1520 vero
2725 1476 2980 1537 argentea
3003 1476 3058 1523 et
3088 1484 3252 1524 aurea
3284 1469 3412 1526 fecit
3434 1469 3631 1526 Baalim

2050 1555 2196 1628 (Ore.
2224 1557 2307 1629 ιι).
2345 1577 2364 1610 ι
2401 1556 2553 1613 Unde
2599 1557 2770 1613 iratus
2821 1559 3003 1614 statim
3051 1560 3258 1615 infert:
3297 1581 3315 1612 ι
3348 1561 3635 1633 Propterea

2047 1655 2336 1704 convertar
2360 1658 2416 1703 et
2440 1646 2684 1703 auferam
2711 1649 2946 1704 triticum
2971 1664 3149 1706 meum
3177 1650 3228 1705 in
3253 1659 3498 1722 tempore
3521 1669 3636 1717 suo,

360 1739 430 1794 ad
459 1739 764 1804 scientiam,
800 1746 852 1794 et
879 1737 1149 1810 profunda
1183 1736 1488 1791 divinorum
1529 1736 1740 1791 venerit
1782 1736 1946 1791 libro-
1974 1759 2021 1818 Β
2048 1747 2103 1794 et
2153 1739 2335 1794 vinum
2385 1753 2564 1794 meum
2614 1740 2668 1793 in
2713 1749 2957 1812 tempore
3005 1757 3128 1798 suo.
3170 1743 3238 1798 Et
3268 1743 3453 1800 tollam
3485 1747 3638 1801 vesti-

359 1849 504 1897 rum,
531 1847 716 1887 errare
758 1847 864 1887 non
907 1832 1125 1902 poterit.
1167 1830 1455 1886 Excelsum
1501 1844 1715 1900 quoque
1761 1843 1942 1895 suum,

352 1927 476 1981 sive
521 1925 717 1990 basim,
761 1923 890 1978 facit
934 1925 988 1978 in
1032 1923 1181 1978 omni
1226 1923 1402 1993 platea
1439 1923 1779 1978 ethnicorum
1808 1937 1866 1977 se
1893 1930 1949 1976 et

361 2017 652 2086 impiorum
700 2015 936 2070 lascivia:
976 2015 1231 2084 vitiisque
1256 2015 1581 2084 permittens
1615 2016 1777 2070 etiam
1807 2015 1947 2068 inter

364 2108 512 2177 ipsos
547 2106 835 2161 luereticos
857 2121 978 2161 cum
1025 2105 1094 2160 ab
1143 2105 1224 2161 eis
1267 2104 1432 2161 fuerit
1475 2107 1756 2176 deturpata
1783 2147 1797 2169 ,
1841 2121 1944 2159 non

363 2196 570 2251 habens
602 2196 856 2266 gratiam,
902 2195 995 2251 sed
1023 2205 1215 2266 patens
1250 2197 1606 2266 contemptui,
1638 2197 1764 2265 quia
1791 2195 1949 2250 facile

358 2287 694 2359 praeteritam
742 2286 868 2342 ﬁdei
912 2287 1145 2358 perdidit
1199 2288 1525 2343 castitatem.
1568 2287 1681 2342 Hoc
1734 2297 1944 2351 autem,

360 2379 522 2450 quod,
565 2387 626 2434 ιιι
667 2393 830 2449 supra
876 2379 1132 2444 diximus,
1167 2379 1222 2434 in
1250 2379 1515 2435 Hebraico
1557 2394 1664 2434 non
1695 2379 1945 2444 habetur,

357 2470 627 2526 fornicata
653 2484 714 2524 es
746 2468 1031 2540 tripliciter
1059 2469 1112 2524 in
1149 2469 1360 2525 filiabus
1383 2471 1508 2535 tuis,
1558 2470 1674 2525 sive
1702 2471 1768 2524 ad
1793 2470 1949 2526 Jeru-

359 2560 528 2615 salem
562 2557 714 2627 iuxta
756 2559 995 2614 litteram
1036 2559 1258 2626 dicitur,
1299 2563 1444 2631 quod
1484 2561 1633 2615 omni
1670 2575 1866 2632 genere
1893 2561 1946 2614 in

355 2653 474 2708 suis
509 2651 742 2722 oppidis,
773 2661 829 2708 et
851 2653 1045 2708 viculis
1084 2652 1354 2709 fornicata
1395 2654 1483 2719 sit,
1534 2663 1590 2710 et
1634 2654 1813 2710 nullus
1865 2670 1951 2709 rc-

359 2745 624 2800 manserit
673 2744 902 2814 angulus
945 2745 1033 2801 vel
1086 2745 1290 2816 platea,
1341 2747 1433 2802 ubi
1486 2763 1594 2802 non
1631 2746 1950 2802 idololatria:

359 2837 515 2907 signa
533 2836 857 2896 condiderit.
884 2838 999 2892 sive
1025 2837 1281 2895 Ecclesiae
1308 2839 1763 2910 credentibusque
1792 2841 1950 2896 dece-

355 2930 488 2999 ptis,
516 2929 609 2999 qui
635 2945 743 2985 non
767 2930 1056 2984 audierunt
1088 2930 1217 2984 illud
1245 2930 1486 3002 Apostoli
1523 2950 1535 2986 :
1574 2951 1592 2983 ι
1622 2932 1739 3001 ipse
1770 2940 1950 2986 autem

361 3023 502 3078 Deus
526 3023 676 3093 pacis
710 3021 1015 3077 sanctificet
1038 3038 1135 3078 vos
1163 3037 1261 3093 per
1290 3023 1492 3090 omnia,
1531 3031 1587 3079 et
1607 3024 1814 3094 integer
1842 3023 1951 3094 spi-

2052 1837 2234 1884 menta
2261 1844 2381 1884 mea
2409 1840 2464 1884 et
2488 1829 2804 1886 linteamina
2835 1847 2973 1898 mea,
3002 1842 3060 1888 ut
3096 1849 3204 1889 non
3231 1835 3472 1904 aperiam
3503 1835 3638 1890 ultra

2050 1921 2398 1992 ignominiam
2428 1920 2562 1990 ejus.
2595 1923 2663 1976 Et
2690 1939 2835 1979 nunc
2877 1925 3129 1981 revelabo
3160 1925 3563 1981 immunditiam
3588 1929 3640 1982 in

2050 2023 2345 2082 conspectu
2385 2023 2688 2070 amatorum
2730 2015 2894 2080 illius,
2937 2025 2993 2072 et
3040 2031 3200 2072 nemo
3229 2025 3386 2073 eruet
3413 2033 3543 2073 eam
3578 2019 3640 2073 de

2051 2118 2210 2156 manu
2256 2118 2375 2158 mea
2404 2103 2615 2175 (lbid.).
2650 2104 2893 2175 Cumque
2935 2122 3126 2163 omnes
3169 2108 3425 2165 mulieres
3473 2111 3642 2166 forni-

2050 2202 2237 2248 cantes
2285 2193 2498 2248 soleant
2545 2195 2794 2264 accipere
2856 2202 3137 2252 mercedes
3191 2199 3260 2254 ab
3306 2201 3644 2256 amatoribus

2049 2285 2183 2348 suis,
2230 2283 2529 2340 Jerusalem
2576 2285 2707 2341 fecit
2753 2289 3107 2355 contrarium,
3138 2301 3194 2344 ut
3245 2292 3420 2362 magis
3469 2293 3641 2359 daret,

2050 2392 2211 2446 quam
2243 2378 2514 2448 acciperet
2547 2397 2561 2430 ι
2595 2388 2652 2434 ιιι
2682 2378 2992 2447 largitatem
3019 2382 3284 2438 mercedis
3307 2385 3644 2441 ostenderet.

2049 2451 2385 2533 llbnorabat,
2416 2469 2609 2538 inquit,
2638 2485 2730 2525 eos
2759 2481 2818 2524 ut
2842 2473 3109 2537 venirent,
3137 2474 3206 2528 ad
3231 2489 3289 2530 se
3317 2490 3416 2546 per
3445 2477 3647 2532 circui-

2051 2565 2184 2622 tum,
2218 2573 2287 2612 ne
2327 2559 2450 2628 quis
2474 2568 2619 2614 esset
2646 2559 2878 2625 vicinus,
2910 2561 3001 2631 qui
3038 2563 3154 2632 ejus
3183 2563 3498 2634 ignominiaa
3545 2583 3652 2622 non

2051 2650 2392 2704 misceretur.
2440 2649 2506 2704 Et
2553 2651 2769 2720 quidem
2813 2651 3115 2708 Jerusalem
3177 2654 3232 2708 in
3277 2655 3381 2711 hoc
3429 2673 3652 2728 quoque

2050 2741 2181 2795 vicit
2219 2741 2354 2796 alias
2396 2743 2734 2808 meretrices,
2761 2754 2820 2797 ut
2847 2759 2954 2798 non
2989 2744 3162 2800 solum
3193 2761 3291 2800 sua
3319 2747 3502 2811 daret.
3531 2765 3655 2819 quae

2051 2847 2150 2901 pm
2189 2833 2295 2886 ritu
2334 2833 2682 2902 turpitudinis
2717 2833 2901 2890 labore
2929 2835 3272 2904 quaesiverat,
3317 2838 3417 2893 sed
3451 2848 3512 2893 et
3541 2855 3658 2892 ntu-

2055 2940 2184 2979 ncra
2225 2925 2492 2980 maritalia
2523 2927 2856 2982 amatoribus
2883 2935 2940 2983 et
2966 2930 3369 2998 stupratoribus
3398 2931 3522 2986 suis
3552 2932 3658 2986 tri-

2051 3018 2263 3073 bueret.
2294 3018 2574 3088 Tantaque
2612 3019 2714 3073 fuit
2740 3020 3007 3089 expositio
3040 3021 3299 3077 adulterae
3332 3023 3400 3077 ad
3429 3039 3660 3078 omnem

362 3115 499 3168 ritus
540 3121 722 3168 vester
763 3120 819 3168 et
860 3113 1040 3168 anima
1070 3122 1125 3168 et
1155 3127 1350 3183 corpus
1376 3113 1496 3169 sine
1531 3113 1748 3183 querela
1781 3113 1831 3166 in
1864 3114 1950 3168 die
1978 3117 2022 3178 C
2055 3109 2403 3178 turpitudinis
2432 3109 2880 3182 magnitudinem,
2912 3120 2973 3167 ut
3013 3128 3120 3168 non
3151 3112 3326 3168 solum
3362 3116 3669 3184 praesenti-

360 3205 626 3261 adventus
654 3204 868 3259 Domini
896 3206 1065 3259 nostri
1090 3203 1218 3260 Jesu
1245 3212 1493 3260 servetur
1522 3203 1573 3277 (I
1608 3203 1787 3258 Thess.
1816 3202 1890 3274 v).
1927 3223 1944 3255 ι

361 3297 472 3356 Sed
500 3299 648 3353 omni
672 3311 872 3370 genere
911 3297 1162 3352 fornicati
1193 3305 1318 3352 sunt
1347 3305 1404 3351 et
1433 3311 1660 3365 corpore
1687 3305 1738 3350 et
1771 3296 1950 3349 anima

355 3400 414 3447 et
435 3390 649 3460 spiritu.
673 3389 923 3460 Legimus
948 3389 1000 3443 in
1030 3388 1338 3444 Proverbiis
1379 3407 1392 3440 :
1438 3407 1456 3438 ι
1489 3387 1742 3444 Describe
1771 3395 1951 3443 autem

359 3483 454 3538 tibi
490 3481 774 3552 tripliciter
802 3489 860 3536 ut
887 3480 1217 3551 respondeas
1247 3494 1528 3535 sermones
1556 3478 1825 3542 veritatis,
1857 3478 1949 3548 qui

353 3581 730 3644 proponuntur
758 3571 852 3627 tibi
893 3570 1075 3642 (Prov.
1107 3571 1276 3641 xxii);
1309 3591 1327 3624 ι
1365 3578 1419 3625 et
1455 3567 1675 3638 jubetur
1710 3569 1865 3623 nobis
1892 3576 1952 3622 ut

354 3667 569 3736 eloquia
609 3665 878 3730 veritatis,
910 3663 960 3718 id
999 3671 1084 3719 est
1115 3662 1428 3733 Scripturas
1468 3671 1709 3728 sanctas,
1753 3661 1951 3717 intelli-

355 3773 547 3829 gamus
590 3755 876 3825 tripliciter
911 3772 924 3806 :
956 3755 1189 3824 primum
1231 3753 1386 3823 juxta
1415 3752 1676 3819 litteram,
1710 3751 1949 3806 secundo

358 3850 534 3904 medie
559 3862 658 3917 per
701 3844 1077 3916 trepologiam,
1108 3845 1269 3900 tertio
1297 3845 1606 3909 sublimius,
1635 3851 1694 3897 ut
1717 3843 1950 3914 mystica

350 3954 586 4011 qumque
632 3951 940 3992 noscamus.
993 3935 1298 3991 Secundum
1351 3936 1589 3992 litteram
1636 3935 1764 3990 illud
1816 3943 1944 3989 est:

361 4049 384 4082 ι
419 4028 604 4099 Neque
635 4026 984 4089 fornicemur,
1017 4025 1157 4081 sicut
1196 4026 1414 4094 quidam
1459 4041 1646 4080 eorum
1694 4024 1948 4080 fornicati

359 4128 508 4187 sunt,
537 4128 593 4176 et
622 4119 936 4176 ceciderunt
956 4133 1061 4172 una
1085 4115 1172 4171 die
1198 4117 1386 4189 viginti
1417 4118 1519 4172 tria
1552 4117 1716 4172 millia
1746 4117 1796 4190 (Ι
1821 4116 1946 4172 Cor.

355 4213 436 4285 ι).
473 4232 496 4265 ι
528 4212 596 4267 Ει
624 4229 638 4265 :
673 4229 693 4263 ι
724 4208 898 4266 Nolite
944 4224 1310 4274 murmurare,
1339 4208 1481 4263 sicut
1524 4208 1742 4278 quidam
1772 4225 1838 4265 ex
1868 4209 1951 4264 eis

358 4303 681 4360 murmurati
746 4310 905 4368 sunt,
965 4309 1023 4356 et
1081 4300 1355 4372 perierunt
1402 4300 1468 4356 ab
1525 4300 1948 4356 exterminatore

358 4395 570 4469 (ΝΜ).
608 4416 634 4448 ιη
659 4393 831 4450 Medic
861 4401 1044 4449 autem
1071 4401 1123 4448 et
1147 4390 1300 4460 juxta
1330 4391 1702 4461 tropologiam,
1734 4392 1948 4461 quando

365 4463 668 4556 recedimus
693 4500 722 4538 a
751 4483 932 4539 littera
967 4481 1240 4552 paululum
1285 4480 1354 4535 ad
1389 4480 1583 4536 altiora
1629 4481 1948 4536 conscendi-
1978 4463 2026 4522 Ῑ)

367 4592 484 4630 inus
504 4576 713 4631 dicente
736 4574 992 4644 Apostolo
1024 4592 1036 4627 :
1073 4592 1090 4624 ι
1121 4572 1391 4643 Scriptum
1417 4580 1531 4639 est,
1560 4571 1675 4626 Non
1703 4571 1950 4644 ailigabis

363 4677 424 4720 os
455 4664 576 4718 bovi
610 4663 886 4718 trituranti
911 4661 963 4735 (I
991 4661 1116 4717 Cor.
1141 4661 1239 4734 ix).
1277 4681 1295 4713 ι
1326 4661 1630 4732 Statimque
1655 4663 1903 4733 sequitur
1928 4677 1943 4717 :

369 4765 388 4798 ι
413 4753 665 4823 Nunquid
685 4753 754 4808 de
772 4753 946 4809 bubus
970 4769 1099 4809 cura
1117 4763 1199 4809 est
1220 4752 1366 4808 Deo?
1389 4770 1456 4807 an
1483 4761 1702 4824 propter
1722 4771 1821 4810 nos
1845 4755 1948 4810 uti-

365 4858 468 4913 que
484 4845 701 4900 locutus
722 4844 840 4900 est?
863 4844 1053 4917 (Ιὸίά.)
1068 4845 1323 4900 Extrema
1352 4853 1551 4911 autem,
1584 4846 1637 4900 id
1657 4854 1762 4912 est,
1789 4847 1948 4902 tertia

360 4953 416 4996 et
451 4941 698 4999 sublimis
744 4955 1009 5010 sacraque
1054 4942 1430 5012 intelligentia,
1455 4943 1608 5013 juxta
1636 4941 1766 4996 illud
1804 4942 1948 5013 ejus-

364 5039 482 5091 dem
504 5033 746 5105 Apostoli
778 5052 790 5087 :
824 5053 842 5086 ι
879 5033 1168 5104 Propterea
1213 5033 1479 5103 relinquet
1525 5034 1684 5088 homo
1729 5034 1946 5088 Patrem

366 5137 417 5181 et
462 5135 714 5190 matrem,
761 5133 818 5180 et
859 5125 1154 5180 adbmrebit
1185 5126 1340 5180 uxori
1367 5141 1477 5180 sum
1506 5143 1518 5178 :
1549 5133 1947 5180 sacramentum

367 5218 467 5272 hoc
502 5230 755 5285 magnum
793 5225 877 5269 est
906 5232 920 5267 :
953 5229 1054 5285 ego
1083 5223 1264 5269 autem
1291 5214 1412 5270 dico
1444 5214 1497 5268 in
1539 5214 1753 5269 Christo
1795 5222 1848 5268 et
1892 5215 1948 5269 in

342 5307 601 5364 Ecclesia
641 5307 867 5377 (Eplm.
897 5307 981 5377 v).
1034 5326 1054 5360 ι
1105 5306 1255 5362 Filia:
1298 5317 1481 5363 autem
1525 5307 1779 5363 Ecclesia:
1823 5316 1952 5362 sunt

362 5396 700 5465 fornicantis,
733 5399 1068 5454 credentium
1098 5399 1252 5470 prius
1276 5411 1332 5454 et
1369 5408 1492 5470 post
1519 5400 1865 5469 deceptorum
1893 5399 1946 5453 in

346 5489 552 5545 haeresi
580 5489 774 5544 anima:
801 5503 1029 5559 quarum
1057 5489 1212 5560 culpa
1244 5488 1476 5544 refertur
1497 5490 1564 5544 ad
1601 5497 1848 5543 matrem.

437 5598 457 5630 ι
495 5581 601 5636 Sed
643 5583 797 5650 quasi
840 5582 1030 5636 mulier
1081 5581 1347 5648 adultera,
1397 5597 1515 5652 quae
1562 5597 1723 5652 super
1771 5582 1950 5638 virum

370 5688 392 5720 ι
428 5684 583 5736 suum
608 5670 812 5726 inducit
844 5671 1067 5727 alienos.
1108 5671 1372 5727 Omnibus
1398 5672 1773 5728 meretricibus
1811 5671 1948 5728 dan-

2052 3202 2169 3266 bus,
2193 3203 2284 3258 sed
2307 3203 2468 3258 etiam
2499 3203 2692 3259 futuris
2718 3206 3096 3261 meretricibus
3116 3206 3468 3277 praeferatur.
3503 3208 3669 3265 Unde

2051 3301 2105 3347 et
2127 3309 2225 3348 nos
2247 3292 2402 3362 juxta
2414 3292 2795 3364 Symmachum
2822 3296 3160 3366 interpretati
3186 3313 3432 3364 sumus,c
3451 3308 3517 3356 et
3539 3308 3677 3372 post

2055 3393 2106 3440 te
2148 3400 2251 3440 non
2298 3385 2404 3440 erit
2431 3385 2738 3441 fornicatio.
2769 3407 2788 3439 ι
2820 3388 3120 3444 Collatione
3149 3390 3298 3446 enim
3335 3392 3450 3447 tuis
3479 3395 3678 3449 omnis

2051 3476 2304 3547 deinceps
2342 3476 2628 3533 fornicatio
2657 3477 2825 3535 levior
2861 3481 3240 3542 aestimabit".
3277 3482 3580 3556 Quidquid
3608 3485 3686 3543 ιιε

2050 3565 2345 3622 Jerusalem
2391 3567 2645 3635 diximus,
2677 3568 2885 3625 referre
2912 3571 2978 3626 ad
3012 3571 3300 3630 ecclesiam
3321 3575 3682 3648 minasque

2051 3657 2407 3723 credentium,
2422 3674 2542 3728 qua:
2564 3675 2784 3715 munera
2807 3661 3094 3730 maritalia,
3111 3662 3308 3724 aurum
3326 3666 3686 3726 videlicetin

2051 3763 2234 3814 sensu,
2263 3757 2318 3803 et
2352 3757 2638 3820 argentum
2664 3751 2718 3805 in
2743 3751 2988 3821 eloquio,
3015 3763 3072 3810 et
3096 3755 3691 3832 vestimenta-quibus

2051 3838 2270 3895 fceditas
2299 3849 2483 3895 nostra
2513 3847 2568 3895 et
2600 3842 2875 3911 turpitudo
2895 3844 3125 3910 velatur,
3154 3849 3523 3906 amatoribus
3547 3851 3692 3906 dant

2051 3930 2273 3997 suis,vel
2294 3933 2584 3987 contrariis
2604 3931 3011 3992 fortitudinibus
3031 3937 3114 3992 vel
3135 3939 3421 4010 magistris
3445 3943 3698 4014 dogma-

2053 4033 2166 4079 tum
2213 4038 2588 4095 perversorum
2615 4066 2631 4091 ,
2692 4029 2908 4096 quando
2960 4039 3210 4086 asserunt
3257 4033 3400 4088 nihil
3470 4050 3696 4090 nocere

2051 4115 2412 4178 luxuriam,et
2438 4116 2706 4185 passivam
2733 4116 3202 4187 libidinem,juxta
3228 4125 3506 4193 corporis
3537 4126 3706 4197 genio

2052 4206 2203 4272 talia,
2225 4206 2426 4261 coitum
2452 4207 2685 4262 naturali
2715 4207 2832 4280 lege
2865 4209 3161 4279 deposcere
3190 4231 3204 4268 :
3236 4213 3379 4270 cibis
3403 4217 3705 4274 omnibus

2051 4296 2419 4352 indifferenter
2464 4297 2744 4364 utendum,
2783 4298 2874 4368 qui
2913 4301 2980 4355 ad
3023 4301 3125 4355 huc
3155 4301 3285 4356 facti
3310 4313 3465 4360 sunt
3501 4317 3578 4363 ut
3601 4324 3709 4364 sn-

2051 4396 2288 4453 mantur,
2340 4388 2683 4457 prudentiam
2738 4389 2792 4444 in
2835 4405 2900 4446 eo
2929 4399 3136 4445 tantum
3167 4398 3610 4463 necessariam,
3645 4407 3715 4454 ut

2054 4479 2154 4534 sibi
2181 4479 2372 4549 prosit.
2402 4479 2511 4534 Nec
2534 4479 2803 4549 justitiam
2835 4481 3035 4536 habere
3060 4481 3261 4548 locum,
3288 4499 3434 4553 qua:
3493 4491 3551 4544 si
3601 4506 3718 4544 va.

2053 4569 2160 4625 leat
2188 4569 2605 4625 mendicandum
2633 4571 2727 4637 sit,
2752 4579 2809 4626 et
2836 4588 2956 4627 cum
2989 4573 3322 4643 hujusmodi,
3353 4592 3523 4647 quas
3558 4583 3721 4637 acci-

2052 4660 2206 4731 piens
2263 4661 2461 4715 misera
2507 4659 2805 4718 Jerusalem
2858 4663 2912 4718 in
2973 4679 3081 4733 qua
3123 4665 3264 4720 visio
3313 4670 3515 4737 pacis
3587 4689 3728 4731 esse

2052 4752 2292 4816 deberet,
2306 4767 2530 4807 acumen
2547 4752 2747 4824 ingenii
2767 4762 2817 4810 et
2833 4753 3027 4826 eloquii
3047 4766 3410 4815 venustatem
3439 4767 3648 4822 venit
3663 4767 3726 4823 in

2055 4841 2440 4909 turpitudinem
2467 4860 2478 4894 :
2502 4849 2556 4896 et
2569 4857 2666 4912 pro
2681 4844 3014 4900 amatoribus
3031 4846 3735 4916 suis,.atbvel!s_..aﬁ-

2055 4937 2164 4984 tum
2188 4941 2377 4986 ornata
2399 4933 2660 5002 processit
2684 4934 2769 4990 his
2791 4937 3128 4992 ornamentis
3145 4939 3201 4992 in
3221 4939 3460 5008 quibus
3485 4945 3562 5001 in
3581 4947 3732 5005 boni

2053 5021 2366 5078 abusionem
2394 5039 2425 5078 a
2457 5025 2574 5079 viro
2597 5024 2780 5081 fuerat
2801 5036 3015 5084 ornata.
3057 5028 3686 5112 011mm!
3713 5058 3734 5099 :

2130 5140 2149 5173 ι
2185 5123 2252 5177 Ει
2279 5123 2520 5180 donabas
2544 5127 2624 5180 eis
2665 5137 2725 5182 ut
2769 5128 3038 5186 intrarent
3089 5131 3160 5187 ad
3186 5140 3241 5188 te
3281 5136 3600 5212 undique
3656 5145 3738 5201 ad

2059 5231 2078 5264 ι
2123 5211 2500 5270 fornicandum
2533 5226 2732 5273 tecum.
2763 5237 2782 5271 ι
2817 5219 2991 5276 Omne
3591 5248 3746 5309 ιω-

2053 5312 2322 5370 catorum,
2363 5315 2424 5360 ut
2459 5323 2566 5362 non
2599 5324 2708 5364 uno
2743 5309 2812 5364 sit
2837 5312 3368 5382 centenum.
3399 5321 3552 5378 and
3587 5339 3744 5397 pee-

2047 5395 2207 5451 eandi
2229 5398 2492 5452 sustineat
2517 5398 2742 5466 famem,
2776 5411 2832 5457 et
2877 5412 3070 5460 contra
3106 5401 3236 5472 jura
3264 5415 3553 5472 natura;
3592 5395 3751 5476 vom.

2047 5488 2207 5542 nibus
2250 5496 2462 5558 turpata
2512 5493 2774 5546 membris
2828 5509 3002 5564 usque
3044 5496 3306 5551 verticem
3371 5504 3744 5570 polluatur.

2123 5597 2140 5629 ‹
2177 5578 2491 5648 Propterea,
2521 5582 2802 5648 meretrix,
2834 5585 2959 5639 audi
2988 5586 3211 5641 verbum
3241 5585 3557 5653 Domini.
3607 5598 3751 5660 [lter

2054 5687 2074 5722 ι
2118 5669 2248 5724 dicit
2273 5669 2534 5727 Dominus
2565 5673 2705 5730 Deus
2739 5693 2751 5727 :
2783 5675 2920 5740 Quia
2947 5675 3177 5742 effusum
3213 5685 3310 5733 est
3341 5691 3478 5742 us
3541 5700 3754 5751 mum.
