3954 6182
319 281 425 337 683

1302 270 1659 330 COMMENT.
1702 270 1769 326 IN
1811 268 2268 327 EZECHIELEM.
2309 302 2378 311 —
2418 267 2545 325 LIB.
2588 266 2697 326 VII.

3504 274 3607 331 686

323 422 344 455 ι
387 408 444 456 et
466 395 703 453 revelata
729 405 814 449 est
840 393 1135 465 ignominia
1169 400 1257 447 tua
1286 394 1338 446 in
1393 390 1754 463 fornicatione
1802 398 1916 457 tua,
1948 407 1996 466 Α
2021 391 2342 457 Jerusalem,
2373 394 2499 462 quia
2532 408 2653 447 cum
2700 393 2854 447 idolis
2898 391 3161 447 fornicata
3191 399 3295 456 est,
3326 387 3455 460 quid
3487 404 3609 446 eam

325 514 344 547 ι
388 495 845 563 super'amatores
876 494 1018 549 tuos,
1041 494 1097 537 ct
1116 482 1429 554 superidola
1454 482 1919 538 abominationum

325 606 347 639 ι
392 595 608 641 tuarum
635 581 689 636 in
722 577 984 649 sanguine
1017 575 1249 630 filiorum
1279 585 1493 629 tuorum
1541 588 1678 643 quos
1724 572 1919 628 dedisti

327 698 346 729 ι
393 676 494 732 eis.
526 673 666 727 Ecce
691 685 792 740 ego
840 665 1179 738 congregabo
1217 679 1408 720 omnes
1458 673 1730 719 amatores
1778 672 1916 729 tuos,

329 788 348 820 ι
390 768 591 838 quibus
615 761 909 819 commixta
953 774 1032 824 es,
1065 766 1119 813 ct
1148 772 1339 812 onmes
1364 771 1499 826 quos
1528 755 1766 810 dilexisti
1796 770 1922 810 cum

329 877 348 909 ι
388 854 658 911 universis
691 866 828 921 quos
850 848 1067 904 oderas.
1095 848 1159 903 Et
1190 847 1536 918 congregabo
1565 860 1659 901 eos
1689 861 1854 917 super
1869 854 1923 902 te

328 967 350 1001 ι
390 946 633 1014 undique
657 953 712 998 ct
739 942 953 997 nudabo
979 940 1331 1011 ignominiam
1362 947 1508 993 tuam
1529 952 1716 993 coram
1743 938 1844 1004 eis,
1868 946 1923 994 et

330 1059 349 1092 ι
392 1036 654 1093 videbunt
676 1047 892 1090 onmem
931 1030 1315 1102 turpitudinem
1346 1036 1490 1083 tuam
1521 1036 1577 1083 et
1594 1028 1848 1098 judicabo
1872 1035 1923 1083 te

330 1148 350 1180 ι
386 1127 611 1198 iudiciis
639 1123 1008 1180 adulterarum
1041 1129 1096 1177 et
1140 1119 1531 1176 ell‘undentium
1580 1118 1918 1190 sanguinem.

330 1239 350 1271 ι
398 1219 467 1273 Ει
492 1216 631 1271 dabo
662 1222 714 1270 te
743 1213 798 1268 in
826 1211 1089 1283 sanguine
1119 1209 1320 1264 furoris
1344 1215 1399 1261 et
1450 1207 1551 1262 zeli
1600 1214 1655 1263 et
1686 1207 1827 1262 dabo
1873 1216 1926 1263 te

332 1333 352 1362 ι
400 1312 455 1365 in
482 1323 676 1364 manus
722 1320 933 1369 eorum,
964 1311 1017 1359 et
1062 1303 1347 1358 destruent
1395 1301 1624 1370 lupanar
1652 1307 1825 1362 tuum,
1870 1304 1927 1354 et

331 1422 352 1454 ι
401 1399 763 1457 demolientur
785 1393 1144 1468 prostibulum
1177 1402 1344 1447 tuum.
1382 1390 1450 1445 Et
1477 1389 1828 1445 denudabunt
1873 1398 1926 1443 te

332 1512 353 1544 ι
398 1488 743 1547 vestimentis
772 1486 897 1551 tuis,
926 1491 982 1539 et
1011 1481 1259 1538 auferent
1285 1496 1409 1535 vasa
1459 1479 1677 1535 decoris
1727 1479 1824 1533 tui.
1858 1479 1925 1533 Et

333 1601 352 1634 ι
398 1579 779 1650 derelinquant
821 1585 874 1631 te
899 1575 1097 1630 nudam
1133 1573 1459 1643 plenamque
1505 1569 1818 1641 ignominia,
1871 1576 1927 1623 et

333 1693 351 1725 ι
400 1672 671 1728 adducent
700 1682 864 1740 super
889 1675 939 1721 te
964 1663 1385 1727 multitudinem,
1416 1669 1471 1717 et
1516 1659 1828 1730 lapidabunt
1875 1668 1928 1714 te

2019 497 2305 552 passuram
2344 493 2621 553 putamus,
2673 484 2888 553 quando
2933 482 3025 537 Dei
3053 480 3250 536 Filium
3292 479 3617 535 trucidavit?

2020 574 2087 627 Et
2118 574 2253 638 lucc,
2289 575 2383 638 ait,
2422 575 2672 629 universa
2702 574 2901 639 fecisti,
2929 573 3098 630 oblita
3121 573 3475 644 pristinorum
3519 572 3614 628 be-

2023 666 2362 730 neficiorum,
2408 675 2463 720 et
2500 680 2584 720 me
2624 666 2694 720 ad
2736 665 3068 720 iracundiam
3118 665 3449 735 provocasti;
3502 664 3619 720 sive

2022 757 2356 812 contristasti
2386 772 2496 822 me,
2536 770 2696 826 quem
2743 757 2899 812 bonis
2944 755 3199 827 operibus
3241 756 3509 811 debueras
3546 757 3616 810 ad

2023 851 2217 922 gaudia
2243 865 2560 921 provocare.
2590 849 2883 920 Propterea
2905 856 2961 905 et
2985 863 3083 921 ego
3108 848 3314 903 reddidi
3338 847 3431 903 tibi
3452 861 3615 918 opera

2025 940 2185 994 tuain
2206 950 2371 1010 caput
2395 950 2566 994 tuum.
2597 939 2665 994 Et
2693 955 2815 995 cum
2846 947 2897 993 te
2926 930 3263 1006 subvertere,
3288 956 3322 996 ο
3349 938 3616 1003 adultera,

2025 1038 2209 1086 tamen
2234 1032 2412 1086 minus
2439 1032 2491 1085 in
2515 1040 2563 1085 te
2597 1032 2690 1086 ira:
2721 1043 2875 1097 metu,
2902 1030 3187 1095 exercebo,
3219 1046 3380 1100 quam
3410 1030 3614 1085 merui-

2025 1122 2114 1187 sti,
2158 1130 2343 1192 quoet
2371 1122 2423 1176 in
2467 1123 2569 1177 hoc
2610 1122 2793 1178 divina
2841 1120 3126 1177 clementia
3173 1122 3615 1178 demonstretur:

2027 1212 2312 1281 utmajora
2341 1213 2450 1266 sint
2478 1220 2721 1282 peccata,
2754 1226 2918 1282 quam
2953 1223 3149 1281 paenae.
3177 1209 3335 1266 Juxta
3386 1210 3622 1282 tropolo~

2026 1300 2166 1371 giam
2189 1301 2367 1363 omnis
2387 1301 2566 1355 anima
2590 1301 2784 1372 accipit
2804 1316 2834 1355 a
2854 1301 2967 1356 Deo
2988 1302 3272 1371 pecuniam
3295 1301 3616 1372 spiritalem,

2021 1390 2175 1459 juxta
2225 1389 2354 1445 illud
2404 1389 2676 1463 Evangelii
2708 1389 2927 1463 (Matth.
2968 1404 3113 1459 xxv;
3146 1389 3275 1445 Luc.
3320 1390 3434 1464 xix)
3476 1392 3621 1462 quoi

2027 1480 2226 1537 dicitur
2258 1483 2310 1537 in
2339 1482 2612 1554 parabolis
2640 1483 2879 1553 quinque
2908 1489 2963 1536 et
2985 1481 3151 1538 duum
3190 1488 3245 1537 et
3272 1481 3430 1537 unius
3454 1480 3620 1537 talen-

2029 1581 2228 1637 torum,
2259 1581 2312 1627 et
2341 1586 2620 1627 servorum
2660 1572 2848 1627 decem
2896 1584 3053 1626 muas
3087 1570 3330 1643 singulas
3357 1570 3627 1643 accipietu-

2028 1665 2186 1727 tium,
2241 1665 2332 1733 qui
2373 1678 2498 1718 cum
2541 1663 2751 1735 egerint
2786 1660 3140 1734 negligenter,
3172 1662 3447 1728 debitores
3487 1661 3627 1717 fiunt

334 1784 352 1817 ι
400 1761 689 1833 lapidibus,
712 1767 768 1813 et
793 1754 1118 1811 truncabunt
1140 1762 1195 1808 te
1223 1752 1415 1824 gladiis
1443 1751 1575 1806 suis.
1613 1748 1682 1803 Et
1707 1749 1931 1804 combu-
1958 1758 2005 1818 Β
2033 1756 2219 1811 decem
2251 1755 2620 1821 denariorum,
2645 1764 2701 1810 et
2727 1755 3169 1826 quingentorum,
3196 1763 3252 1811 et
3273 1763 3496 1827 propter
3520 1754 3627 1811 hoc

335 1872 355 1905 ι
404 1856 528 1908 rent
575 1850 768 1905 domus
817 1855 934 1901 tuas
970 1844 1104 1916 igni,
1139 1852 1195 1899 et
1222 1842 1424 1897 facient
1473 1840 1526 1894 in
1560 1848 1612 1894 te
1633 1837 1840 1908 judicia
1874 1839 1929 1893 in

337 1967 356 2001 ι
402 1945 579 2002 oculis
598 1941 887 1998 mulierum
914 1938 1290 2010 plurimarum.
1321 1936 1389 1991 Et
1408 1934 1622 1990 desines
1646 1933 1928 1999 fornicari,

338 2057 356 2090 ι
400 2047 459 2093 et
480 2033 759 2092 mercedes
780 2032 922 2086 ultra
947 2045 1050 2085 non
1081 2027 1255 2093 dabis,
1282 2034 1341 2082 et
1370 2025 1674 2097 requiescet
1686 2023 1933 2093 indigna-

336 2147 356 2179 ι
404 2128 484 2182 tio
514 2140 635 2181 mea
664 2125 717 2179 in
751 2131 825 2188 te,
855 2130 910 2177 et
957 2118 1231 2176 auferetur
1272 2117 1420 2173 zelus
1465 2131 1619 2172 meus
1666 2130 1696 2170 a
1740 2123 1814 2169 te.
1866 2115 1933 2170 Et

340 2239 360 2273 ι
406 2218 711 2289 quiescam,
740 2230 839 2270 nec
867 2213 1074 2268 irascar
1101 2210 1365 2280 amplius,
1394 2223 1459 2264 eo
1485 2207 1628 2278 quod
1673 2219 1781 2261 non
1811 2205 1930 2261 fue-

339 2331 359 2363 ι
408 2310 486 2365 ris
510 2308 793 2364 recordata
829 2305 1038 2361 dierum
1082 2301 1459 2358 adolescentia:
1489 2308 1617 2365 tute,
1652 2307 1708 2356 et
1734 2311 1932 2370 provo-

343 2426 362 2458 ι
408 2405 545 2462 casti
591 2410 680 2459 “me
711 2404 763 2458 in
798 2402 1046 2457 omnibus
1070 2400 1173 2455 his.
1208 2398 1548 2470 Quapropter
1596 2405 1651 2453 et
1678 2407 1777 2468 ego
1819 2395 1935 2451 vias

342 2515 364 2550 ι
410 2505 533 2552 tuas
564 2496 617 2550 in
642 2493 816 2564 capite
850 2501 940 2548 tuo
975 2492 1117 2557 dedi,
1146 2490 1224 2545 ait
1259 2489 1518 2545 Dominus
1556 2488 1718 2553 Deus,
1746 2492 1803 2540 ct
1829 2500 1935 2539 non

346 2608 367 2639 σ
409 2588 515 2645 feci
538 2587 693 2659 juxta
724 2585 928 2641 scelera
960 2594 1072 2649 tua,
1121 2583 1175 2639 in
1222 2582 1472 2638 omnibus
1520 2578 1937 2636 abominationi-

345 2699 367 2734 ι
412 2681 515 2735 bus
542 2678 667 2733 tuis.
705 2696 723 2728 ι
755 2675 997 2730 Primum
1033 2674 1272 2731 historia:
1312 2673 1662 2727 fundamenta
1682 2669 1934 2740 jacimus.

342 2769 480 2839 Quia
528 2768 647 2822 haec
679 2773 736 2821 et
787 2764 877 2819 illa
926 2762 1131 2829 fecisti,
1159 2777 1280 2833 qua:
1308 2761 1555 2832 superior
1582 2774 1763 2815 sermo
1789 2773 1939 2815 eom-

342 2859 648 2934 prebendit.
675 2857 882 2914 Idcirco
907 2856 1056 2923 audi,
1088 2856 1367 2919 meretrix,
1400 2869 1520 2925 qum
1555 2852 1773 2919 feceris,
1818 2866 1939 2923 qua}

342 2966 572 3025 passura
602 2949 697 3005 sis.
729 2946 976 3003 Etl'udisti
1003 2962 1077 3001 ms
1101 2954 1250 3000 tuum
1280 2945 1423 3015 quod
1446 2959 1477 2998 a
1525 2960 1610 2999 me
1649 2957 1939 3013 acceperas

342 3056 397 3099 et
422 3042 619 3099 dedisti
651 3040 957 3096 mercedem
983 3037 1320 3094 amatoribus
1365 3037 1491 3105 tuis,
1522 3052 1644 3108 qua:
1692 3037 1940 3108 accipere

2029 1847 2393 1917 praesentibus
2414 1846 2750 1901 amatoribus
2777 1861 2916 1916 quos
2960 1845 3312 1918 intelligimus
3354 1847 3628 1902 daemonas

2033 1937 2442 2007 contrariasque
2479 1937 2726 2001 virtutes,
2772 1936 3048 1993 reveletur
3072 1936 3367 2009 ignominia
3408 1935 3627 2015 Jerusa-

2032 2027 2160 2094 lem,
2191 2028 2277 2084 vel
2317 2028 2371 2082 in
2420 2027 2508 2083 die
2550 2027 2742 2099 judicii
2776 2027 2860 2083 vel
2904 2026 2960 2081 in
3007 2036 3250 2099 tempore
3295 2026 3631 2098 ptumitentlae

2033 2120 2250 2191 quando
2279 2120 2664 2191 corripiuntur.
2694 2120 2760 2175 Et
2790 2119 2941 2191 prius
2968 2118 3186 2189 quidem
3216 2118 3366 2174 solus
3389 2117 3631 2191 omnipo-

2035 2222 2154 2268 tens
2196 2211 2338 2266 Deus
2366 2210 2542 2266 cernit
2578 2211 2824 2279 occulta,
2860 2209 3073 2266 dicente
3110 2223 3362 2265 sermone
3388 2207 3631 2278 Evange-

2035 2304 2141 2360 lico
2166 2321 2180 2358 :
2208 2323 2226 2356 ι
2254 2303 2321 2359 Ει
2340 2302 2499 2358 Pater
2519 2304 2611 2375 qui
2637 2303 2783 2359 videt
2805 2302 2867 2357 in‘
2880 2303 3198 2359 abscondito
3226 2300 3441 2375 (Matth.
3470 2299 3568 2374 vt).
3608 2323 3625 2353 ι

2036 2397 2104 2454 Et
2124 2399 2177 2454 in
2193 2397 2301 2454 alio
2330 2398 2482 2454 loco:
2509 2417 2524 2449 I
2552 2397 2816 2454 Scrutans
2846 2396 3010 2454 corda
3033 2404 3090 2454 et
3107 2409 3267 2452 renes
3289 2396 3431 2451 Deus
3453 2393 3630 2468 (Psal.

2037 2488 2155 2563 vn).
2200 2510 2221 2544 ι
2248 2489 2314 2545 Et
2359 2490 2413 2545 in
2468 2490 2675 2561 Regum
2721 2488 3000 2545 volumine
3041 2506 3056 2544 :
3093 2507 3113 2541 ι
3151 2487 3233 2543 'l‘u
3281 2485 3428 2543 solus
3488 2485 3631 2542 nosti

2039 2584 2200 2640 corda
2241 2582 2477 2640 filiorum
2518 2583 2796 2638 hominum
2824 2580 2942 2656 (Ill
2961 2582 3089 2656 Reg.
3131 2590 3235 2635 vnt
3250 2577 3293 2651 ).
3329 2598 3348 2632 ι
3403 2576 3633 2647 Quando

2038 2691 2169 2732 vero
2199 2675 2359 2732 fuerit
2384 2676 2676 2748 expletum,
2711 2693 2730 2727 ι
2775 2689 2884 2730 ιιοιι
2912 2680 2999 2730 est
3039 2671 3436 2738 absconditum,
3487 2671 3633 2742 quod

2040 2782 2151 2823 non
2179 2767 2578 2833 manifestctur,
2608 2774 2665 2823 et
2716 2773 2964 2837 opertum
3009 2764 3153 2837 quod
3201 2777 3310 2819 non
3366 2763 3636 2819 metetur

2042 2859 2258 2933 (Matth.
2290 2860 2367 2931 x).
2409 2879 2428 2912 ι
2461 2860 2526 2914 Ει
2558 2859 2613 2913 in
2638 2859 2742 2914 alio
2772 2858 2894 2914 loco
2925 2875 2939 2912 :
2977 2876 2996 2909 ι
3029 2855 3208 2912 Nolite
3244 2863 3371 2911 ante
3422 2864 3637 2925 tetupus

2035 2950 2280 3022 judicare
2307 2952 2479 3008 donec
2516 2950 2695 3006 veniat
2716 2949 3003 3014 Dominus,
3032 2946 3126 3018 qui
3156 2944 3484 3006 illuminabit
3504 2945 3635 3000 abs-

2045 3042 2260 3098 condita
2316 3042 2686 3106 tenebrarum,
2720 3048 2775 3095 et
2824 3036 3196 3093 manifestabit
3248 3034 3474 3091 consilia
3517 3049 3640 3089 cor-

346 3136 633 3191 dcbueras.
662 3131 732 3185 Et
762 3128 1081 3185 interfecisti
1131 3127 1272 3183 filios
1315 3135 1456 3189 tuos,
1503 3127 1627 3182 dum
1658 3142 1752 3183 eos
1776 3125 1939 3181 oil'ers
1966 3112 2010 3175 C
2040 3133 2190 3188 dium
2220 3151 2231 3187 ;
2265 3142 2320 3187 et
2349 3143 2477 3188 tunc
2507 3133 2626 3188 laus
2646 3132 2752 3187 erit
2769 3130 3061 3200 unicuique
3092 3144 3122 3183 a
3144 3129 3255 3184 Deo
3277 3128 3325 3201 (1
3353 3125 3591 3200 (ἔθων).
3614 3148 3633 3177 ο

345 3224 503 3280 idolis
530 3237 546 3277 :
571 3230 631 3276 ut
657 3236 764 3277 non
786 3220 959 3276 solum
985 3218 1250 3285 adultera,
1277 3218 1373 3273 sed
1401 3225 1455 3273 et
1476 3217 1744 3287 parricida
1772 3216 1941 3271 exsti-

345 3316 499 3371 teris.
532 3334 553 3366 ‹
586 3314 792 3369 Idcirco
816 3311 1158 3383 congregabo
1183 3326 1349 3380 super
1378 3318 1431 3364 te
1453 3324 1646 3366 omnes
1671 3318 1941 3365 amatores

276 3462 291 3476 ,
345 3418 470 3464 tuos
499 3423 621 3463 cum
645 3407 842 3477 quibus
886 3404 1156 3460 fornicata
1184 3417 1263 3459 es.
1300 3422 1318 3454 ι
1351 3403 1486 3457 Tam
1533 3416 1628 3457 cos
1676 3416 1814 3472 quos
1860 3400 1940 3455 di-

344 3498 550 3564 lexisti,
579 3498 749 3568 quam
778 3495 908 3551 illos
935 3510 1074 3567 quos
1124 3494 1338 3550 oderas.
1369 3493 1437 3547 Et
1480 3491 1843 3548 adulterarum
1887 3499 1942 3545 te

346 3589 469 3662 lege
502 3589 738 3653 nudabo,
768 3597 828 3642 ut
862 3602 1053 3643 omnes
1080 3586 1300 3642 videant
1329 3585 1717 3655 turpitudinem
1768 3592 1942 3651 tuam,

346 3693 404 3740 et
441 3680 718 3754 genitalia,
753 3688 976 3751 propter
1002 3694 1123 3750 qua:
1149 3678 1301 3748 prius
1328 3677 1534 3733 amoris
1573 3676 1808 3733 amentia
1860 3675 1942 3732 fe-

349 3775 636 3830 rebantur.
663 3771 787 3826 ﬂmc
815 3779 996 3826 autem
1024 3770 1206 3824 omnia
1228 3782 1328 3839 per
1350 3768 1723 3838 metaphoram
1756 3766 1945 3822 mulie-

348 3866 431 3922 ris
456 3864 719 3922 adultera:
746 3873 804 3919 et
828 3861 1128 3926 homicida,
1161 3876 1281 3932 quae
1306 3875 1412 3914 non
1441 3859 1613 3914 solum
1644 3866 1832 3913 contra
1861 3857 1945 3912 vi-

349 3972 475 4013 rum
505 3970 662 4011 suum
693 3953 957 4010 fornicata
985 3954 1078 4019 sit,
1109 3952 1203 4007 sed
1231 3959 1286 4007 et
1313 3950 1450 4006 ﬁlios
1474 3948 1829 4012 interfecerit,
1861 3947 1945 4003 di-

351 4055 556 4103 cuntur
604 4045 672 4100 ad
714 4043 1038 4100 Jerusalem.
1086 4043 1158 4098 Et
1200 4042 1345 4112 quod
1397 4041 1788 4113 congregandos
1839 4040 1949 4096 sint

350 4137 629 4193 universae
650 4144 840 4206 gentes
869 4135 1157 4191 adversum
1187 4148 1329 4199 eam,
1361 4146 1592 4204 quarum
1640 4132 1951 4187 adoravcrit

351 4229 524 4296 idola,
554 4237 610 4284 et
636 4228 817 4283 omnia
858 4227 953 4282 Dei
985 4239 1212 4280 munera
1238 4227 1292 4279 in
1328 4224 1533 4279 cultum
1577 4237 1766 4278 eorum
1814 4238 1946 4277 cun-

350 4320 607 4383 verterit,
639 4327 695 4374 et
724 4319 1034 4373 destruatur
1061 4315 1319 4386 templum
1349 4315 1500 4381 Baal,
1527 4323 1585 4370 ct
1632 4330 1741 4369 ara:
1773 4314 1950 4370 omnis

355 4409 598 4464 civitatis
625 4408 874 4463 incendio
912 4409 1314 4472 subvertantur,
1364 4404 1603 4475 nihilque
1655 4405 1709 4459 in
1746 4420 1809 4460 ea
1861 4420 1949 4460 re-

355 4509 598 4555 maneat.
629 4499 696 4553 Et
717 4499 857 4554 sicut
878 4498 1054 4555 solent
1079 4509 1269 4554 contra
1301 4469 1601 4553 adulteram
1637 4512 1826 4553 omnes
1870 4498 1948 4552 la-
1980 4469 2030 4529 θ

355 4591 515 4661 pides
530 4591 738 4662 jacere,
761 4599 816 4647 et
837 4591 1109 4646 trucidare
1136 4592 1501 4657 meretricem,
1529 4599 1588 4644 ut
1618 4590 1949 4660 singulorum

355 4681 677 4737 vulneribus
712 4682 1012 4747 occidatur,
1044 4682 1119 4736 ita
1148 4690 1209 4735 ut
1229 4696 1419 4736 omnes
1445 4680 1701 4736 mulieres
1735 4681 1956 4735 videant

354 4787 581 4846 pmnam
608 4772 914 4830 fornicariaa
938 4792 952 4828 :
982 4774 1063 4830 sic
1091 4774 1144 4828 in
1172 4781 1462 4843 conspectu
1494 4773 1721 4828 aliarum
1759 4773 1814 4827 in
1843 4773 1952 4828 cir-

357 4864 514 4922 cuitu
562 4864 842 4920 civitatum
901 4874 958 4920 et
996 4865 1239 4920 omnium
1278 4864 1556 4920 nationum
1603 4864 1955 4919 deserendam

357 4951 681 5010 Jerusalem.
712 4954 782 5010 Et
833 4956 937 5010 hoc
971 4954 1111 5021 ﬁeri,
1134 4962 1195 5009 ut
1218 4954 1431 5010 desinat
1459 4953 1739 5018 fornicari,
1763 4960 1818 5008 et
1846 4967 1955 5008 non

362 5047 456 5101 det
498 5046 640 5104 ultra
680 5049 959 5103 mercedes
1005 5048 1339 5103 amatoribus
1372 5048 1508 5112 suis,
1557 5057 1611 5101 et
1650 5045 1958 5115 requiescat

364 5136 666 5209 indignatio
696 5138 810 5204 Dei,
842 5153 944 5194 nec
971 5140 1238 5194 irascatur
1263 5139 1332 5202 ei,
1373 5154 1534 5209 quam
1567 5153 1753 5192 amare
1784 5136 1959 5192 desie-

364 5228 457 5282 rit.
502 5229 581 5283 Ex
613 5244 721 5301 quo
746 5231 1102 5301 perspicimus
1131 5231 1392 5302 grandem
1419 5229 1678 5286 offensam
1709 5245 1832 5285 esse
1856 5245 1954 5284 ne-

365 5334 637 5390 quaquam
665 5334 848 5376 curam
868 5323 1055 5378 haberi
1078 5338 1107 5376 a
1137 5322 1268 5388 Deo,
1296 5323 1390 5378 sed
1415 5323 1652 5393 permitti
1680 5322 1956 5377 hominem

367 5411 666 5468 sceleribus
692 5414 806 5469 suis
833 5423 996 5486 atque
1020 5416 1280 5487 peccatis.
1339 5434 1358 5467 ι
1391 5415 1707 5481 Auferetur,
1761 5414 1955 5485 inquit,

367 5503 518 5557 zelus
533 5519 683 5560 meus
698 5521 726 5559 a
759 5515 830 5572 te,
846 5509 1269 5577 etrequiescam,
1298 5523 1399 5564 nec
1423 5509 1634 5564 irascar
1652 5506 1901 5577 amplius,
1934 5525 1951 5557 ι

371 5596 523 5663 Quasi
555 5596 759 5660 alienae,
793 5609 847 5654 et
874 5615 993 5670 quae
1018 5614 1050 5654 a
1077 5615 1163 5655 me
1186 5601 1499 5668 recesserit,
1539 5609 1594 5655 et
1617 5614 1779 5670 quam
1809 5607 1962 5653 teter-

344 5700 455 5743 ‘um
507 5690 824 5746 tradiderim
866 5692 1116 5748 nuditati.
1170 5692 1229 5750 Si
1275 5703 1455 5751 autem
1513 5695 1618 5749 hoc
1665 5707 1827 5762 passa
1878 5698 1962 5746 cst

2042 3220 2110 3276 Et
2128 3236 2253 3277 cum
2275 3221 2633 3292 correptionis
2648 3228 2858 3290 tempus
2871 3219 3170 3285 advenerit,
3187 3226 3319 3275 tunc
3333 3219 3642 3289 implebitur

2044 3311 2174 3368 illud
2199 3311 2352 3368 Oscae
2372 3327 2391 3364 :
2428 3331 2447 3364 ι
2485 3311 2638 3367 Nunc
2665 3311 3144 3368 circumdederunt
3168 3327 3263 3368 eos
3286 3312 3643 3385 cogitationes

2043 3418 2155 3460 suae
2181 3401 2325 3476 (Ore.
2354 3401 2506 3472 vn)»
2534 3402 2602 3457 Et
2624 3402 2680 3458 in
2707 3401 2814 3458 alio
2843 3401 2963 3457 loco
2996 3420 3009 3456 :
3040 3421 3060 3454 ι
3098 3401 3243 3457 Inter
3268 3416 3327 3458 se
3354 3403 3639 3474 cogitatio-

2044 3495 2204 3553 nibus
2225 3495 2607 3553 accusantibus
2650 3494 2767 3550 sive
2802 3492 3213 3550 defendentibus
3229 3493 3284 3549 in
3311 3494 3397 3550 die
3423 3497 3638 3564 quando

2039 3587 2246 3658 judicat
2277 3586 2417 3642 Deus
2443 3584 2758 3640 abscondita
2782 3583 3060 3639 hominum
3088 3580 3265 3655 (Rom.
3301 3581 3385 3656 ιι).
3413 3582 3482 3638 Et
3525 3599 3643 3639 rur-

2045 3695 2165 3735 sum
2195 3697 2208 3733 :
2241 3697 2260 3729 ι
2296 3679 2434 3734 Ecce
2453 3680 2616 3733 homo
2636 3685 2690 3732 et
2718 3691 2881 3747 opera
2908 3676 3026 3748 ejus
3049 3683 3174 3731 ante
3198 3673 3394 3732 faciem
3417 3675 3582 3733 illius.
3619 3700 3637 3729 ι

2044 3770 2113 3829 Et
2137 3772 2393 3827 videbunt
2415 3784 2604 3826 omnes
2636 3769 3028 3839 turpitudinem
3053 3766 3187 3838 ejus,
3219 3769 3313 3839 qui
3342 3768 3491 3839 prius
3518 3784 3641 3825 cum

2046 3877 2112 3919 ea
2151 3862 2366 3918 fuerant
2393 3859 2667 3917 fornicati.
2698 3860 2767 3915 Et
2792 3858 2941 3915 dabit
2968 3874 3090 3915 eam
3114 3860 3257 3917 Deus
3292 3859 3349 3915 in
3381 3861 3642 3933 sanguine

2049 3950 2248 4007 furoris
2271 3959 2328 4006 et
2372 3951 2476 4007 zeli
2508 3969 2521 4005 :
2553 3950 2753 4006 Plenus
2793 3960 2880 4006 est
2923 3950 3069 4006 enim
3110 3949 3264 4006 furor
3303 3950 3407 4006 viri
3454 3958 3644 4007 contra

2049 4057 2273 4098 uxorem
2306 4041 2625 4108 adulteram,
2679 4049 2734 4099 et
2779 4041 2926 4114 nullo
2972 4042 3146 4112 pretio
3200 4050 3380 4111 potest
3428 4041 3642 4097 redimi.

2052 4134 2288 4207 Sanguis
2313 4144 2491 4190 autem
2522 4135 2754 4190 filiorum
2787 4135 2866 4190 sic
2893 4134 3117 4205 intelligi
3147 4142 3349 4204 potest,
3398 4140 3458 4189 ut
3507 4131 3645 4187 filios

2051 4226 2382 4296 appellemus
2427 4224 2729 4282 Jerusalem
2782 4226 3144 4298 cogitationes
3204 4227 3393 4293 bonas,
3445 4241 3566 4297 quae
3613 4243 3644 4280 a

2052 4318 2162 4375 Deo
2187 4319 2499 4374 hominibus
2528 4319 2704 4374 insitae
2729 4327 2855 4373 sunt
2885 4336 2897 4370 :
2928 4332 3064 4387 quos
3106 4316 3361 4372 interﬁcit
3400 4317 3644 4374 adultera

2053 4413 2268 4482 quando
2290 4412 2358 4466 ad
2396 4411 2538 4466 mala
2584 4425 2747 4480 opera
2791 4407 3094 4464 decliuarit.
3145 4406 3372 4464 Prodest
3428 4424 3644 4479 quoque

2055 4502 2378 4569 Jerusalem,
2401 4512 2459 4558 ut
2478 4502 2798 4559 suﬁ'odiatur
2817 4501 3045 4571 lupanar
3065 4501 3182 4568 ejus
3204 4510 3260 4557 et
3281 4512 3441 4557 omne
3470 4500 3642 4556 forni-

2057 4596 2287 4653 cationis
2310 4595 2427 4665 ejus
2452 4595 2800 4652 seminarium
2837 4596 3170 4650 destruatur.
3206 4593 3341 4651 Cum
3367 4595 3510 4649 enim
3540 4595 3644 4651 hoc

2059 4686 2259 4755 factum
2282 4686 2465 4751 fuerit,
2490 4685 2766 4741 mercedes
2782 4684 2922 4740 ultra
2943 4701 3049 4741 non
3070 4685 3241 4753 dabit,
3263 4696 3317 4740 et
3342 4686 3645 4758 requiescet

2057 4777 2154 4831 Dei
2175 4776 2490 4848 indignatio,
2522 4783 2577 4831 et
2603 4790 2941 4846 nequaquam
2963 4791 3083 4832 eam
3111 4777 3394 4843 zelabitur,
3412 4779 3477 4832 de
3502 4776 3645 4833 illius

2059 4868 2309 4923 castitate
2333 4882 2573 4931 securus,
2603 4866 2853 4923 videlicet
2872 4867 3029 4940 juxta
3051 4883 3167 4934 eos,
3209 4868 3301 4939 qui
3343 4868 3398 4923 in
3445 4868 3642 4925 bonam

2057 4966 2266 5031 partem
2305 4958 2597 5028 accipiunt,
2624 4973 2744 5027 quae
2768 4959 3038 5014 dicuntur.
3065 4958 3169 5013 Alii
3216 4973 3365 5024 vero,
3396 4966 3457 5012 ut
3482 4974 3643 5030 supra

2059 5048 2313 5115 diximus,
2346 5049 2413 5103 ad
2446 5050 2775 5104 contrariam
2804 5059 3014 5122 partem
3044 5050 3308 5117 referunt,
3337 5059 3397 5106 ut
3439 5066 3647 5121 magna:

2058 5142 2154 5196 ira:
2182 5141 2276 5197 Dei
2303 5142 2396 5209 sit,
2430 5156 2535 5196 non
2567 5143 2748 5209 irasci,
2772 5158 2893 5199 cum
2930 5144 3096 5199 semel
3118 5143 3503 5213 contempserit
3533 5142 3643 5198 for-

2058 5233 2356 5301 nicantem,
2403 5242 2461 5289 et
2487 5234 2553 5290 de
2578 5234 2750 5290 salute
2778 5235 2922 5291 illius
2973 5237 3295 5306 desperarit.
3329 5233 3426 5288 Sin
3463 5241 3644 5290 autem

2061 5326 2333 5392 haeretici,
2375 5327 2468 5396 qui
2508 5324 2663 5382 vetus
2703 5342 2809 5382 non
2866 5326 3133 5397 recipiunt
3180 5326 3601 5381 instrumentum
3630 5368 3644 5390 ,

2055 5414 2208 5484 juxta
2230 5414 2582 5487 Septuaginta
2623 5417 2915 5471 editionem
2956 5417 3011 5471 in
3049 5416 3153 5471 ltoc
3190 5414 3307 5470 loco
3358 5416 3651 5485 reprehen-

2063 5506 2242 5561 derint
2269 5504 2398 5561 illnd
2434 5508 2578 5577 quod
2600 5509 2799 5563 dictum
2837 5515 2921 5562 est
2954 5527 2967 5561 :
3002 5524 3022 5558 ι
3064 5506 3132 5562 Ει
3155 5507 3516 5562 contristabas
3561 5523 3649 5563 n;c

2064 5596 2117 5649 in
2148 5597 2397 5652 omnibus
2422 5598 2559 5664 istis,
2596 5617 2615 5651 tv
2643 5613 2708 5654 eo
2753 5598 2897 5667 quod
2944 5597 3086 5652 Deus
3132 5610 3240 5650 non
3294 5596 3468 5652 solum
3510 5597 3649 5652 iram

2066 5687 2309 5758 recipiat,
2361 5690 2452 5744 sed
2502 5698 2556 5743 et
2591 5689 2811 5745 nimi-ori
2861 5684 3139 5757 sultjaccat
3182 5694 3346 5759 atque
3389 5687 3649 5745 tristium.
