3954 6182
372 333 481 391 681

1014 336 1074 391 Β.
1118 336 1367 392 ΠΔΒΔΜ
1406 332 1624 389 MALRI
1661 330 1979 387 ARCHIEP.
2022 328 2331 386 MOGUNT.
2374 326 2657 384 OPERUM
2701 326 2880 381 PARS
2916 324 2978 381 li.

3544 321 3646 380 688

371 453 768 531 interrogemus
801 468 913 518 eos,
944 451 1214 522 quomodo
1248 450 1378 505 illud
1416 448 1755 517 suscipiant,
1811 447 1956 517 quod
1984 455 2032 513 Α
2061 444 2302 509 morrha,
2350 442 2557 497 Adamn
2599 450 2655 497 et
2682 441 2888 497 seboim
2916 440 3099 496 divino
3138 440 3314 495 fuerat
3347 438 3472 511 igne
3504 440 3648 498 dele-

370 551 524 600 eerte
565 544 691 600 boni
736 542 831 598 Dei
860 540 1169 597 mandatum
1198 548 1321 596 est:
1355 558 1373 590 ε
1410 538 1587 594 Nolite
1634 537 1960 592 contristare

374 634 637 706 Spiritum
667 641 910 690 sanctum
940 632 1034 687 Dei
1057 631 1111 684 in
1138 645 1246 701 quo
1275 630 1471 700 signati
1501 627 1638 684 estis
1661 628 1714 682 in
1741 626 1828 682 die
1873 641 1961 681 re-

373 727 695 798 demptionis
719 724 932 798 (Ep/tes.
960 724 1059 793 ιγ).
1100 743 1120 776 ι
1149 721 1422 793 Quidquid
1450 721 1597 777 enim
1632 719 1872 775 dixerint
1904 717 1959 772 in

371 818 741 877 defensionem
769 815 912 871 illius
939 813 1256 879 testimonii,
1282 813 1387 868 hoc
1429 827 1531 867 nos
1557 810 1612 865 in
1638 807 1962 866 satisfactio-

372 924 498 969 nem
521 906 803 979 prementis
826 905 1094 962 sermonis
1116 902 1439 974 aptabimus.

452 1018 472 1051 ι
509 999 581 1055 Et
604 1012 734 1054 ecce
768 996 948 1054 omnis
970 995 1063 1067 qui
1088 994 1221 1051 dicit
1245 993 1406 1064 vulgo
1431 989 1798 1062 proverbium,
1825 987 1880 1043 in
1911 994 1964 1043 te

380 1112 395 1141 ι
438 1097 682 1149 assumat
703 1088 834 1146 illud
856 1088 1075 1144 dicens:
1105 1084 1260 1141 Sicut
1284 1093 1480 1150 mater,
1504 1083 1576 1137 ita
1600 1092 1655 1137 et
1680 1081 1789 1136 ﬁlia
1811 1078 1959 1150 ejus;

382 1202 397 1231 ι
446 1181 554 1239 ﬁlia
582 1181 776 1239 matris
804 1188 910 1235 tua:
941 1194 1022 1244 es,
1068 1193 1189 1248 quae
1222 1174 1451 1246 projecit
1480 1174 1660 1228 virum
1712 1186 1871 1227 suum
1910 1177 1966 1225 et

379 1294 395 1323 ι
442 1271 584 1329 ﬁlios
607 1285 777 1327 suos:
810 1278 868 1325 et.
904 1284 1061 1325 soror
1083 1281 1333 1324 sororum
1358 1273 1596 1328 tuarum,
1635 1277 1755 1333 qua:
1790 1259 1966 1331 proje-

381 1384 397 1412 ε
447 1370 638 1419 cerunt
663 1362 810 1419 viros
835 1376 963 1417 suos
990 1367 1047 1415 et
1088 1358 1231 1414 ﬁlios
1263 1371 1410 1412 suos.
1451 1375 1469 1407 ι
1502 1353 1633 1409 Post
1683 1354 1965 1426 κατάλογον

373 1452 631 1507 vitiorum
651 1458 707 1505 et
745 1448 1105 1520 correptionis
1131 1444 1432 1503 Jerusalem
1477 1459 1576 1515 per
1610 1458 1771 1512 quam
1799 1450 1969 1498 retra-

375 1540 522 1596 hitur
548 1541 618 1596 ad
646 1540 896 1607 salutem,
946 1547 1164 1611 aptatur
1197 1537 1247 1593 ei
1295 1536 1486 1591 tritum
1527 1534 1671 1606 vulgi
1717 1548 1967 1589 sermone

370 1635 720 1705 proverbium
753 1653 765 1688 :
800 1635 914 1690 sive
939 1642 1000 1689 ut
1038 1632 1390 1704 Septuaginta
1429 1628 1823 1685 transtulerunt
1866 1641 1965 1697 pa-

373 1725 565 1782 rabola
596 1744 609 1781 :
643 1724 831 1793 Qualis
858 1731 1038 1780 autem
1067 1732 1244 1778 mater
1273 1721 1397 1777 talis
1422 1729 1478 1776 et
1508 1719 1640 1774 ﬁlia.
1672 1717 1842 1772 Mater
1867 1731 1965 1770 au-

2066 542 2137 590 ta.
2171 533 2343 589 Media
2381 542 2563 587 autem
2601 531 2743 588 inter
2767 531 2903 586 duas
2932 544 3149 586 sorores
3175 528 3496 597 Jerusalem,
3529 545 3647 600 qua-

2060 624 2168 681 alio
2201 624 2419 679 nomine
2453 623 2755 694 appellatur
2786 620 2943 689 Juda,
2975 637 3007 675 a
3043 621 3313 677 Chaldaeis
3349 621 3515 677 ducta
3568 634 3645 678 est

2062 716 2116 770 in
2183 714 2533 786 Babylonem.
2592 713 2868 782 Multoque
2925 711 3227 769 Jerusalem
3298 713 3647 769 sceleratiora

2061 808 2326 879 peccavit,
2357 823 2518 877 quam
2550 806 2797 863 Samaria
2826 815 2881 861 et
2907 806 3138 863 Sodoma
3183 808 3239 862 in
3268 809 3467 879 templo
3516 811 3649 866 ado-

2063 915 2192 954 rans
2232 898 2433 955 idolum
2467 898 2589 964 zeli,
2618 908 2674 953 et
2714 906 2903 969 postea
2928 898 3026 954 Dei
3057 899 3253 955 Filium
3296 900 3648 959 interﬁciens.

2061 991 2233 1047 Porro
2259 991 2558 1047 secundum
2612 990 2971 1061 tropologiam
3023 991 3272 1046 Samaria
3315 1001 3371 1047 et
3394 991 3653 1056 Sodoma,

2065 1083 2118 1138 id
2140 1092 2243 1150 est,
2272 1083 2513 1140 breretici
2536 1092 2593 1139 et
2617 1083 2819 1139 ethnici
2851 1099 2994 1154 saepe
3037 1083 3240 1139 leviora
3269 1086 3652 1154 committunt,

2065 1189 2227 1243 quam
2256 1174 2313 1228 hi
2342 1174 2434 1244 qui
2455 1182 2715 1244 putantur
2739 1171 3063 1239 Jerusalem,
3116 1174 3221 1230 hoc
3263 1183 3367 1242 est,
3399 1177 3654 1232 ecclesia-

2065 1264 2209 1319 stici.
2270 1262 2423 1319 Unde
2470 1263 2534 1317 ad
2587 1260 2897 1317 Corinthios
2944 1262 3166 1328 dicitur,
3215 1264 3308 1333 qui
3362 1264 3655 1322 credebant

2065 1355 2283 1425 quidem
2302 1356 2355 1410 in
2374 1354 2672 1421 Christum,
2689 1354 2783 1409 sed
2799 1354 2955 1409 malis
2967 1354 3221 1425 operibus
3237 1356 3622 1425 premebantur
3639 1376 3650 1411 :

2073 1467 2090 1498 ι
2145 1444 2379 1501 Omnino
2406 1445 2626 1500 auditur
2675 1445 2817 1501 inter
2849 1460 2942 1501 vos
2973 1444 3283 1511 fornicatio,
3313 1454 3369 1500 et
3398 1447 3522 1502 talis
3550 1446 3655 1501 for-

2067 1539 2291 1603 nicalio,
2320 1538 2495 1607 qualis
2525 1552 2626 1592 nec
2652 1537 2795 1592 inter
2834 1544 3025 1607 gentes
3070 1536 3123 1608 (I
3156 1534 3280 1591 Cor.
3329 1536 3409 1607 v),
3464 1546 3572 1593 etc.
3632 1559 3651 1590 ι

2070 1631 2258 1687 Solent
2282 1629 2547 1695 haeretici,
2577 1629 2671 1699 qui
2697 1638 2875 1683 tamen
2901 1637 3056 1682 vetus
3104 1628 3407 1697 suscipiunt
3448 1627 3652 1683 Instru-

2071 1731 2336 1787 mentum,
2362 1722 2497 1778 tales
2525 1732 2751 1777 naturas
2779 1737 2846 1777 ex
2877 1723 2982 1777 hoc
3028 1721 3146 1778 loco
3175 1722 3478 1792 intelligere
3508 1742 3521 1777 :
3546 1723 3654 1795 spi-

374 1826 486 1873 tem
534 1816 834 1874 Jerusalem
881 1817 1024 1874 sicut
1068 1830 1231 1886 supra
1285 1823 1342 1870 et
1402 1814 1460 1868 in
1511 1808 1965 1882 consequentibus
1993 1818 2040 1881 Β
2067 1815 2301 1877 ritalem,
2326 1813 2639 1877 animalem,
2668 1823 2961 1867 terrenam.
2992 1812 3061 1866 Et
3091 1812 3393 1883 spiritalem
3419 1813 3658 1869 referunt

375 1910 638 1979 scriptum
671 1916 756 1964 est
786 1927 801 1963 :
832 1907 1051 1964 Cethaza
1080 1905 1403 1978 appellatur,
1451 1905 1965 1973 interpretaturque,

378 2000 678 2066 insaniens,
709 2001 827 2056 sive
843 1999 902 2055 in
937 1999 1233 2054 amentiam
1254 2004 1497 2062 vertens,
1525 2010 1622 2065 per
1641 2009 1761 2064 qua:
1786 1987 1969 2047 saeculi

376 2088 836 2163 litﬁpsjlneentim
875 2096 1269 2152 monstrantur,
1301 2100 1420 2156 quae
1440 2085 1711 2156 captivam
1734 2083 1968 2137 animam

379 2162 588 2233 ducunt
606 2162 680 2233 ad
717 2177 1023 2244 interitum,
1074 2186 1130 2232 et
1157 2193 1186 2232 a
1218 2176 1336 2231 viro
1363 2191 1461 2231 suo
1498 2183 1771 2246 separant.
1814 2174 1969 2231 Hand

379 2268 602 2324 dubium
632 2269 762 2340 quin
789 2268 1012 2324 verbum
1041 2268 1138 2324 Dei
1184 2267 1535 2337 doctrinaque
1560 2267 1793 2322 dicatur.
1853 2287 1871 2319 ι
1907 2268 1972 2322 Ει

376 2376 537 2419 soror
560 2376 810 2417 sororum
849 2369 1084 2437 tuarum.
1122 2382 1141 2414 ι
1180 2361 1247 2416 Ει
1273 2369 1397 2432 post
1445 2359 1723 2431 paululum
1778 2359 1970 2415 lecturi

379 2468 590 2521 smnus,
615 2452 850 2509 Sodoma
881 2462 1106 2511 vocatur
1133 2460 1188 2509 et
1222 2451 1493 2518 Samaria,
1522 2466 1753 2521 quarum
1798 2451 1970 2507 altera

368 2541 635 2621 gentilem
659 2544 828 2599 vitam
854 2543 1233 2614 luxuriamque
1260 2540 1529 2614 signiﬁcat
1555 2558 1567 2593 :
1589 2539 1757 2595 altera
1802 2541 1973 2595 hatre-

369 2634 611 2690 ticorum
638 2634 930 2705 decipulas.
964 2634 1166 2700 Porro,
1200 2633 1341 2703 quod
1382 2633 1436 2686 in
1465 2631 1973 2705 Septuagintailegi-

378 2739 507 2787 tur:
541 2751 559 2781 ‹
594 2729 824 2799 Sorores
867 2745 1117 2787 sororum
1168 2739 1404 2795 tuarum,
1441 2748 1460 2779 ι
1506 2742 1627 2797 quae
1656 2726 1973 2811 repulerunt

376 2825 528 2881 viros
555 2839 705 2891 suos,
744 2832 799 2878 et
825 2824 966 2882 ﬁlios
992 2839 1138 2890 suos,
1183 2840 1290 2881 non
1331 2824 1494 2879 habet
1531 2835 1771 2879 sensum.
1826 2816 1973 2893 Quas

367 2919 528 2974 enim
553 2918 688 2974 alias
724 2932 945 2976 sorores
970 2918 1242 2973 habebant
1287 2916 1521 2971 Sodoma
1571 2922 1627 2968 et
1678 2909 1928 2968 Samaria
1955 2947 1971 2974 ,

380 3026 501 3079 qua:
529 3025 746 3067 sorores
787 3018 915 3065 sunt
955 3007 1299 3065 Jerusalem?
1340 3008 1409 3062 Et
1460 3007 1564 3063 hoc
1602 3004 1970 3077 quaerendum,

2070 1905 2139 1959 ad
2184 1902 2505 1968 Jerusalem,
2551 1902 2840 1957 animalem
2885 1901 2952 1956 ad
3003 1902 3327 1971 Samariam,
3387 1912 3656 1960 terrenam

2069 1997 2137 2051 ad
2167 1995 2483 2051 Sodomam.
2515 1993 2663 2062 Quos
2691 1994 2932 2050 breviter
2950 1994 3364 2064 interrogemus,
3388 1996 3658 2066 quomodo

2069 2095 2183 2144 tres
2206 2096 2412 2142 natura:
2441 2087 2723 2157 spiritalis,
2746 2086 3019 2152 animalis,
3040 2094 3096 2141 et
3124 2094 3359 2154 terrena,
3405 2104 3529 2159 quae
3556 2083 3683 2144 uti?

2069 2193 2175 2248 que
2210 2179 2354 2233 inter
2384 2193 2444 2233 se
2473 2177 2698 2233 diversa:
2727 2187 2873 2242 sunt,
2919 2192 3083 2231 unam
3115 2185 3344 2232 matrem
3392 2187 3449 2233 et
3494 2195 3661 2235 unum

2068 2278 2276 2339 patrem
2305 2269 2506 2324 habere
2532 2269 2800 2332 dicantur,
2834 2269 2979 2338 quod
3011 2268 3307 2339 ﬁngmento
3332 2286 3525 2327 eorum
3555 2288 3659 2328 non

2069 2361 2341 2430 congruit.
2387 2359 2456 2414 Et
2500 2358 2772 2430 quomodo
2812 2358 3063 2414 animalis
3101 2367 3157 2414 et
3205 2367 3422 2415 terrena
3469 2370 3662 2419 natura

2063 2452 2221 2523 juxta
2255 2451 2399 2506 hunc
2421 2450 2671 2505 eumdem
2700 2447 3027 2518 Prophetam
3054 2449 3411 2505 restituantur
3459 2451 3515 2507 in
3563 2467 3661 2506 an-

2070 2544 2280 2613 tiquum
2318 2550 2521 2597 statum
2563 2541 2706 2597 idem
2745 2542 2799 2595 in
2846 2525 3167 2610 spiritalem,
3194 2542 3338 2612 quod
3387 2550 3443 2597 et
3489 2544 3664 2614 ipsum

2074 2652 2265 2693 eorum
2292 2634 2596 2691 rationibus
2624 2633 2958 2688 contrarium
2998 2641 3100 2688 est.
3131 2632 3283 2700 Quod
3328 2641 3514 2689 autem
3569 2635 3666 2692 Sa-

2072 2731 2245 2786 maria
2272 2728 2603 2799 intelligatur
2642 2728 2693 2781 in
2724 2728 3037 2794 haeresibus,
3071 2737 3127 2783 et
3155 2728 3207 2783 in
3235 2726 3375 2784 Osea
3402 2731 3666 2801 propheta

2072 2823 2201 2878 etin
2230 2820 2417 2876 multis
2443 2820 2566 2875 aliis
2586 2819 2754 2884 locis,
2804 2819 3179 2890 praecipueque
3225 2819 3315 2874 illo
3358 2822 3667 2878 testimonio

2074 2912 2462 2982 comprobatur
2489 2928 2503 2964 :
2539 2929 2557 2962 ι
2589 2910 2682 2966 Vae
2703 2909 2795 2980 qui
2817 2909 3126 2980 despiciunt
3153 2908 3306 2976 Sion,
3337 2918 3394 2966 et
3421 2912 3514 2981 qui
3540 2927 3669 2967 eon-

2073 3002 2249 3059 ﬁdunt
2274 3003 2328 3058 in
2350 3009 2534 3057 monte
2563 3000 2847 3066 Samaria),
2891 2999 3360 3055 vindemiaverunt
3398 3001 3665 3073 principia

381 3116 518 3173 quos
541 3101 687 3155 viros
715 3099 949 3155 Sodoma
976 3097 1333 3167 Samariaque
1362 3097 1688 3162 dimiserint,
1735 3103 1792 3151 et
1837 3106 1973 3164 quos
2011 3169 2041 3173 _
2075 3094 2314 3167 gentium
2340 3092 2520 3165 (Amos
2542 3092 2640 3162 vn).
2676 3111 2694 3144 ι
2715 3090 2914 3148 Omnes
2933 3092 3080 3148 enim
3095 3092 3338 3148 haeretici
3359 3092 3668 3163 despiciunt

371 3169 713 3260 projecerint
758 3189 941 3246 ﬁlios?
987 3187 1102 3245 Nisi
1149 3187 1290 3244 forte
1314 3187 1583 3258 possimus
1609 3187 1714 3241 hoc
1749 3184 1930 3240 dicere
1954 3221 1968 3247 ,
1998 3169 2044 3232 C
2076 3185 2227 3254 Sion,
2256 3201 2377 3256 qua:
2407 3185 2796 3255 interpretatur
2822 3185 3059 3255 specula,
3100 3193 3156 3241 et
3193 3184 3430 3240 refertur
3462 3187 3533 3242 ad
3576 3202 3668 3243 ec-

382 3282 530 3352 quod
566 3297 781 3353 semper
815 3283 1115 3339 errantium
1154 3281 1416 3338 ﬁuctuent
1453 3281 1652 3351 pedes,
1699 3294 1800 3335 nec
1848 3288 1976 3335 sunt

385 3372 557 3429 solida
586 3373 828 3443 vestigia,
853 3390 973 3445 quae
994 3374 1215 3445 proprie
1262 3373 1504 3428 veritatis
1540 3379 1700 3437 sunt,
1727 3370 1824 3426 sed
1869 3370 1976 3427 huc

387 3461 620 3541 illucque
672 3464 995 3530 discurrant,
1042 3473 1099 3520 et
1125 3464 1580 3525 circumferantur
1618 3461 1765 3518 omni
1815 3468 1976 3516 vento

377 3546 667 3621 doctrinae,
691 3552 816 3607 dum
847 3553 913 3615 de
933 3551 1170 3609 falsitate
1194 3552 1563 3608 transeuntad
1589 3550 1752 3605 aliam
1778 3548 1979 3605 falsita-

386 3650 495 3699 tem
528 3651 620 3700 :et
640 3660 773 3719 cum
786 3644 849 3715 in
877 3645 1070 3717 primis
1104 3644 1306 3701 frustra
1355 3660 1414 3701 se
1441 3644 1666 3700 sudasse
1712 3657 1977 3715 cognove-

381 3743 533 3800 runt,
571 3735 640 3790 ad
663 3736 1199 3809 secundatertiaque
1232 3734 1635 3791 transcendant.

460 3843 477 3874 ι
526 3824 698 3881 Mater
742 3827 1204 3892 vestraCethaea,
1251 3836 1307 3884 et
1354 3835 1509 3899 pater
1558 3833 1739 3899 vester
1784 3825 1978 3880 Amor—

388 3935 409 3968 ε
453 3917 654 3983 rbzeus,
670 3928 723 3974 et
749 3935 904 3975 soror
918 3928 1006 3975 tua
1024 3921 1199 3991 major
1215 3920 1485 3986 Samaria,
1507 3921 1622 3990 ipsa
1635 3927 1690 3973 et
1702 3918 1823 3975 ﬁliae
1836 3915 1975 3986 ejus,

394 4026 411 4055 ι
458 4023 576 4077 quze
601 4009 846 4063 habitant
880 4008 950 4062 ad
981 4009 1258 4064 sinistram
1297 4018 1460 4064 tuam.
1492 4008 1659 4064 Soror
1683 4017 1863 4064 autem
1886 4015 1978 4061 tua

393 4113 413 4146 ι
459 4096 634 4151 minor
659 4108 732 4163 te,
758 4113 877 4168 quae
898 4098 1106 4155 habitat
1130 4115 1161 4153 a
1186 4100 1392 4156 dextris
1407 4101 1512 4155 tuis
1538 4099 1767 4156 Sodoma
1792 4108 1845 4156 et
1859 4099 1979 4154 ﬁlia:

391 4208 410 4240 ι
456 4188 593 4258 ejus.
628 4187 733 4244 Sed
758 4205 860 4245 nec
893 4190 947 4244 in
982 4189 1082 4243 viis
1103 4204 1289 4244 earum
1320 4190 1604 4245 ambulasti
1630 4205 1806 4261 neque
1823 4188 1979 4258 juxta

391 4302 410 4330 ‹
457 4280 661 4336 scelera
685 4296 872 4336 earum
899 4280 1097 4348 fecisti,
1121 4281 1484 4352 paulominus,
1508 4297 1644 4351 pene
1664 4281 1978 4337 scelestiora

394 4394 411 4419 ε
458 4372 634 4429 fecisti
664 4372 769 4429 illis
795 4372 848 4429 in
879 4373 1131 4429 omnibus
1158 4372 1259 4428 viis
1286 4372 1410 4427 tuis.
1450 4392 1468 4424 ι
1501 4371 1675 4442 Supra
1722 4372 1934 4427 dixerat
1960 4388 1974 4423 :

396 4484 412 4511 α
461 4462 621 4518 Pater
644 4472 766 4519 tuus
791 4463 1139 4520 Amorrbzeus
1168 4470 1223 4518 et
1247 4470 1423 4520 mater
1454 4470 1542 4517 tua
1569 4461 1813 4527 Cethaca;
1846 4480 1864 4511 ›
1891 4460 1978 4515 hic

2076 3283 2293 3339 clesiam
2329 3300 2342 3337 :
2371 3289 2428 3338 et
2456 3280 2736 3338 conﬁdunt
2758 3279 2859 3336 sibi
2886 3279 2939 3334 in
2962 3288 3147 3335 monte
3171 3280 3455 3347 Samaria,
3481 3281 3540 3335 in
3580 3297 3673 3337 su-

2075 3373 2262 3444 perbia
2282 3373 2532 3429 videlicet
2561 3372 2869 3441 dogmatum
2890 3384 3293 3439 perversorum,
3312 3378 3446 3442 qua:
3472 3380 3672 3442 putant

2076 3478 2197 3520 esse
2224 3463 2494 3527 sublimia,
2544 3470 2599 3516 et
2628 3477 2726 3531 per
2759 3461 2858 3516 has
2907 3460 3311 3530 praedicationis
3350 3460 3672 3518 fraudulen-

2079 3556 2202 3620 tias,
2236 3553 2573 3609 vindemiant
2595 3562 2759 3622 atque
2776 3552 3101 3624 pupulantur
3120 3551 3383 3624 priiﬁpia
3401 3554 3673 3626 gentium,

2077 3654 2138 3700 ut
2165 3644 2426 3699 miraculo
2452 3644 2822 3699 doctrinarum
2848 3649 3098 3712 potentes
3124 3657 3370 3714 quosque
3386 3645 3674 3715 gentilium

2079 3740 2145 3793 ad
2175 3751 2418 3794 errorem
2449 3736 2764 3791 baereticum
2793 3735 3131 3805 pertrahent.

2155 3848 2175 3881 ι
2220 3828 2356 3884 Vivo
2384 3842 2508 3899 ego,
2538 3826 2669 3881 dicit
2693 3826 2970 3892 Dominus,
3001 3825 3127 3894 quia
3150 3839 3259 3880 non
3282 3822 3414 3879 fecit
3433 3822 3675 3881 Sodoma

2086 3942 2105 3973 ι
2149 3935 2304 3975 soror
2360 3926 2448 3972 tua
2516 3917 2632 3988 ipsa
2694 3925 2749 3971 et
2814 3916 2923 3970 ﬁlia
2981 3912 3131 3983 ejus,
3190 3915 3330 3971 sicut
3380 3913 3564 3971 fecisti
3622 3925 3676 3971 tu

2086 4031 2104 4064 ε
2148 4021 2204 4066 et
2226 4010 2348 4065 ﬁlia:
2371 4017 2494 4065 tute.
2524 4008 2664 4064 Ecce
2691 4008 2806 4063 haec
2834 4007 2935 4063 fuit
2960 4007 3218 4077 iniquitas
3246 4006 3498 4064 Sodoma:
3525 4024 3680 4065 soro—

2086 4122 2104 4154 ι
2142 4102 2217 4156 ris
2247 4111 2371 4166 tuaa,
2403 4099 2679 4170 superbia,
2710 4099 2968 4155 saturitas
3014 4099 3190 4169 panis,
3216 4098 3578 4168 abundantia,
3622 4111 3678 4154 et

2088 4211 2105 4243 ι
2151 4192 2321 4246 otium
2348 4191 2515 4260 ipsius
2543 4200 2600 4245 et
2628 4189 2861 4245 ﬁliarum
2887 4191 3025 4261 ejus.
3064 4189 3133 4244 Et
3164 4203 3386 4244 manum
3417 4204 3599 4260 egeno
3626 4201 3681 4246 et

2087 4305 2105 4335 ι
2150 4282 2371 4353 pauperi
2399 4296 2504 4336 non
2526 4281 2895 4351 porrigebant,
2922 4290 2979 4336 et
3007 4280 3233 4337 elevata
3266 4288 3395 4335 sunt
3422 4289 3478 4335 et
3530 4280 3679 4338 fece-

2088 4395 2105 4426 ‹
2152 4383 2277 4431 runt
2312 4374 2743 4429 abominationes
2764 4389 2948 4430 coram
2973 4388 3078 4428 me.
3112 4373 3178 4428 Et
3216 4373 3414 4429 abstuli
3448 4389 3550 4430 eas
3576 4376 3683 4431 sic-

2089 4484 2106 4515 ι
2150 4474 2212 4519 ut
2246 4464 2451 4530 vidisti,
2480 4471 2537 4518 et
2562 4462 2810 4518 Samaria
2849 4463 3128 4519 dimidium
3155 4473 3508 4534 peccatorum
3563 4475 3685 4522 tuo-

388 4555 578 4610 ordine
606 4562 661 4609 et
689 4570 914 4611 numero
956 4562 1288 4613 commutato
1320 4573 1333 4609 ε
1376 4573 1394 4605 ι
1441 4554 1615 4609 Mater
1656 4563 1837 4610 vester
1877 4552 1979 4610 Ce—
2004 4525 2056 4586 D
2088 4577 2105 4609 ς
2145 4573 2264 4612 rum
2299 4571 2407 4612 non
2442 4556 2707 4626 peccavit,
2739 4555 2834 4612 sed
2861 4556 3037 4611 vicisti
3070 4572 3192 4611 eam
3217 4556 3522 4614 sceleribus
3549 4560 3681 4622 tuis,

386 4646 545 4709 tinea,
575 4653 630 4699 et
648 4655 804 4713 pater
826 4656 1008 4701 vester
1042 4646 1411 4701 Amorrbteus.
1450 4665 1472 4701 ι
1505 4646 1639 4702 Cum
1664 4646 1810 4700 enim
1855 4661 1976 4701 sce-

385 4739 497 4793 lera
528 4736 879 4807 profecerim,
907 4738 1230 4794 scinduntur
1253 4739 1306 4794 in
1336 4748 1541 4810 partes,
1565 4747 1621 4793 et
1665 4737 1864 4793 unione
1889 4738 1980 4792 de-

388 4839 531 4884 serta
562 4830 616 4883 in
662 4831 875 4885 turbam
926 4830 1219 4901 proﬁciunt
1275 4846 1339 4889 ac
1393 4831 1812 4898 multitudinem,
1859 4846 1980 4901 quae

388 4933 511 4970 ("tm
540 4915 668 4972 Jesu
700 4933 803 4973 non
834 4919 977 4974 valet
1012 4922 1080 4976 ad
1116 4928 1371 4991 montana
1423 4921 1822 4976 transcendere.
1881 4920 1981 4976 So-

391 5022 540 5062 rores
604 5016 782 5062 autem
839 5007 1139 5065 Jerusalem
1191 5008 1494 5065 Samariam
1543 5018 1598 5066 et
1641 5008 1930 5065 Sodomam
1963 5050 1977 5075 ,

390 5108 618 5165 quarum
652 5096 818 5153 altera
842 5113 871 5152 a
903 5098 1162 5165 sinistris,
1191 5099 1361 5154 altera
1384 5116 1414 5155 a
1448 5101 1654 5156 dextris
1680 5109 1784 5167 est,
1812 5101 1978 5156 etiam

392 5191 686 5245 secundum
738 5190 1142 5260 intelligentiam
1183 5193 1552 5263 corporalem,
1599 5192 1644 5248 si
1681 5193 1747 5248 de
1780 5193 1980 5264 templo

389 5280 689 5339 Jerusalem
712 5284 976 5339 orientem
1008 5284 1261 5355 aspicias,
1304 5285 1651 5356 approbabis,
1683 5286 1827 5355 quod
1857 5300 1973 5339 ma-

389 5373 478 5442 jor
509 5375 598 5441 sit,
628 5390 747 5445 qua:
778 5373 975 5429 dicitur
1005 5373 1274 5440 Samaria,
1300 5375 1425 5444 quia
1454 5375 1604 5445 prior
1629 5374 1893 5445 peccavit,
1925 5383 1981 5430 et

396 5462 465 5518 ab
493 5463 727 5537 Assyriis
763 5464 921 5519 ducta
954 5472 1038 5522 est
1082 5465 1136 5520 in
1179 5466 1569 5535 captivitatem,
1612 5474 1667 5521 et
1698 5466 1877 5521 minor
1919 5480 1981 5520 ac

388 5555 575 5623 junior
604 5556 857 5623 Sodoma,
900 5573 1019 5627 qua:
1068 5555 1299 5614 refertur
1325 5557 1392 5611 ad
1435 5557 1676 5635 gentium
1725 5556 1979 5612 turbam:

399 5643 634 5713 alioquin
662 5663 727 5702 eo
763 5655 1005 5717 tempore
1043 5646 1275 5703 Sodoma
1315 5663 1421 5701 non
1449 5654 1591 5712 erat,
1641 5662 1762 5716 qua:
1800 5647 1981 5718 prius-

398 5746 565 5798 quam
612 5735 663 5789 in
706 5737 987 5807 scripturis
1046 5737 1285 5808 legamus
1333 5735 1633 5792 Jerusalem
1683 5752 1803 5791 cum
1872 5737 1979 5793 Go-

2088 4665 2107 4698 ‹
2152 4660 2206 4703 et
2223 4646 2536 4716 justiﬁeasti
2561 4661 2779 4702 sorores
2809 4656 2926 4702 tuas
2957 4646 3009 4700 in
3040 4647 3293 4704 omnibus
3314 4648 3686 4704 abominatio-

2087 4761 2104 4792 ‹
2153 4741 2312 4796 nibus
2357 4740 2466 4796 tuis
2505 4754 2640 4809 quas
2680 4750 2906 4810 operata
2950 4753 3031 4794 es.
3087 4758 3107 4790 ι
3160 4738 3216 4793 In
3260 4739 3444 4795 Veteri
3487 4741 3686 4797 Testa-

2082 4841 2263 4886 mento
2300 4830 2395 4886 Dei
2416 4829 2785 4899 juramentum
2813 4838 2899 4886 est
2928 4847 2941 4883 ε
2977 4848 2996 4880 ι
3050 4829 3180 4884 Vivo
3205 4844 3338 4900 ego,
3384 4829 3523 4885 dicit
3578 4832 3685 4889 Do-

2083 4924 2277 4979 minus.
2314 4942 2331 4975 D
2362 4921 2419 4976 In
2436 4920 2587 4975 Novo
2611 4928 2793 4975 autem
2828 4937 2841 4973 τ
2873 4939 2891 4971 ι
2914 4919 3106 4984 Amen,
3131 4934 3285 4973 amen
3306 4919 3430 4975 dico
3451 4919 3632 4976 vobis.
3661 4940 3680 4971 ι

2084 5014 2178 5068 Sin
2208 5021 2387 5067 autem
2424 5012 2528 5066 hoc
2555 5024 2843 5066 commune
2884 5024 3009 5065 eum
3051 5008 3265 5065 caeteris
3293 5019 3380 5062 est
3411 5026 3426 5062 :
3460 5028 3481 5060 ι
3535 5009 3684 5065 Dens

2080 5103 2353 5157 Abraham
2377 5141 2392 5167 ,
2433 5101 2576 5157 Deus
2612 5100 2784 5167 Isaac,
2828 5100 2988 5184 Deus,
3016 5098 3218 5166 Jacob,
3261 5114 3369 5153 non
3412 5108 3497 5154 est
3538 5101 3686 5154 Deus

2082 5199 2418 5247 mortuorum
2449 5192 2545 5248 sed
2585 5191 2881 5246 viventium
2907 5188 3103 5262 (Marc.
3131 5198 3252 5261 xu).
3294 5209 3313 5241 ι
3357 5189 3428 5244 Et
3468 5188 3528 5243 in
3575 5189 3686 5242 alio

2085 5282 2203 5338 loco
2238 5301 2250 5336 :
2294 5300 2313 5333 ε
2353 5280 2584 5339 Plaeebo
2611 5280 2838 5338 Domino
2857 5280 2910 5335 in
2939 5282 3159 5353 regione
3179 5280 3473 5336 viventium
3498 5277 3683 5348 (Psal.

2085 5373 2253 5446 cxw).
2289 5394 2307 5426 ι
2343 5374 2646 5442 Quaerimus
2673 5390 2775 5444 qua
2803 5373 3019 5428 ratione.
3045 5387 3331 5428 commune
3356 5370 3687 5428 vocabulum

2086 5466 2302 5535 proprie
2331 5466 2430 5520 sibi
2463 5465 2692 5520 vindicet
2718 5465 2895 5530 Deus...
2913 5463 3007 5520 sed
3037 5465 3307 5535 quomodo
3342 5464 3549 5519 dicitur
3591 5478 3687 5518 ar-

2089 5557 2188 5611 bor
2214 5555 2356 5612 bona
2372 5564 2429 5612 et
2452 5558 2625 5612 bonus
2663 5558 2843 5624 homo,
2872 5564 2929 5611 et
2964 5556 3138 5612 bonus
3162 5564 3364 5625 pastor,
3414 5562 3467 5609 et
3504 5554 3689 5608 bonus

2091 5662 2281 5703 servus
2326 5665 2339 5701 :
2396 5663 2555 5702 nemo
2602 5657 2782 5703 autem
2837 5647 3085 5702 absolute
3149 5647 3321 5701 bonus
3358 5643 3460 5699 nisi
3532 5643 3690 5699 solus

2086 5739 2227 5795 Deus
2266 5758 2278 5794 :
2309 5739 2387 5794 sic
2419 5755 2539 5794 cum
2580 5739 2752 5810 angeli
2795 5748 3111 5811 eademque
3156 5739 3404 5802 virtutes,
3436 5733 3692 5791 Patriar-
