3954 6182
340 283 451 343 αιθ

345 583 576 636 lat;tur:
622 599 641 631 ι
677 579 810 646 Quis
860 588 945 634 est
995 578 1142 634 enim
1193 579 1378 644 homo,
1409 579 1500 648 qui
1547 578 1701 641 vivit,
1732 586 1789 632 et
1834 592 1940 631 non

347 672 555 727 ridebit
574 671 844 726 mortem?
872 668 1046 741 (Pref.
1071 669 1358 739 txxxvttt.)
1396 689 1416 722 ι
1458 668 1609 724 Unde
1635 676 1689 722 et
1706 667 1932 738 Aposto—

349 764 437 818 lus
463 760 666 816 Paulus
694 760 765 814 de
790 759 900 815 Deo
929 777 943 812 :
980 778 999 811 ι
1032 758 1139 826 Qui
1192 758 1358 824 solus,
1402 756 1598 828 inquit,
1629 758 1796 813 habet
1837 758 1939 811 im-

347 849 1015 913 mortalitatem,etluoem
1037 848 1246 903 habitat
1277 846 1703 904 inaccessibilem
1726 845 1777 917 (I
1804 845 1937 900 Tim.

346 942 450 1013 vn).
490 962 511 995 ι
544 941 613 996 Ει
638 940 706 996 de
736 939 884 994 fonte
903 939 1202 994 viventium
1234 958 1247 971 υ
1285 956 1305 990 ι
1350 938 1493 1002 Vita,
1523 938 1732 1008 inquit,
1758 945 1941 993 nostra

344 1032 671 1091 abscondita
692 1042 776 1087 est
802 1048 924 1087 ettm
968 1030 1189 1089 Christo
1234 1033 1287 1087 in
1339 1032 1447 1087 Deo
1473 1029 1699 1102 (Colon.
1755 1030 1858 1099 ιιι).
1918 1048 1935 1077 ι

343 1121 460 1180 iste
487 1122 671 1192 igitur,
708 1122 800 1192 qtti
824 1122 975 1192 jurat
999 1131 1057 1176 et
1102 1122 1339 1191 loquitur
1368 1140 1382 1175 :
1417 1141 1434 1173 ι
1464 1121 1598 1176 Vivo
1640 1135 1759 1191 ego,
1814 1120 1943 1176 dicit

344 1212 635 1277 Dominus,
672 1231 690 1264 ι
721 1211 1037 1268 describens
1059 1210 1310 1269 Sodomae
1338 1221 1396 1268 et
1420 1211 1650 1266 filiarum
1681 1208 1798 1278 ejus
1828 1223 1943 1264 see-

346 1303 488 1365 lera,
534 1303 767 1373 primam
820 1301 1129 1372 superbiam
1182 1302 1362 1370 posuit
1415 1300 1613 1357 diaboli
1663 1300 1941 1369 proprium

345 1396 697 1466 primumque
748 1403 1054 1465 peccatum.
1090 1393 1245 1450 Unde
1280 1393 1423 1449 idem
1452 1392 1728 1461 apostolus
1757 1406 1772 1445 :
1806 1409 1827 1441 ι
1867 1389 1944 1445 Ne

346 1486 592 1553 inflatus,
627 1484 723 1549 ait,
752 1484 1004 1555 superbia
1036 1484 1238 1540 incidat
1277 1484 1333 1539 in
1361 1482 1624 1553 judicium
1660 1480 1879 1547 diaboli,
1919 1500 1938 1531 ι

346 1587 576 1649 propter
593 1591 756 1647 quam
778 1578 844 1634 de
865 1576 1006 1633 caelo
1026 1577 1251 1633 corruit.
1274 1577 1496 1633 Dixerat
1517 1576 1663 1631 enim
1692 1590 1706 1628 :
1740 1594 1758 1627 ι
1787 1573 1942 1629 forti-

347 1669 542 1725 tudine
598 1667 797 1724 faciam
857 1676 913 1723 et
962 1668 1226 1738 sapientia
1277 1667 1645 1738 intelligentiae
1699 1663 1941 1721 auferam

347 1758 618 1814 terminos
636 1757 879 1829 gentium
898 1765 957 1812 et
982 1759 1148 1813 robur
1169 1772 1356 1813 earum
1380 1758 1695 1823 devastabo,
1717 1764 1773 1812 et
1795 1770 1946 1812 eom-
1970 1779 2019 1840 Β

350 1849 585 1905 movebo
604 1849 856 1905 civitates
876 1848 1171 1914 habitatas,
1190 1856 1246 1904 et
1268 1849 1457 1905 orbem
1485 1856 1755 1904 terrarum
1771 1854 1943 1903 totum

346 1942 758 2013 apprehendam
783 1956 947 1997 manu
983 1940 1144 1997 sicuti
1175 1942 1381 2006 nidum,
1411 1949 1467 1998 et
1504 1942 1646 1998 sicut
1672 1939 1947 1997 confracta

345 2045 456 2085 ova
479 2030 746 2085 auferam.
777 2049 797 2082 ι
828 2031 896 2084 Et
922 2050 941 2083 ι
964 2031 1215 2100 superbis
1236 2032 1379 2085 Deus
1400 2029 1629 2094 resistit,
1653 2027 1949 2083 humilibus

343 2128 535 2176 autem
577 2120 673 2175 dat
708 2119 941 2190 gratiam
989 2119 1133 2191 (Jac.
1185 2118 1283 2189 tv).
1320 2138 1339 2170 ι
1388 2118 1644 2187 Legimus
1670 2127 1728 2172 et
1755 2117 1810 2172 in
1840 2114 1949 2171 alio

349 2208 476 2266 loco
519 2229 534 2264 :
582 2228 603 2262 ι
647 2209 786 2277 Quid
815 2210 1089 2280 superbis,
1118 2218 1265 2265 terra
1293 2217 1350 2265 et
1372 2208 1545 2265 cinis?
1577 2194 1772 2279 (Eccli.
1805 2205 1886 2279 ι.)
1924 2226 1942 2258 ι

350 2303 423 2358 Et
447 2302 798 2374 Evangelium
828 2302 998 2357 refert
1024 2301 1281 2357 Pharisaei
1314 2300 1640 2371 superbiam,
1677 2296 1944 2370 publicani

349 2394 663 2449 humilitate
688 2402 997 2463 superatam
1027 2393 1378 2466 (Luc.xvut).
1409 2390 1575 2461 Cujus
1595 2390 1945 2447 seminarium

346 2495 440 2543 est
458 2486 720 2542 saturitas
746 2501 969 2557 panum,
1013 2494 1070 2541 et
1108 2500 1293 2540 rerum
1340 2485 1580 2541 omnium
1617 2483 1945 2539 abundantia

348 2587 408 2631 et
445 2579 651 2643 otium;
691 2579 806 2634 sive
829 2586 889 2633 ut
922 2577 1273 2649 Septuaginta
1306 2576 1719 2640 transtulerunt,
1753 2593 1771 2625 ι
1811 2574 1945 2630 deli-

345 2674 562 2729 ciarum
594 2673 930 2743 luxuriaeqne
960 2673 1254 2742 opulentia.
1294 2691 1313 2722 ι
1351 2670 1510 2725 Dives
1541 2669 1630 2724 ille
1676 2669 1730 2724 iu
1773 2668 1949 2722 Evan-

348 2766 495 2834 gelio
518 2775 852 2835 purpuratus
878 2764 1013 2819 nihil
1039 2764 1184 2819 aliud
1212 2763 1380 2818 refert
1400 2762 1656 2817 habuisse
1680 2758 1941 2821 criminis,

346 2858 456 2912 nisi
496 2857 641 2926 quod
669 2857 865 2926 opibus
890 2865 948 2912 et
971 2857 1182 2913 deliciis
1207 2855 1435 2912 affluens
1479 2857 1535 2911 in
1580 2863 1787 2910 tantam
1818 2869 1945 2910 eru-

345 2956 508 3017 perat
528 2947 878 3017 superbiam,
907 2956 967 3002 ttt
998 2962 1220 3003 manum
1256 2962 1428 3018 egeno
1459 2955 1516 3002 et
1569 2945 1795 3015 pauperi
1845 2943 1948 2999 La-

350 3054 486 3094 zaro
525 3054 632 3094 non
664 3038 988 3109 porrigeret,
1039 3047 1097 3093 et
1139 3039 1220 3094 sic
1261 3038 1462 3093 oblitus
1507 3037 1583 3094 sit
1620 3036 1947 3094 conditionis

347 3146 485 3197 suae,
517 3140 580 3186 ut
602 3147 674 3187 ne
694 3132 799 3187 hoc
827 3131 1045 3201 quidem
1070 3131 1269 3187 misero
1288 3130 1463 3195 daret,
1493 3132 1638 3200 quod
1660 3128 1946 3201 projicieu-
1970 3125 2019 3190 C

348 3225 483 3280 dum
528 3232 648 3279 erat
679 3222 833 3295 (Luc.
874 3223 1013 3294 xw).
1056 3222 1139 3280 0b
1163 3238 1326 3294 quam
1360 3238 1604 3287 causam,
1634 3231 1689 3277 et
1732 3223 1788 3277 in
1841 3221 1948 3277 alio

347 3317 474 3374 loco
507 3317 770 3374 scribitur
796 3335 810 3371 :
848 3336 867 3369 ι
897 3316 1089 3373 Omnis
1108 3317 1199 3386 qui
1225 3332 1285 3372 se
1304 3316 1529 3381 exaltat,
1550 3315 1946 3393 humiliabitur,

345 3417 455 3463 etc.
489 3405 707 3478 (Matth.
733 3405 914 3476 ιιιιιιι).
946 3424 965 3457 ι
994 3404 1281 3475 Superbia,
1306 3404 1583 3469 saturitas,
1614 3418 1795 3459 rerum
1824 3417 1945 3458 om-

347 3500 499 3554 nium
530 3499 880 3564 abundantia,
903 3499 1075 3553 otium
1104 3507 1162 3553 et
1188 3498 1394 3554 delicia:
1422 3504 1722 3566 peceatum
1771 3491 1947 3549 Sodo-

349 3590 602 3644 miticum
642 3597 749 3645 est.
787 3589 859 3643 Et
891 3596 1116 3658 propter
1153 3589 1257 3643 hoc
1287 3586 1535 3655 sequitur
1578 3583 1673 3638 Del
1712 3581 1943 3644 oblivio,

348 3695 469 3748 qme
511 3680 801 3748 prtesentia
842 3681 980 3734 bona
1021 3688 1178 3748 putat
1214 3694 1336 3734 esse
1376 3685 1635 3748 perpetua
1663 3717 1678 3741 ,
1720 3684 1776 3731 et
1813 3690 1948 3729 nun-

346 3785 513 3839 quam
550 3769 654 3825 sibi
705 3770 1034 3826 necessariis
1074 3769 1447 3840 indigendutn.
1501 3767 1841 3836 Quapropter
1894 3772 1949 3819 et

347 3862 467 3931 lege
503 3861 836 3931 praecipitur.
863 3859 1094 3916 Attende
1117 3874 1187 3915 ne
1220 3859 1508 3915 comedens
1544 3866 1604 3913 et
1642 3855 1849 3918 bibens,
1893 3864 1949 3911 et

348 3959 651 4015 saturatus,
665 3949 947 4006 aediﬁcetis
961 3950 1211 4006 domibus
1230 3950 1470 4019 optimis,
1492 3949 1808 4017 habensque
1817 3960 1948 4001 oves

346 4051 401 4095 et
426 4041 614 4105 boves,
642 4048 924 4111 argentum
939 4048 994 4095 et
1012 4056 1227 4105 aurum,
1255 4038 1594 4096 obliviscaris
1617 4036 1829 4091 Domini
1852 4035 1946 4092 Dei

350 4133 448 4187 tui.
481 4129 686 4202 (ϐιῳ.)
709 4131 843 4188 Cum
867 4132 935 4186 ad
956 4130 1259 4189 Jerusalem
1285 4132 1501 4195 dicitur,
1531 4151 1549 4183 ι
1586 4132 1705 4187 haec
1727 4129 1829 4185 fuit
1850 4130 1949 4184 ini-

346 4222 532 4292 quitas
558 4221 810 4277 Sodoma:
830 4224 1036 4279 sororis
1064 4233 1190 4288 tuae,
1216 4223 1469 4292 superbia
1507 4222 1762 4278 saturitas
1792 4222 1949 4291 panis

347 4322 403 4366 et
425 4312 779 4378 abundantia,
810 4332 830 4365 ι
859 4323 1047 4384 aperte
1071 4314 1400 4377 ostenditur,
1415 4312 1559 4382 quod
1580 4310 1784 4367 idcirco
1806 4311 1949 4367 salu-

350 4417 459 4459 tetn
483 4405 740 4474 perdidit,
786 4405 933 4475 quod
980 4420 1104 4461 eum
1147 4404 1416 4475 superbiae
1460 4403 1594 4458 vitio
1637 4416 1947 4459 mensuram

1307 280 1662 338 COMMENT.
1701 280 1767 336 IN
1808 278 2264 336 EZECHIELEM.
2303 309 2374 323 --
2411 277 2541 336 LIB.
2579 277 2695 337 γιιέ

341 396 463 452 eho:
492 410 713 467 quoque
743 406 800 450 et
824 395 1106 466 Propheta
1131 403 1291 464 atque
1322 394 1563 466 Apostoli
1599 396 1710 451 sint
1758 396 1941 450 vivcn-
1970 427 2015 484 Α

346 498 451 553 tes,
498 489 906 558 comparatione
954 487 1046 542 Dei
1076 488 1485 558 omnipotentis,
1522 487 1717 543 mortui
1759 486 1941 557 appel-

3512 285 3620 342 eae

2039 392 2192 461 juris.
2219 392 2285 447 Et
2321 402 2499 448 tamen
2525 409 2648 448 cum
2675 393 2811 449 tales
2840 395 2949 449 sint
2989 393 3223 451 Sodoma
3252 404 3308 450 et
3349 394 3623 453 Samaria.

2046 498 2113 537 ne
2159 484 2437 539 dimidium
2461 486 2678 555 quidem
2705 494 3066 556 peccaverunt
3112 486 3519 556 comparatione
3548 485 3633 542 Je-

2045 575 2277 631 rusalem
2313 594 2326 631 :
2355 594 2373 627 ι
2410 574 2791 640 Servusenim,
2824 578 2917 647 qui
2949 577 3053 632 scit
3073 577 3405 634 voluntatem
3427 577 3630 634 domini

2043 663 2149 727 sui,
2185 672 2239 717 et
2278 680 2384 718 non
2426 664 2554 720 facit
2583 680 2727 731 eam,
2761 664 3032 735 vapulabit
3054 666 3238 721 multis
3268 666 3421 738 (Luc.
3448 666 3570 740 xu).
3605 688 3622 719 ι

2047 753 2114 807 Et
2146 771 2159 807 ;
2216 773 2233 805 ι
2282 753 2539 811 Potentes
2576 766 2823 826 potenter
2854 767 3120 814 tormenta
3152 746 3424 829 patientur
3465 758 3629 833 (Sap.

2043 844 2140 912 vt).
2176 864 2192 893 ι
2225 844 2393 899 Porro
2417 847 2556 915 quod
2581 862 2679 916 pro
2705 848 2904 904 divitiis
2926 850 3095 904 otium
3128 850 3180 904 in
3212 850 3438 907 Hebraeo
3462 853 3633 907 conti-

2043 940 2223 996 netur,
2238 933 2513 989 sciendum
2548 937 2614 990 ad
2643 937 2791 991 illum
2817 955 3034 994 sensum
3057 941 3331 1011 pertinere
3363 960 3376 995 :
3406 962 3423 992 ι
3460 942 3512 996 iu
3547 943 3637 998 dc-

2045 1022 2088 1075 si
2102 1022 2262 1077 leriis
2276 1024 2547 1080 estomnis
2564 1026 2743 1081 anima
2761 1029 2940 1093 otiosi,
2966 1049 2982 1081 ι
3003 1031 3143 1099 quod
3161 1030 3407 1087 videlicet
3424 1048 3637 1102 semper

2045 1112 2245 1183 aliquid
2276 1117 2541 1185 agendum
2571 1118 2664 1184 sit,
2696 1135 2763 1175 ne
2797 1135 2922 1191 ager
2943 1124 3362 1191 peetorisnostri
3387 1135 3633 1179 cessante

2044 1225 2205 1265 manu
2247 1212 2509 1268 malarum
2544 1216 2934 1285 cogitationum
2976 1219 3220 1274 sentibus
3250 1231 3560 1289 occupetur.

2123 1320 2140 1350 ι
2179 1301 2318 1373 Ergo
2348 1313 2403 1357 et
2434 1312 2487 1358 tu
2511 1316 2666 1375 porta
2696 1306 3069 1362 confusionem
3107 1318 3274 1374 tuam,
3299 1326 3421 1379 qua:
3458 1311 3634 1365 vicisti

2051 1409 2070 1440 ι
2113 1406 2330 1446 sorores
2365 1402 2484 1449 tuas
2510 1394 2746 1462 peccatis
2772 1396 2901 1461 tuis,
2949 1396 3266 1453 sceleratius
3314 1414 3479 1468 agens
3511 1399 3637 1460 illis.

2052 1501 2070 1533 ι
2109 1482 2420 1552 justiﬁcatm
2463 1487 2613 1540 enim
2648 1496 2776 1542 sunt
2814 1503 2842 1541 a
2889 1497 2960 1543 te.
3014 1509 3035 1541 ι
3080 1488 3350 1561 (Iliorum)
3389 1491 3636 1547 Seetznlzt

2045 1580 2169 1642 post
2198 1572 2539 1645 naufragium
2562 1577 2747 1631 tabula
2786 1586 2891 1644 est,
2931 1594 3054 1634 cum
3096 1581 3409 1649 peccaveris
3446 1583 3639 1637 erute-

2045 1676 2219 1725 scere,
2248 1670 2302 1717 et
2333 1679 2439 1718 non
2463 1664 2535 1720 illi
2564 1667 2848 1737 subj-acere
2878 1668 3252 1738 increpationi,
3288 1686 3409 1740 qua:
3443 1684 3635 1725 contra

2044 1743 2343 1801 Jerusalem
2375 1749 2593 1814 dicitur,
2627 1771 2644 1802 ι
2682 1750 2847 1806 facies
2871 1754 3171 1809 meretricis
3197 1753 3336 1813 facta
3382 1765 3464 1811 est
3518 1757 3633 1813 tibi.

2050 1835 2228 1890 nescis
2252 1838 2594 1895 erubescere.
2625 1860 2643 1891 ι
2672 1840 2858 1897 Portat
2883 1852 3062 1898 autem
3100 1852 3424 1900 tormentum
3447 1864 3599 1901 suum
3623 1888 3634 1907 ,

2050 1928 2141 1997 qui
2172 1931 2385 1999 propria
2414 1938 2698 2001 torquetur
2724 1936 3079 2001 conscientia,
3110 1946 3167 1991 et
3219 1939 3271 1991 in
3312 1938 3414 1995 isto
3443 1939 3639 1997 seaculi.

2049 2021 2284 2075 sustinet
2307 2024 2524 2093 pr0pria
2555 2024 2829 2081 voluntate
2847 2028 3176 2093 cruciatum,
3210 2044 3275 2084 ne
3301 2037 3501 2085 :etesna
3538 2039 3641 2085 tor-

2049 2119 2232 2166 menta
2277 2114 2563 2169 sustineat.
2621 2116 3138 2187 Corrumpimusque
3184 2117 3381 2174 fratres
3426 2128 3642 2176 nostros

2050 2200 2136 2257 vel
2162 2217 2376 2260 sorores
2406 2205 2646 2275 peccatis
2676 2208 2902 2273 nostris,
2932 2209 3160 2278 quando
3194 2218 3378 2264 nostro
3416 2220 3640 2279 peccatu

2050 2292 2119 2348 ad
2167 2293 2371 2365 majora
2412 2295 2616 2352 scelera
2661 2308 3041 2367 provocantur.
3076 2298 3229 2368 Quod
3252 2300 3372 2355 dico
3418 2302 3492 2356 ita
3549 2302 3642 2357 lict

2050 2382 2428 2440 manifestius:
2459 2386 2602 2458 finge
2636 2387 2870 2458 aliquem
2929 2389 2980 2443 in
3035 2391 3357 2445 sacerdotali
3407 2392 3641 2447 culmine

2050 2475 2424 2542 constitutum,
2462 2493 2567 2534 nou
2608 2480 2748 2535 bene
2786 2480 2992 2545 vivere,
3031 2489 3085 2536 et
3128 2482 3415 2552 drturpare
3457 2485 3637 2553 operi-

2049 2566 2151 2621 bus
2179 2567 2494 2638 dignitatem
2530 2587 2543 2623 :
2580 2586 2759 2626 nonne
2791 2572 3093 2627 imitatione
3120 2574 3372 2628 vitiorum
3404 2575 3521 2645 ejus
3545 2576 3641 2631 lai-

2049 2671 2144 2710 cus
2170 2656 2335 2711 frater
2366 2661 2765 2730 corrumpitur?
2792 2661 2928 2717 Natn
2953 2672 3009 2718 et
3037 2663 3129 2734 qui
3154 2681 3318 2720 unum
3359 2667 3424 2722 de
3476 2667 3605 2721 mitti
3626 2700 3637 2707 -

2050 2747 2152 2801 mis
2194 2749 2664 2816 seandalizaverit,
2694 2752 2837 2807 mola
2866 2754 3006 2808 collo
3031 2756 3247 2826 alligata
3272 2758 3643 2828 prteripitatur

2051 2837 2102 2891 iu
2140 2838 2481 2906 profundum.
2514 2840 2743 2899 Sorores
2782 2861 2998 2917 quoque
3044 2845 3368 2914 Jerusalem,
3405 2848 3639 2906 Sodoma

2048 2938 2104 2983 et
2132 2928 2377 2986 Samaria
2396 2929 2786 3002 justiticantur,
2817 2953 2921 2991 nou
2950 2953 3058 3008 quo
3094 2955 3195 3009 per
3223 2956 3281 2996 se
3303 2939 3468 3012 justa:
3509 2943 3638 3007 sint,

2048 3022 2144 3077 sed
2173 3030 2230 3077 ut
2260 3023 2493 3109 diximus
2523 3030 2927 3098 comparatione
2957 3032 3177 3103 pejoris.

2125 3131 2146 3166 ι
2178 3114 2320 3187 Ergo
2341 3126 2462 3172 ettu
2486 3119 2817 3179 confundere
2839 3132 2892 3179 et
2917 3133 3074 3195 porta
3100 3126 3451 3197 ignominiam
3472 3138 3640 3194 tuam,

2054 3223 2073 3255 ι
2119 3219 2239 3276 qua
2274 3205 2585 3275 justificasti
2633 3228 2853 3269 sorores
2893 3224 3032 3271 tuas.
3075 3238 3093 3268 ι
3138 3218 3522 3277 Confusiouem
3559 3240 3644 3279 se-

2048 3300 2234 3370 quitur
2260 3300 2549 3370 ignominia
2573 3344 2587 3367 ,
2616 3304 2967 3376 ignominiam
3004 3312 3296 3381 correptio,
3345 3316 3643 3385 correptiu-

2049 3405 2170 3444 nem
2220 3391 2519 3447 consolatio
2549 3436 2563 3459 ,
2609 3396 3035 3454 consolationem
3082 3401 3263 3468 salus,
3310 3403 3465 3473 juxta
3513 3407 3642 3461 illud

2047 3481 2288 3553 Apostoli
2324 3502 2335 3536 :
2372 3501 2389 3533 ι
2426 3482 2723 3540 Tribulatio
2739 3498 2997 3557 operatur
3017 3492 3651 3565 patientiam,patientia.

2048 3572 2440 3644 probationem,
2472 3578 2719 3645 probatio
2744 3594 2873 3634 vero
2915 3596 3087 3651 spem,
3136 3600 3260 3654 spes
3306 3598 3484 3643 autem
3533 3606 3640 3645 una

2050 3663 2329 3720 confundit
2347 3665 2604 3738 (Reum).
2621 3689 2637 3714 ι
2662 3668 2813 3726 [laud
2838 3671 3056 3727 dubium
3079 3674 3208 3744 quitt
3226 3674 3278 3730 in
3297 3674 3496 3742 futuro,
3515 3681 3641 3748 quia

2047 3755 2101 3810 in
2128 3756 2536 3825 praesentiarum
2584 3773 2675 3811 sua
2711 3774 2808 3828 per
2855 3759 3228 3816 confusionem
3279 3774 3503 3833 peccata
3552 3768 3643 3822 dc-

2047 3845 2195 3900 levit.
2222 3845 2353 3901 Tale
2382 3846 2511 3917 quid
2541 3859 2595 3902 et
2629 3848 2755 3902 i;lutl
2780 3849 3055 3923 Evangelii
3088 3864 3246 3909 sonat
3278 3872 3290 3907 :
3323 3873 3339 3905 ι
3380 3855 3473 3911 Est
3513 3873 3642 3912 con-

2049 3938 2190 3994 fusio
2242 3955 2363 4010 qute
2411 3940 2559 3994 ducit
2599 3942 2666 3997 ad
2715 3952 2970 4010 mortem,
3006 3953 3062 4001 ct
3100 3956 3183 4002 est
3229 3948 3475 4004 confusio
3522 3968 3642 4021 qtne

2048 4037 2196 4092 ducit
2226 4037 2294 4092 ad
2320 4037 2485 4092 vitam
2536 4036 2726 4110 (Eccli.
2757 4039 2853 4112 tv).
2893 4061 2911 4093 ι
2965 4039 3211 4112 Spiritus.
3256 4059 3470 4115 quoque
3520 4060 3645 4099 san-

2046 4136 2166 4185 ctus
2189 4138 2505 4199 peceatores
2532 4131 2787 4187 hortatur
2827 4134 2880 4188 in
2932 4132 3163 4190 Psalmis
3192 4148 3206 4188 :
3239 4154 3257 4186 ι
3295 4134 3645 4193 Confundau-

2049 4228 2137 4276 tur
2162 4230 2218 4276 et
2245 4231 2598 4278 revereantur
2622 4237 2812 4279 omnes
2844 4224 3044 4279 inimici
3077 4226 3204 4290 mei,
3255 4236 3643 4282 convertantur

2047 4319 2346 4367 retrorsum
2396 4320 2452 4368 et
2494 4312 2898 4368 confundantur
2942 4314 3096 4369 valde
3147 4314 3405 4370 velociter
3451 4314 3637 4384 (Ρδιιι.

2048 4404 2260 4475 xxxu).
2305 4424 2322 4457 ι
2365 4402 2639 4475 Scriptutn
2671 4415 2757 4461 est
2806 4415 2859 4460 et
2908 4410 2960 4459 in
3011 4406 3118 4460 alio
3155 4406 3273 4463 loco
3318 4420 3335 4461 :
3372 4428 3390 4459 ι
3433 4409 3530 4464 Dic
3585 4419 3638 4464 tu

349 4496 646 4552 moderata:
675 4495 988 4552 refectionis
1016 4495 1251 4553 excedit.
1304 4494 1575 4567 (Ηὶετοη.)
1625 4494 1696 4549 Et
1741 4494 1795 4549 in
1840 4480 2024 4549 τιιίοΠ
2048 4494 2285 4565 primum
2336 4504 2556 4565 peccata
2605 4503 2720 4559 tua,
2757 4504 2815 4550 ut
2857 4495 3176 4567 justiﬁceris
3227 4498 3362 4570 (Iaa.
3398 4505 3572 4561 mn).
3616 4524 3631 4554 ι

349 4583 471 4641 loco
499 4586 569 4641 de
598 4586 763 4643 Israel
791 4587 1052 4657 scriptum
1079 4596 1164 4643 est
1207 4604 1221 4641 :
1268 4605 1287 4637 ι
1329 4586 1674 4642 Manducavit
1710 4593 1768 4640 et
1808 4585 1944 4645 bibit

348 4684 402 4728 et
434 4684 710 4731 saturatus
728 4686 836 4742 est,
864 4685 921 4732 et
942 4677 1328 4747 impinguatus,
1360 4684 1417 4733 et
1455 4676 1764 4732 caleitravit
1804 4675 1940 4732 dile-

350 4778 474 4824 ctus
516 4768 696 4839 (Deut.
733 4771 927 4843 χχιιι).
986 4769 1141 4837 Quod
1187 4770 1367 4825 sciens
1411 4778 1468 4824 et
1509 4769 1943 4840 sapientissimus

350 4862 595 4918 omnium
632 4862 885 4919 Salomon
929 4864 985 4918 in
1016 4862 1325 4921 Proverbiis
1358 4863 1723 4933 deprecatur:
1761 4881 1781 4914 ι
1820 4861 1942 4918 Tri-

350 4954 457 5009 bue
487 4954 618 5008 mihi
646 4954 978 5019 necessaria,
1005 4962 1063 5009 et
1083 4968 1204 5023 qua
1240 4952 1526 5018 sufficiant,
1563 4966 1632 5007 ne
1672 4959 1944 5008 saturatos

351 5046 586 5100 mendax
625 5045 851 5111 alliciar,
890 5054 947 5101 et
985 5045 1162 5101 dicam
1204 5064 1219 5099 :
1269 5044 1402 5113 Quis
1442 5059 1529 5099 me
1573 5043 1810 5100 videbit?
1853 5051 1945 5098 aut

350 5151 561 5207 pauper
586 5134 813 5191 effectus
850 5134 1022 5200 furer,
1069 5144 1126 5191 et
1155 5133 1425 5204 perjurem
1472 5148 1668 5189 nomen
1699 5133 1795 5188 Dei
1836 5132 1942 5187 mei

352 5226 539 5294 (Prov.
573 5225 723 5287 xxx).
765 5244 782 5278 ι
814 5225 1076 5295 Quodque
1109 5226 1353 5296 sequitur
1394 5243 1407 5280 :
1455 5243 1474 5276 ι
1519 5226 1585 5280 Et
1630 5223 1941 5294 justificasti

353 5332 572 5372 sorores
605 5326 726 5374 tuas
762 5318 817 5372 in
855 5318 1067 5373 cunctis
1118 5317 1609 5374 abominationibus
1657 5317 1767 5373 tuis
1806 5333 1942 5389 quas

353 5418 574 5479 operata
598 5425 681 5476 es,
714 5430 733 5464 ι
762 5426 871 5467 non
895 5411 1214 5481 simpliciter
1232 5411 1410 5481 justas
1434 5410 1724 5468 Sodomam
1760 5419 1818 5467 et
1845 5410 1941 5467 Sac

357 5502 584 5559 luat-iam
623 5518 745 5559 esse
789 5502 1057 5568 decernit,
1096 5502 1193 5559 sed
1234 5518 1333 5573 pro
1370 5503 1772 5573 comparatione
1795 5503 1944 5560 dete-

354 5592 592 5656 riorum;
618 5595 888 5663 quomodo
923 5603 981 5650 et
1006 5594 1348 5664 publicanus,
1370 5591 1440 5650 de
1477 5610 1586 5665 quo
1611 5610 1774 5666 supra
1805 5595 1943 5650 dixir

357 5698 498 5746 tuus.
529 5702 631 5739 non
660 5686 900 5741 absolute
929 5687 1124 5743 dicitur
1162 5684 1361 5756 justus,
1398 5685 1491 5742 sed
1520 5686 1805 5742 collatione
1852 5702 1943 5758 pc-

2052 4583 2120 4639 Et
2153 4599 2411 4639 rursum:
2450 4603 2467 4634 ι
2505 4582 2696 4640 Justus
2734 4595 3022 4641 accusator
3071 4587 3155 4642 sui
3183 4596 3302 4655 est,
3338 4589 3395 4645 in
3434 4591 3609 4660 priuei

2047 4675 2139 4746 pio
2183 4675 2453 4731 sermonis
2488 4672 2670 4747 (I‘rov.
2704 4678 2881 4746 xvttt).
2924 4697 2943 4730 ι
2991 4676 3108 4733 Non
3137 4679 3301 4751 igitur
3348 4681 3551 4737 mirum
3592 4682 3637 4736 si

2048 4776 2372 4836 provocetur
2415 4765 2717 4823 Jerusalem
2774 4769 2843 4825 ad
2892 4770 3266 4829 confusionem
3310 4784 3367 4831 et
3411 4776 3639 4846 ignomi~

2050 4858 2217 4923 niam,
2249 4872 2370 4927 qua:
2391 4858 2659 4912 intantum
2687 4860 2963 4929 peccavit,
2977 4869 3037 4917 ut
3058 4861 3388 4933 justiflcaret
3422 4880 3640 4923 sorores

2051 4963 2199 5005 suas.
2229 4947 2326 5004 Cui
2358 4947 2614 5017 deinceps
2631 4948 2851 5017 dicitur,
2882 4969 2900 5003 ι
2921 4959 3071 5020 ettu,
3097 4962 3157 5010 et
3172 4953 3296 5012 ﬁlite
3323 4963 3426 5012 tute
3450 4970 3637 5013 rever-

2054 5044 2228 5107 timini
2250 5046 2305 5100 in
2336 5045 2620 5116 antiquum
2644 5055 2879 5104 statum.
2902 5067 2920 5101 ι

2128 5156 2148 5189 ι
2193 5138 2261 5193 Et
2286 5148 2599 5195 convertam
2628 5140 2921 5197 restituens
2944 5156 3041 5198 eas
3084 5143 3443 5201 conveniens
3466 5142 3640 5199 Sodo-

2057 5247 2084 5282 ι
2116 5244 2333 5285 morum
2372 5246 2496 5287 cum
2524 5230 2738 5288 filiabus
2758 5232 2891 5298 suis,
2918 5240 2973 5289 et
2996 5235 3349 5291 conversione
3377 5234 3639 5292 Samaria:

2053 5338 2072 5371 ι
2118 5328 2176 5375 et
2200 5319 2432 5377 ﬁliarum
2457 5320 2593 5392 ejus.
2630 5321 2700 5376 Et
2717 5330 3030 5379 convertant
3054 5324 3463 5380 conversionem
3489 5332 3637 5380 tuam

2052 5428 2073 5461 ι
2117 5410 2172 5465 in
2203 5411 2381 5469 medio
2414 5426 2603 5466 earum
2657 5419 2714 5466 ut
2753 5422 2938 5483 portes
2979 5411 3335 5483 ignominiam
3369 5419 3538 5477 tuam,
3583 5420 3641 5469 et

2053 5522 2079 5556 ι
2118 5502 2469 5559 eonfunderis
2531 5503 2586 5557 in
2634 5504 2888 5560 omnibus
2938 5518 3059 5573 qua:
3120 5501 3297 5560 fecisti
3351 5501 3639 5564 consolans

2053 5614 2077 5648 ι
2117 5610 2230 5652 eas.
2272 5615 2291 5648 ι
2337 5595 2571 5652 Grandis
2596 5595 2869 5667 profectus
2915 5580 3237 5662 Jerusalem,
3263 5604 3327 5652 ut
3363 5603 3488 5667 post
3508 5612 3637 5655 cum

2050 5685 2314 5742 fusionem
2345 5696 2397 5740 et
2434 5686 2802 5758 ignominiam,
2839 5700 3001 5756 quam
3042 5684 3247 5742 illatam
3278 5686 3381 5744 sibi
3420 5685 3515 5743 Dei
3546 5688 3637 5757 ju.
