3954 6182
429 291 527 346 0')!

1077 293 1135 347 Β.
1177 290 1431 348 RABANI
1468 290 1689 348 MAURI
1722 290 2041 347 ARClllEP.
2080 291 2394 349 MOCUNT.
2431 293 2715 352 OPERUSI
2757 295 2937 353 PARS
2971 298 3034 353 ll.

3615 306 3708 364 (itii

424 412 568 469 dicio
609 411 839 467 libenter
861 412 1074 479 excepit
1101 418 1263 480 atque
1285 410 1539 480 portavit,
1567 408 1755 465 dicens
1780 422 1794 462 :
1829 428 1849 459 ‹
1875 408 2016 464 lram
2046 423 2092 481 Α
2121 404 2257 474 ejus.
2296 407 2468 463 Urbes
2495 409 2743 466 videlicet
2771 420 2828 466 et
2854 411 3059 468 viculos
3100 422 3156 468 ct
3180 415 3422 483 castella,
3471 435 3595 490 qua:
3614 424 3706 481 sub

423 502 638 560 Domini
673 505 954 559 sustinebo
979 504 1232 572 quoniam
1259 503 1477 573 peccavi
1497 504 1549 558 ei
1578 525 1590 559 :
1615 523 1633 556 ι
1659 505 2009 575 promittatur

421 595 473 651 ei
503 596 772 651 restitutio
809 596 862 649 in
906 594 1183 664 antiquum
1231 602 1452 649 statum.
1512 594 1617 650 Sed
1656 605 1836 651 tamen
1876 611 2009 666 quo-

422 688 570 743 niam
628 687 1030 756 comparatione
1076 686 1346 741 scelerum
1401 686 1518 756 ejus
1565 687 1859 756 justiiicata
1901 697 2002 752 est,

420 782 652 837 Sodoma
687 790 745 836 et
770 778 1016 836 Samaria
1047 796 1277 850 quarum
1309 781 1480 836 altera
1507 797 1539 835 a
1568 782 1796 847 dextris,
1832 782 2003 836 altera

418 888 449 926 a
480 871 718 927 sinistris
753 881 858 935 est,
911 872 1143 943 primum
1195 872 1501 927 restituitur
1535 873 1842 938 conversio,
1889 873 2003 928 sive

413 960 990 1032 captivitas‘Sodomxe,
1023 970 1084 1017 ut
1111 963 1499 1033 interpretatus
1524 971 1610 1019 est
1650 964 1867 1034 Aquila.
1905 964 2002 1021 Se-

411 1054 588 1110 cundo
616 1055 903 1125 captivitas
929 1056 1216 1123 Samarim,
1242 1066 1302 1112 ut
1354 1058 1495 1113 idem
1523 1057 1718 1127 Aquila
1761 1068 1815 1114 et
1841 1058 1997 1133 Sym-

409 1147 637 1202 machus
668 1148 1077 1203 transtulerunt.
1121 1147 1190 1203 Et
1224 1149 1516 1205 novissima
1573 1150 1877 1205 restituitur
1908 1150 1997 1206 Je—

408 1241 664 1305 rusalem,
716 1257 837 1313 quae
861 1243 1067 1315 majore
1095 1243 1272 1299 fuerat
1301 1244 1587 1315 iniquitate
1626 1244 1905 1316 depressa,
1942 1254 1998 1301 et

407 1334 740 1402 peccatrices
786 1349 999 1390 sorores
1034 1335 1319 1391 collatione
1355 1335 1437 1389 sui
1460 1335 1638 1406 justas
1667 1351 1789 1391 esse
1836 1352 1994 1392 mon-

405 1432 693 1479 straverat.
718 1423 815 1480 Cui
843 1426 988 1481 enim
1020 1425 1265 1489 dubium,
1293 1425 1421 1497 quin
1450 1427 1590 1481 inter
1612 1435 1723 1481 tres
1744 1436 1995 1497 peccato-

403 1529 492 1569 res
519 1514 630 1569 imo
648 1514 861 1584 impios,
879 1517 1153 1588 gentilem,
1177 1517 1514 1583 lucretieum,
1537 1518 1990 1584 ecclesiasticum,

404 1602 573 1659 multo
592 1604 889 1675 majoribus
916 1606 1093 1675 pmnis
1115 1606 1308 1676 dignus
1335 1606 1422 1667 sit,
1461 1606 1551 1676 qui
1581 1604 1801 1675 majoris
1831 1605 1993 1663 fuerit

401 1694 713 1767 dignitatis?
763 1715 783 1749 ι
836 1697 1095 1754 Potentes
1132 1698 1302 1763 enim,
1353 1707 1413 1753 ut
1439 1698 1697 1765 diximus,
1738 1707 1992 1770 potenter

2118 496 2290 567 ipsius
2312 500 2491 553 futura
2527 509 2655 554 sunt
2702 508 2975 571 potestate
3001 502 3293 571 ﬂorituras,
3349 515 3409 561 ut
3438 511 3703 579 priusllo-

2110 598 2355 643 ruerunt.
2397 588 2465 643 Et
2512 590 2686 660 ipsam
2735 589 3036 648 Jerusalem
3091 608 3226 651 auro
3259 605 3317 651 et
3355 610 3603 670 argenta,
3653 614 3703 662 α

2105 681 2360 748 pretiosis
2405 680 2676 751 lapidibus
2732 686 3136 742 extmendam:
3187 688 3257 745 de
3296 705 3403 761 qua
3431 701 3489 749 et
3540 695 3699 757 Isaias

2106 773 2433 829 vaticinatur
2465 792 2478 829 :
2512 794 2532 828 ‹
2575 774 2919 834 Constituam
2965 779 3180 851 judices
3207 789 3330 840 tuos
3366 786 3508 843 sicut
3558 792 3698 861 prius

2103 873 2160 919 et
2185 865 2525 922 consiliarios
2540 875 2669 923 tuos
2694 868 2836 925 sicut
2858 885 2890 924 a
2915 872 3203 943 principio.
3232 873 3301 930 Et
3326 888 3452 948 post
3474 879 3593 936 hac
3616 898 3697 940 vo-

2102 956 2315 1013 caberis
2340 958 2532 1015 civitas
2554 958 2803 1029 justitiaa,
2833 970 3011 1019 mater
3037 965 3341 1035 civitatum,
3374 971 3551 1029 ﬁdelis
3573 971 3694 1031 Sion

2102 1046 2243 1118 (Isa.
2288 1047 2350 1119 I).
2405 1068 2457 1101 ο·
2484 1049 2549 1104 Et
2596 1058 2783 1107 nostra
2825 1052 3069 1125 loquitur
3122 1057 3476 1133 Apocalypsis
3513 1063 3690 1135 (Apoc.

2101 1136 2238 1209 xxi).
2269 1139 2338 1195 Et
2364 1140 2532 1195 David
2559 1142 2708 1198 canit
2739 1162 2752 1198 :
2789 1161 2809 1196 ι
2853 1144 3002 1202 Bene
3023 1145 3131 1212 fac,
3182 1149 3433 1217 Domine,
3472 1155 3526 1208 in
3558 1156 3690 1212 bona

2100 1229 2375 1286 voluntate
2400 1231 2551 1298 Sion,
2572 1235 2981 1294 utmditicentur
3014 1239 3151 1294 muri
3180 1239 3483 1299 Jerusalem
3521 1243 3686 1316 (Psal.

2099 1320 2173 1392 ι).
2234 1341 2254 1373 ι
2329 1321 2396 1375 Et
2434 1322 2488 1377 in
2528 1323 2637 1378 alio
2667 1324 2835 1382 loco:
2872 1343 2892 1378 ι
2938 1325 3378 1386 ιΕάἱῐὶοεώυιιιυι·
3444 1335 3689 1391 civitates

2095 1409 2266 1477 Judm,
2291 1422 2347 1468 et
2376 1414 2777 1482 inhabitabunt,
2804 1429 2859 1472 et
2884 1420 3364 1477 commorabuntu-r
3397 1425 3494 1488 ibi,
3522 1434 3581 1479 et
3605 1440 3685 1480 se-

2095 1521 2220 1561 men
2240 1520 2429 1562 eorum
2452 1508 2505 1562 in
2522 1518 2786 1565 :eternum
2809 1510 3071 1582 dirigetur
3092 1510 3266 1585 (Paul.
3312 1527 3366 1568 cr
3400 1513 3445 1585 ).
3482 1531 3504 1566 ι
3585 1517 3686 1573 Nos

2094 1608 2274 1653 autem
2315 1599 2506 1655 borum
2533 1599 2832 1671 perfectam
2858 1602 3141 1658 scientiam
3175 1603 3271 1660 Dei
3290 1603 3500 1673 judicio
3530 1607 3685 1662 relin-

2091 1700 2341 1763 quentes,
2396 1694 2508 1749 imo
2555 1690 2762 1764 liquido
2802 1693 3160 1763 confidentes,
3216 1707 3342 1768 post
3386 1701 3682 1757 secundum

401 1796 670 1844 tormenta
712 1790 1009 1860 patientur.
1060 1810 1079 1843 ι
1143 1790 1244 1858 Qui
1287 1798 1468 1846 autem
1504 1790 1763 1847 miniatus
1805 1790 1986 1857 fuerit,
2019 1802 2065 1863 Β
2092 1784 2385 1839 adventum
2408 1786 2619 1842 Domini
2668 1786 2965 1844 Salvatoris
2986 1790 3123 1845 nihil
3155 1790 3378 1857 humile,
3438 1792 3575 1847 nihil
3602 1791 3680 1849 fu-

399 1879 594 1949 dignus
620 1887 704 1935 est
737 1881 1129 1937 misericordia.
1166 1901 1185 1933 ι
1220 1882 1287 1937 Εῑ
1311 1897 1520 1947 servus,
1553 1883 1643 1953 qui
1675 1883 1778 1939 scit
1798 1883 1989 1938 volun-

398 1977 565 2025 tatem
595 1968 797 2025 domini
822 1971 930 2035 sui,
976 1981 1030 2026 et
1059 1988 1162 2026 non
1186 1971 1317 2028 facit
1341 1988 1485 2037 eam,
1540 1973 1815 2044 vapulabit
1845 1974 1988 2029 mal--

398 2061 485 2116 tis.
521 2081 539 2114 ι
571 2060 721 2118 Unde
745 2070 800 2117 et
830 2063 1025 2118 Petrus
1051 2082 1062 2117 :
1100 2082 1119 2114 ι
1148 2063 1405 2133 Tempus,
1438 2065 1632 2135 inquit,
1664 2073 1749 2120 est
1773 2073 1829 2119 ut
1852 2065 1988 2121 inci-

396 2152 510 2223 piat
546 2152 809 2223 judicium
852 2155 920 2211 de
962 2155 1124 2211 domo
1158 2155 1375 2210 Domini
1415 2154 1466 2228 (Ι
1513 2156 1658 2211 Petr.
1697 2156 1803 2228 IV).
1846 2177 1865 2209 ι
1918 2157 1983 2213 Et

396 2245 447 2298 in
480 2245 585 2301 hoc
619 2247 806 2302 eodem
835 2246 1103 2319 Propheta
1130 2248 1443 2320 praecipitur
1472 2264 1692 2305 secures
1728 2250 1980 2305 habenti-

393 2334 532 2390 bus:
582 2354 602 2388 ‹
634 2351 664 2392 a
701 2339 904 2395 sanctis
932 2339 1068 2395 meis
1112 2339 1351 2410 incipite.
1394 2359 1413 2393 ο
1449 2340 1521 2396 Ut
1549 2348 1793 2397 extrema
1826 2341 1982 2398 Jeru-

389 2425 557 2482 salem
584 2428 866 2485 sororibus
915 2438 1040 2485 ante
1065 2430 1342 2486 conversis
1374 2439 1429 2486 et
1471 2432 1738 2488 restitutis
1777 2433 1829 2488 in
1862 2433 1977 2503 pri-

388 2514 590 2572 stinum
638 2525 870 2585 statum,
910 2527 1091 2589 portet
1142 2521 1489 2592 ignominiam
1518 2536 1694 2589 suam,
1740 2531 1795 2578 et
1841 2539 1975 2579 con-

387 2610 645 2668 fundatur
684 2622 738 2670 et
770 2615 1053 2672 erubescat
1088 2632 1250 2686 super
1279 2617 1365 2672 bis
1402 2633 1521 2688 qum
1551 2628 1892 2688 peccaverat,
1919 2629 1975 2675 et

388 2700 445 2758 in
471 2704 722 2759 omnibus
760 2706 1071 2761 consoletur
1112 2721 1326 2763 sorores
1352 2723 1502 2772 suas,
1557 2709 1682 2763 dum
1724 2711 1973 2780 graviora

386 2794 636 2849 sustinet.
679 2796 775 2851 Vel
814 2804 963 2853 certe
996 2798 1117 2852 ideo
1159 2797 1521 2853 confundatur
1567 2809 1622 2854 et
1662 2802 1968 2868 erubescat,

2093 1882 2273 1929 turum
2299 1887 2421 1930 esse
2448 1883 2741 1943 terrenum,
2786 1879 2881 1934 sed
2907 1893 3072 1950 regna
3093 1878 3360 1946 crelestia,
3405 1893 3531 1950 qua:
3577 1880 3681 1951 pti-

2088 1979 2237 2020 mum
2260 1966 2315 2020 in
2346 1967 2639 2040 Evangelio
2663 1969 3078 2040 promittuntur,
3129 1970 3232 2025 hoc
3256 1969 3491 2026 dicimus
3539 1973 3679 2041 quod

2087 2056 2142 2110 in
2167 2055 2421 2114 Ecclesiae
2454 2067 2595 2114 statu
2654 2069 2849 2116 cuncta
2879 2060 3146 2132 completa
3182 2060 3311 2127 sint,
3355 2070 3412 2117 et
3440 2064 3678 2132 quotidie

2085 2148 2477 2218 compleantur.
2536 2149 2772 2207 Sodoma
2818 2153 3112 2209 revertitur
3142 2154 3195 2207 in
3229 2153 3515 2224 antiquum
3566 2164 3675 2211 sta-

2084 2248 2219 2306 tum,
2254 2242 2470 2312 quando
2525 2253 2733 2301 natura;
2777 2261 2889 2301 suae
2914 2247 3126 2303 reddita
3177 2248 3393 2318 gentilis
3431 2251 3586 2319 prius
3627 2258 3677 2306 ct

2072 2331 2219 2402 justa
2271 2336 2453 2390 anima
2506 2336 3124 2409 intelligitCreatorem.
3174 2339 3423 2396 Samaria
3480 2341 3674 2413 recipit

2079 2425 2355 2495 antiquam
2386 2427 2773 2484 beatitudinem
2799 2430 3178 2487 haereticorum
3216 2447 3403 2488 errore
3432 2442 3674 2489 contem-

2074 2523 2186 2584 pto,
2231 2525 2285 2570 et
2308 2515 2497 2585 juncta
2518 2518 2781 2576 doctrina:
2808 2529 2863 2577 et
2892 2521 3015 2579 fidei
3043 2521 3382 2579 Christianae.
3428 2524 3674 2597 Cumque

2076 2605 2180 2660 ilice
2230 2622 2465 2664 reversae
2517 2609 2765 2678 fuerint,
2819 2623 2876 2668 et
2923 2612 3226 2671 Jerusalem
3277 2616 3420 2672 visio
3472 2620 3666 2689 pacis,

2074 2713 2195 2768 quae
2239 2700 2625 2772 interpretatur
2655 2704 2921 2771 Ecclesia,
2956 2716 3259 2763 revertetur
3288 2708 3341 2764 in
3378 2709 3670 2779 pristinum

2072 2796 2294 2844 statum.
2324 2791 2401 2845 De
2426 2806 2533 2862 qua
2568 2794 2831 2864 scriptum
2874 2804 2997 2852 est:
3030 2814 3050 2847 ‹
3092 2797 3292 2853 Factus
3322 2806 3409 2854 est
3454 2800 3509 2855 in
3533 2815 3666 2870 pace

383 2883 512 2955 quia
548 2884 717 2941 Deum
785 2886 852 2940 ad
896 2887 1229 2942 iracundiam
1290 2890 1681 2958 provocaverit.
1728 2891 1803 2945 Ex
1864 2907 1971 2962 quo
2070 2876 2223 2934 locus
2268 2879 2385 2950 93"5
2415 2876 2587 2953 (Ρδαίο
2626 2881 2809 2955 ωατν)·
2862 2904 2881 2936 ³
2925 2884 3034 2939 Eli
3096 2904 3115 2936 ί
3153 2884 3455 2942 Jerusalem
3483 2928 3502 2953 θ
3551 2903 3670 2959 (lim

381 2975 727 3047 perspicuum
758 2991 864 3031 non
901 2991 1022 3032 esse
1061 2976 1362 3033 naturalem
1411 2978 1547 3033 iram
1593 2979 1707 3046 Dei,
1735 2980 1831 3036 sed
1867 2996 1965 3037 no-
2068 2970 2370 3026 ωαίθοδιυτ
2396 2981 2459 3027 αι
2503 2973 2715 3039 οῖνίιθεν
2750 2975 2903 3047 “illis
2944 2978 3291 3048 υαηίείρθῑίο
3338 2977 3460 3048 θίειε
3502 2980 3558 3033 ίιι
3595 2980 3671 3034 κ’

381 3066 513 3121 stris
569 3066 716 3122 vitiis
782 3065 1264 3122 clementissimum
1331 3076 1387 3123 et
1465 3070 1965 3129 mansuetissimam

2077 3060 2244 3132 ipsum
2271 3059 2446 3135 (Paul.
2469 3064 2638 3137 cxxt).
2687 3085 2706 3118 ι
2750 3067 2819 3122 Ει
2842 3068 2897 3122 in
2924 3068 3181 3139 Apostolo
3210 3087 3224 3124 :
3263 3089 3282 3122 ι
3325 3069 3458 3138 Quae
3482 3082 3667 3127 autem

379 3155 572 3223 Deum,
615 3156 681 3211 ad
706 3156 1039 3213 iracundiam
1066 3159 1371 3227 provocari,
1420 3159 1633 3215 dicente
1657 3159 1915 3230 Apostolo
1946 3181 1959 3216 :
1990 3165 2036 3229 (ζ
2066 3163 2281 3205 sursum
2334 3161 2442 3219 est.
2496 3152 2796 3210 Jerusalem
2845 3155 3015 3212 libera
3065 3169 3172 3224 εει,
3224 3168 3453 3227 (11³³⁸⁸³3εάι
3492 3170 3669 3216 male?

385 3264 406 3297 ι
450 3244 534 3300 An
563 3245 780 3302 divitias
806 3246 1064 3303 bonitatis
1102 3246 1220 3316 ejus
1262 3257 1317 3305 et
1342 3251 1756 3307 sustentationis
1801 3260 1852 3308 et
1878 3267 1972 3323 pa-

2077 3250 2257 3298 nostra
2280 3241 2481 3316 (Galat.
2510 3244 2608 3316 tv).
2645 3266 2664 3300 ι
2720 3248 2790 3303 Et
2817 3249 2872 3305 in
2899 3250 3094 3306 eodem
3130 3266 3146 3306 :
3176 3268 3197 3303 ι
3240 3251 3575 3310 Accessistis
3601 3254 3668 3309 ad

380 3337 583 3392 tientia:
611 3336 929 3402 contemnis,
978 3338 1233 3408 ignorans
1258 3339 1384 3409 quia
1410 3340 1621 3395 bonitas
1643 3340 1737 3396 Dei
1759 3341 1825 3395 ad
1855 3355 1973 3411 pce-
2070 3331 2203 3389 Sion
2245 3344 2504 3404 montem,
2539 3347 2597 3395 et
2625 3339 2693 3395 ad
2721 3341 2997 3397 civitatem
3030 3342 3127 3397 Dei
3176 3343 3410 3400 viventis
3449 3344 3670 3402 Jerusa-

381 3428 661 3486 uitentiam
710 3438 763 3486 te
806 3431 1105 3501 provocat?
1136 3429 1443 3487 Secundum
1496 3433 1752 3488 duritiam
1787 3444 1965 3490 autem

2077 3423 2176 3480 lem
2222 3427 2520 3496 ctelestem,
2591 3440 2648 3486 et
2701 3432 2864 3487 millia
2922 3433 3238 3505 angelorum
3290 3435 3663 3506 frequentium

379 3531 527 3577 tuam
549 3531 603 3578 et
633 3522 975 3593 imptenitens
1006 3538 1102 3578 cor
1131 3523 1466 3578 tbesaurizas
1492 3524 1587 3579 tibi
1615 3526 1749 3579 iram
1784 3523 1963 3597 (Rom.

376 3614 462 3687 ιι),
510 3630 670 3685 quam
713 3613 855 3670 Deus
907 3614 1226 3669 naturaliter
1258 3630 1364 3671 non
1401 3615 1582 3671 habet.
1628 3616 1781 3672 Unde
1809 3625 1864 3671 et
1909 3618 1963 3672 in

377 3706 484 3761 alio
527 3706 645 3763 loco
689 3706 952 3778 scriptum
998 3714 1082 3762 est
1120 3725 1133 3762 :
1177 3726 1195 3760 ι
1252 3706 1321 3763 Et
1363 3707 1560 3764 misisti
1607 3707 1741 3763 iram
1789 3717 1985 3777 tuam,

374 3811 495 3867 qua:
539 3797 818 3853 devoravit
862 3812 956 3854 eos
996 3799 1152 3869 quasi
1191 3798 1443 3869 stipulam
1494 3798 1701 3871 (Exod.
1749 3798 1875 3872 xv).
1935 3819 1954 3853 ι

374 3889 528 3956 Quod
553 3890 697 3945 enim
726 3890 1069 3960 conjunctum
1098 3898 1202 3957 est,
1248 3902 1303 3945 et
1330 3892 1385 3946 in
1412 3907 1519 3947 uno
1544 3907 1771 3963 corpore
1795 3907 1961 3962 copu-

374 3978 547 4033 latum
586 3979 726 4034 mitti
754 3993 860 4033 non
882 3987 1085 4049 potest,
1135 3981 1232 4036 sed
1261 3980 1388 4036 illud
1415 3983 1556 4053 quod
1578 3991 1730 4038 extra
1762 3999 1959 4053 corpus

372 4080 479 4137 est,
500 4071 648 4128 verbi
671 4072 864 4142 gratia,
884 4071 1091 4139 lancea,
1109 4072 1298 4140 telum,
1313 4074 1529 4144 sagitta,
1550 4075 1780 4145 gladius.
1807 4075 1960 4147 Legi-

373 4174 494 4216 mus
522 4160 644 4215 etin
675 4159 967 4230 Evangelio
993 4160 1474 4227 tolerabiliusfore,
1512 4171 1670 4218 terra:
1701 4163 1958 4221 Sodomo-

2068 3515 2255 3589 (Hebr.
2285 3520 2407 3592 an).
2443 3540 2461 3573 ι
2521 3522 2590 3577 Ει
2617 3531 2920 3579 revertetur
2947 3540 3070 3579 cum
3108 3524 3321 3582 ﬁliabus
3348 3526 3484 3592 suis,
3540 3544 3665 3599 qua:

2065 3607 2121 3661 in
2152 3616 2267 3665 toto
2291 3610 2424 3665 o‘rbe
2445 3610 2703 3682 dispersa:
2728 3623 2873 3669 sunt.
2936 3615 3012 3671 De
3041 3629 3150 3686 quo
3173 3615 3383 3687 plenius
3422 3619 3476 3673 in
3510 3619 3664 3674 Isaia:

2063 3699 2532 3769 explanationibus
2557 3701 2912 3759 disseruimus
2940 3716 2990 3759 ι.

2139 3809 2158 3842 ι
2202 3790 2319 3847 Non
2350 3791 2451 3847 fuit
2474 3802 2654 3848 autem
2683 3793 2919 3850 Sodoma
2947 3810 3104 3852 soror
3134 3805 3223 3852 tua
3251 3798 3436 3854 audita
3471 3798 3530 3855 in
3565 3816 3663 3855 ore

2066 3902 2087 3934 ε
2130 3891 2224 3939 tuo
2277 3884 2330 3939 in
2357 3885 2445 3941 die
2491 3887 2759 3956 superbiae
2793 3895 2919 3952 tute,
2977 3898 3268 3960 antequam
3318 3892 3664 3949 revelaretur

2065 3990 2084 4024 ι
2131 3974 2335 4029 malitia
2365 3982 2480 4042 tua,
2510 3976 2650 4032 sicut
2678 3978 2783 4033 hoc
2809 3986 3054 4049 tempore
3103 3981 3157 4035 in
3192 3981 3549 4053 opprobrium
3599 3985 3663 4038 ii-

2065 4082 2085 4115 ‹
2128 4064 2321 4121 liarum
2345 4065 2536 4138 Syria),
2555 4077 2611 4123 et
2628 4077 2945 4126 cunctarum
2966 4070 3020 4126 in
3044 4072 3273 4129 circuitu
3299 4083 3394 4129 tuo
3418 4073 3660 4130 ﬁliarum

2063 4174 2083 4207 ι
2124 4155 2550 4221 Palmstinarum,
2600 4176 2721 4231 quae
2739 4162 2985 4219 ambiunt
3017 4173 3070 4220 te
3102 4179 3201 4235 per
3219 4181 3435 4236 gyrum.
3462 4165 3660 4224 Scelus

2061 4267 2082 4299 ι
2127 4255 2276 4304 tuum
2292 4256 2348 4304 et
2370 4250 2719 4322 ignominiam
2746 4261 2895 4308 tuam
2924 4263 2978 4309 tu
3001 4256 3254 4325 portasti,
3284 4256 3364 4311 ait
3391 4256 3660 4313 Dominus

2061 4357 2080 4390 σ
2127 4339 2288 4394 Deus.
2350 4359 2369 4391 ι
2433 4341 2568 4408 Quia
2620 4342 2790 4414 igitur
2825 4345 3004 4401 vicisti
3049 4346 3101 4401 in
3149 4346 3354 4402 scelere
3402 4363 3657 4404 sororem

370 4267 490 4308 rum
506 4253 561 4308 in
577 4251 877 4324 dicjudicii,
893 4267 1055 4325 quam
1071 4253 1119 4308 ei
1132 4268 1252 4324 qua:
1263 4253 1533 4324 apostolos
1546 4270 1651 4309 non
1671 4258 1951 4327 receperit.

446 4363 466 4395 ι
512 4343 581 4399 Et
620 4359 776 4400 soror
819 4351 911 4399 tua
938 4343 1170 4399 Sodoma
1211 4352 1268 4399 et
1300 4343 1423 4399 ﬁlim
1459 4343 1576 4413 ejus
1615 4355 1955 4403 revertentur

373 4455 391 4486 ι
433 4434 500 4489 ad
530 4435 905 4505 antiquitatem
929 4449 1104 4500 suam,
1143 4442 1199 4490 et
1229 4432 1474 4489 Samaria
1501 4443 1555 4490 et
1576 4435 1697 4490 tiliae
1716 4433 1833 4503 ejus
1859 4451 1950 4491 re-
2056 4435 2220 4491 luam,
2264 4444 2365 4485 nec
2403 4428 2520 4498 eius
2542 4433 2788 4503 εκθιιψιο
2826 4437 3017 4490 territa
3040 4450 3120 4501 es.
3166 4452 3237 4492 ne
3260 4436 3458 4493 Similia
3488 4439 3658 4495 susti-

371 4544 389 4575 ι
436 4532 715 4581 vertentur
736 4525 802 4579 ad
826 4525 1203 4595 antiquitatem
1229 4540 1403 4580 suam.
1428 4525 1495 4579 Et
1523 4535 1578 4580 tu
1616 4536 1665 4580 et
1698 4524 1820 4581 lilia:
1845 4533 1949 4582 tua:
1977 4522 2026 4581 D
2054 4532 2234 4584 neres.
2275 4528 2330 4574 el
2355 4521 2672 4589 prohiberes
2710 4524 2899 4594 pedem
2934 4533 3105 4581 tuum.
3149 4526 3302 4583 Nunc
3335 4538 3525 4585 autem
3565 4546 3659 4587 re-

368 4637 387 4667 (
433 4616 763 4671 revertimini
807 4617 872 4671 ad
895 4617 1270 4686 antiquitatem
1296 4625 1551 4671 vestram.
1600 4637 1619 4671 ι
1659 4615 1827 4672 Judmi
1869 4618 1952 4672 iu-
2055 4610 2228 4665 νθιπω
2280 4621 2364 4666 εει
2397 4612 2692 4683 ignominia
2726 4624 2838 4681 Illa.
2881 4615 2976 4671 υθί
3017 4617 3260 4673 ausculta
3294 4622 3656 4686 sententiam.

364 4716 447 4762 ter
474 4715 700 4763 caeteras
725 4705 953 4772 fabulas,
977 4715 1035 4761 ut
1059 4691 1485 4764 interminabiles
1515 4708 1872 4781 genealogias’
1892 4720 1948 4766 et
2050 4702 2133 4755 νθΙ
2157 4711 2308 4773 porta
2329 4702 2482 4772 iuxta
2506 4704 2859 4778 Septuaginta
2889 4724 2901 4761 :
2934 4707 3018 4763 vel
3041 4709 3267 4778 ροηδειί
3290 4708 3448 4777 juxta
3478 4711 3660 4781 Aqui-

361 4797 738 4865 dcliramenta,
779 4813 899 4870 quae
930 4799 1138 4870 fingunt
1156 4800 1320 4855 etiam
1343 4801 1447 4855 hoc
1471 4800 1741 4856 somniant
1775 4802 1828 4857 in
1852 4802 1946 4856 ad-

359 4894 525 4943 ventu
550 4880 754 4943 Christi
782 4890 886 4954 sui,
913 4905 1073 4959 quem
1097 4906 1194 4945 nos
1221 4886 1422 4946 scimus
1447 4889 1861 4959 Antichristum,
1889 4902 1946 4948 et

360 4981 414 5033 in
442 4978 588 5033 mille
626 4993 887 5034 annorum
914 4995 1081 5048 regno
1120 4980 1407 5035 Sodomam
1447 4982 1835 5037 restituendam
1887 4983 1937 5037 in

359 5072 641 5143 antiquum
675 5080 874 5127 statum
905 5090 918 5125 :
968 5072 1042 5125 ita
1084 5080 1143 5125 ut
1181 5073 1270 5135 sit,
1315 5073 1469 5141 quasi
1505 5074 1791 5143 paradisus
1822 5073 1938 5138 Dei,

355 5173 411 5220 ct
438 5162 592 5235 quasi
620 5171 762 5218 terra
794 5161 1033 5233 .Egypti,
1087 5171 1142 5217 ct
1180 5161 1481 5219 Samariam
1529 5166 1812 5236 pristinam
1859 5181 1941 5220 re-

352 5253 541 5325 cipere
572 5250 910 5315 felicitatem,
942 5259 1003 5305 ut
1025 5250 1094 5306 de
1120 5250 1357 5323 Assyriis
1384 5262 1727 5309 revertantur
1753 5255 1805 5309 in
1832 5263 1942 5309 ter-

353 5358 471 5399 ram
499 5342 760 5399 Judaearn.
786 5341 1037 5414 Legimus
1073 5341 1218 5397 enim
1248 5343 1434 5398 decem
1477 5344 1650 5399 tribus
1691 5353 1879 5415 captas
1908 5358 1939 5400 a

351 5435 487 5491 Phill
524 5443 580 5490 et
612 5433 963 5489 Salmanasar
991 5443 1048 5490 et
1073 5433 1556 5505 Teglathpbalasar
1583 5436 1798 5505 regibus
1830 5434 1935 5490 As-

349 5529 640 5601 syriorum,
686 5537 743 5582 et
782 5541 953 5597 usque
1004 5528 1163 5583 hodie
1218 5526 1291 5581 ibi
1323 5541 1442 5582 esse
1471 5528 1730 5596 captivas.
1781 5526 1936 5582 Jeru-

352 5621 521 5674 salem
548 5634 765 5689 quoque
802 5629 931 5674 tunc
954 5634 1075 5675 esse
1099 5616 1473 5673 fabricandam
1493 5626 1549 5674 et
1579 5632 1768 5673 omnes
1796 5618 1937 5675 ﬁlias

2049 4790 2157 4847 lam
2202 4801 2257 4847 et
2294 4793 2716 4851 Theodotionem
2743 4813 2757 4850 :
2781 4796 2866 4852 vel
2897 4805 3179 4868 portatura
3199 4814 3262 4855 es
3292 4797 3456 4868 juxta
3489 4799 3655 4870 Sym-

2047 4885 2322 4951 machum,
2365 4887 2542 4944 scelus
2569 4900 2625 4942 et
2644 4889 2997 4960 ignominiam
3024 4898 3192 4945 tuam.
3242 4889 3314 4948 Ut
3345 4899 3651 4962 postquam

2047 4991 2238 5047 pmnas
2281 4995 2380 5049 pro
2421 4980 2711 5051 sacrilegio
2751 4983 3099 5046 sustinueris,
3158 4983 3376 5038 veniam
3426 4999 3543 5039 non
3581 5000 3651 5038 ex

2046 5080 2206 5137 pacto
2229 5078 2336 5133 tuo,
2385 5072 2477 5125 sed
2498 5086 2562 5125 es
2599 5086 2714 5126 mea
2743 5072 3026 5128 clementia
3051 5074 3429 5144 consequaris.
3476 5074 3644 5146 Syria

2050 5159 2272 5216 Hebraeo
2299 5175 2550 5217 sermone
2581 5162 2777 5217 dicitur
2816 5163 3000 5229 Aram,
3066 5178 3187 5233 quae
3238 5164 3644 5235 interpretatur

2046 5252 2363 5307 sublimitas.
2435 5253 2501 5307 Et
2524 5253 2677 5323 juxta
2710 5255 3145 5324 explanationem
3169 5256 3314 5311 illius
3334 5255 3438 5313 loci
3479 5255 3649 5313 Isaia:

2044 5343 2342 5412 prophetae,
2416 5345 2469 5398 in
2511 5358 2620 5412 quo
2670 5343 2834 5398 Aram
2883 5353 2939 5401 et
2981 5345 3240 5415 prraim
3288 5347 3651 5402 consentiunt

2042 5443 2233 5488 contra
2291 5433 2485 5489 Judam
2545 5443 2600 5489 et
2652 5432 2988 5502 Jerusalem,
3054 5437 3395 5494 ethnicorum
3437 5447 3648 5509 arguta

2042 5525 2330 5593 sapientia,
2371 5533 2426 5580 et
2454 5538 2577 5595 qua:
2614 5525 2716 5581 sibi
2746 5526 3130 5583 sublimitatem
3162 5529 3406 5584 scientia:
3450 5542 3649 5598 repro-

2043 5618 2238 5679 mittat,
2277 5614 2467 5684 juncta
2521 5614 2744 5671 malitire
2788 5617 3167 5678 haereticorum
3215 5618 3499 5692 impugnat
3542 5618 3652 5680 Ju-

423 5742 449 5774 ι
499 5730 878 5802 Hieronynmm
916 5730 1038 5786 audi
1078 5729 1408 5801 loquentem,
1457 5743 1616 5801 quem
1651 5729 1904 5789 describit
1944 5728 2213 5789 Rabanus.
