3954 6182
316 282 430 338 693

1272 282 1623 341 COMMENT.
1667 283 1731 337 IN
1770 283 2221 340 EZECHIELEM.
2261 315 2331 325 -
2370 284 2498 340 LIB.
2542 285 2673 342 Vill.

3485 288 3603 347 θυι

304 398 462 462 dam,
505 396 560 452 in
580 411 690 467 quo
731 410 858 452 vera
894 395 1164 453 confessio
1191 406 1297 463 est,
1337 408 1517 454 etnon
1559 407 1736 469 potest
1768 413 1878 467 pra:
1932 403 1980 462 Α
2011 407 2129 454 luas
2156 399 2390 470 majores
2430 401 2513 457 vel
2542 402 2803 466 minores,
2850 400 3152 457 Samariam
3189 411 3243 459 et
3281 402 3593 472 Sodomam,

304 489 519 553 valere.
554 488 655 545 ilic
680 504 897 560 quoque
918 490 1107 545 eadem
1129 491 1440 562 arrogantia
1478 490 1671 562 Syriae,
1704 490 1755 545 id
1791 498 1897 556 est,

307 580 753 653 philosophorum
791 596 916 636 cum
950 579 1162 637 ﬁliabus
1190 581 1637 654 alienigenarum,
1683 583 1738 637 in
1780 582 1900 652 qui-

306 671 416 726 bus
436 668 715 741 multiplex
736 670 1076 726 diversorum
1106 671 1160 726 iu
1192 672 1444 742 gentibus
1482 686 1639 727 error
1658 673 1901 729 ostendi-

307 772 425 829 tur,
448 762 626 818 illudit
668 761 990 827 Jerusalem,
1044 769 1099 817 et
1139 763 1432 833 opprobrio
1456 763 1619 818 habet
1644 763 1799 835 cujus
1820 764 1899 819 vi-

308 856 405 911 tiis
425 863 678 925 superata
712 862 819 911 est.

387 975 407 1007 ε
455 955 593 1023 Quia
634 956 748 1010 haec
788 954 919 1010 dicit
953 953 1212 1010 Dominus
1254 953 1433 1010 Deus:
1464 955 1530 1010 Et
1570 954 1768 1011 faciam
1806 956 1901 1012 tibi

312 1068 332 1097 ι
380 1047 525 1102 sicut
543 1044 834 1115 despexisti
851 1041 1224 1112 juramentum
1257 1054 1317 1100 ut
1340 1045 1551 1103 irritum
1574 1046 1785 1103 faceres
1807 1062 1902 1117 pa-

315 1156 336 1188 ι
383 1145 553 1192 ctum.
582 1136 651 1190 Et
689 1135 1141 1207 recordaborego
1173 1136 1317 1206 pacti
1339 1137 1444 1193 mei
1484 1145 1663 1194 tecum
1706 1138 1759 1194 in
1790 1139 1903 1196 die-

315 1250 337 1281 ι
383 1230 488 1285 bus
529 1228 902 1284 adolescentiae
946 1235 1068 1295 ttae,
1140 1237 1196 1285 et
1231 1228 1507 1284 suscitabo
1545 1230 1645 1285 tibi
1680 1240 1899 1300 paetum

317 1339 337 1371 ι
383 1319 796 1389 sempiternum,
825 1326 881 1373 et
912 1318 1283 1374 recordaberis
1314 1320 1522 1374 viarum
1567 1330 1804 1385 tuarum,
1849 1329 1903 1377 et

316 1429 338 1461 ι
386 1407 736 1466 confunderis
755 1422 878 1463 cum
909 1408 1183 1477 receperis
1202 1423 1417 1465 sorores
1448 1419 1567 1465 tuas
1587 1417 1763 1465 tecum
1797 1426 1906 1465 ma-

316 1522 336 1551 ι
378 1497 532 1568 jores
555 1514 679 1555 cum
701 1497 1005 1554 minoribus
1026 1498 1152 1554 tuis.
1188 1499 1257 1554 Et
1274 1498 1413 1554 dabo
1436 1499 1531 1555 tibi
1550 1515 1646 1555 eas
1667 1501 1719 1555 in
1742 1499 1902 1566 filias,

318 1612 338 1643 ι
386 1592 484 1647 βω
518 1605 624 1645 non
664 1604 731 1644 ex
776 1597 938 1659 pacto
966 1596 1082 1656 tuo,
1137 1596 1194 1644 et
1233 1588 1507 1646 suscitabo
1554 1588 1651 1645 tibi
1686 1597 1902 1660 paetum

319 1704 339 1738 ι
386 1698 571 1741 meum
599 1691 801 1749 tecum,
840 1690 895 1738 et
934 1682 1075 1739 scies
1106 1682 1234 1753 quia
1281 1697 1382 1753 ego
1419 1681 1700 1748 Dominus,
1732 1691 1793 1737 ut
1821 1696 1906 1737 re-

318 1800 338 1832 ι
386 1777 632 1835 eorderis
670 1785 725 1831 et
743 1774 1119 1841 confundaris,
1160 1783 1217 1831 et
1236 1790 1342 1830 non
1366 1775 1439 1830 sit
1471 1774 1567 1830 tibi
1609 1773 1748 1829 ultra
1781 1788 1906 1844 ape-

319 1891 340 1924 ι
387 1872 503 1927 rire
546 1886 609 1928 os
638 1884 750 1940 prae
789 1866 1104 1925 confusione
1147 1876 1257 1934 tua,
1309 1881 1432 1922 cum
1468 1866 1716 1936 placatus
1750 1865 1904 1921 fuero

322 1982 339 2015 ι
386 1961 488 2018 tibi
509 1961 565 2015 in
589 1959 844 2015 omnibus
881 1974 1002 2028 qua:
1024 1956 1225 2023 fecisti,
1259 1956 1336 2011 ait
1370 1956 1633 2012 Dominus
1659 1954 1822 2011 Deus.
1877 1975 1895 2007 ι

311 2054 442 2110 ideo
485 2051 585 2107 tibi
622 2050 733 2107 dixi
760 2067 774 2103 :
797 2048 975 2105 scelus
1005 2056 1155 2102 tuum
1204 2055 1260 2102 et
1286 2033 1638 2119 ignominiam
1673 2053 1817 2100 tuam
1848 2056 1907 2100 tu

310 2152 493 2216 pom,
514 2143 629 2200 sive
652 2141 1010 2213 portasti,aut
1037 2148 1315 2210 portatura
1338 2154 1417 2205 es,
1433 2148 1493 2195 ut
1516 2139 1747 2210 recipias
1762 2137 1905 2210 quod

313 2235 566 2298 mereris,
593 2233 719 2304 quia
755 2232 1046 2303 despexisti
1082 2231 1446 2302 juramentum
1476 2246 1678 2298 meum,
1708 2239 1764 2286 et
1784 2231 1907 2285 irri-

314 2335 432 2382 tum
474 2326 650 2382 fecisti
694 2333 913 2395 pactum
961 2337 1158 2379 meum.
1208 2322 1341 2379 Cum
1383 2331 1563 2379 autem
1602 2322 1769 2380 fuerit
1818 2338 1908 2379 ex-

314 2416 520 2488 pletum
578 2434 592 2470 :
654 2434 673 2468 (
721 2416 835 2486 Ego
878 2413 1144 2478 occidam,
1179 2422 1237 2469 et
1282 2428 1388 2485 ego
1442 2412 1762 2477 viviﬁcabo;
1803 2426 1905 2485 ego

313 2507 656 2578 percutiam,
694 2515 750 2563 et
793 2522 893 2578 ego
935 2507 1138 2563 sanaho
1194 2504 1387 2577 (Deut.
1443 2501 1655 2574 xxx");
1706 2522 1725 2554 ι
1778 2511 1905 2557 tunc

318 2599 649 2655 recurdabor
687 2599 829 2669 pacti
865 2599 996 2666 mei,
1035 2596 1178 2668 quod
1216 2596 1345 2652 olim
1399 2603 1576 2650 tecum
1617 2593 1807 2657 habui,
1848 2601 1905 2648 et

315 2690 595 2747 suscitabo
640 2691 736 2745 tibi
763 2697 981 2762 pactum
1013 2701 1352 2757 nequaquam
1378 2684 1531 2756 legis,
1588 2684 1731 2756 quod
1767 2699 1904 2754 prte-

316 2781 481 2845 teriit,
525 2781 620 2836 sed
648 2789 862 2851 pactum
900 2777 1178 2849 Evangelii
1214 2776 1623 2844 sempiternum.
1680 2773 1749 2830 Ut
1780 2790 1902 2830 cum

316 2871 596 2927 recordata
621 2870 789 2927 fueris
810 2870 1018 2926 viarum
1048 2877 1284 2930 tuarum,
1309 2865 1656 2936 et'reeeperis
1689 2878 1905 2920 sorores

2001 503 2299 560 carumque
2340 492 2537 557 socias,
2592 491 2824 547 tribuam
2860 491 2954 548 tibi
2985 508 3078 548 eas
3105 493 3158 548 in
3184 492 3337 558 filias,
3388 493 3501 548 sive
3537 493 3594 549 in

2001 580 2374 651 probationem
2424 581 2488 653 ((
2524 580 2752 652 Oportet
2790 583 2933 638 enim
2962 590 3017 637 et
3070 584 3305 638 haereses
3349 598 3499 650 esse,
3534 592 3594 638 nt

2001 667 2210 739 probati
2253 670 2452 742 quique
2502 672 2773 728 manifesti
2812 672 2945 729 fiant
2981 673 3032 748 [1
3071 673 3193 730 Cor.
3234 673 3312 748 xt]
3339 675 3377 749 ),
3433 696 3452 730 ι
3486 693 3592 732 non

2002 776 2070 816 ex
2107 770 2198 818 tuo
2244 765 2459 830 merito,
2515 767 2610 822 sed
2660 782 2727 821 ex
2779 783 2899 823 mea
2940 769 3337 836 misericordia,
3380 779 3437 827 et
3468 779 3594 826 tunc

2005 852 2147 909 scias
2177 854 2320 924 quod
2349 869 2449 925 ego
2467 855 2569 911 sim
2594 856 2876 923 Dominus,
2906 865 2961 913 et
2983 858 3286 915 recorderis
3308 862 3595 917 beneﬂcio-

2004 959 2124 998 rum
2174 959 2445 1010 meorum,
2493 954 2548 1002 et
2588 946 2965 1015 confundaris,
3001 957 3057 1005 et
3083 950 3232 1007 dicas
3258 950 3415 1021 juxta
3448 952 3593 1024 Apo-

2005 1034 2199 1090 stolum
2233 1052 2246 1090 :
2290 1053 2309 1086 ε
2352 1034 2490 1104 Quia
2520 1052 2626 1092 non
2670 1052 2788 1093 sum
2831 1039 3025 1111 dignus
3065 1043 3247 1097 vocari
3292 1024 3591 1112 apostolus,

2005 1135 2109 1182 etc.
2142 1126 2194 1197 (I
2215 1125 2339 1184 Cor.
2364 1127 2474 1201 xv).
2509 1148 2525 1180 ι
2559 1129 2625 1183 Et
2648 1145 2752 1186 non
2774 1131 2844 1186 sit
2870 1132 2965 1187 tibi
3004 1133 3142 1188 ultra
3169 1136 3380 1206 aperire
3397 1152 3459 1192 os
3484 1152 3595 1208 pra:

2006 1221 2319 1278 confusione
2360 1233 2470 1278 tua.
2516 1243 2534 1275 ι
2585 1222 2907 1281 Sanctorum
2936 1235 3021 1282 est
3068 1228 3212 1283 enim
3255 1230 3467 1299 aperire
3510 1244 3593 1289 os.

2001 1318 2153 1389 juxta
2200 1316 2424 1372 Paulum
2460 1335 2473 1372 :
2526 1317 2600 1374 0s
2631 1333 2808 1374 meum
2834 1328 2984 1391 patet
3021 1321 3087 1376 ad
3110 1337 3227 1388 vos,
3266 1338 3299 1377 ο
3327 1321 3591 1378 Corinthii

2007 1408 2093 1481 (II
2119 1408 2242 1465 Cor.
2275 1409 2389 1481 vr);
2427 1430 2445 1463 ι
2493 1420 2547 1466 et
2602 1411 2815 1467 Domini
2869 1411 3193 1481 Salvatoris,
3253 1415 3342 1486 qui
3401 1434 3420 1467 ί
3466 1431 3593 1487 ape-

2007 1502 2153 1557 riens
2190 1516 2254 1558 os
2302 1517 2459 1558 suum
2493 1502 2722 1561 docebat
2747 1519 2858 1570 eos,
2890 1506 3075 1562 dicens
3098 1506 3314 1580 (Matth.
3342 1508 3418 1581 v).
3462 1528 3480 1560 ›
3524 1509 3595 1565 Et

2007 1590 2062 1646 in
2095 1590 2347 1659 Psalmis,
2374 1593 2549 1666 inquit
2573 1609 2588 1648 :
2625 1613 2645 1647 ι
2686 1595 2941 1666 Aperiam
2970 1597 3022 1652 in
3044 1599 3314 1669 parabolis
3334 1615 3396 1656 os
3413 1615 3592 1655 meum

1996 1680 2180 1752 .(Psal.
2222 1682 2449 1756 Lxxvn).
2497 1706 2516 1738 ι
2571 1683 2849 1742 Peccatori
2900 1697 3080 1744 autem
3123 1689 3359 1745 dicitur:
3391 1709 3410 1742 ‹
3455 1691 3589 1746 Pee-

1938 1755 2166 1838 Bcasti,
2215 1755 2433 1844 quiesce
2502 1774 2691 1849 (Eccli.
2739 1776 2875 1851 xm).
2911 1799 2929 1832 ι
2982 1780 3094 1834 Et:
3147 1796 3169 1833 ι
3215 1781 3287 1837 Ut
3336 1782 3466 1852 quid
3528 1789 3583 1835 tu

2012 1865 2241 1920 assumis
2280 1874 2663 1923 testamentum
2725 1884 2903 1923 meum
2959 1885 3056 1940 per
3108 1886 3169 1926 os
3215 1880 3363 1926 tuum
3412 1869 3585 1942 (Psal.

2011 1957 2181 2030 λιιι).
2225 1977 2243 2009 ι
2321 1958 2429 2013 Et:
2467 1977 2487 2011 ι
2537 1958 2656 2015 Non
2693 1968 2776 2016 est
2822 1960 3047 2031 pulchra
3094 1962 3334 2017 lani-Atio
3383 1964 3437 2021 in
3489 1976 3587 2018 ore

2006 2048 2311 2120 peccatoris
2373 2048 2565 2120 (Eccli.
2591 2050 2701 2122 xv).
2760 2070 2778 2103 ι
2826 2050 3057 2108 Sanctus
3089 2067 3304 2123 quoque
3348 2052 3592 2131 ureretur

2007 2138 2196 2195 audire
2233 2157 2247 2193 :
2289 2157 2309 2191 ι
2355 2139 2519 2210 Aperi
2557 2156 2621 2197 os
2668 2149 2817 2196 tuum
2873 2152 2929 2198 et
2961 2122 3194 2215 implebo
3232 2122 3588 2216 illudJ'ibsal.

2004 2231 2189 2297 cxxx).
2228 2249 2246 2284 ι
2312 2230 2390 2286 Ex
2428 2246 2536 2303 quo
2586 2231 2934 2303 intelligimus
2964 2233 3151 2301 etiam,
3215 2250 3337 2290 cum
3384 2236 3592 2290 miscri-

2007 2321 2190 2377 cordia
2222 2322 2435 2378 Domini
2476 2324 2840 2394 receperimus
2879 2326 3164 2395 pristinam
3192 2325 3439 2399 gloriam,
3484 2327 3592 2381 imo

2010 2413 2374 2483 receperimus
2418 2423 2635 2484 pactum
2670 2414 2946 2486 Evangelii
3000 2415 3409 2487 sempiternum,
3453 2425 3597 2487 post-

2011 2518 2173 2574 quam
2213 2503 2457 2573 placatus
2489 2503 2651 2559 fuerit
2683 2504 2837 2560 nobis
2882 2504 3160 2571 Dominus,
3218 2507 3274 2560 in
3319 2505 3591 2566 omnibus.

2009 2609 2129 2666 qua:
2168 2592 2395 2650 fecimus
2436 2595 2754 2650 memoriam
2790 2597 3051 2666 praeteriti
3098 2612 3199 2653 nos
3229 2596 3431 2653 habere
3471 2610 3595 2666 pec-

2010 2685 2115 2740 cati
2178 2693 2236 2740 et
2279 2700 2495 2755 semper
2531 2701 2592 2741 os
2622 2686 2896 2751 claudere,
2936 2687 3061 2758 quia
3108 2702 3215 2742 non
3248 2701 3315 2742 ex
3336 2687 3593 2757 operibus

2007 2777 2232 2843 nostris,
2288 2777 2383 2833 sed
2425 2793 2491 2834 ex
2526 2777 2620 2833 Dei
2669 2780 2846 2870 gratia
2885 2779 3076 2835 salvati
3107 2795 3312 2836 sumus.

1528 3131 1827 3211 LIBER
1882 3131 2381 3212 OCTAVUS.

385 3355 406 3388 ι
434 3333 637 3391 Fidelis
656 3333 915 3390 Dominus
936 3332 990 3387 in
1017 3331 1201 3388 verbis
1221 3330 1354 3395 suis,
1370 3337 1429 3385 et
1457 3336 1679 3384 sanctus
1701 3330 1757 3383 in
1785 3343 1896 3383 om—
1925 3334 1970 3394 ρ
2010 3343 2027 3376 ‹
2075 3325 2125 3379 in
2158 3333 2356 3379 terram
2385 3326 2663 3390 Chanaan,
2706 3327 2760 3380 in
2797 3327 2929 3382 urbe
2966 3329 3359 3399 negotiatorum
3407 3331 3589 3401 posuit

309 3428 475 3484 nibus
504 3426 755 3497 operibus
783 3425 949 3481 suis.»
971 3423 1095 3479 llaec
1117 3420 1432 3493 prophetica
1463 3420 1732 3475 sententia
1782 3435 1897 3473 ma-

307 3521 510 3578 nifeste
544 3520 811 3590 completa
847 3519 1100 3575 clarescit
1132 3518 1185 3572 in
1223 3531 1289 3572 eo
1310 3516 1451 3586 quod
1484 3515 1741 3570 Dominus
1784 3514 1897 3584 ple-

310 3613 433 3667 bem
481 3610 834 3666 Israeliticam
862 3616 1186 3672 commovet,
1239 3606 1490 3677 qualibus
1515 3604 1792 3661 beneficiis
1828 3605 1896 3659 ab

310 3703 471 3759 initio
511 3702 789 3767 nutrierit,
843 3699 1245 3769 exprobratque
1293 3698 1341 3753 ei
1391 3697 1649 3753 duritiam
1698 3695 1897 3752 mentis

309 3809 443 3859 suae,
501 3792 729 3861 eoquod
778 3790 847 3846 ad
880 3789 1062 3845 omnia
1106 3787 1370 3843 beneficia
1408 3788 1525 3857 ejus
1554 3801 1769 3856 semper
1802 3802 1894 3841 ex-

309 3883 518 3940 stiterit
541 3883 775 3952 ingrata,
810 3888 867 3935 et
906 3878 1205 3935 benefactis
1230 3878 1348 3948 ejus
1398 3876 1540 3932 mala
1589 3872 1897 3931 diffidentiae

308 3984 367 4032 et
395 3973 770 4030 inobedientize
795 3970 1183 4041 repensaverit.
1244 3968 1370 4023 Haec
1395 3968 1614 4038 quidem
1660 3966 1713 4021 in
1740 3981 1897 4036 supe-

309 4063 444 4119 riori
499 4062 638 4129 libro
682 4060 919 4116 maxima
963 4073 1030 4113 ex
1082 4066 1237 4129 parte
1273 4062 1694 4113 commemorata
1727 4063 1892 4112 sunt:

310 4167 458 4207 nunc
503 4159 684 4206 autem
735 4149 876 4204 mala
931 4164 1051 4220 qua:
1079 4148 1132 4203 ei
1163 4156 1222 4204 et
1249 4146 1478 4218 principi
1513 4144 1631 4215 ejus
1675 4154 1898 4217 propter

310 4242 684 4299 inﬁdelitatem
706 4257 858 4298 suam
887 4249 1114 4296 ventura
1138 4240 1269 4306 sint,
1319 4254 1418 4310 per
1443 4239 1673 4311 aenigma
1725 4247 1780 4294 et
1801 4254 1897 4310 pa-

312 4336 554 4392 rabdam
584 4336 843 4407 praedicit,
899 4335 972 4389 ita
993 4342 1052 4389 ut
1076 4334 1220 4389 nullo
1249 4334 1406 4390 modo
1437 4333 1512 4389 rei
1559 4342 1614 4388 et
1650 4349 1899 4405 perseve-

312 4435 498 4482 rantes
538 4426 592 4482 in
632 4426 867 4496 nequitia
914 4441 1035 4488 sua,
1089 4439 1264 4497 neque
1306 4425 1682 4494 pmnitentiam
1735 4439 1898 4494 agere

311 4519 575 4582 volentes,
639 4519 801 4590 iustae
832 4520 1052 4575 ultionis
1084 4520 1314 4574 evadere
1342 4520 1550 4589 possint
1578 4518 1896 4585 vindictam,

312 4611 407 4667 sed
436 4610 688 4667 meritam
735 4625 964 4680 operum
992 4625 1211 4665 suorum
1240 4625 1455 4680 pinnam
1482 4609 1720 4682 protervi
1774 4626 1899 4681 per-

314 4700 522 4773 cepturi
557 4699 686 4757 sint.
719 4700 873 4758 Unde
892 4709 950 4757 et
975 4701 1221 4771 sequitur
1247 4718 1261 4754 :

892 4811 1119 4869 CAPUT
1162 4811 1324 4868 XVII.

312 4900 558 4958 Joachim
581 4903 639 4957 in
665 4902 930 4973 Babylone
973 4903 1175 4973 captivo
1198 4900 1476 4958 Sedechias
1502 4911 1550 4957 et
1593 4901 1890 4958 Jerusalem

386 4974 549 5027 datur
582 4974 643 5026 in
680 4974 924 5044 manilius
990 4973 1480 5028 Nabuchodonosor
1517 4986 1536 5025 :
1584 4983 1632 5027 et
1678 4975 1894 5044 ponitur

379 5044 654 5113 prophetia
694 5043 759 5098 de
806 5042 1035 5098 Christo.

386 5171 407 5204 ι
447 5153 515 5208 Et
549 5151 755 5208 factum
780 5163 865 5209 est
892 5154 1115 5209 verbum
1162 5152 1373 5208 Domini
1420 5153 1487 5208 ad
1518 5168 1604 5207 me
1648 5153 1834 5208 dicens
1870 5173 1882 5207 :

318 5265 339 5298 ι
382 5245 485 5301 Fili
520 5246 774 5309 hominis,
828 5261 1069 5317 propone
1095 5246 1348 5317 mnigma,
1387 5259 1545 5299 narra
1570 5244 1883 5314 parabolam

321 5356 340 5388 ι
383 5336 454 5393 ad
491 5337 712 5392 domum
763 5336 948 5403 lsrael,
991 5343 1050 5392 et
1081 5335 1264 5391 dices:
1304 5335 1429 5391 Hinc
1464 5335 1594 5390 dicit
1632 5334 1889 5389 Dominus

321 5447 340 5481 ι
384 5429 567 5486 Deus:
606 5429 798 5499 Aquila
830 5429 1071 5501 grandis,
1116 5444 1431 5499 magnarum
1459 5428 1690 5493 alarum,
1729 5427 1889 5498 longo

321 5538 343 5573 ι
385 5523 751 5578 membrorum
799 5522 983 5588 ductu,
1024 5520 1181 5593 plena
1219 5521 1437 5591 plumis,
1499 5530 1555 5577 et
1603 5522 1893 5587 varietate,

322 5633 343 5666 ι
383 5616 530 5672 venit
543 5616 611 5671 ad
634 5615 898 5673 Libanum
928 5626 984 5673 et
1012 5617 1132 5672 tulit
1157 5616 1442 5673 medullam
1465 5617 1640 5683 cedri,
1663 5617 1888 5673 sumini-

326 5724 344 5758 ι
390 5717 555 5766 tatem
587 5708 858 5765 frondium
890 5711 1005 5781 ejus
1027 5712 1224 5775 evellit,
1272 5720 1323 5766 et
1357 5710 1740 5780 transportavit
1769 5724 1888 5767 eam

2006 3432 2024 3464 ι
2073 3412 2234 3467 illam.
2271 3414 2334 3467 Et
2363 3414 2483 3468 tulit
2524 3415 2590 3468 de
2620 3415 2826 3469 semine
2870 3423 3045 3480 terrm,
3075 3423 3129 3471 et
3168 3420 3350 3488 posuit
3374 3420 3502 3475 illud
3534 3422 3597 3476 in

2006 3523 2023 3555 ι
2069 3514 2211 3558 terra
2242 3519 2342 3574 pro
2371 3506 2596 3569 semine,
2622 3512 2681 3558 ut
2702 3504 2942 3560 firmaret
2970 3506 3207 3561 radicem
3235 3523 3396 3577 super
3421 3526 3597 3580 aquas

2006 3614 2024 3645 ε
2069 3596 2285 3652 multas.
2344 3594 2401 3651 In
2438 3596 2723 3667 superﬁcie
2769 3597 2949 3666 posuit
2977 3596 3124 3652 illud.
3176 3597 3419 3670 Cumque
3472 3619 3592 3672 ger-

2008 3705 2026 3737 i
2070 3686 2348 3751 minasset,
2398 3687 2570 3741 crevit
2624 3687 2677 3740 in
2725 3686 2937 3741 vineam
2978 3686 3222 3741 latiorem
3262 3689 3447 3745 humili
3478 3700 3594 3745 sta-

2002 3802 2020 3835 c
2069 3790 2210 3843 tura,
2261 3762 2676 3848 res'picientibus
2707 3779 2874 3834 ramis
2916 3777 3033 3848 ejus
3061 3780 3292 3835 adeam.
3339 3782 3406 3837 Et
3449 3784 3592 3839 radi-

2004 3896 2023 3929 ι
2069 3890 2161 3932 ces
2190 3874 2308 3944 ejus
2352 3873 2452 3928 sub
2487 3872 2576 3926 illa
2604 3879 2782 3926 erant.
2847 3871 3012 3926 Facta
3043 3881 3128 3927 est
3183 3887 3313 3945 ergo
3336 3874 3492 3929 vinea
3538 3883 3595 3930 et

2002 3987 2022 4020 ι
2070 3963 2479 4020 fructificavitin
2504 3962 2772 4033 palmites,
2793 3970 2849 4017 et
2867 3962 3043 4018 emisit
3062 3965 3400 4034 propagines,
3427 3973 3531 4020 etc.
3569 3985 3586 4015 ι

1998 4058 2225 4128 Quando
2295 4057 2572 4128 propheta:
2627 4055 2829 4111 dicitur
2871 4073 2883 4109 :
2975 4073 2993 4107 ι
3031 4055 3281 4127 Propone
3333 4058 3584 4130 aenigma,

1997 4166 2163 4207 narra
2204 4147 2543 4220 parabolam,
2585 4167 2604 4201 ι
2650 4148 2763 4202 sive
2804 4155 2862 4203 ut
2900 4147 3250 4220 Septuaginta
3298 4150 3590 4205 transtule-

1999 4252 2145 4308 runt,
2229 4260 2248 4293 ι
2295 4256 2455 4297 narra
2514 4240 2881 4294 narrationem
2925 4247 2980 4294 et
3027 4239 3114 4294 die
3165 4240 3496 4309 parabolam,
3565 4262 3584 4293 ι

1997 4334 2302 4390 ostenditur
2331 4332 2622 4389 obscurum
2668 4347 2787 4388 esse
2815 4332 2956 4402 quod
3000 4331 3216 4386 dicitur.
3260 4331 3397 4387 Nulli
3441 4335 3598 4390 enim.

1998 4426 2218 4480 dubium
2258 4431 2314 4477 et
2343 4424 2572 4493 aenigma
2620 4429 2676 4476 et
2713 4420 3022 4492 parabolam
3059 4421 3203 4476 aliud
3248 4422 3495 4492 proferre
3533 4424 3593 4478 in

1996 4515 2195 4579 verbis,
2234 4513 2379 4569 aliud
2422 4522 2605 4568 tenere
2641 4513 2694 4566 in
2742 4511 3009 4566 sensibus.
3049 4512 3114 4565 Et
3153 4511 3403 4567 Salvator
3442 4515 3593 4569 enim

1998 4606 2067 4661 ad
2105 4605 2360 4676 populum
2401 4603 2723 4673 loquebatur
2766 4602 2819 4656 in
2852 4602 3145 4672 parabolis,
3200 4618 3335 4674 quas
3369 4614 3588 4661 secreto

1923 4686 2265 4770 Dapostolis
2321 4696 2640 4752 disserebat.
2710 4693 2851 4765 Ergo
2896 4694 3124 4765 aenigma
3167 4704 3223 4752 et
3275 4698 3583 4769 parabolam

2006 4788 2077 4843 ita
2102 4788 2361 4844 debemus
2387 4785 2708 4855 intelligere,
2746 4784 2898 4854 quasi
2920 4786 3148 4857 arnigma
3178 4796 3233 4842 et
3252 4788 3581 4858 parabolam.

1996 4882 2125 4937 Duae
2154 4890 2334 4935 autem
2368 4880 2422 4933 in
2446 4877 2701 4950 praesenti
2743 4877 3038 4936 Ezechielis
3076 4880 3355 4951 prophetia
3392 4882 3585 4951 aquilae

1994 4979 2405 5043 proponuntur:
2440 4970 2506 5025 de
2545 4970 2722 5040 prima
2751 4984 2894 5024 nunc
2938 4969 3226 5025 dicendum
3252 4979 3356 5037 est,
3412 4973 3479 5028 de
3509 4974 3586 5026 al-

1993 5069 2121 5114 tera
2155 5060 2209 5113 in
2239 5057 2694 5128 consequentibus
2733 5057 3084 5124 disseremus,
3120 5067 3172 5114 et
3204 5060 3421 5116 interim
3454 5061 3584 5116 sim-

1994 5151 2188 5223 plicem
2215 5164 2501 5222 carpemus
2527 5149 2830 5205 historiam.
2880 5169 2901 5203 ο
2954 5151 3146 5221 Aquila
3182 5153 3424 5223 grandis,
3469 5167 3584 5206 ma-

1993 5260 2220 5317 gnarum
2264 5242 2489 5305 alarum,
2541 5240 2704 5312 longo
2755 5244 3123 5298 membrorum
3169 5245 3355 5308 ductu,
3424 5244 3585 5313 plena

1992 5338 2191 5410 plumis
2223 5344 2277 5391 et
2313 5336 2614 5403 varietate;
2664 5355 2689 5385 ι
2742 5336 2856 5392 sive
2881 5344 2941 5390 ut
2967 5345 3180 5391 vertere
3204 5335 3579 5405 Septuaginta,

2001 5452 2018 5483 ε
2064 5429 2219 5501 plena
2248 5431 2527 5502 unguium,
2574 5448 2593 5482 ι
2649 5429 3144 5486 Nabuchodonosor
3185 5446 3277 5484 rex
3302 5428 3585 5485 Chaldaeo-

1996 5538 2115 5576 rum
2146 5531 2246 5579 est.
2293 5522 2494 5594 chuo
2533 5532 2589 5579 et
2635 5521 2771 5579 Osce
2799 5523 3072 5594 loquitur:
3127 5541 3147 5574 ι
3203 5522 3366 5590 Quasi
3398 5522 3584 5594 aquila

1996 5631 2157 5687 super
2186 5616 2405 5672 domum
2435 5617 2530 5673 Dei
2581 5616 2729 5690 (Ose.
2762 5616 2901 5687 vni).
2950 5636 2968 5669 ι
3026 5616 3131 5671 Iste
3165 5616 3351 5672 multis
3406 5618 3577 5689 impe-

1998 5725 2125 5765 rans
2174 5708 2482 5764 nationibus
2533 5718 2587 5764 et
2643 5705 3020 5763 innumerabili
3062 5706 3289 5764 vallatus
3328 5709 3571 5764 exercitu
