3954 6182
460 297 566 354 695

1150 296 1206 348 Β.
1250 292 1499 347 ΒΑΒΑΝΙ
1544 291 1759 347 .‘dAURl
1799 291 2121 349 ARCHIEP.
2162 292 2470 352 MOGUNT.
2510 300 2795 361 OPERUM
2830 306 3012 363 PARS
3046 308 3110 365 ll.

3628 315 3722 375 ϐω

458 413 607 467 venit
657 426 818 483 super
858 411 1070 467 domum
1114 408 1206 463 Dei
1245 425 1256 461 :
1292 407 1433 462 haud
1472 407 1692 463 dubium
1728 406 1860 476 quin
1903 411 2036 460 tcm-
2064 404 2113 463 A
2141 402 2396 478 dirigere,
2435 421 2491 467 et
2526 415 2591 469 ab
2616 430 2682 472 eo
2735 426 2924 473 contra
2968 435 3149 491 regem
3197 424 3286 478 cui
3327 426 3578 482 subdims
3614 438 3723 483 em

456 502 604 571 plum
642 501 922 572 signiticet,
975 501 1086 555 sive
1121 507 1179 553 ut
1214 514 1358 554 nunc
1393 497 1675 567 Scriptura
1706 497 1857 561 dicit,
1897 514 1916 547 ι
1970 497 2038 551 ad

458 596 742 662 Libanum_
792 614 810 645 ι
869 593 933 647 de
969 607 1076 662 quo
1124 590 1362 660 loquitur
1401 590 1732 644 Zacharias:
1790 609 1807 641 ι
1851 588 2032 660 Aperi,

458 690 676 753 Libane,
709 695 893 759 portas
926 694 1067 751 tuas,
1111 693 1167 741 et
1196 685 1444 739 comedat
1472 684 1609 755 ignis
1634 665 1826 739 ccdros
1866 693 1986 738 tuos
2016 703 2034 739 .·

460 779 625 845 ulula,
672 778 841 842 abies,
888 776 1012 846 quia
1047 776 1245 832 cecidit
1272 776 1485 840 cedrus,
1533 775 1789 845 quoniam
1831 776 2035 847 ωθςιιίς

457 869 544 925 fici
589 867 782 923 vastati
813 877 956 923 sunt.
998 886 1015 919 ι
1082 867 1149 921 Et
1199 867 1387 922 crebro
1426 864 1678 934 templum
1730 867 1872 936 quod
1917 875 2035 919 erat

456 956 730 1033 inclytum,
769 965 929 1028 atque
958 957 1185 1012 sublime
1213 958 1265 1011 in
1292 954 1590 1027 Scripturis
1621 957 1826 1012 sanctis
1876 956 1953 1011 Li!
1977 971 2035 1010 a-

454 1066 554 1107 nus
579 1049 878 1121 appellatur
913 1048 1098 1119 (Zaclt.
1132 1048 1230 1121 χι).
1266 1068 1283 1100 ι
1321 1046 1574 1120 Tulitque
1615 1048 1900 1104 medullam
1945 1063 2034 1104 ce-

452 1145 533 1201 dri
576 1154 633 1200 et
657 1144 1023 1200 summitatem
1060 1141 1330 1198 frondium
1363 1142 1477 1213 ejus
1508 1144 1705 1198 evellit.
1759 1144 1827 1198 Et
1857 1151 2033 1197 trans-

451 1235 686 1305 portavit
730 1249 850 1288 eam
890 1249 943 1289 In
979 1242 1176 1288 terram
1208 1232 1486 1300 Chanaan,
1545 1234 1596 1288 in
1627 1235 1759 1288 urbe
1792 1234 2032 1303 negotia-

452 1336 626 1379 torum
654 1324 834 1394 posuit
863 1324 1029 1379 illam.
1059 1345 1075 1377 ι
1105 1324 1207 1378 Pro
1232 1325 1637 1395 negotiatoribus
1661 1324 1773 1378 sive
1794 1323 2029 1394 negotia-

446 1419 673 1474 tionibus
706 1427 968 1473 muratam
996 1416 1385 1472 transtulerunt
1410 1415 1569 1470 LXX.
1621 1415 1825 1470 Iudicat
1848 1425 2028 1469 autem

446 1512 759 1568 Jechoniam
792 1526 969 1581 regem
1012 1509 1165 1574 Juda,
1228 1522 1389 1578 quem
1424 1508 1566 1577 cepit
1601 1506 2033 1561 Nabuchodono-

447 1620 539 1659 sor
584 1620 705 1660 cum
728 1612 903 1658 matre
932 1617 1026 1656 sua
1077 1608 1131 1656 et
1161 1599 1494 1670 principibus
1530 1597 1734 1668 populi,
1786 1598 2028 1652 cunctis-

443 1712 548 1766 que
577 1696 768 1765 opibus
796 1689 1114 1758 Jerusalem,
1147 1700 1201 1746 et
1240 1690 1383 1745 vasis
1416 1690 1600 1759 templi
1619 1731 1634 1757 ,
1664 1697 1720 1745 et
1750 1689 2026 1744 transtulit

2140 501 2399 556 auxilium
2442 513 2732 574 postulare.
2790 508 2904 564 Hoc
2943 519 3028 565 est
3069 514 3215 569 enim
3263 517 3405 585 quod
3449 516 3721 591 Scriptura

2139 607 2282 646 nunc
2323 594 2453 648 dicit
2490 615 2501 648 :
2544 604 2601 650 ut
2642 599 2892 671 irrigaret
2948 615 3069 656 eam
3111 611 3179 659 de
3222 606 3420 662 arcolis
3469 613 3722 680 germinis

2138 683 2240 735 sui.
2279 682 2411 751 Quae
2467 686 2519 740 in
2570 697 2709 743 terra
2764 690 2904 746 bona
2954 708 2986 748 a
3021 691 3523 755 Nabuchodonosor
3574 700 3719 769 plan-

2140 783 2248 827 tata
2279 782 2417 841 erat,
2466 785 2525 831 ut
2573 777 2774 836 faceret
2809 781 3049 851 frondes,
3093 795 3151 841 et
3209 784 3431 844 afferret
3464 789 3718 858 fructum,

2137 872 2191 916 et
2247 877 2519 926 cresceret
2580 868 2634 923 in
2693 871 2906 927 vineam
2952 874 3223 932 latiorem.
3283 878 3585 950 PrOpterea
3640 899 3718 953 ju-

2136 955 2294 1009 betur
2347 959 2626 1028 prophetm
2697 972 2756 1017 ut
2799 965 3052 1035 loquatur
3103 968 3173 1024 ad
3226 970 3462 1037 vineam,
3526 990 3646 1044 qua:
3689 992 3716 1032 a

2135 1045 2629 1107 Nabuchodonosor
2688 1054 2929 1125 plantata
2986 1057 3184 1127 fuerat,
3243 1071 3300 1118 et
3353 1078 3540 1121 ramos
3598 1081 3716 1123 suos

2134 1136 2207 1228 ad
2232 1138 2466 1228 aquilam
2499 1139 2810 1213 Egyptian:
2836 1148 3076 1204 miserat.
3107 1169 3127 1203 ί
3188 1150 3459 1223 Numquid
3504 1172 3717 1228 prospe-

2135 1226 2360 1292 rabitur,
2428 1230 2554 1299 quia
2592 1233 2692 1289 hoc
2725 1233 2908 1291 facere
2956 1247 3151 1294 conata
3198 1249 3305 1307 est,
3354 1251 3410 1298 et
3453 1226 3565 1300 non
3609 1226 3712 1302 sta-

2138 1315 2235 1368 tim
2264 1331 2451 1373 omnes
2472 1323 2794 1393 propagines
2820 1324 2934 1394 ejus
2959 1335 3013 1383 et
3024 1329 3273 1398 palmites
3294 1334 3707 1391 siccabuntur?»

2139 1425 2157 1456 c
2190 1407 2254 1498 Et
2282 1424 2408 1475 non,
2441 1411 2632 1481 inquit,
2661 1415 2717 1469 in
2742 1416 2965 1473 brachio
2989 1423 3204 1491 grandi,
3232 1439 3410 1494 neque
3436 1426 3492 1481 in
3524 1430 3712 1498 populo

2133 1495 2320 1587 multo.
2344 1517 2363 1549 ι
2396 1498 2629 1570 Fugiens
2654 1504 2796 1558 enim
2828 1505 3083 1565 Sedecias
3117 1518 3174 1565 et
3200 1514 3340 1579 regis
3362 1495 3613 1587 Egyptii
3632 1535 3711 1574 au-

2132 1586 2262 1640 xilio
2291 1588 2609 1651 destitutus.
2643 1609 2672 1647 a
2702 1595 2930 1653 ducibus
2968 1586 3483 1662 Nabuchodonosor
3520 1609 3575 1663 in
3620 1611 3708 1666 de-

2133 1681 2294 1735 sertis
2346 1682 2672 1742 llierieuntis
2717 1692 3139 1760 comprehensus
3171 1705 3275 1761 est,
3308 1706 3363 1753 et
3391 1702 3574 1755 cuncti
3598 1702 3707 1770 ejus

441 1754 497 1835 in
551 1754 899 1852 Babylonem,
949 1794 1068 1848 qua:
1101 1754 1186 1833 est
1238 1778 1291 1831 in
1323 1784 1470 1831 terra
1501 1754 1781 1837 Chanaan.
1843 1777 2024 1847 ibique
2052 1754 2100 1812 Β
2127 1772 2259 1825 SOCii
2296 1774 2402 1829 lmc
2430 1775 2661 1847 illucque
2703 1754 2932 1850 dispersi
2975 1797 3119 1840 sunt.
3154 1754 3304 1844 Sicut
3356 1791 3409 1845 in
3440 1754 3705 1849 volumine

440 1876 741 1931 consenuit.
762 1877 835 1931 De
858 1874 1011 1944 cujus
1030 1880 1213 1944 postea
1229 1886 1424 1943 genere
1449 1871 1587 1926 sicut
1613 1869 1842 1924 Matthaci
1864 1884 2026 1923 evan-

2125 1861 2352 1934 Regum,
2385 1876 2441 1921 et
2471 1867 2522 1922 in
2556 1868 3024 1942 Paralipomenon,
3068 1887 3124 1933 et
3167 1878 3416 1936 Jeremire
3449 1884 3702 1952 scriptum

436 1969 917 2041 gelistzescriptura
943 1976 1189 2033 testatur,
1214 1966 1471 2021 Dominus
1495 1974 1552 2020 et
1576 1963 2025 2020 Salvatornoster
2122 1968 2224 2015 cst.
2288 1958 2487 2032 (Greg.,
2534 1964 2624 2041 lib.
2684 1982 2810 2021 xxx:
2857 1967 3088 2035 Moral.,
3136 1989 3252 2043 cap.
3310 1974 3426 2045 ιτ.)
3461 1975 3521 2030 ιη
3566 1976 3704 2033 εει-ί-

438 2069 599 2116 natus
632 2069 737 2127 est,
784 2077 877 2130 μιν
905 2058 1165 2115 Salathiel
1200 2069 1253 2113 et
1274 2057 1589 2112 Zorohabel.
1624 2056 1725 2123 Qui
1755 2071 1852 2127 pro
1897 2056 2021 2111 tulit
2121 2060 2278 2120 ptura
2325 2068 2478 2109 sacra
2504 2058 2769 2114 vocabulo
2794 2061 2986 2130 aquilae
3024 2063 3315 2134 aliquando
3346 2067 3569 2138 maligni
3605 2068 3701 2138 spi-

436 2150 504 2207 de
538 2160 780 2207 semente
808 2148 1045 2218 ejusdem
1078 2160 1255 2213 terra,
1299 2149 1352 2204 id
1382 2159 1486 2214 est,
1539 2147 1606 2204 de
1631 2148 1800 2219 stirpe
1847 2148 2015 2219 regia,
2120 2148 2255 2202 ritus
2305 2157 2550 2219 raptores
2584 2150 2915 2220 animarum,
2959 2156 3174 2226 aliqzzan
3199 2159 3249 2212 Yo
3292 2162 3585 2229 prtesentis
3610 2177 3701 2216 se-

433 2243 762 2301 Matbaniam
795 2256 1044 2315 patruum
1072 2244 1365 2307 .lechoniae,
1418 2260 1448 2299 c
1484 2243 1573 2314 jus
1608 2244 1767 2299 vertit
1797 2258 2013 2308 nomen,
2116 2240 2220 2295 culi
2246 2250 2574 2310 potestates;
2603 2244 2887 2315 aliquando
2920 2263 3046 2303 vero
3074 2249 3157 2302 vel
3186 2251 3559 2307 subtilissima:
3582 2269 3701 2308 san-

431 2344 488 2390 et
515 2336 729 2390 vocavit
772 2350 894 2390 eum
928 2335 1230 2401 Sedeclam,
1262 2343 1315 2390 et
1342 2335 1521 2405 posuit
1562 2350 1743 2406 regem
1777 2335 1827 2389 in
1858 2332 2014 2388 Jeru-

438 2427 626 2494 salem,
683 2428 975 2499 multisque
1009 2429 1253 2501 przefecit
1291 2429 1522 2499 populis,
1553 2438 1609 2485 et
1641 2438 1816 2484 tamen
1842 2430 1893 2483 in
1918 2445 2011 2485 su-

427 2520 647 2590 perficie
693 2521 873 2592 posuit
918 2520 1088 2587 illum,
1147 2536 1244 2576 nec
1265 2529 1584 2591 potestatem
1610 2519 1727 2588 ejus
1772 2520 1878 2576 alta
1912 2521 2009 2575 im-

424 2612 560 2683 perii
604 2613 787 2669 radice
814 2613 1069 2679 firmavit,
1111 2613 1214 2684 sed
1248 2613 1425 2686 posuit
1453 2629 1575 2668 eum
1627 2623 1683 2668 ut
1708 2615 2006 2684 reSpicere-

426 2710 515 2755 tur
538 2710 591 2756 et
644 2703 744 2758 sub
792 2711 1058 2774 potestate
1108 2713 1250 2760 esset
1289 2702 1600 2776 Babylonia,
1656 2704 1768 2759 sive
1816 2704 2005 2759 humili

423 2801 655 2854 statura.
682 2796 1089 2866 respicientibus
1113 2799 1273 2855 ramis
1287 2797 1404 2867 ejus
1417 2798 1485 2852 ad
1506 2813 1625 2851 eam
1648 2807 1735 2852 :ut
1749 2806 2004 2869 praeesset

420 2884 640 2954 quidem
698 2885 907 2956 pepulis
945 2886 1270 2955 Judaeorum,
1315 2890 1409 2944 sed
1445 2890 1735 2959 respiceret
1784 2891 1852 2945 ad
1901 2890 1998 2945 Ba-

419 2974 620 3046 bylonii
683 2974 922 3043 iubentis
985 2979 1289 3046 imperium.
1372 2980 1485 3036 lloc
1521 2990 1602 3036 est
1656 2984 1799 3037 enim
1854 2986 1999 3053 quod

421 3066 698 3136 Scriptura
728 3068 880 3132 dicit,
917 3089 934 3121 ι
968 3071 1155 3125 humili
1201 3080 1430 3138 statura,
1461 3075 1871 3144 respicientibus
1907 3092 1993 3131 ra—

417 3159 523 3214 mis
544 3158 661 3228 ejus
687 3162 754 3216 a'd
785 3177 925 3228 eam,
958 3182 977 3214 ι
1012 3164 1331 3235 subauditur
1366 3167 1619 3237 aquilam.
1641 3168 1791 3235 Quod
1834 3184 1992 3239 aper—

417 3251 526 3310 tius
565 3261 776 3310 vertere
804 3254 985 3311 LXX:
1022 3275 1041 3307 ι
1074 3256 1371 3328 Ortumque
1408 3267 1492 3314 est
1528 3261 1668 3330 quod
1697 3261 1994 3331 plantatum

416 3341 609 3399 fuerat.
662 3344 730 3401 Et
750 3344 951 3404 factum
972 3357 1055 3403 est
1084 3348 1137 3402 in
1174 3349 1386 3405 vineam
1436 3351 1725 3413 infirmam.
1772 3361 1826 3408 et
1863 3368 1990 3423 par—

414 3434 614 3502 vulam,
642 3445 702 3491 ut
735 3447 941 3493 tantum
970 3448 1290 3509 apparerent
1315 3443 1449 3498 rami
1471 3442 1601 3513 ejus.
1641 3466 1659 3496 ι
1693 3446 1759 3501 Ut
1788 3446 1993 3502 videre-

416 3535 504 3581 tur
552 3528 769 3598 quidem
832 3531 1031 3587 habere
1077 3548 1324 3603 regnum,
1400 3538 1493 3591 sed
1536 3536 1709 3607 ipsum
1767 3553 1989 3609 regnum

411 3619 748 3690 ejushumile
797 3632 957 3692 atque
986 3624 1259 3681 infirmum
1297 3627 1571 3699 Babylonii
1608 3629 1865 3700 principis
1900 3645 1987 3686 re-

409 3719 629 3782 geretur
669 3713 909 3769 arbitrio.
974 3714 1089 3770 Hoc
1120 3716 1334 3773 interim
1368 3717 1435 3773 de
1468 3719 1722 3789 praesenti
1756 3720 1988 3791 capitulo

408 3802 498 3859 cui
544 3805 923 3861 subnectamus
962 3815 1017 3862 et
1055 3807 1279 3878 reliqua.

484 3911 505 3942 ς
550 3893 616 3947 Et
654 3893 795 3948 facta
821 3902 903 3951 est
951 3896 1129 3964 aquila
1159 3896 1326 3953 altera
1378 3898 1596 3967 grandis
1637 3901 1846 3970 magnis
1888 3901 1986 3955 alis

413 4004 434 4039 ι
481 3985 772 4056 multisque
799 3985 1012 4054 plumis.
1060 3988 1127 4042 Et
1150 4004 1277 4045 ecce
1320 3990 1472 4045 vinea
1500 3990 1624 4058 ista,
1660 3993 1815 4062 quasi
1856 3993 1982 4048 mit-

412 4098 432 4131 ι
487 4088 604 4134 tens
648 4078 858 4134 radices
882 4093 1009 4134 suas
1035 4080 1104 4134 ad
1141 4095 1282 4144 eam,
1312 4081 1558 4151 palmites
1589 4098 1716 4138 suos
1745 4084 1985 4139 extendit

2113 2340 2327 2387 ctorum
2374 2333 2760 2406 intelligentiae,
2807 2337 2891 2393 vel
2935 2338 3250 2396 incarnatus
3295 2340 3559 2398 Dominus
3596 2345 3697 2399 ima

2112 2420 2360 2477 celeriter
2404 2425 2765 2492 transvolans,
2793 2436 2845 2483 et
2883 2443 3006 2483 mox
3056 2445 3265 2486 summa
3314 2441 3567 2502 repetens
3610 2435 3696 2491 tle-

2111 2510 2371 2581 signatur.
2402 2513 2716 2583 Aquilarum
2746 2518 2961 2572 nomine
2991 2519 3333 2577 insidiatores
3361 2523 3588 2593 spiritus
3615 2541 3699 2580 ex-

2108 2604 2432 2672 primuntur,
2458 2604 2690 2662 Jeremia
2723 2617 3033 2673 attestante.
3062 2612 3154 2681 qui
3183 2613 3260 2667 ait
3286 2632 3300 2667 :
3335 2632 3354 2664 (
3383 2614 3695 2672 Veloeiores

2107 2694 2328 2751 fuerunt
2356 2710 2729 2767 persecutores
2759 2703 2928 2758 nostri
2975 2704 3170 2774 aquilis
3203 2705 3349 2761 cmli.
3381 2726 3399 2759 ι
3434 2706 3694 2764 Persecu-

2106 2792 2251 2842 tores
2285 2788 2428 2842 enim
2463 2790 2634 2844 nostri
2663 2791 2858 2861 aquilis
2896 2793 3021 2848 coeli
3058 2794 3359 2853 velociores
3389 2782 3537 2863 Sciit,
3564 2814 3689 2854 cum

2105 2892 2252 2938 tanta
2282 2893 2470 2940 contra
2502 2901 2600 2941 nos
2647 2887 2867 2958 maligni
2902 2888 3147 2945 homines
3192 2889 3420 2956 faciunt,
3451 2901 3509 2947 ut
3543 2893 3689 2963 ipsas

2100 2974 2265 3028 etiam
2293 2976 2470 3031 aerias
2508 2985 2802 3048 potestates
2852 2980 3254 3038 inventionibus
3286 2984 3508 3040 malitiae
3549 3002 3689 3055 prcc-

2102 3065 2182 3121 ire
2210 3066 2508 3121 viJeantnr.
2552 3068 2760 3138 Aquila:
2804 3070 3062 3126 vocabulo
3104 3080 3346 3142 potestas
3382 3083 3599 3129 terrena
3632 3076 3689 3130 li-

2101 3165 2341 3225 guratur.
2393 3155 2542 3212 Unde
2586 3173 2682 3226 per
2710 3158 3047 3216 Ezechielem
3094 3164 3413 3233 prophetam
3443 3164 3686 3220 dicitur:

2102 3265 2120 3296 σ
2153 3246 2344 3316 Aquila
2373 3248 2592 3318 grandis
2620 3265 2932 3320 magnarum
2959 3253 3190 3320 alarum,
3228 3254 3389 3326 longo
3415 3258 3688 3313 membro-

2095 3351 2214 3390 rum
2249 3338 2431 3402 ductu,
2473 3340 2632 3409 plena
2670 3340 2888 3411 plumis,
2923 3353 2980 3399 et
3008 3345 3291 3412 varietate,
3324 3348 3472 3404 venit
3498 3348 3565 3403 ad
3598 3349 3689 3405 Li—

2092 3429 2311 3491 banum,
2338 3437 2393 3485 et
2414 3432 2537 3486 tulit
2562 3433 2847 3489 medullam
2871 3435 3040 3501 cedri,
3063 3447 3119 3492 et
3142 3438 3512 3495 summitatem
3538 3439 3686 3496 fron-

2092 3520 2238 3575 dium
2268 3522 2385 3593 ejus
2412 3522 2623 3579 evulsit.
2670 3545 2689 3576 ι
2725 3524 2839 3592 Qua
2867 3525 3118 3583 videlicet
3158 3528 3337 3598 aquila
3364 3530 3489 3600 quis
3515 3528 3682 3597 alius,

2090 3633 2254 3689 quam
2300 3617 2798 3678 Nabuchodonosor
2839 3637 2934 3678 rex
2982 3622 3291 3694 Babylonia:
3337 3624 3678 3697 designatur,

2089 3727 2207 3783 quae
2252 3727 2351 3784 pro
2382 3713 2749 3770 immensitate
2793 3716 3068 3773 exercitus
3112 3731 3431 3788 magnarum
3464 3718 3679 3775 alarum

2088 3819 2186 3875 pro
2207 3805 2563 3862 diuturnitate
2588 3815 2889 3877 temporum
2915 3807 3074 3879 longo
3093 3809 3458 3864 membrorum
3484 3810 3674 3875 ductu,

2085 3913 2185 3968 pro
2214 3896 2396 3952 multis
2420 3912 2550 3953 vero
2579 3898 2800 3962 divitiis,
2828 3898 2987 3969 plena
3015 3898 3233 3968 plumis,
3257 3913 3358 3967 pro
3385 3898 3681 3955 innumera

2084 3995 2266 4043 autem
2292 3996 2520 4043 terrente
2555 3988 2740 4060 gloriae
2766 3988 3174 4059 compositione,
3207 3988 3366 4058 plena
3402 3990 3676 4046 varietate

2083 4083 2448 4139 describitur:
2488 4101 2506 4134 ‹
2536 4083 2666 4150 Quae
2706 4082 2854 4138 venit
2895 4082 2961 4137 ad
2988 4082 3278 4147 Libanum,
3307 4090 3363 4137 et
3391 4081 3519 4137 tulit
3560 4097 3675 4137 me-

2081 4178 2281 4233 dullam
2304 4178 2470 4243 cedri,
2496 4185 2550 4232 et
2570 4177 2933 4233 summitatem
2960 4175 3228 4232 frondium
3251 4174 3368 4243 eius
3390 4175 3623 4241 evulsit;
3646 4195 3664 4228 ι

2080 4270 2203 4340 quia
2232 4269 2429 4325 Judzeae
2453 4269 2828 4325 celsitudinem
2874 4276 3085 4338 petens,
3128 4267 3469 4323 nobilitatem
3512 4267 3670 4338 regni

411 4195 430 4227 ι
474 4176 542 4231 ad
610 4174 773 4240 illam,
828 4183 889 4229 ut
914 4174 1165 4247 irrigaret
1206 4191 1324 4231 eam
1375 4178 1441 4234 de
1484 4178 1680 4233 arcolis
1727 4181 1982 4251 germinis

409 4288 429 4320 ι
473 4269 576 4324 sui.
608 4266 666 4324 In
697 4277 841 4324 terra
880 4269 1023 4325 bona
1061 4284 1224 4340 super
1257 4285 1426 4339 aquas
1476 4271 1671 4327 multas
1719 4273 1983 4343 plantavit

405 4382 424 4413 ι
473 4377 617 4427 eam,
657 4370 716 4418 ut
735 4362 899 4418 faciat
922 4360 1142 4418 frondes
1185 4370 1241 4418 et
1266 4372 1443 4434 portet
1466 4364 1719 4432 fructum,
1749 4374 1804 4421 et
1826 4366 1898 4421 sit
1924 4366 1977 4421 in
2078 4362 2214 4431 ejus,
2252 4362 2406 4434 quasi
2432 4361 2717 4418 medullam
2747 4361 2892 4416 cedri
2929 4359 3168 4416 abstulit.
3202 4359 3270 4414 Et
3308 4360 3439 4414 dum
3488 4367 3671 4414 tener-

402 4475 422 4506 ‹
469 4457 681 4513 vineam
704 4459 983 4529 grandem.
1028 4458 1160 4514 Die:
1194 4458 1321 4515 Htec
1346 4460 1474 4516 dicit
1519 4461 1775 4519 Dominus
1812 4464 1968 4522 Deus.

2102 4455 2271 4510 'imam
2316 4455 2524 4526 Regum
2565 4456 2773 4525 prolem
2812 4470 2840 4508 a
2886 4452 3038 4524 regni
3084 4451 3167 4507 sui
3210 4451 3450 4507 culmine
3494 4451 3668 4522 capti-

397 4568 419 4600 ι
464 4549 676 4618 Ergone
712 4551 1153 4620 prosperabitur?
1179 4550 1367 4608 Nonne
1409 4552 1617 4609 radices
1643 4554 1759 4625 ejus
1779 4555 1973 4612 evellet
2076 4552 2253 4607 vando
2282 4550 2517 4615 sustulit,
2545 4549 2699 4620 quasi
2742 4548 3107 4604 summitatem
3138 4544 3410 4601 frondium
3439 4545 3662 4602 evulsit.

396 4660 418 4694 ι
466 4650 522 4696 et
554 4640 789 4697 fructum
815 4640 929 4709 ejus
961 4641 1266 4712 distringat,
1314 4651 1368 4698 et
1395 4643 1620 4699 siccabit
1644 4659 1832 4700 omnes
1858 4646 1972 4716 pal-
2072 4643 2281 4713 Aquilae
2308 4639 2589 4705 vocabulo,
2615 4639 2701 4695 vel
2746 4637 2956 4695 subtilis
2989 4643 3298 4692 sanctorum
3348 4634 3664 4706 intelligen-

397 4752 418 4785 ι
464 4733 624 4788 mites
653 4733 909 4805 germinis
929 4734 1067 4804 ejus,
1105 4742 1160 4790 et
1182 4744 1411 4801 arescet,
1457 4744 1642 4791 etnon
1668 4736 1720 4790 in
1748 4738 1970 4794 brachio
2072 4733 2143 4788 tia
2165 4774 2181 4799 ,
2227 4733 2309 4788 vel
2354 4732 2564 4787 volatus
2606 4729 2901 4784 Dominicte
2939 4724 3272 4783 ascensionis
3309 4725 3658 4794 exprimitur.

396 4847 416 4878 ι
461 4825 650 4899 grandi
700 4840 872 4896 neque
915 4828 970 4881 in
1007 4826 1217 4897 populis
1248 4827 1431 4882 multis
1471 4835 1531 4883 ut
1560 4829 1814 4884 evelleret
1846 4845 1965 4886 eam
2071 4824 2226 4880 Unde
2276 4824 2416 4879 idem
2468 4821 2738 4891 Propheta
2783 4819 2910 4872 dum
2959 4816 3060 4871 sub
3108 4813 3428 4869 animalium
3474 4813 3660 4883 specie

394 4939 415 4970 ι
459 4917 752 4974 radicitus?
771 4917 912 4974 Ecce
938 4918 1179 4988 plantata
1205 4926 1289 4975 est
1320 4938 1334 4975 :
1373 4920 1581 4992 Ergone
1622 4920 1967 4990 prosperabi-
2066 4914 2423 5006 evangelistas
2443 4920 2759 5006 quatuor‘se
2771 4908 2973 4963 vidisse
2984 4903 3419 5006 describerent:
3442 4904 3656 5006 eis

393 5030 414 5061 ι
462 5010 586 5066 tur?
612 5008 802 5065 Nonne
833 5024 953 5064 cum
976 5009 1218 5081 tetigerit
1244 5026 1362 5066 eam
1383 5021 1578 5066 ventus
1606 5024 1773 5066 urens
1798 5010 1962 5065 sicca-
2064 5003 2315 5064 hominis,
2348 5001 2540 5064 leonis,
2569 4999 2744 5064 δονίδι
2772 5005 2829 5053 ei
2871 4996 3066 5067 ειιιιίιω
3095 4994 3289 5050 “idem
3329 4994 3655 5065 ερρπωίεεθ

390 5123 410 5155 ι
457 5101 622 5168 bitur,
689 5107 744 5156 et
782 5099 838 5155 in
864 5099 1006 5155 areis
1036 5101 1294 5171 germinis
1339 5100 1419 5157 sui
1463 5101 1717 5157 arescet?
1769 5119 1787 5152 ι
1851 5110 1956 5156 etc.

378 5193 575 5265 Aquila
606 5191 862 5257 secunda,
893 5190 946 5246 id
965 5200 1071 5259 est,
1109 5191 1303 5258 altera,
1343 5201 1399 5247 et
1428 5193 1538 5264 ipsa
1576 5208 1769 5264 magna
1801 5191 1959 5263 plena

375 5287 596 5358 plumis,
635 5284 1036 5355 multorumque
1063 5284 1320 5355 unguium
1358 5294 1578 5357 propter
1604 5286 1956 5356 rapacitatem

376 5386 434 5433 ct
466 5377 821 5434 vastationem
875 5375 1111 5446 gentium
1152 5374 1529 5445 plurimarum,
1583 5391 1677 5432 rex
1732 5375 1951 5449 Egypti

374 5478 463 5525 est
491 5470 719 5525 Pharao.
754 5468 820 5523 Et
843 5483 969 5524 ecce
999 5469 1154 5524 vinea
1187 5468 1287 5524 ista
1316 5468 1634 5527 subauditur
1659 5483 1755 5524 rex
1782 5467 1951 5525 Sede-

376 5561 511 5625 cias,
534 5561 626 5631 qui
651 5577 681 5615 a
709 5559 1199 5616 Nabuchodonosor
1224 5561 1277 5614 in
1300 5559 1601 5616 Jerusalem
1626 5560 1800 5616 fuerat
1822 5577 1950 5617 con-

375 5647 617 5703 stitutus.
675 5668 694 5699 ‹
739 5649 935 5719 Cmpit,
973 5649 1167 5718 inquit,
1214 5650 1427 5703 mittere
1461 5649 1785 5719 propagines
1817 5666 1948 5704 suas

379 5736 448 5791 ad
491 5751 630 5803 eam,
689 5758 706 5789 ›
751 5740 803 5794 id
846 5749 944 5809 est,
981 5741 1047 5797 ad
1093 5756 1273 5814 regem
1320 5739 1698 5813 .Egyptiorum
1742 5742 1947 5815 legatos

2061 5103 2310 5151 testatur.
2338 5093 2602 5161 Quartum
2642 5088 2832 5161 procul
2857 5086 3022 5142 dubio
3049 5083 3315 5141 Joannem
3355 5097 3458 5155 per
3486 5084 3651 5155 aqui-

2059 5183 2165 5240 lam
2192 5185 2436 5256 signans,
2470 5181 2563 5253 qui
2591 5179 2818 5235 volando
2852 5185 3054 5232 terram
3097 5174 3355 5241 deseruit,
3387 5175 3513 5245 quia
3544 5188 3651 5243 per

2059 5277 2310 5334 subtilem
2360 5272 2765 5345 intelligentiam
2828 5270 3043 5325 interna
3082 5267 3343 5339 mysteria
3398 5265 3644 5322 Verbum

2056 5366 2287 5423 videndo
2317 5364 2637 5437 penetravit.
2698 5361 2797 5418 Cui
2845 5361 3102 5416 nimirum
3141 5356 3482 5428 Prophelica‘.
3509 5371 3645 5411 sen-

2055 5460 2235 5515 tcntiae
2276 5459 2391 5529 ipse
2433 5470 2649 5527 quoque
2683 5453 2919 5509 Joannes
2963 5451 3018 5507 in
3072 5447 3402 5505 revelatione
3436 5460 3533 5502 sua
3569 5444 3644 5501 de

2054 5555 2343 5625 semetipso
2377 5567 2484 5607 non
2511 5550 2780 5612 dissonat,
2823 5545 3009 5600 dicens
3041 5561 3054 5597 :
3092 5561 3113 5593 ε
3140 5539 3354 5595 Animal
3396 5538 3640 5611 primum

2053 5647 2227 5704 simile
2256 5644 2428 5708 leoni,
2470 5639 2764 5697 secundum
2812 5636 2985 5691 simile
3031 5633 3230 5697 vitulo,
3263 5631 3482 5686 tertium
3509 5627 3641 5681 ani-

2054 5744 2158 5799 mal
2187 5740 2387 5796 habens
2419 5735 2634 5799 faciem,
2661 5730 2813 5803 quasi
2855 5727 3109 5791 hominis,
3141 5731 3394 5797 quartum
3427 5718 3636 5778 animal
