3906 6176
277 323 384 378 697
1261 329 1611 387 COMMENT.
1654 332 1719 387 IN
1758 332 2213 391 EZECHIELEM.
2252 370 2319 379 —
2361 340 2484 395 LIB.
2528 342 2655 399 VIII.
3456 355 3559 412 (398

272 448 455 540 simile
484 451 680 518 aquilze
721 450 923 505 volanti
970 450 1155 523 (Apoc.
1187 452 1282 523 ιν).
1319 473 1336 505 ι
1364 453 1432 506 Et
1457 453 1705 521 quamvis
1750 454 1859 507 siu-
1888 464 1937 520 Α
1968 474 1986 505 ι
2030 455 2162 509 dicit
2208 459 2465 513 Dominus
2511 461 2672 525 Deus,
2710 462 2963 531 quoniam
3001 462 3053 516 in
3103 462 3222 518 Ioco
3267 467 3427 536 regis,
3460 472 3553 540 qni

271 539 398 609 gula
448 540 515 593 ad
565 556 1000 609 unumquemque
1043 542 1424 612 evangelistam
1476 551 1620 596 recte
1662 558 1860 597 conve-
1973 568 1991 599 ι
2039 551 2319 607 constituit
2365 567 2486 607 eum
2531 570 2737 623 regem,
2788 555 2940 623 cujus
2989 556 3113 612 fecit
3157 559 3365 613 irritum
3409 539 3559 630 jura-

274 631 445 694 niant,
475 631 602 685 dum
634 631 773 685 alius
810 633 1057 686 humanm
1102 634 1402 688 nativitatis
1429 636 1693 697 ordinem,
1725 635 1862 689 alius
1968 659 1987 691 ι
2034 652 2296 706 mentum,
2328 652 2381 696 et
2415 644 2573 698 solvit
2608 656 2820 715 paetum
2862 648 3004 716 quod
3054 650 3279 703 habebat
3313 667 3434 705 cum
3467 666 3554 715 eo,

271 739 374 792 per
401 723 583 777 mundi
624 721 873 777 sacriﬁcii
905 723 1306 788 mactationem,
1336 724 1487 792 quasi
1532 724 1683 777 vituli
1718 740 1862 779 mor—
1967 749 1985 778 ε
2032 730 2084 783 in
2128 732 2302 786 medio
2345 732 2627 804 Babylonis
2667 737 2944 791 morietur.
2979 737 3043 791 Et
3074 755 3176 791 non
3225 739 3274 792 iu
3311 740 3553 795 exercitu

271 822 387 867 tem
444 828 457 866 :
501 814 639 867 alius
686 814 970 883 potestatis
1020 813 1421 879 fortitudinem,
1475 816 1629 884 quasi
1687 815 1859 870 leonis
1966 841 1983 871 ι
2030 823 2218 890 grandi
2259 839 2433 893 neque
2461 826 2514 878 in
2549 827 2741 896 populo
2780 828 2946 882 multo
2998 827 3159 882 faciet
3197 841 3385 884 contra
3427 848 3550 886 cum

269 906 566 966 clamorem
599 907 863 969 insinuat;
893 906 1029 960 alius
1067 907 1402 960 nativitatem
1436 907 1585 961 verbi
1619 907 1855 972 intuens,
1965 926 1983 958 ι
2031 910 2243 965 Pharao
2289 912 2555 981 przclium,
2591 915 2641 967 in
2683 915 2829 984 jactu
2878 918 3088 987 aggeris
3118 928 3172 971 ct
3219 919 3271 972 in
3321 927 3545 975 ρχςιιτυ-

268 1001 427 1070 quasi
477 1010 655 1053 ortum
699 999 865 1054 solem
899 999 1075 1067 aquila
1108 1008 1366 1068 aspectat,
1400 1009 1626 1069 possunt
1672 1010 1852 1055 tamen
1964 1018 1980 1049 ι
2030 1002 2208 1055 ctione
2260 1002 2557 1069 vallorum,
2604 1015 2664 1059 nt
2716 1006 3002 1062 interﬁciat
3066 1011 3277 1065 animas
3331 1013 3549 1070 multas.

264 1092 386 1146 lure
414 1101 647 1159 quatuor
672 1088 922 1142 animalia
962 1089 1133 1158 ipsum
1163 1106 1317 1143 suum
1345 1096 1528 1157 caput,
1555 1087 1705 1156 cujus
1731 1098 1857 1142 sunt
1963 1111 1981 1143 ι
2031 1092 2320 1162 Spreverat
2345 1096 2486 1150 enim
2512 1095 2881 1164 juramentum
2915 1110 2972 1154 ut
3002 1102 3232 1156 solveret
3267 1103 3465 1169 huius,
3497 1114 3554 1162 et

266 1183 537 1244 membra.
568 1180 802 1248 signare-
855 1180 971 1247 IPSC
1021 1194 1254 1247 IlanIQUe
1293 1188 1348 1233 et
1390 1178 1551 1232 homo
1581 1188 1691 1240 est,
1726 1178 1855 1247 quia
1961 1203 1980 1235 ι
2027 1200 2153 1238 ecce
2182 1185 2327 1239 dedit
2356 1202 2572 1240 manum
2602 1204 2780 1250 suam,
2810 1199 2864 1244 et
2906 1206 3026 1245 cum
3057 1193 3237 1246 omnia
3269 1195 3383 1249 lta‘c
3415 1194 3551 1250 fere.

224 1342 233 1353 ε
262 1282 520 1327 naturam
559 1278 797 1325 nostram
830 1270 1098 1324 veraciter
1121 1269 1381 1337 suscepit,
1399 1278 1452 1322 et
1480 1269 1700 1333 vitulus,
1729 1271 1855 1339 quia
1961 1292 1979 1325 ι
2027 1276 2119 1339 rit,
2149 1292 2253 1330 non
2287 1276 2521 1348 effugiet.
2547 1300 2564 1331 ι
2599 1278 2710 1335 Hoc
2755 1289 2836 1334 est
2883 1282 3134 1351 :enigma.
3181 1284 3295 1339 lucc
3325 1296 3403 1339 est
3452 1301 3548 1354 pa-

263 1382 363 1436 pro
388 1366 544 1420 nobis
573 1367 841 1434 patienter
868 1363 1142 1428 occubuit,
1170 1368 1226 1417 et
1255 1363 1338 1417 leo
1372 1363 1497 1431 quia
1528 1378 1623 1430 per
1659 1364 1854 1418 divini-
1956 1365 2158 1431 rabola,
2188 1368 2331 1436 quod
2359 1370 2460 1423 sub
2492 1370 2702 1424 duabus
2730 1371 2923 1440 aquilis
2950 1382 3002 1427 et
3033 1373 3190 1428 viaea
3221 1375 3354 1429 duos
3392 1392 3545 1446 ινδιξ

262 1458 395 1511 tatis
433 1455 801 1510 fortitudinem
844 1462 1107 1523 susceptae
1138 1453 1329 1506 mortis
1367 1453 1637 1507 vinculum
1688 1454 1849 1523 rupit.
1954 1454 2239 1527 Babylonis
2267 1467 2322 1512 et
2348 1457 2561 1529 Aigypti
2589 1461 2857 1529 scriptura
2900 1471 3245 1529 monstraret,
3277 1476 3330 1520 et
3360 1483 3541 1536 regem

261 1546 328 1600 Et
350 1547 417 1600 ad
441 1555 744 1599 extremum
767 1543 943 1612 aquila
969 1562 981 1595 :
1010 1542 1134 1611 quia
1157 1542 1225 1595 ad
1251 1541 1446 1597 coalutn
1476 1543 1541 1596 de
1560 1558 1666 1611 quo
1691 1558 1852 1597 veue-
1953 1545 2024 1599 Se
2048 1548 2256 1611 Sec-iam,
2303 1550 2392 1619 qui
2421 1561 2609 1605 contra
2637 1551 3012 1621 jusjurandum
3047 1556 3257 1609 deserta
3304 1558 3545 1612 amicitia

258 1652 369 1704 rat.
419 1637 595 1694 rediit.
630 1634 801 1691 Homo
834 1650 965 1704 ergo
989 1633 1283 1693 nascendo,
1313 1632 1512 1687 vitulus
1547 1632 1800 1687 moriendi

1995 1638 2474 1706 'almchodonosor,
2505 1658 2562 1697 se
2585 1645 2650 1697 ad
2682 1660 2862 1715 regem
2888 1644 3198 1716 JEgyptium
3230 1649 3537 1704 transtulit:

255 1735 343 1788 leo
376 1732 724 1803 resurgendo,
750 1726 928 1799 aquila
954 1726 1022 1779 ad
1048 1724 1217 1779 cmlos
1242 1724 1603 1788 ascendendo,
1629 1733 1847 1779 vocatus
1958 1744 1976 1776 ‹
2008 1727 2127 1781 Feri
2152 1737 2204 1793 ~t,
2237 1731 2429 1801 inquit,
2459 1749 2577 1787 cum
2606 1748 2670 1788 eo
2702 1734 2875 1790 fmdus
2903 1745 2955 1789 et
2986 1738 3214 1806 accipiet
3249 1740 3315 1792 ah
3346 1755 3410 1794 eo
3432 1739 3545 1810 jus-

254 1837 359 1882 est.
406 1825 539 1879 Nam
570 1832 625 1879 et
654 1824 705 1877 in
747 1822 847 1877 Job
899 1822 1136 1892 legitur:
1173 1837 1190 1867 ι
1223 1815 1490 1884 Numquid
1534 1816 1599 1869 al
1646 1832 1849 1884 pracce-
1881 1811 2264 1887 ijraudum,
2311 1830 2368 1876 ut
2412 1824 2680 1879 custodiat
2728 1837 2943 1896 pactum
2981 1827 3117 1895 ejus,
3160 1837 3213 1883 et
3256 1841 3435 1886 servet
3478 1833 3543 1885 ῃ.

252 1931 409 1988 ptum
440 1926 588 1970 tuum
616 1914 915 1969 elevabitur
955 1911 1157 1981 aquila,
1201 1907 1338 1962 etin
1372 1908 1555 1962 arduis
1588 1910 1734 1978 ponit
1767 1910 1846 1963 ni-
1949 1910 2057 1963 Iul.
2104 1931 2122 1962 ι
2176 1913 2277 1978 Qui
2330 1913 2594 1978 dissolvit,
2656 1917 2750 1981 ait,
2807 1927 3044 1987 pactum,
3098 1921 3357 1988 numquid
3407 1921 3542 1976 effu-

252 2011 384 2066 dum
430 2010 565 2065 sibi?
592 2028 611 2061 ο
646 2005 789 2077 (Job.
820 2006 1030 2075 χχχιι.)
1068 2004 1172 2059 Sed
1212 2000 1316 2055 hoc
1350 2000 1469 2056 loco
1514 2001 1705 2072 aquilae
1745 2017 1845 2056 no-
1945 2003 2091 2073 giet?
2115 2004 2193 2059 Ex
2224 2022 2331 2075 quo
2361 2007 2617 2063 discimus
2646 2011 2807 2064 etiam
2834 2010 2976 2065 inter
3001 2011 3183 2066 hostes
3215 2013 3537 2069 servandam

250 2106 420 2169 mine,
466 2102 676 2158 subtilis
722 2109 1031 2156 sanctorum
1082 2094 1469 2169 intelligentia,
1501 2105 1558 2151 et
1601 2095 1846 2151 sublimis
1946 2094 2127 2158 diem,
2153 2105 2201 2150 et
2234 2112 2337 2150 non
2365 2099 2813 2155 considerandum
2841 2102 2952 2166 cui,
2994 2103 3087 2157 sed
3132 2119 3231 2173 per
3258 2119 3417 2174 quem
3449 2104 3535 2175 ju-

248 2211 444 2250 eorum
494 2192 880 2262 contemplatio
924 2192 1207 2261 ﬁguratur.
1268 2189 1599 2244 Cunctarum
1648 2187 1844 2256 quippe
1944 2186 2169 2241 raveris.
2216 2186 2382 2243 Multo
2428 2191 2571 2244 enim
2620 2190 2828 2246 fidelior
2878 2193 3125 2247 inventus
3161 2204 3243 2250 est
3288 2196 3401 2263 ille,
3445 2197 3538 2268 qui

247 2290 435 2343 avium
467 2289 640 2342 visum
657 2286 802 2341 acies
831 2284 1024 2355 aquilm
1038 2292 1282 2353 superat,
1318 2283 1389 2336 ita
1418 2288 1477 2336 ut
1508 2279 1635 2334 solis
1662 2279 1844 2334 radius
1943 2288 2163 2350 propter
2192 2295 2388 2335 nomen
2429 2282 2521 2335 Dei
2555 2282 2647 2337 tibi
2679 2285 2911 2339 credidit
2940 2295 2995 2341 et
3031 2288 3285 2356 deceptus
3328 2297 3430 2352 est,
3480 2297 3533 2343 te

247 2381 391 2435 fixos
418 2381 473 2434 in
504 2394 563 2434 se
600 2377 717 2445 ejus
758 2376 944 2432 oculos
985 2376 1128 2430 nulla
1159 2374 1296 2430 lueis
1326 2390 1439 2429 suae
1468 2372 1843 2428 coruscatione
1943 2374 2033 2442 qui
2086 2389 2183 2443 per
2231 2375 2568 2431 occasionem
2609 2377 2803 2432 divinae
2858 2378 3180 2447 majestatis,
3226 2380 3367 2435 hosti
3418 2388 3531 2445 tuo,

245 2471 548 2525 verberans
597 2468 833 2523 claudat.
882 2466 965 2521 Ad
1019 2473 1346 2536 praeceptum
1404 2476 1535 2535 ergo
1598 2461 1844 2517 elevatur
1943 2463 2051 2518 imo
2075 2465 2187 2534 jam
2216 2466 2411 2531 amico,
2429 2483 2488 2522 es
2515 2467 3000 2523 molitusizzsidias.
3032 2469 3313 2537 Quoniam,
3336 2470 3532 2539 inquit,

244 2562 437 2632 aquila
466 2560 593 2614 dum
618 2557 955 2628 jussionibus
983 2556 1179 2611 divinis
1203 2557 1606 2626 obtemperans,
1657 2553 1711 2606 in
1752 2569 1843 2608 suo
1943 2555 1996 2609 in
2035 2556 2150 2611 loco
2194 2559 2356 2628 regis,
2389 2560 2478 2628 qui
2518 2559 2793 2613 constituit
2813 2576 2935 2615 eum
2972 2576 3176 2631 regem,
3209 2559 3362 2628 cujus
3402 2559 3534 2617 fecit

243 2655 436 2725 pernis
480 2651 826 2722 suspenditur
865 2648 1103 2704 ﬁdelium
1140 2650 1286 2713 vita;
1317 2664 1435 2717 qua:
1479 2656 1532 2701 et
1564 2648 1618 2700 in
1655 2645 1841 2699 arduis
1943 2648 2155 2703 irritum
2180 2649 2576 2719 juramentum,
2605 2659 2660 2706 et
2691 2651 2847 2705 solvit
2883 2662 3096 2721 pactum
3121 2653 3266 2723 quod
3297 2653 3533 2708 habet-at

244 2747 438 2802 nidum
486 2758 688 2815 ponere
723 2742 941 2807 dicitur,
1003 2740 1129 2809 quia
1166 2738 1435 2794 desideria
1486 2746 1701 2791 terrena
1749 2735 1843 2790 de-
1941 2754 2061 2793 cum
2087 2755 2172 2805 eo,
2195 2739 2247 2794 in
2272 2740 2447 2796 medio
2475 2741 2762 2812 Babylonis
2791 2743 3070 2799 morietur.
3099 2743 3351 2816 Legimus
3379 2746 3525 2801 enim

242 2837 507 2907 spiciens,
549 2849 643 2904 spe
668 2834 780 2904 jam
814 2831 881 2885 de
920 2830 1234 2885 coalestibus
1270 2829 1527 2883 nutritur.
1562 2828 1619 2881 In
1651 2824 1841 2881 arduis
1942 2830 2225 2886 Sedeciam
2274 2841 2509 2903 captum,
2540 2834 2757 2889 ductum
2790 2850 2907 2890 esse
2937 2835 2989 2889 in
3017 2835 3303 2902 Beblatha,
3351 2837 3530 2907 ibique

241 2929 437 2985 nidum
469 2928 620 2998 ponit
653 2945 666 2980 :
697 2926 822 2995 quia
846 2923 1234 2980 habitationem
1261 2922 1458 2976 utentis
1491 2936 1621 2984 sum,
1649 2920 1705 2973 in
1738 2919 1839 2973 ab-
1942 2920 2240 2976 interfectis
2271 2921 2394 2977 filiis
2432 2934 2785 2988 excsecatum,
2825 2933 2879 2978 et
2925 2926 3097 2980 instar
3126 2926 3255 2981 fera:
3283 2926 3525 2982 clausum

236 3021 388 3091 jecta
405 3028 462 3076 et
483 3018 669 3074 inﬂata
685 3015 1098 3072 conversatione
1120 3030 1225 3068 non
1247 3013 1530 3068 construit.
1551 3012 1841 3067 Videamus
1940 3028 2105 3068 cavea
2150 3014 2468 3069 translatum
2500 3015 2552 3068 in
2586 3015 2932 3086 Babylonem.
2964 3015 3119 3072 Unde
3150 3027 3204 3073 et
3242 3016 3525 3089 Scriptura

238 3110 510 3182 aquilam.
538 3108 724 3163 nidum
758 3106 872 3177 ει)θὶ
895 3106 948 3160 in
976 3103 1161 3159 Willis
1185 3110 1610 3167 ϐοηδῑτυεηιθῐη,
1636 3100 1837 3156 Palllus
1868 3163 1910 3182 η
1940 3121 2062 3161 cum
2095 3106 2342 3161 videatur
2381 3107 2485 3161 sibi
2515 3122 2635 3162 esse
2662 3110 2957 3174 contraria,
2990 3118 3167 3165 tamen
3212 3112 3266 3166 in
3297 3120 3527 3181 utroque

237 3163 360 3257 ait:
396 3220 415 3252 ι
445 3199 639 3254 Nostra
671 3197 1013 3252 conversatio
1041 3196 1096 3251 in
1122 3194 1275 3251 caelis
1299 3201 1384 3249 est
1426 3191 1650 3262 (Philip.
1675 3190 1781 3264 ιιι).
1811 3210 1831 3244 ι
1865 3163 1911 3224 C
1940 3196 2222 3251 verissima
2251 3207 2352 3251 est.
2382 3198 2595 3251 Dictum
2625 3199 2768 3252 enim
2798 3163 2917 3254 erat

234 3296 311 3352 Et
339 3307 599 3349 rursum:
634 3309 654 3344 ι
684 3290 785 3359 Qui
830 3288 1274 3346 conresuscitavit
1316 3296 1372 3342 et
1413 3287 1708 3342 consedere
1740 3298 1839 3339 nos
1940 3286 2167 3341 intrabis
2200 3286 2546 3357 Babylonem,
2580 3296 2636 3342 et
2674 3304 2779 3342 non
2820 3290 3028 3344 videbis
3065 3306 3203 3345 eam.
3230 3310 3248 3343 ι
3299 3292 3528 3348 Intravit

234 3388 379 3444 fecit
421 3387 481 3441 in
510 3383 820 3441 caelestibus
851 3381 1065 3454 (Ephes.
1091 3379 1173 3451 ιι).
1198 3399 1216 3432 ι
1249 3379 1307 3433 In
1339 3377 1525 3433 arduis
1560 3378 1723 3432 habet
1755 3374 1840 3430 ni-
1937 3379 2103 3443 enim,
2132 3378 2257 3450 quia
2286 3379 2478 3433 ductus
2499 3387 2582 3434 est
2609 3380 2938 3451 Babylonem
2964 3400 2977 3435 :
3004 3391 3058 3436 et
3085 3398 3192 3436 non
3216 3383 3368 3448 vidit,
3398 3385 3526 3453 quia

234 3481 415 3536 dum:
448 3478 574 3548 quia
600 3475 842 3546 profecto
872 3473 924 3527 in
960 3471 1211 3543 supernis
1246 3469 1364 3540 ﬁgit
1390 3468 1697 3532 consilium,
1728 3482 1836 3521 non
1936 3469 2113 3526 fuerat
2147 3479 2466 3526 excmcatus.
2509 3469 2621 3526 Hoc
2666 3481 2844 3526 autem
2889 3473 3031 3542 quod
3083 3473 3327 3543 sequitur
3361 3492 3373 3527 :
3412 3494 3430 3525 ε
3459 3475 3528 3530 Et

232 3569 361 3624 vult
383 3567 815 3622 meuteminima
832 3562 1082 3632 dejicere,
1110 3576 1217 3616 non
1232 3560 1345 3615 volt
1365 3575 1464 3630 per
1479 3556 1836 3626 abjectionem
1936 3576 2043 3616 non
2070 3562 2122 3615 in
2156 3562 2398 3617 exercitu
2436 3562 2623 3634 grandi
2657 3577 2831 3633 neque
2853 3563 2906 3617 in
2940 3563 3136 3633 popqu
3162 3563 3335 3617 multo
3361 3563 3522 3621 faciet

234 3659 676 3716 conversationis
727 3658 977 3712 humanae
1020 3655 1074 3709 in
1126 3653 1326 3708 inlimis
1368 3652 1633 3707 habitare.
1683 3649 1837 3704 Tunc
1935 3662 2123 3709 contra
2152 3669 2273 3709 eum
2303 3653 2514 3709 Pharao
2552 3654 2794 3723 praelium
2844 3634 2899 3709 in
2942 3655 3090 3725 jactu
3136 3655 3348 3725 aggeris
3378 3664 3434 3710 et
3465 3655 3524 3714 in

234 3750 446 3808 Paulus
473 3749 697 3804 fortasse
728 3749 782 3802 in
821 3761 1043 3802 carcere
1076 3745 1361 3800 tenebatur
1396 3757 1518 3797 cum
1559 3756 1619 3797 se
1643 3753 1836 3795 conse-
1934 3744 2301 3798 exstructione
2324 3743 2600 3806 vallorum,
2630 3755 2687 3798 ut
2716 3743 3005 3798 interficiat
3030 3745 3239 3799 animas
3264 3745 3518 3812 multas,»

235 3846 375 3900 dere
391 3843 610 3897 Christo
633 3841 685 3895 in
709 3839 1021 3895 caelestibus
1041 3843 1350 3892 testaretur.
1378 3833 1485 3889 Sed
1508 3833 1583 3889 ibi
1604 3838 1723 3888 erat
1743 3830 1834 3886 ubi
1933 3833 2220 3904 dupliciter
2254 3833 2573 3905 intelligitur
2599 3835 2713 3889 sive
2750 3848 2843 3889 rex
2881 3833 3169 3906 Egyptius
3200 3843 3388 3890 contra
3415 3836 3523 3893 Na-

236 3934 529 3989 ardentem
567 3928 681 3999 jam
727 3936 959 3984 mentem
988 3927 1201 3990 ﬁxerat,
1246 3939 1351 3980 non
1396 3923 1505 3979 illic
1552 3922 1642 3977 ubi
1683 3921 1832 3975 illum
1931 3925 2345 3981 buchodonosor
2373 3941 2556 3997 regem
2600 3926 2890 3997 Babylonis
2915 3928 3141 3983 veniens
3173 3944 3280 3982 non
3324 3931 3524 3999 poterit

235 4020 558 4078 necessario
584 4021 734 4090 pigra
772 4018 948 4073 adhuc
973 4031 1103 4071 caro
1138 4014 1423 4070 retinebat.
1458 4012 1570 4069 Hoc
1599 4026 1832 4081 namque
1930 4017 2114 4087 praelio
2163 4032 2339 4087 neque
2383 4032 2505 4071 cum
2550 4032 2719 4087 parvo
2763 4018 3007 4073 exercitu
3056 4027 3219 4074 tanta:
3266 4020 3521 4075 resistere

234 4129 367 4169 esse
414 4112 649 4183 speciale
705 4111 979 4182 specimen
1023 4108 1315 4163 electorum
1358 4106 1524 4172 solet,
1566 4105 1709 4174 quod
1752 4105 1832 4158 sic
1931 4106 2259 4161 multitudini
2302 4107 2416 4162 sive
2458 4108 2571 4177 ipse
2602 4106 2859 4164 Sedecias
2901 4090 3300 4180 expugnabitur
3328 4125 3357 4164 a
3391 4110 3523 4164 Pha-

234 4207 427 4262 sciunt
453 4205 736 4276 praesentis
760 4204 885 4258 vitm
908 4202 1051 4256 viam
1078 4215 1325 4269 carpere,
1356 4208 1416 4254 ut
1454 4213 1552 4269 per
1585 4196 1699 4267 spei
1725 4195 1833 4251 cel—
1932 4212 2097 4252 raoue
2143 4214 2173 4252 a
2223 4213 2329 4268 quo
2375 4200 2612 4268 speravit
2658 4200 2937 4254 auxilium.
2984 4200 3102 4254 Non
3154 4214 3262 4270 quo
3308 4200 3521 4254 Pharao

234 4294 539 4351 situdinem
582 4293 832 4348 noverint
851 4290 965 4361 jam
1010 4305 1070 4344 se
1099 4289 1166 4343 ad
1196 4289 1305 4343 alta
1334 4288 1668 4359 pervenisse,
1699 4301 1832 4356 qua-
1929 4300 2051 4341 eum
2097 4288 2520 4357 expugnaverit,
2546 4287 2631 4342 vel
2679 4289 2781 4343 hoc
2809 4288 3006 4342 alicubi
3045 4287 3323 4355 Scriptura
3355 4296 3520 4343 teste-

235 4396 407 4443 tenus
428 4393 642 4450 cuncta,
673 4398 792 4454 quae
816 4380 1207 4453 praeterﬂuunt,
1235 4380 1337 4435 sub
1366 4394 1425 4434 se
1445 4394 1564 4434 esse
1587 4379 1825 4444 videant,
1930 4384 2019 4430 tur
2043 4394 2057 4430 :
2085 4378 2178 4433 sed
2208 4393 2315 4447 quo
2346 4378 2677 4449 oppugnatio
2718 4376 3214 4432 Nabuchodonosor
3236 4391 3336 4445 per
3363 4392 3517 4433 occa-

229 4492 409 4555 atque
430 4497 612 4548 omne,
637 4480 779 4552 quod
800 4482 854 4536 in
878 4481 981 4535 hoc
1004 4479 1206 4534 mundo
1228 4478 1450 4541 eminet,
1474 4491 1659 4532 amore
1677 4484 1830 4531 teter-
1855 4516 1905 4576 Β
1930 4470 2136 4525 sionem
2186 4470 2257 4525 sit
2301 4468 2443 4525 facta
2491 4469 2633 4538 regis
2662 4467 2937 4537 Egyptii;
2971 4481 3073 4521 nec
3120 4466 3225 4520 iste
3264 4466 3414 4521 visus
3444 4467 3518 4521 sit

231 4574 436 4631 uitatis
465 4572 692 4629 calcent.
1855 4556 1903 4576 ν
1928 4575 2237 4633 expugnare
2282 4559 2602 4624 Jerusalem,
2631 4558 2719 4627 qui
2752 4557 3054 4621 obsidebat,
3081 4556 3174 4611 sed
3200 4556 3290 4612 ille
3330 4558 3387 4611 in
3408 4572 3518 4627 quo

315 4683 337 4717 ι
376 4663 447 4718 Et
493 4661 691 4717 factum
727 4670 811 4718 est
844 4660 1067 4717 verbum
1112 4659 1327 4715 Domini
1359 4655 1425 4712 ad
1462 4672 1550 4713 me
1597 4657 1823 4713 dicens:
1930 4654 2182 4711 Sedecias
2229 4653 2426 4708 frustra
2473 4658 2804 4722 speraverat.
2841 4668 2861 4701 ‹
2909 4649 3067 4713 Ecce,
3105 4650 3315 4719 inquit,
3368 4648 3518 4704 dedit

306 4756 415 4811 Dic
456 4752 525 4809 ad
555 4754 772 4809 domum
812 4761 1260 4823 exasperantem:
1290 4748 1519 4805 Nescitis
1563 4749 1693 4818 quid
1723 4748 1828 4804 ista
1928 4762 2147 4801 manum
2195 4760 2346 4800 suam
2382 4743 2492 4814 regi
2527 4740 2770 4813 Egypti,
2793 4760 2811 4793 ι
2849 4748 2907 4795 et
2956 4740 3178 4795 tradidit
3206 4756 3287 4807 se,
3315 4749 3371 4795 et
3399 4754 3518 4809 per-

306 4845 657 4918 signilicent?
684 4843 783 4899 Dic
816 4862 828 4897 :
855 4844 994 4899 Ecce
1038 4843 1191 4897 venit
1220 4855 1315 4896 rex
1352 4839 1643 4910 Babylonis
1670 4838 1830 4894 Jeru-
1922 4837 2051 4907 jurii
2073 4846 2258 4893 contra
2284 4837 2452 4891 Deum
2481 4833 2752 4889 commisit
2777 4831 3141 4903 sacrilegium.
3169 4850 3188 4883 ι
3216 4830 3512 4901 Numquid,

307 4938 522 5003 salem,
565 4945 619 4991 et
664 4943 903 4991 assumet
946 4949 1129 5006 regem
1174 4941 1230 4988 et
1280 4932 1554 5002 principes
1600 4931 1737 5001 ejus,
1775 4940 1831 4986 et
1931 4930 2027 4993 ait,
2057 4927 2299 4999 proderit
2328 4927 2412 4981 ei?
2439 4946 2457 4977 ι
2492 4924 2715 4979 Etcum
2740 4922 2924 4979 omnia
2971 4924 3086 4978 lucc
3129 4921 3354 4988 fecerit,
3404 4936 3513 4977 non

304 5030 547 5085 adducet
573 5042 666 5082 eos
690 5027 757 5082 ad
786 5026 1134 5094 semetipsum
1177 5024 1231 5078 in
1260 5021 1607 5094 Babylonem.
1638 5021 1706 5075 Et
1738 5019 1830 5075 tol-
1931 5017 2166 5088 ell‘ugiet.

302 5121 387 5177 let
414 5120 483 5175 de
532 5120 737 5174 semine
770 5117 943 5187 regni,
973 5116 1235 5186 ferietque
1259 5129 1385 5170 cum
1430 5129 1496 5169 eo
1543 5112 1744 5175 fmdus.
1774 5119 1832 5166 et
2006 5125 2025 5158 ι
2056 5106 2347 5175 Propterea
2383 5106 2498 5161 haec
2533 5105 2665 5159 dicit
2696 5104 2958 5160 Dominus
3000 5104 3181 5159 Deus:
3214 5103 3348 5158 Vivo
3386 5114 3512 5171 ego,

308 5209 550 5280 accipiet
589 5208 656 5263 ab
692 5222 758 5263 eo
788 5206 1184 5278 jusjurandum.
1234 5205 1341 5260 Sed
1370 5213 1427 5260 et
1467 5203 1635 5259 fortes
1664 5206 1829 5258 terrae
1935 5215 1955 5250 ε
1999 5197 2253 5266 quoniam
2304 5196 2705 5265 jttramentum,
2754 5197 2900 5265 quod
2947 5195 3187 5264 sprevit,
3229 5202 3286 5247 et
3330 5191 3509 5246 foedus

311 5300 493 5365 tollet,
527 5308 585 5354 ut
609 5299 681 5353 sit
706 5313 930 5369 regnum
980 5296 1179 5351 humile
1213 5304 1269 5351 et
1301 5311 1409 5349 non
1443 5293 1706 5358 elevetur,
1731 5292 1827 5348 sed
1936 5305 1956 5339 ε
2000 5288 2142 5358 quod
2170 5287 2557 5356 prtevaricatus
2601 5295 2686 5343 est
2728 5302 2926 5357 ponam
2972 5287 3027 5341 in
3074 5294 3237 5355 caput
3270 5283 3408 5352 ejus.
3442 5282 3511 5337 Et

309 5389 589 5447 custodiat
618 5397 836 5459 pactum
880 5386 997 5455 ejus
1022 5393 1080 5441 et
1124 5393 1303 5441 servet
1349 5383 1499 5438 illud.
1532 5382 1633 5451 Qui
1684 5396 1827 5437 rece-
1936 5398 1955 5431 ι
1999 5378 2297 5448 expandam
2326 5393 2488 5448 super
2518 5393 2642 5434 eum
2685 5387 2802 5434 rete
2845 5392 3050 5444 meum,
3079 5386 3134 5432 et
3164 5374 3516 5444 comprehen-

308 5483 450 5538 dens
492 5479 559 5534 ab
601 5493 667 5535 eo
708 5477 855 5533 misit
897 5477 1113 5532 nuntios
1139 5477 1206 5531 ad
1235 5474 1550 5545 Egyptum,
1581 5481 1637 5529 ut
1671 5474 1827 5528 daret
1936 5485 1957 5520 ι
2001 5468 2160 5524 detur
2203 5482 2400 5540 sagena
2429 5483 2569 5525 mea.
2615 5469 2683 5523 Et
2722 5471 2982 5525 adducam
3011 5483 3137 5524 eum
3184 5469 3241 5522 in
3283 5464 3511 5536 Babylo-

311 5571 424 5629 sibi
455 5584 624 5639 equos
654 5577 708 5623 et
746 5567 999 5639 populum
1031 5566 1278 5621 multum.
1306 5564 1576 5635 Numquid
1604 5578 1827 5633 prospe-
1937 5578 1956 5611 α
2000 5575 2149 5625 nem,
2181 5568 2237 5616 et
2278 5559 2535 5629 iudicabo
2559 5576 2681 5617 eum
2729 5561 2801 5616 ibi
2835 5562 2888 5616 in
2930 5558 3376 5631 pmvaricatione
3403 5571 3511 5625 qua

308 5661 524 5717 rabitur
550 5658 633 5715 vel
677 5670 1033 5730 consequetur
1078 5659 1330 5720 salutem,
1361 5656 1451 5724 qui
1500 5655 1629 5710 fecit
1677 5654 1827 5708 haec?
1937 5673 1956 5703 ε
1999 5654 2243 5723 despexit
2271 5669 2376 5708 me.
2406 5654 2473 5708 Et
2497 5670 2689 5712 omnes
2710 5654 2922 5726 profugi
2950 5652 3068 5722 ejus
3095 5667 3219 5708 cum
3253 5651 3512 5706 universo

308 5753 382 5811 Et
410 5751 503 5823 qui
535 5750 691 5805 solvit
718 5759 934 5821 pactum
966 5748 1223 5818 numquid
1261 5745 1516 5817 effugiet?
1540 5743 1675 5800 Vivo
1703 5758 1822 5815 ego,
1939 5762 1959 5795 ι
2002 5744 2214 5816 agmine
2258 5744 2311 5800 in
2352 5744 2527 5815 gladio
2582 5746 2813 5813 cadent,
2852 5744 3155 5814 residuique
3198 5744 3251 5800 in
3299 5757 3514 5800 omnem
