3954 6182
390 357 494 417 69‘)

1069 351 1132 407 Β.
1169 345 1421 405 RABANI
1456 341 1675 399 Μία]Βί
1712 335 2029 396 ARCIIIEP.
2070 331 2381 390 MOGUNT.
2420 327 2705 386 OPERUM
2740 324 2919 382 PARS
2954 323 3017 381 ll.

3555 322 3656 377 που

393 490 412 520 ι
461 477 677 524 ventum
721 467 1114 537 dispergcntur.
1159 461 1226 516 Et
1274 458 1458 516 scietis
1518 455 1646 527 quia
1700 467 1802 524 ego
1860 449 1969 504 Do—
1997 446 2132 510 Ain
2163 459 2264 500 nos
2309 443 2455 498 ferre
2486 440 2827 505 sententiam,
2863 447 2918 492 ct
2948 438 3128 492 dicere
3172 450 3294 492 cum
3340 434 3651 504 Propheta:

393 583 414 613 ι
463 562 640 616 minus
698 559 906 614 locutus
955 571 1149 620 sum,»
1197 561 1304 608 etc.
1364 548 1644 607 Sententia
1692 543 1969 602 smcularis

389 660 475 707 est
504 666 519 706 ε

579 764 595 780 .
636 765 649 778 .
686 763 698 777 .
736 762 751 777 .
784 725 924 776 dolus
943 737 1002 773 an
1021 726 1195 785 virtus,
1219 722 1330 785 quis
1349 721 1401 771 in
1423 720 1565 769 hoste
1596 714 1855 782 requirat?

387 830 564 899 Quam
612 828 789 885 solent
835 827 992 883 nobis
1048 841 1354 896 apponere,
1401 823 1492 895 qui
1542 822 1732 877 dicunt
1785 821 1971 876 hostes

392 922 582 977 fraude
607 918 973 990 decipiendos.
995 917 1092 973 Cui
1112 925 1170 971 ut
1191 915 1619 985 acquiescamus,
1638 911 1804 967 multo
1818 910 1971 980 pejus

392 1013 521 1070 fecit
555 1012 829 1069 Sedecias.
881 1009 998 1064 Non
1045 1009 1187 1063 enim
1218 1008 1427 1061 hostem
1453 1003 1684 1073 decepit,
1714 1002 1809 1057 sed
1839 1000 1975 1056 ami-

392 1122 550 1171 cum,
600 1104 685 1160 cui
737 1103 943 1157 findere
994 1099 1203 1154 Domini
1258 1096 1434 1152 fuerat
1478 1095 1777 1165 copulatus.
1830 1092 1973 1163 Ergo

388 1196 630 1268 quandiu
670 1194 777 1268 [AL
806 1193 957 1258 add.,
983 1190 1114 1262 non]
1156 1189 1308 1258 jures
1336 1196 1392 1242 et
1429 1195 1646 1257 pactum
1680 1184 1789 1257 [ΑΙ.
1819 1183 1971 1247 add.,

396 1285 528 1358 non]
559 1286 613 1340 in
641 1299 737 1340 eas
770 1283 869 1337 sub
895 1280 1112 1336 nomine
1145 1278 1258 1341 Dei,
1289 1276 1586 1347 prudentia:
1610 1282 1694 1330 est
1725 1280 1780 1328 et
1824 1271 1977 1328 forti-

400 1375 598 1431 tudinis
619 1373 701 1429 vel
724 1372 989 1442 decipere,
1009 1370 1092 1424 vel
1122 1383 1375 1438 superare
1395 1366 1766 1422 adversarium
1792 1372 1977 1420 utcun—
1993 1390 2007 1402 -

397 1481 503 1538 que
524 1464 784 1536 potueris.
801 1462 935 1519 Cum
956 1470 1136 1516 autem
1161 1470 1213 1515 te
1235 1457 1626 1515 constrinxeris
1643 1457 1975 1527 juramento,

400 1569 739 1627 nequaquam
761 1552 1128 1615 adversarius,
1151 1548 1243 1605 sed
1264 1548 1471 1603 amicus
1499 1555 1604 1613 est,
1635 1546 1724 1616 qui
1751 1546 1844 1601 tibi
1867 1560 1978 1601 cre-

400 1645 568 1709 didit,
598 1635 654 1699 et
679 1643 780 1698 sub
812 1641 1098 1697 occasione
1135 1638 1463 1710 jusjurandi,
1495 1637 1549 1692 id
1582 1645 1686 1702 est,
1716 1635 1811 1690 Dei
1842 1652 1981 1691 nun-

399 1735 685 1806 cupatione
706 1734 961 1802 deceptus
987 1738 1091 1785 cst.
1113 1729 1408 1800 Propterea
1427 1727 1709 1798 Scriptura
1738 1743 1884 1781 nunc
1904 1726 1982 1782 di-

2076 557 2095 590 ι
2124 536 2263 591 [ram
2299 533 2511 589 Domini
2557 531 2859 594 sustinebo,
2887 528 2976 598 qui
3008 527 3222 599 peccavi
3264 528 3336 592 ci,
3375 526 3549 581 donec
3571 525 3655 593 ju-

2071 627 2267 684 stilicet
2315 638 2535 680 causam
2572 636 2819 681 meam,»
2855 628 2960 675 etc.
3006 618 3074 673 Et
3121 617 3435 687 frequenter
3476 616 3657 670 evenit

2070 729 2132 776 ut
2155 719 2310 775 alteri
2366 716 2566 774 subditi
2606 715 2673 769 ad
2722 713 2952 768 alterum
3003 719 3365 774 transeamus,
3410 706 3503 778 qui
3559 722 3655 761 no-

2072 811 2156 866 bis
2190 825 2346 866 suum
2372 807 2714 877 repromittat
2760 803 3040 859 auxilium.
3087 799 3199 857 Nec
3230 799 3392 855 faciet
3443 798 3496 852 in
3545 801 3655 868 pri-

2073 908 2216 962 stina
2261 903 2528 961 sententia
2573 914 2914 973 permanere,
2957 896 3099 968 quod
3137 894 3283 950 omni
3333 892 3548 948 ratione
3576 891 3654 945 vi—

2075 997 2298 1053 tandum
2344 1002 2462 1056 est,
2502 1007 2571 1048 ne
2622 991 2895 1046 siccentur
2939 986 3187 1059 palmites
3226 983 3398 1039 nostri
3432 990 3491 1037 et
3536 996 3656 1053 ger-

2077 1092 2224 1147 mina
2271 1094 2557 1152 arescant,
2599 1094 2656 1140 et
2694 1091 2883 1139 contra
2927 1088 3145 1153 pactum
3177 1078 3271 1134 Dei
3317 1077 3500 1132 facere
3537 1088 3657 1130 cre-

2078 1184 2288 1239 damur.

2154 1312 2173 1349 ι
2204 1294 2331 1349 Haec
2372 1292 2505 1349 dicit
2533 1290 2793 1346 Dominus
2819 1306 2832 1342 :
2860 1239 2928 1341 Et
2969 1295 3177 1340 sumam
3202 1293 3305 1351 ego
3332 1279 3399 1335 de
3428 1275 3660 1333 medulla

2084 1406 2104 1442 ι
2150 1386 2296 1443 cedri
2316 1384 2563 1441 sublimis
2586 1391 2642 1438 et
2668 1396 2865 1452 ponam
2886 1379 2953 1435 de
2972 1377 3177 1432 vertice
3204 1389 3479 1429 ramorum
3510 1370 3659 1440 ejus;

2085 1499 2105 1531 α
2151 1486 2395 1534 tenerum
2444 1475 2782 1545 distringam.
2817 1471 2882 1525 Et
2926 1467 3185 1541 plantabo
3227 1479 3392 1534 super
3422 1471 3659 1517 montem

2085 1589 2105 1622 ε
2149 1567 2421 1622 excelsum
2451 1573 2506 1619 et
2539 1564 2904 1625 eminentem;
2943 1560 2998 1614 in
3027 1564 3209 1613 monte
3247 1554 3465 1611 sublimi
3500 1552 3663 1608 Israel

2080 1677 2106 1711 ρ(
2149 1656 2405 1728 plantabo
2430 1654 2593 1719 illud;
2613 1662 2667 1708 et
2690 1658 2937 1723 erumpet
2964 1650 3018 1704 in
3043 1662 3284 1720 germen,
3300 1655 3355 1702 et
3379 1645 3546 1700 faciet
3565 1644 3665 1697 fru-

2090 1771 2110 1804 ‹
2153 1759 2324 1817 ctum,
2366 1758 2425 1805 et
2447 1748 2553 1803 erit
2598 1747 2654 1801 in
2700 1745 2920 1800 cedrum
2950 1756 3221 1813 magnam.
3249 1739 3316 1794 Et
3344 1737 3667 1793 habitabant

400 1828 512 1884 ei“
540 1825 951 1881 duramentum
973 1823 1115 1895 ‘1"0d
1137 1820 1653 1892 δβνθνίίνθιίωδυδθ
1678 1820 1820 1890 ⁸1³οδ
1851 1834 1983 1889 P'm'
2009 1824 2054 1883 Β
2088 1862 2107 1895 ι
2152 1843 2253 1898 sub
2298 1855 2362 1894 ea
2404 1853 2593 1894 omnes
2635 1837 2904 1898 volucres,
2946 1834 3258 1888 universum
3303 1828 3525 1884 volatile
3570 1827 3666 1882 sub

399 1917 674 1971 varicatus
688 1922 792 1980 est,
809 1930 1003 1985 ponam
1028 1913 1080 1967 in
1095 1920 1256 1982 caput
1278 1910 1414 1981 ejus.
1438 1931 1458 1963 ι
1479 1911 1556 1966 Ac
1579 1926 1650 1965 ne
1670 1919 1980 1981 putaremus

392 2006 762 2076 juramentum
781 2013 838 2058 et
855 2002 1052 2069 fmdus,
1073 2012 1128 2057 et
1144 2010 1381 2072 paetum,
1407 2002 1547 2073 regis
1566 2016 1684 2056 esse
1701 2000 1981 2071 Babylonii

402 2094 488 2151 vel
503 2092 760 2157 Sedeciaa,
780 2093 873 2162 qui
895 2091 1116 2158 fecerat,
1133 2091 1405 2161 sequitur:
1423 2110 1441 2141 ι
1459 2091 1518 2146 ln
1539 2091 1983 2162 prmvaricationc

404 2203 509 2258 qua
556 2187 801 2257 despexit
831 2201 938 2241 me.
980 2206 999 2240 ι
1046 2186 1186 2256 Ergo
1239 2186 1333 2256 qui
1363 2186 1663 2242 contemnit
1699 2186 1981 2256 juramen-

406 2290 538 2345 tum,
584 2278 732 2334 illum
774 2277 1018 2347 despicit,
1069 2293 1164 2346 per
1191 2292 1348 2347 quem
1373 2276 1596 2348 juravit.
1629 2276 1817 2347 llliquc
1854 2275 1986 2332 facit

405 2367 653 2438 injuriam
678 2367 833 2437 cujus
858 2368 1063 2423 nomini
1087 2368 1317 2423 credidit
1359 2367 1725 2424 adversarius.
1754 2367 1986 2438 Propter

402 2477 568 2533 quam
597 2477 814 2518 causam
846 2478 866 2512 ι
895 2461 1193 2531 expandam
1214 2503 1230 2527 ,
1278 2461 1485 2531 inquit,
1516 2476 1679 2532 super
1706 2477 1830 2517 eum
1873 2469 1986 2519 rete

405 2567 605 2621 meum,
634 2562 693 2610 et
718 2554 1207 2625 comprehendetur
1234 2568 1432 2625 sagena
1456 2568 1596 2608 mea.
1623 2553 1689 2607 Et
1721 2553 1984 2607 adducam

402 2663 527 2703 eum
574 2648 628 2702 in
651 2647 1012 2719 Babylonem,
1052 2656 1108 2703 et
1135 2646 1392 2717 judicaho
1434 2664 1558 2704 eum
1590 2648 1717 2703 illic.
1742 2668 1759 2700 ι
1816 2647 1985 2715 Quid-

404 2739 536 2808 quid
562 2739 725 2809 igitur
745 2748 933 2795 contra
980 2739 1261 2795 Sedcciam
1302 2739 1433 2795 fecit
1464 2739 1980 2804 Nabuchodonosor,

407 2847 515 2886 non
556 2831 669 2885 suis
699 2828 828 2886 fecit
860 2830 1088 2895 viribus,
1116 2831 1209 2885 sed
1242 2830 1319 2885 ira
1348 2832 1463 2895 Dei,
1496 2831 1551 2885 in
1581 2831 1736 2902 cujus
1770 2830 1988 2885 nomine

406 2922 587 2977 fuerat
628 2918 959 2990 perjuratus.
1012 2919 1319 2975 Secundum
1359 2936 1667 2992 anagogen,
1702 2920 1827 2975 licet
1873 2919 1988 2974 vio-

405 3017 551 3071 lenta
599 3014 846 3069 videatur
890 3013 1287 3083 interpretatio,
1336 3012 1441 3067 hoc
1486 3012 1799 3078 sciendum,
1844 3011 1989 3082 quod

404 3106 675 3178 quomodo
695 3114 890 3161 caetera
907 3104 1225 3171 animantia,
1250 3114 1305 3161 et
1328 3106 1397 3160 ad
1417 3105 1615 3161 bonam
1636 3106 1773 3160 etad
1788 3105 1987 3160 malam

2086 1954 2105 1987 ‹
2149 1935 2339 1989 umbra
2368 1931 2637 1986 frondium
2684 1928 2802 2000 ejus
2844 1926 3159 1982 nidificabit.
3188 1924 3255 1980 Et
3282 1923 3458 1979 scient
3488 1921 3668 1976 omnia

2084 2042 2107 2076 ε
2151 2023 2293 2095 ligna
2321 2020 2576 2093 regionis,
2600 2018 2726 2089 quia
2751 2031 2852 2089 ego
2870 2014 3128 2071 Dominus
3155 2011 3436 2069 humiliari
3462 2010 3668 2081 lignum

2087 2132 2108 2167 ι
2152 2112 2403 2179 sublime,
2417 2119 2472 2166 et
2493 2109 2699 2166 elevavi
2712 2108 2914 2180 lignum
2935 2105 3157 2169 humile,
3170 2112 3226 2158 et
3244 2102 3443 2158 siccavi
3466 2101 3666 2173 lignum

2089 2223 2108 2257 ι
2153 2204 2344 2268 viride,
2373 2212 2429 2258 et
2454 2201 2709 2257 frondere
2738 2198 2841 2256 feci
2863 2198 3067 2270 lignum
3091 2197 3321 2251 aridum.
3351 2194 3467 2267 Ego
3488 2192 3671 2249 Domi-

2089 2315 2109 2348 ‹
2152 2311 2256 2351 nus
2280 2295 2493 2349 locutus
2532 2308 2650 2348 sum
2679 2300 2734 2348 et
2762 2290 2884 2347 feci.
2910 2309 2928 2341 ι
2965 2290 3137 2345 Verus
3172 2286 3673 2342 Nabuchodonosor

2084 2397 2371 2459 propterea
2415 2386 2580 2441 sumit
2603 2387 2670 2441 de
2698 2383 2932 2439 medulla
2974 2381 3123 2438 cedri
3166 2378 3413 2435 sublimis
3453 2378 3527 2459 de
3555 2393 3672 2432 ver-

2084 2481 2194 2536 tice
2224 2495 2498 2534 ramorum
2541 2476 2677 2546 ejus,
2726 2486 2786 2532 ut
2832 2476 2904 2531 sit
2948 2489 3174 2544 regnum
3221 2452 3531 2527 humile'et
3568 2485 3670 2524 non

2085 2574 2344 2630 clevctur.
2390 2572 2650 2627 Dominus
2693 2579 2873 2624 autem
2918 2570 3062 2623 Deus
3102 2567 3264 2623 Pater
3306 2565 3670 2636 omnipotens,

2085 2665 2177 2735 qui
2222 2665 2431 2719 locutus
2455 2673 2541 2718 est
2567 2664 2633 2718 ad
2662 2660 2932 2725 Ezechiel,
2966 2659 3102 2714 tollit
3141 2658 3209 2713 de
3237 2658 3409 2727 stirpe
3440 2656 3593 2725 regia
3619 2664 3672 2710 et

2086 2755 2154 2812 de
2181 2770 2377 2826 genere
2407 2752 2596 2819 David,
2624 2760 2679 2807 et
2708 2751 2919 2822 plantat
2943 2764 3106 2820 super
3131 2756 3367 2804 montem
3391 2746 3670 2802 excelsum

2085 2854 2145 2902 et
2168 2845 2517 2909 eminentem,
2545 2842 2635 2913 qui
2662 2842 2901 2911 loquitur
2926 2840 2980 2895 in
3025 2838 3270 2911 psalmo:
3305 2857 3325 2891 ι
3349 2836 3466 2909 Ego
3494 2844 3671 2892 autem

2087 2936 2414 2993 constitutus
2440 2950 2558 2989 sum
2588 2948 2681 2989 rex
2713 2933 2781 2988 ab
2806 2945 2871 2987 eo
2911 2946 3074 3003 super
3118 2929 3248 2986 Sion
3281 2937 3524 2985 montem
3552 2944 3676 2983 san-

2086 3036 2236 3084 ctum
2282 3026 2400 3097 ejus
2424 3023 2597 3097 (Psal.
2638 3025 2754 3097 11).»
2799 3023 3077 3081 defecerat
3116 3023 3261 3079 enim
3310 3022 3566 3092 princeps
3610 3019 3675 3075 de

2089 3115 2246 3183 Iuda,
2272 3124 2329 3173 et
2358 3116 2467 3171 dux
2498 3116 2564 3171 de
2590 3114 2777 3180 lsrael,
2803 3114 2975 3170 donec
3001 3112 3212 3168 veniret
3254 3111 3341 3167 cui
3388 3109 3675 3180 repromis-

404 3208 617 3272 partem
643 3199 836 3255 referri
863 3199 1038 3254 solent
1067 3214 1082 3252 :
1112 3199 1186 3254 ita
1213 3207 1269 3254 et
1306 3200 1371 3256 dc
1415 3199 1593 3271 aquila
1625 3209 1682 3255 et
1716 3200 1782 3255 de
1809 3199 1983 3256 leone.

2091 3222 2210 3265 sum
2235 3179 2356 3263 est:
2396 3226 2415 3258 ι
2444 3206 2510 3261 Et
2539 3206 2655 3277 ipse
2682 3205 2788 3261 erit
2814 3203 3148 3275 exspectatio
3184 3202 3427 3273 gentium
3456 3179 3673 3272 (Cenes.

406 3291 467 3346 in
498 3292 695 3347 bonam
733 3301 942 3361 partem
985 3289 1207 3357 dicitur,
1239 3310 1258 3342 ι
1291 3290 1516 3347 Catulus
1552 3291 1724 3347 leonis
1763 3290 1924 3348 Juda.
1964 3309 1983 3344 ι

404 3383 465 3439 ln
494 3382 822 3438 contrariam
848 3397 864 3436 :
899 3400 918 3434 ι
946 3382 1302 3438 Adversarius
1330 3390 1514 3438 noster
1542 3382 1810 3449 diabolus,
1834 3384 1990 3453 quasi

405 3471 492 3529 leo
520 3474 739 3544 rugiens
766 3472 957 3528 circuit
989 3471 1039 3544 (I
1065 3470 1208 3527 Patr.
1234 3473 1309 3545 v).
1331 3493 1349 3525 ι
1381 3473 1450 3528 Et
1493 3473 1623 3527 illud
1651 3474 1703 3528 in
1736 3474 1946 3544 psalmo
1973 3492 1988 3531 :

412 3584 434 3619 ι
459 3565 750 3621 Insidiatur
777 3565 831 3619 in
866 3563 1183 3620 abscondito
1208 3565 1348 3620 sicut
1368 3564 1452 3620 leo
1471 3565 1524 3619 in
1547 3565 1710 3620 cubili
1735 3581 1853 3631 suo,
1883 3574 1988 3621 etc.

408 3653 582 3729 (Psal.
607 3654 684 3728 x).
713 3673 733 3707 ι
761 3655 817 3709 1n
843 3655 1044 3711 bonam
1066 3662 1295 3724 partem,
1325 3653 1390 3709 de
1405 3653 1585 3724 aquila
1607 3654 1822 3719 dicitur,
1851 3656 1991 3725 quod

402 3748 583 3819 justus
607 3748 759 3803 dives
784 3744 1009 3802 effectus
1052 3745 1213 3800 faciat
1253 3746 1356 3801 sibi
1390 3745 1505 3801 alas
1531 3745 1673 3801 sicut
1715 3746 1908 3817 aquilae
1937 3755 1996 3802 ut

407 3838 579 3908 possit
612 3838 812 3895 reverti
841 3838 895 3892 in
924 3838 1141 3892 domum
1171 3838 1516 3909 prmeessoris
1546 3839 1649 3895 sui.
1678 3839 1744 3894 Et
1772 3840 1824 3894 in
1857 3839 1992 3895 lsaia

408 3930 672 4002 scriptum
714 3936 799 3985 est
837 3928 974 4000 (Iaa.
1000 3928 1121 4002 xc),
1166 3929 1308 3998 quod
1352 3930 1485 4000 justi
1523 3946 1730 4001 pennas
1765 3931 1994 3987 all‘erant

409 4022 553 4077 sicut
593 4017 807 4089 aquilae,
838 4027 1063 4073 currant
1089 4027 1145 4073 et
1173 4034 1280 4074 non
1309 4019 1600 4087 lassentur,
1631 4022 1909 4077 ambulent
1939 4032 1996 4078 et

410 4128 521 4170 non
548 4111 812 4167 esurieut.
841 4109 1007 4165 Recte
1032 4117 1213 4165 autem
1242 4110 1333 4166 ille
1359 4114 1450 4181 qui
1481 4113 1692 4168 dixerat
1716 4132 1730 4168 ε
1769 4134 1788 4165 ι
1816 4114 1994 4169 Forti-

412 4206 600 4263 tudine
624 4203 819 4260 faciam
846 4211 902 4260 et
925 4203 1190 4274 sapientia
1221 4203 1584 4275 intelligentirr
1617 4202 1857 4259 auferam
1889 4214 1996 4260 ter-

411 4299 589 4356 minos
615 4296 879 4370 gentium,
893 4303 949 4350 et
968 4294 1116 4350 vires
1143 4308 1331 4349 eorum
1354 4293 1724 4365 deprzedabor.
1756 4295 1822 4350 Et
1848 4311 1995 4351 com-

411 4390 639 4448 movebo
676 4389 949 4453 civitates,
977 4401 1099 4456 quae
1142 4385 1477 4451 habitantur,
1516 4393 1572 4441 et
1599 4388 1785 4443 orbem
1818 4396 1993 4441 terra-

2087 3299 2261 3373 χιιι).
2284 3320 2303 3354 ι
2334 3298 2440 3355 [ste
2481 3299 2662 3368 erupit
2703 3298 2758 3353 in
2789 3312 3035 3370 germen,
3074 3304 3132 3352 et
3176 3294 3305 3350 fecit
3332 3292 3597 3357 fructum,
3621 3297 3676 3347 et

2088 3394 2279 3449 cedros
2307 3407 2498 3448 omnes
2524 3406 2617 3446 sua
2653 3391 2983 3447 sublimitate
3029 3388 3308 3457 superavit
3344 3406 3357 3443 :
3392 3388 3467 3442 ita
3496 3395 3558 3441 ut
3584 3387 3676 3441 ha-

2088 3484 2261 3540 bitcnt
2305 3485 2406 3539 sub
2431 3498 2498 3539 eo
2524 3496 2713 3537 omnes
2740 3480 2986 3538 volucres
3017 3478 3138 3535 caeli
3158 3520 3173 3545 ,
3218 3488 3275 3535 et
3308 3488 3507 3535 cuncta
3540 3477 3676 3532 vola—

2089 3575 2205 3631 tilia
2231 3575 2376 3630 illins
2402 3581 2759 3645 protegantur
2785 3570 3120 3627 umbraculo.
3150 3571 3228 3625 De
3263 3584 3374 3640 quo
3401 3569 3539 3625 dicit
3576 3568 3677 3622 lla-

2089 3665 2260 3721 bacuc
2294 3683 2309 3719 :
2346 3682 2365 3715 ι
2395 3662 2609 3719 Cornua
2662 3662 2717 3717 in
2772 3661 3020 3717 manibus
3067 3658 3203 3730 ejus,
3252 3659 3326 3715 ibi
3362 3656 3675 3713 abscondita

2090 3765 2176 3814 est
2217 3756 2475 3812 fortitudo
2518 3753 2655 3823 ejus.
2688 3773 2707 3805 ι
2755 3753 2822 3807 Et
2861 3752 2954 3821 qui
2994 3764 3326 3821 eangregare
3369 3748 3676 3811 desiderat,

2097 3866 2118 3901 ι
2145 3847 2302 3919 quasi
2346 3845 2542 3917 gallina
2584 3844 2760 3916 pullos
2797 3858 2945 3908 suos,
2993 3843 3095 3897 sub
3139 3841 3254 3896 alas
3299 3855 3431 3895 suas
3460 3838 3673 3910 (Matth.

2091 3939 2314 4008 xxm).i
2350 3938 2421 3994 Ut
2459 3937 2638 3992 omnia
2684 3935 2921 4006 regionis
2969 3934 3114 4005 ligna
3156 3938 3494 4002 cognoscant
3539 3927 3679 3999 quod

2092 4030 2209 4101 ipse
2235 4030 2311 4085 sit
2335 4027 2618 4092 Dominus,
2660 4032 2913 4098 rpamxclic
2942 4025 3008 4079 de
3035 4022 3386 4080 credentibus
3432 4022 3678 4092 loquens.

2091 4122 2197 4178 lste
2225 4131 2331 4187 est,
2374 4120 2467 4190 qui
2501 4117 2667 4174 Israel
2699 4107 2968 4187 quondam
3014 4114 3246 4169 sublime
3272 4114 3478 4184 lignum
3512 4112 3683 4166 humi—

2093 4214 2267 4279 liavit,
2292 4220 2349 4267 et
2377 4210 2634 4266 exaltavit
2686 4207 2941 4263 humilem
2987 4205 3228 4277 gentium
3272 4203 3554 4274 populum,
3592 4201 3681 4272 qui

2094 4304 2391 4363 exsiccavit
2419 4303 2623 4375 lignum
2650 4299 2822 4355 viride
2845 4297 3152 4353 Iudaeorum
3187 4292 3385 4350 ﬂorens
3411 4302 3470 4349 et
3496 4291 3683 4365 germi-

2093 4412 2232 4454 nans
2267 4395 2322 4450 in
2353 4393 2471 4463 lege
2494 4401 2549 4448 et
2584 4388 2886 4461 prophetis,
2913 4393 2970 4442 et
3010 4384 3264 4441 frondere
3303 4382 3434 4438 fecit
3482 4383 3682 4454 lignum

410 4498 535 4555 rum
561 4482 872 4539 universum
892 4476 1294 4549 apprehendam
1323 4491 1506 4543 manu,
1531 4478 1686 4547 quasi
1714 4478 1923 4542 nidum,
1939 4486 1988 4534 et

2097 4488 2307 4542 aridum
2335 4486 2633 4547 nationum,
2658 4490 2719 4536 ut
2742 4480 2886 4551 quod
2911 4491 3128 4548 semper
3152 4476 3365 4531 locutus
3388 4481 3495 4536 est,
3524 4487 3684 4543 opere

410 4575 553 4645 sicut
577 4572 858 4631 confracta
899 4584 1021 4636 ova,
1046 4589 1066 4623 ι
1100 4584 1245 4626 nunc
1284 4568 1385 4625 sub
1420 4582 1650 4639 persona
1683 4568 1875 4638 aquila:
1902 4569 1996 4624 de-

412 4665 689 4729 scribitur,
732 4663 876 4733 quod
904 4675 1247 4731 nequaquam
1273 4658 1404 4715 velit
1434 4659 1502 4715 de
1531 4658 1758 4726 Libano,
1780 4659 1872 4729 qui
1907 4662 1993 4715 in-

415 4760 745 4826 terpretatur
784 4752 1009 4819 candor,
1033 4762 1090 4808 et
1127 4750 1359 4809 refertur
1405 4751 1476 4807 ad
1521 4750 1837 4823 thymiama,
1874 4766 1998 4821 par-

413 4844 540 4903 vula
577 4851 740 4914 atque
768 4842 992 4905 humilia
1024 4842 1255 4915 virgulta
1299 4843 1693 4913 perstringere,
1716 4844 1811 4900 sed
1843 4857 1993 4896 sum-

415 4938 636 5001 mitates
672 4936 980 4996 cedrorum.
1005 4936 1072 4990 Et
1091 4937 1159 4995 de
1185 4934 1519 5006 principibus
1543 4950 1606 4991 ac
1630 4935 1799 5003 stirpe
1825 4935 1994 5006 regia,

409 5028 566 5100 juxta
589 5026 717 5081 illud
746 5026 1035 5085 llabaeuc:
1064 5044 1083 5077 ι
1113 5027 1262 5082 Escae
1287 5027 1403 5097 ejus
1430 5026 1616 5082 electis
1643 5024 1872 5097 (Habac.
1895 5027 1993 5097 1)..

415 5119 683 5189 Ponitque
735 5125 1119 5173 testamentum
1157 5132 1280 5172 cum
1335 5117 1421 5174 bis
1470 5131 1606 5188 quos
1650 5116 1890 5187 ceperit,
1941 5126 2002 5172 ut

416 5211 535 5282 regi
578 5208 873 5282 Babylonio
901 5208 1039 5267 colla
1082 5208 1430 5273 submittant,
1473 5219 1531 5264 et
1572 5208 1832 5277 impleant
1872 5208 2001 5264 illud

415 5307 561 5379 quod
594 5305 883 5378 Apostolus
916 5304 1196 5377 loquitur:
1232 5323 1250 5356 ι
1278 5303 1425 5371 Quos
1451 5305 1647 5360 tradidi
1673 5303 1913 5370 Satanm,
1943 5312 2004 5358 ut

417 5400 630 5457 discant
678 5413 786 5463 non
838 5396 1214 5467 blasphemare
1261 5394 1324 5468 (Ι
1363 5395 1498 5451 Tim.
1529 5394 1600 5466 ι).
1632 5415 1651 5448 ι
1691 5395 1759 5450 Ει
1800 5396 1853 5449 in
1897 5394 2003 5451 alio

420 5491 580 5548 loco:
614 5508 635 5543 ε
658 5489 805 5558 Quos
842 5489 1040 5545 tradidi
1081 5488 1135 5543 in
1171 5487 1452 5542 interitum
1482 5488 1669 5543 carnis
1696 5494 1757 5541 ut
1781 5486 2008 5556 spiritus

420 5582 607 5639 salvus
631 5582 728 5638 fiat
746 5581 799 5654 (1
825 5580 949 5639 Cor.
974 5582 1051 5652 v).
1074 5601 1093 5635 ι
1122 5580 1241 5636 Non
1270 5580 1530 5636 debemus
1549 5595 1676 5651 ergo
1702 5579 1749 5636 si
1779 5577 2004 5634 forsitan

422 5672 496 5725 ob
517 5671 731 5729 aliuuod
754 5680 1034 5743 peccatum
1066 5673 1132 5727 de
1160 5670 1578 5741 congregatione
1603 5667 1831 5724 fratrum
1855 5675 1911 5723 et
1940 5667 2007 5722 de

428 5759 591 5819 domo
617 5761 713 5824 Dei
733 5762 979 5837 ejicimur
1014 5761 1288 5827 reluctari,
1321 5759 1415 5815 sed
1443 5774 1594 5829 :cquo
1638 5759 1817 5814 animo
1841 5757 2003 5812 latam

2022 4530 2071 4590 D

2096 4578 2411 4648 compleret.
2443 4575 2554 4630 lloc
2584 4574 2726 4629 idem
2770 4569 3079 4641 significant
3114 4566 3387 4622 Simeonis
3424 4566 3480 4620 in
3514 4564 3684 4619 Evan-

2095 4670 2234 4742 gelio
2266 4669 2453 4733 verba,
2497 4663 2765 4721 dicentis:
2801 4680 2821 4713 ι
2851 4661 2991 4716 Ecce
3019 4659 3108 4713 hic
3137 4658 3350 4728 positus
3376 4664 3462 4713 est
3492 4658 3545 4711 in
3578 4655 3687 4710 rui-

2096 4775 2258 4824 nam,
2299 4767 2358 4814 et
2403 4753 2859 4813 resurrectionem
2908 4748 3202 4805 multorum
3253 4745 3408 4818 (Luc.
3443 4744 3545 4817 ιι).
3570 4766 3588 4796 ι
3626 4744 3687 4796 Et

2098 4866 2327 4922 granum
2367 4849 2592 4919 sinapis,
2634 4846 2781 4916 quod
2832 4859 2955 4900 cum
2988 4841 3268 4897 minimum
3314 4838 3389 4894 sit
3432 4838 3686 4893 omnibus

2098 4942 2414 5005 seminibus,
2457 4947 2741 5011 postquam
2785 4934 3049 4998 creverit,
3093 4931 3273 4985 avium
3314 4929 3684 4984 habitaculum

2099 5042 2201 5090 est.
2231 5033 2459 5099 Quidam
2484 5030 2643 5085 aliter
2666 5030 3110 5097 interpretantur,
3142 5023 3347 5093 lignum
3377 5021 3611 5076 sublime
3635 5027 3687 5072 et

2100 5124 2438 5180 bumiliatum
2467 5129 2523 5176 et
2550 5118 2751 5175 humile
2792 5115 3095 5172 exaltatum
3132 5111 3433 5167 referentes
3473 5110 3542 5164 ad
3574 5124 3689 5178 pas-

2101 5214 2308 5269 sionem
2339 5210 2543 5265 domini
2575 5207 2872 5264 Salvatoris
2906 5221 2921 5259 :
2957 5222 2976 5255 ι
3007 5202 3109 5270 Qui
3141 5218 3263 5257 cum
3300 5202 3357 5256 in
3388 5200 3565 5256 forma
3594 5200 3685 5254 Dei

2102 5310 2265 5365 esset,
2312 5315 2419 5355 non
2447 5297 2696 5368 rapinam
2724 5295 3019 5349 arbitratus
3045 5300 3131 5348 est
3180 5289 3447 5360 aequalem
3474 5301 3537 5343 se
3570 5303 3688 5345 csse

2107 5392 2238 5457 Deo,
2284 5390 2379 5446 sed
2412 5385 2710 5444 exinanivit
2738 5396 2797 5439 se
2824 5382 3057 5436 formam
3085 5380 3228 5435 servi
3263 5379 3592 5448 accipiens.»
3626 5377 3688 5431 Et

2104 5492 2228 5554 post
2270 5479 2722 5537 resurrectionem
2763 5476 2938 5545 ipsum
2987 5473 3193 5542 lignum
3219 5479 3405 5542 postea
3433 5470 3687 5525 sublima’

2107 5581 2220 5627 tum
2246 5579 2360 5633 est,
2388 5568 2532 5639 quod
2576 5566 2725 5637 prius
2769 5564 2950 5618 virens
2984 5570 3161 5617 morte
3199 5560 3462 5616 siccatum
3488 5567 3685 5624 est,.et

2104 5672 2292 5735 postea
2320 5659 2651 5731 reviviscens
2677 5655 2965 5727 pristinum
2994 5651 3262 5724 receperit
3294 5651 3551 5707 virorem.
3583 5650 3679 5704 Atii

2107 5753 2325 5809 iudaice
2355 5759 2641 5817 utrumque
2686 5744 2929 5802 referunt
2971 5747 3039 5801 ad
3083 5743 3276 5808 Israel,
3320 5744 3464 5814 quod
3511 5744 3680 5812 primo
