3954 6182
265 303 369 362 70|

1218 304 1570 362 COMMENT.
1609 306 1676 360 IN
1718 305 2176 360 EZECiIIELEM.
2219 337 2288 348 —
2320 306 2448 362 LIB.
2498 306 2626 362 VIII.

3442 317 3547 370 70?.

265 421 507 474 adventu
544 419 858 475 humiliatus
901 419 973 474 sit
999 418 1290 483 arefactus,
1325 427 1382 474 et
1409 420 1647 475 secundo
1699 419 1854 472 resti-
1883 427 1929 482 Λ
1959 433 2089 473 cens
2115 427 2170 473 et
2209 419 2396 486 silens,
2435 422 2504 476 ad
2541 428 2760 490 peccata
2792 430 3030 491 patrum,
3077 424 3252 480 reddit
3297 426 3417 492 bis,
3451 432 3542 498 qui

267 519 460 566 luatur
487 511 540 564 in
567 511 856 580 pristinum
886 518 1117 572 statum,
1168 509 1390 578 impleto
1420 509 1508 563 illo
1553 509 1695 577 quod
1725 507 1856 562 dicit

263 601 548 669 apostolus
573 599 810 654 Paulus.
847 619 866 650 ι
894 599 1026 653 Cum
1073 599 1356 652 intraverit
1399 597 1674 667 plenitudo
1720 611 1855 667 gen-

263 693 425 756 tium,
453 699 580 746 tunc
603 691 782 746 omnis
802 689 966 745 Israel
993 689 1176 744 salvus
1196 690 1302 744 erit
1328 687 1504 761 (Rom.
1531 687 1629 758 xi).
1655 707 1672 738 ι

838 823 1064 880 CAPUT
1102 823 1282 878 XVIII.

260 913 346 970 De
369 932 471 969 uva
499 916 705 980 acerba,
729 917 851 984 quia
882 933 983 968 non
1014 925 1158 984 pater
1185 933 1278 984 pro
1308 915 1439 983 ﬁlio,
1473 932 1564 969 nec
1590 914 1732 981 ﬁlius
1757 933 1852 984 pro

333 996 484 1056 patre
503 996 705 1039 tenetur
723 986 776 1038 in
797 987 1040 1050 peccatis,
1063 987 1152 1038 sed
1175 987 1524 1056 unusquisque
1547 1003 1678 1039 onus
1699 1002 1851 1039 suum

332 1057 584 1127 portabit,
612 1066 659 1108 et
694 1056 783 1108 ubi
829 1056 1115 1127 inuenietur
1142 1057 1214 1109 ibi
1254 1056 1604 1125 judicabitur,
1635 1067 1681 1110 et
1715 1073 1854 1110 revo-

335 1136 531 1180 cantur
556 1135 853 1196 peccatores
883 1126 952 1178 ad
978 1127 1352 1196 paenitentiam.

1741 785 1774 802 κ

337 1257 359 1289 ι
386 1238 457 1292 Ει
482 1237 655 1293 factus
681 1245 763 1292 est
788 1252 968 1292 sermo
997 1237 1208 1292 Domini
1240 1237 1307 1290 ad
1344 1253 1431 1291 me
1461 1237 1647 1292 dicens
1672 1255 1684 1290 :
1710 1235 1850 1302 Quid

264 1352 283 1383 ι
329 1340 412 1386 est
441 1329 584 1401 quod
635 1329 775 1384 inter
809 1345 906 1384 vos
938 1329 1255 1398 parabolam
1285 1331 1496 1384 vertitis
1524 1331 1576 1384 iu
1625 1345 1848 1400 prover-

263 1441 282 1472 ι
334 1424 482 1475 bium
515 1421 653 1476 istud
685 1420 736 1474 in
769 1429 910 1476 terra
948 1419 1110 1475 Israel
1140 1419 1422 1474 dicentes:
1455 1419 1644 1474 Patres
1671 1434 1850 1474 come-

265 1531 282 1561 ¢
335 1513 534 1565 derunt
581 1527 737 1565 uvam
773 1513 1044 1575 acerbam,
1076 1519 1131 1564 et
1167 1511 1357 1565 dentes
1398 1509 1630 1564 ﬁliorum
1662 1512 1850 1567 obstu-

264 1623 282 1653 ι
333 1604 643 1672 puerum?»
679 1611 786 1658 etc.
822 1602 1092 1674 (Hieron.)
1126 1603 1304 1658 Monet
1342 1611 1522 1657 autem
1567 1602 1847 1674 Scriptura

259 1695 444 1748 divina
487 1693 621 1750 illud
648 1695 790 1764 quod
826 1695 880 1750 in
917 1695 1103 1750 Exodo
1135 1695 1340 1749 dictmn
1369 1705 1486 1750 est:
1524 1714 1542 1746 ι
1571 1697 1682 1767 Ego
1727 1713 1845 1752 sum

1960 525 2065 564 non
2111 514 2503 580 peccaverunt!
2554 513 2666 566 Imo
2710 523 2909 582 quanta
2957 517 3010 570 in
3053 531 3119 571 eo
3148 519 3459 585 crudelitas,
3489 532 3548 576 ut

1958 601 2093 655 iram
2142 618 2294 657 suam
2328 618 2502 673 usque
2547 604 2616 658 ad
2651 606 2862 660 tertiam
2905 609 3163 662 extendat
3207 619 3262 664 et
3294 621 3544 680 quartam

1957 696 2391 762 generationem!
2419 695 2624 762 Quibus
2651 713 2750 752 nos
2783 699 3246 766 respondebimus,
3271 711 3325 755 et
3362 703 3415 756 in
3443 704 3545 759 hoc

1956 786 2051 840 Dei
2096 789 2358 842 creatoris
2408 788 2749 844 clementiam
2798 790 3179 846 demonstrari.
3230 792 3350 848 Non
3397 797 3542 850 enim

1957 881 2293 936 truculentia:
2319 889 2405 937 est
2435 890 2490 936 et
2513 882 2820 938 severitatis
2848 884 2983 938 iram
3019 893 3225 949 tenere,
3261 903 3433 958 usque
3476 892 3544 945 ad

1957 971 2168 1024 tertiam
2206 979 2261 1026 et
2294 980 2542 1041 quartam
2569 973 2976 1043 generationem
2996 1015 3010 1035 .
3053 976 3149 1031 sed
3180 978 3394 1048 signum
3438 982 3544 1035 mi-

1954 1062 2281 1126 sericordiae,
2329 1078 2546 1132 poenam
2588 1063 2806 1119 differre
2851 1067 3080 1135 peccati.
3131 1067 3358 1134 Quando
3397 1073 3539 1126 enim

1954 1151 2133 1205 dicit:
2185 1171 2204 1204 ι
2242 1153 2467 1208 Domine
2517 1154 2661 1209 Deus
2729 1156 3016 1210 miseratur
3079 1167 3136 1211 et
3198 1159 3538 1225 misericors,

1951 1246 2164 1314 patiens
2203 1256 2257 1301 et
2285 1247 2468 1303 Inulae
2496 1249 2914 1312 miserationis,»
2945 1258 2998 1304 et
3025 1249 3225 1305 infert:
3258 1270 3276 1302 ι
3310 1254 3540 1308 reddens

1951 1338 2293 1407 iniquitatem
2355 1349 2570 1410 patrum
2641 1356 2804 1410 super
2869 1341 3008 1396 ﬁlios
3067 1351 3122 1396 et
3194 1343 3333 1398 ﬁlios
3398 1344 3538 1398 ﬁlio-

1952 1443 2092 1482 rum.
2119 1449 2137 1481 ι
2179 1428 2292 1484 Hoc
2334 1430 2564 1495 indicat,
2610 1433 2753 1500 quod
2805 1442 2968 1488 tantae
3004 1434 3391 1489 misericordiae,
3436 1438 3540 1500 sit,

1951 1530 2012 1574 ut
2049 1537 2154 1575 non
2185 1523 2370 1577 statim
2415 1526 2633 1593 puniat,
2675 1527 2768 1579 sed
2817 1529 3141 1581 sententiam
3191 1527 3404 1583 differat
3434 1547 3536 1599 pu-

1951 1613 2152 1667 niendi.
2188 1613 2282 1668 Sin
2328 1624 2507 1670 autem
2551 1617 2782 1671 vindicta
2829 1620 3170 1687 peccantium
3201 1620 3446 1676 differtur
3486 1623 3536 1676 in

1953 1708 2168 1761 tertiam
2199 1718 2251 1762 et
2281 1717 2528 1778 quartam
2577 1712 3007 1781 generationem,
3037 1729 3158 1767 eum
3207 1715 3368 1784 justis
3411 1731 3538 1770 san-

259 1784 527 1840 Dmninus
554 1785 696 1842 Deus
723 1795 868 1852 tuus,
897 1786 1038 1841 Deus
1070 1786 1372 1852 mmulator,
1403 1789 1496 1856 qui
1532 1790 1698 1843 reddo
1729 1803 1848 1859 pec-
1878 1773 1923 1834 Β
1951 1798 2160 1868 etisque
2207 1773 2336 1870 quid
2384 1773 2613 1870 amplius
2661 1801 2821 1857 facit?
2841 1773 3135 1874 Sequitur:
3173 1773 3288 1860 «'Et
3317 1824 3540 1862 servans

256 1887 383 1930 cata
411 1887 625 1946 patrum
667 1893 832 1948 super
860 1877 1001 1933 ﬁlios
1037 1893 1210 1949 usque
1253 1880 1321 1934 ad
1350 1880 1565 1935 tertiam
1610 1889 1665 1936 et
1691 1898 1852 1953 quar-

260 1975 368 2019 tam
401 1967 805 2038 generationem
835 1967 920 2022 his
955 1968 1046 2037 qui
1076 1969 1310 2024 oderunt
1355 1985 1460 2034 me,
1487 1979 1542 2024 et
1577 1969 1720 2027 facio
1751 1973 1852 2026 mi-

255 2057 614 2112 sericordiam
658 2057 712 2111 in
743 2057 906 2113 millia
927 2100 941 2124 ,
973 2061 1058 2113 his
1087 2060 1178 2130 qui
1207 2059 1436 2131 diligunt
1466 2077 1551 2115 me
1579 2070 1634 2117 et
1675 2071 1852 2118 custo-

255 2149 414 2204 diu..t
461 2158 727 2219 praecepta
776 2167 897 2205 mea
941 2150 1146 2224 (Exod.
1179 2153 1304 2224 xx);
1337 2174 1355 2205 ι
1391 2163 1447 2208 et
1487 2156 1722 2210 iterum:
1751 2157 1853 2210 De-

256 2239 472 2294 scendit
514 2238 773 2296 Dominus
805 2239 860 2294 in
890 2242 1031 2296 nube
1062 2249 1118 2296 et
1160 2242 1370 2298 adstitit
1411 2244 1565 2315 juxta
1606 2245 1844 2316 Moysen.

256 2331 327 2386 Et
356 2333 630 2387 invocavit
660 2333 868 2404 Moyses
903 2349 1098 2388 nomen
1130 2335 1360 2399 Domini,
1391 2344 1446 2389 et
1477 2337 1722 2391 transivit
1754 2339 1852 2392 Do-

259 2426 442 2480 minus
469 2437 598 2479 ante
627 2424 819 2480 faciem
862 2425 1000 2496 ejus.
1031 2427 1096 2480 Et
1142 2427 1412 2482 invocavit
1445 2443 1588 2493 eum,
1623 2429 1846 2484 dicens:

260 2534 280 2568 ι
309 2515 544 2571 Domine
583 2517 725 2570 Deus
767 2517 1055 2571 miserator
1085 2526 1140 2572 et
1185 2518 1513 2583 misericors,
1549 2521 1760 2589 patiens
1797 2529 1852 2574 et

257 2607 445 2662 multae
492 2607 881 2662 misericordia:
919 2617 972 2662 et
1015 2624 1204 2674 verax,
1235 2619 1287 2664 et
1324 2610 1587 2680 justitiam
1629 2627 1851 2666 servans

256 2704 311 2749 et
355 2696 788 2752 misericordiam
820 2697 872 2750 in
906 2697 1096 2763 millia,
1141 2699 1394 2754 auferens
1439 2701 1754 2770 iniquitates
1796 2712 1852 2756 et

257 2786 557 2854 injustitias
590 2795 644 2842 et
671 2797 889 2858 peccata
922 2807 934 2842 :
964 2796 1018 2843 et
1044 2805 1151 2843 non
1183 2792 1496 2845 emundabit
1526 2807 1698 2856 remn,
1730 2792 1852 2847 red-

256 2879 392 2933 dens
426 2877 738 2947 iniquitates
782 2888 997 2948 patrum
1035 2894 1197 2950 super
1241 2881 1382 2936 ﬁlios
1419 2890 1475 2937 et
1517 2898 1678 2952 super
1715 2883 1852 2940 ﬁlios

257 2970 517 3038 ﬁliorum,
545 2971 598 3025 in
631 2973 843 3026 tertiam
871 2981 925 3026 et
950 2981 1199 3042 quartam
1225 2975 1625 3044 generationem
1657 2975 1848 3046 (Num.

256 3083 346 3125 xw
381 3071 402 3140 )
441 3086 460 3136 ;
523 3085 541 3118 ι
571 3065 651 3120 sic
677 3065 846 3135 accipi
869 3065 1088 3129 debere,
1119 3067 1271 3134 quasi
1301 3067 1613 3135 parabolam
1640 3076 1696 3123 et
1723 3085 1850 3138 pro-

255 3136 530 3222 verbium,
558 3165 622 3211 ut
647 3157 792 3212 aliud
814 3157 869 3210 in
897 3156 1080 3212 verbis
1107 3166 1284 3222 sonet,
1310 3158 1452 3212 aliud
1497 3159 1548 3212 in
1581 3174 1741 3214 sensu
1767 3168 1846 3216 te—
1875 3136 1920 3197 (ἶ

257 3258 404 3314 neat,
432 3249 576 3318 quod
627 3249 679 3302 in
711 3248 968 3319 parabola
1009 3264 1222 3319 quoque
1267 3251 1495 3304 duarum
1544 3251 1848 3319 aquilarum

255 3357 423 3410 supra
453 3342 706 3396 diximus.
738 3341 891 3397 Unde
925 3349 980 3396 et
1007 3341 1266 3396 Dominus
1300 3341 1354 3396 in
1381 3342 1591 3412 psalmo
1620 3358 1802 3398 Lxxvn
1828 3360 1841 3396 :

261 3454 279 3484 ι
307 3435 586 3504 Aperiam,
615 3435 808 3505 inquit,
838 3437 892 3489 in
919 3436 1173 3506 parabola
1200 3452 1262 3492 os
1293 3453 1492 3501 meum,
1517 3438 1709 3508 loquar
1732 3455 1852 3507 pro.

257 3526 557 3596 positiones
583 3527 651 3581 ab
701 3526 876 3582 initio.
899 3545 918 3578 ι
963 3528 1030 3582 Ει
1073 3527 1126 3581 in
1160 3528 1450 3598 Evangelio
1481 3527 1696 3598 (Matth.
1724 3529 1848 3597 xm)

258 3615 578 3686 parabolam
623 3603 882 3672 sementis
922 3628 978 3673 et
1022 3619 1134 3673 lolii
1171 3627 1222 3673 et
1268 3620 1508 3690 sinapis,
1539 3620 1684 3689 quod
1727 3635 1848 3676 cum

257 3708 332 3762 sit
352 3707 635 3761 minimum
656 3707 896 3762 omnium
916 3708 1203 3773 seminum,
1219 3708 1272 3762 in
1302 3725 1552 3779 magnam
1572 3709 1851 3780 consurgit

260 3799 536 3862 arborem,
569 3798 640 3852 ita
668 3800 941 3868 proponit,
972 3808 1030 3853 ut
1059 3800 1206 3855 aliud
1235 3803 1536 3869 praetendat
1564 3801 1616 3855 in
1647 3802 1846 3866 verbis,

255 3893 402 3946 aliud
432 3892 484 3945 in
511 3892 760 3948 sensibus
788 3901 988 3947 teneat.
1019 3893 1084 3946 Et
1115 3908 1212 3946 nos
1245 3909 1417 3962 usque
1445 3893 1498 3948 in
1526 3903 1847 3963 praesentem

254 3982 398 4035 diem
440 3982 763 4050 putabamus
808 3982 914 4038 duo
947 3983 1255 4038 testimonia
1300 3983 1491 4046 Exodi,
1525 3999 1646 4052 qua:
1686 3999 1848 4054 supra

255 4072 539 4139 posuimus
570 4086 676 4126 non
701 4085 824 4127 esse
855 4072 1185 4142 parabolam,
1229 4073 1322 4127 sed
1350 4072 1649 4142 simplicem
1675 4073 1850 4142 expli-

255 4176 384 4215 care
447 4161 792 4215 sententiam.
851 4161 920 4214 Et
967 4175 1276 4230 quanquam
1347 4176 1454 4216 non
1524 4162 1848 4218 auderemus

255 4249 536 4320 quippiam
580 4251 761 4305 dicere
811 4265 914 4306 nec
943 4264 1038 4304 vas
1071 4249 1235 4306 ﬁctile
1279 4251 1425 4320 loqui
1467 4260 1657 4307 contra
1707 4253 1848 4324 ﬁgu-

257 4339 394 4406 lum,
424 4355 595 4410 quare
638 4341 715 4396 ita
743 4340 830 4395 vel
860 4341 936 4394 ita
966 4355 1053 4395 me
1081 4340 1282 4408 fecisti,
1315 4351 1494 4398 tamen
1530 4343 1847 4398 scandalum

256 4433 600 4503 patiebamur
636 4431 940 4496 occultum,
970 4431 1114 4502 quod
1162 4431 1424 4501 iniustitia
1469 4433 1679 4490 videret
1728 4436 1843 4499 Dei,

254 4530 425 4586 alium
458 4544 689 4600 peccare
713 4538 770 4584 et
805 4529 969 4584 alium
1001 4529 1151 4584 luere
1176 4539 1418 4598 peccata.
1444 4529 1504 4585 Si
1544 4530 1688 4586 enim
1731 4532 1850 4586 red-

255 4625 339 4681 dit
365 4635 590 4695 peccata
624 4608 845 4678 Patrum
880 4638 1045 4694 super
1077 4623 1236 4688 ﬁlios,
1274 4624 1328 4678 in
1356 4624 1573 4679 tertiam
1599 4633 1655 4679 et
1681 4639 1846 4693 quar-

256 4727 371 4772 tam
403 4716 830 4788 generationem,
860 4713 1120 4783 injustum
1155 4715 1430 4768 videretur
1467 4723 1527 4768 ut
1556 4715 1697 4769 alius
1725 4729 1851 4785 pec-

254 4818 343 4865 cet
363 4849 378 4873 ,
405 4808 547 4863 alius
579 4807 853 4878 puniatur.
885 4805 995 4861 Sed
1034 4821 1101 4860 ex
1130 4819 1196 4860 co
1219 4805 1362 4874 quod
1406 4805 1673 4872 sequitur,
1718 4825 1736 4857 ι
1765 4805 1850 4862 bis

226 4898 351 4969 .qui
405 4912 495 4952 me
554 4896 788 4952 oderunt
819 4915 839 4949 ι
911 4894 1346 4952 comminationis
1417 4896 1533 4949 sive
1595 4897 1848 4966 praecepti

256 4989 574 5044 scandalum
618 4988 864 5044 solvitur.
927 4987 1045 5042 Non
1089 4988 1232 5042 enim
1277 4987 1397 5042 ideo
1451 4987 1750 5056 puniuntur
1793 4988 1847 5042 in

257 5068 422 5136 tertia
454 5089 512 5134 et
547 5089 739 5149 quarta
775 5079 1143 5148 generatione,
1191 5078 1318 5147 quia
1360 5076 1706 5147 deliquerunt
1751 5094 1848 5148 pa-

255 5183 369 5227 tres
409 5187 620 5236 eorum,
649 5186 773 5226 cum
806 5180 990 5241 patres
1019 5171 1217 5242 potius,
1258 5170 1350 5240 qui
1385 5169 1606 5224 fuerunt
1651 5185 1848 5239 pecca-

253 5273 408 5319 tores
433 5264 612 5333 puniri
637 5263 942 5328 debuerint,
971 5263 1067 5318 sed
1101 5262 1227 5332 quia
1269 5270 1484 5332 patrum
1522 5262 1848 5316 exstiterunt

251 5356 598 5412 aemulatores
637 5365 695 5411 et
727 5356 960 5412 oderunt
997 5354 1187 5419 Deum,
1231 5353 1575 5410 hazreditario
1616 5353 1760 5408 malo
1788 5362 1842 5408 et

251 5448 534 5519 impietate
563 5448 617 5504 in
658 5461 836 5502 ramos
863 5461 1078 5517 quoque
1104 5445 1172 5500 de
1207 5445 1388 5500 radice
1415 5453 1718 5500 crescente.
1747 5443 1844 5500 So-

251 5537 368 5593 lent
407 5539 462 5593 in
493 5539 597 5593 hoc
629 5537 748 5593 loco
782 5537 1042 5600 haeretici,
1085 5535 1179 5606 qui
1205 5543 1360 5590 vetus
1389 5549 1497 5589 non
1539 5535 1842 5603 suscipiunt

251 5629 678 5687 Instrumentum
722 5639 911 5685 contra
943 5637 1244 5684 creatorem
1276 5627 1457 5681 dicere
1489 5645 1502 5680 :
1537 5626 1708 5693 Quam
1751 5626 1844 5680 bo-

258 5741 361 5786 nus
385 5735 439 5782 et
462 5726 644 5798 justus
671 5724 815 5782 Deus
856 5723 991 5797 legis
1014 5731 1070 5778 et
1106 5721 1509 5794 pr0pbetarnm,
1541 5720 1636 5791 qui
1663 5719 1841 5790 quies-

1943 1887 2212 1958 justitiam
2269 1900 2324 1946 et
2369 1893 2796 1948 misericordiam
2857 1895 2908 1949 in
2961 1897 3124 1951 multa
3198 1899 3397 1963 millia,
3453 1900 3540 1954 bis

1951 1983 2041 2050 qni
2098 1984 2415 2038 custodiunt
2452 1985 2702 2039 mandata
2759 1986 2896 2056 ejus,
2934 1996 2990 2040 et
3027 1987 3232 2042 faciunt
3275 1998 3536 2059 percepta

1951 2069 2115 2125 illius.
2149 2092 2166 2124 ι
2207 2073 2482 2144 Scriptum
2529 2083 2614 2129 est
2661 2075 2714 2129 in
2764 2075 3072 2133 Proverbiis
3112 2096 3124 2131 :
3181 2097 3201 2128 ‹
3241 2078 3393 2134 Sicut
3437 2096 3539 2134 uva

1951 2165 2146 2219 acerba
2175 2167 2428 2222 dentibus
2450 2170 2610 2222 noxia
2657 2178 2742 2223 est
2784 2178 2839 2224 et
2876 2171 3054 2227 fumus
3097 2173 3292 2239 oculis,
3323 2174 3402 2229 sic
3441 2175 3542 2228 ini-

1950 2257 2130 2326 quitas
2165 2257 2249 2312 bis
2282 2259 2373 2327 qui
2401 2268 2626 2314 utuntur
2674 2275 2738 2315 ea
2777 2259 2961 2332 (Prov.
2992 2263 3068 2331 κ).
3103 2283 3120 2316 ι
3152 2263 3230 2317 Ex
3287 2279 3395 2333 quo
3419 2279 3542 2334 per-

1950 2346 2193 2416 spicuum
2219 2355 2321 2411 est,
2348 2364 2454 2403 non
2507 2349 2735 2404 aliorum
2775 2351 2959 2406 dolere
2991 2353 3182 2407 dentes
3208 2362 3262 2407 et
3285 2354 3540 2423 obstupe-

1951 2450 2123 2502 scere,
2177 2437 2268 2492 sed
2294 2453 2505 2502 eorum,
2536 2440 2628 2508 qui
2673 2455 2833 2494 uvam
2889 2442 3138 2496 acerbam
3182 2443 3534 2497 comederint.

1950 2529 2045 2583 Est
2094 2541 2272 2585 autem
2299 2532 2401 2586 loci
2452 2533 2607 2588 istius
2635 2533 2723 2588 hic
2747 2551 2939 2591 sensus
2968 2553 2980 2589 :
3014 2536 3293 2602 Quomodo
3339 2537 3382 2591 si
3415 2537 3538 2608 quis

1950 2621 2080 2676 velit
2119 2621 2300 2676 dicere
2327 2641 2340 2676 :
2375 2642 2393 2674 ι
2421 2633 2606 2694 patres
2627 2641 2786 2679 uvam
2817 2627 3064 2682 acerbam
3099 2627 3452 2690 comederint,
3483 2633 3538 2680 et

1952 2714 2140 2768 dentes
2161 2713 2394 2768 ﬁliorum
2423 2715 2870 2786 obstupuerunt,»
2891 2717 3175 2772 ridiculum
3203 2728 3307 2782 est,
3333 2725 3388 2772 et
3413 2721 3534 2773 nul-

1951 2808 2058 2862 lam
2109 2809 2315 2864 habens
2359 2810 2802 2879 consequentiam
2831 2829 2844 2864 :
2876 2811 2954 2866 sic
2989 2811 3234 2882 iniquum
3265 2820 3347 2866 est
3375 2819 3540 2882 atque

1951 2913 2266 2968 perversum
2301 2915 2531 2970 peccare
2558 2911 2765 2970 patres,
2791 2909 2844 2955 et
2875 2901 3013 2957 ﬁlios
3044 2911 3376 2972 nepotesque
3410 2919 3536 2958 cru-

1953 2989 2110 3044 ciari.
2156 2990 2296 3044 Sunt
2314 2992 2408 3061 qui
2448 2992 2571 3057 hoc,
2601 2993 2745 3062 quod
2798 2994 2852 3048 in
2880 2994 3067 3049 Exodo
3114 2995 3377 3064 scriptum
3403 3004 3486 3050 est
3516 3009 3533 3050 :

1953 3080 2205 3136 Reddens
2236 3081 2548 3151 iniquitates
2588 3093 2803 3154 patrum
2855 3100 3017 3155 super
3061 3085 3198 3141 ﬁlios
3229 3087 3282 3140 in
3318 3086 3534 3141 tertiam

1951 3180 2006 3226 et
2043 3181 2292 3240 quartam
2321 3173 2742 3243 generationem,
2772 3175 2844 3228 ita
2869 3176 3190 3242 edisserant,
3235 3186 3295 3232 ut
3321 3179 3389 3232 ad
3419 3179 3536 3232 ani-

1949 3277 2091 3316 mam
2120 3264 2410 3317 humanam
2455 3265 2776 3319 sententiam
2817 3264 3071 3329 referant,
3099 3276 3308 3336 patrem
3340 3269 3395 3323 in
3435 3285 3538 3323 no-

1949 3353 2034 3408 bis
2060 3353 2259 3418 Ienem,
2289 3363 2546 3422 punctum
2575 3369 2831 3409 sensumn
2873 3363 2929 3409 et
2958 3355 3228 3410 incentiva
3274 3357 3526 3412 vitiorum

1949 3458 2070 3498 esse
2115 3443 2403 3499 dicentes:
2432 3443 2599 3499 ﬁlium
2642 3460 2791 3512 vero,
2835 3446 2880 3500 si
2935 3446 3191 3517 cogitatio
3246 3458 3532 3517 peccatum

1951 3537 2284 3608 conceperit;
2309 3546 2552 3608 nepotem
2578 3538 2620 3592 si
2647 3539 2788 3606 quod
2811 3538 3134 3608 cogitaveris
3156 3547 3318 3608 atque
3339 3556 3533 3596 conce-

1948 3630 2115 3699 peris,
2163 3645 2327 3700 opere
2376 3629 2726 3698 perpetraris.
2777 3627 3132 3698 Pronepotem
3181 3639 3386 3694 autem,
3426 3630 3532 3686 boc

1949 3728 2053 3784 est,
2106 3719 2507 3790 generationem
2559 3726 2830 3788 quartam,
2881 3719 2926 3773 si
2966 3733 3071 3772 non
3127 3718 3300 3772 solum
3333 3719 3530 3776 feceris

1950 3813 2091 3880 quod
2117 3811 2314 3864 malum
2342 3819 2443 3875 est,
2475 3818 2531 3865 et
2571 3811 2892 3874 scelestum;
2941 3811 3033 3866 sed
3065 3811 3118 3864 in
3151 3812 3256 3866 tuis
3308 3812 3528 3868 sceleri-

1949 3903 2049 3958 bus
2072 3902 2340 3973 glorieris.
2390 3901 2699 3957 Secundum
2757 3900 2884 3956 illud
2939 3902 3081 3972 quod
3113 3903 3372 3971 scriptum
3405 3913 3528 3958 est:

1955 4011 1974 4044 ‹
2012 3992 2341 4061 lmpiuscum
2356 3992 2408 4045 in
2432 3991 2752 4061 profundum
2769 3992 3032 4047 malorum
3046 3995 3275 4059 venerit,
3291 4005 3536 4050 contem-

1949 4093 2044 4139 net
2068 4082 2247 4155 (Prov.
2275 4083 2452 4156 xvm).
2492 4103 2511 4136 ›
2551 4083 2693 4140 Deus
2738 4084 2904 4156 igitur
2931 4084 3142 4154 primos
3163 4097 3218 4138 et
3267 4089 3534 4144 secundos

1949 4175 2192 4230 stimulos
2205 4174 2612 4246 cogitationum,
2641 4190 2777 4245 quas
2793 4172 2965 4229 Graaci
2985 4179 3292 4252 προπαθείας
3315 4188 3529 4241 vocant,

1949 4267 2067 4321 sine
2122 4267 2320 4338 quibus
2347 4266 2551 4321 nullum
2584 4266 2864 4320 hominum
2907 4279 3030 4320 esse
3070 4274 3271 4336 potest,
3324 4283 3530 4336 nequa—

1948 4371 2110 4428 quam
2131 4357 2307 4426 punit,
2345 4357 2439 4413 sed
2465 4358 2509 4412 si
2539 4358 2770 4428 cogitata
2811 4357 2935 4426 quis
2975 4355 3160 4412 facere
3205 4359 3530 4424 decreverit,

1874 4484 1926 4542 Β
1951 4457 2047 4503 aut
2073 4449 2190 4518 ipsa
2233 4464 2352 4518 qua:
2389 4447 2580 4503 fecerit
2614 4445 2847 4500 noluerit
2879 4445 3156 4515 corrigere
3185 4446 3526 4514 pmnitentia.

1955 4539 2108 4595 Unde
2133 4539 2390 4609 scriptum
2420 4546 2503 4593 est
2531 4555 2545 4568 ·
2575 4555 2595 4588 ι
2618 4536 2804 4591 Nullus
2832 4537 3108 4590 hominum
3140 4537 3258 4591 sine
3281 4547 3530 4612 peccato,

1951 4646 2052 4687 nec
2075 4632 2119 4686 si
2141 4631 2297 4685 unius
2329 4630 2545 4699 quidem
2580 4628 2682 4681 diei
2729 4627 2890 4680 fuerit
2930 4627 3038 4680 vita
3083 4625 3240 4696 ejus:
3272 4644 3528 4684 numera-

1951 4720 2088 4776 biles
2111 4729 2288 4773 autem
2320 4716 2446 4770 anni
2471 4716 2594 4770 vitae
2621 4715 2782 4769 illius.
2817 4735 2834 4766 ι
2866 4715 2932 4769 Ει
2959 4716 3012 4770 ἱη
3037 4715 3143 4770 alio
3165 4716 3282 4770 loco
3309 4735 3322 4770 :
3350 4735 3368 4767 ι
3398 4717 3530 4784 Quis

1952 4809 2271 4882 gloriabitur
2291 4815 2500 4862 castum
2544 4821 2602 4861 se
2627 4805 2827 4860 habere
2879 4807 3018 4860 cor?
3052 4825 3070 4858 ι
3101 4805 3288 4879 (Prov.
3310 4807 3430 4878 xx.)
3461 4809 3530 4862 Et

1951 4915 2166 4956 rursum
2209 4916 2222 4952 :
2254 4915 2275 4948 ι
2309 4896 2470 4951 Astra
2497 4910 2713 4966 quoque
2741 4911 2846 4950 non
2895 4905 3022 4950 sunt
3069 4899 3266 4950 munda
3317 4897 3371 4950 in
3393 4913 3528 4963 eone.

1952 4996 2136 5059 spectu
2191 4986 2328 5056 ejus.
2375 4987 2443 5040 Et
2476 4985 2734 5039 adversus
2785 4985 3004 5056 angelos
3049 5002 3176 5041 suos
3215 5001 3530 5055 perversum

1951 5083 2079 5152 quid
2128 5079 2472 5151 excogitavit.
2514 5098 2534 5130 ι
2566 5077 2661 5133 Sin
2692 5086 2871 5132 autem
2915 5077 3161 5135 sublimis
3203 5078 3291 5135 illa
3336 5085 3529 5133 natura

1949 5179 2171 5242 peccato
2197 5187 2302 5224 non
2344 5177 2514 5231 caret,
2560 5169 2688 5238 quid
2731 5169 3016 5224 dicendum
3063 5179 3148 5223 est
3183 5168 3250 5222 de
3301 5168 3531 5222 IIOHIIIII'!

1949 5264 2066 5326 b‘us,
2121 5263 2212 5331 qui
2243 5261 2418 5331 fragili
2468 5275 2634 5316 carne
2655 5260 2973 5314 circumdati
3005 5260 3203 5314 debent
3232 5259 3376 5326 loqui
3403 5272 3526 5318 cum

1945 5353 2244 5425 Apostolo:
2276 5371 2294 5404 ι
2330 5353 2495 5408 Miser
2533 5367 2634 5421 ego
2681 5352 2860 5415 homo,
2898 5351 3021 5420 quis
3050 5365 3136 5405 me
3186 5349 3436 5403 liberabit
3461 5349 3530 5405 de

1947 5459 2174 5514 corpore
2213 5444 2406 5500 mortis
2435 5442 2642 5512 hujus?
2675 5461 2693 5492 ι
2725 5440 2903 5512 (Rom.
2949 5439 3069 5509 vn.)
3098 5439 3163 5492 Et
3192 5437 3320 5491 illud
3353 5454 3367 5491 :
3403 5455 3422 5487 ι
3461 5435 3531 5492 Ut

1948 5551 2069 5592 cum
2093 5535 2274 5589 omnia
2296 5533 2584 5588 fecerimus
2611 5532 2904 5586 debeamus
2937 5531 3140 5592 dicere,
3166 5527 3322 5582 Servi
3353 5527 3521 5582 inuti-

1950 5626 2029 5680 les
2076 5640 2282 5690 sumus,
2336 5625 2480 5693 quod
2527 5623 2810 5678 debuimus
2857 5619 3038 5674 facere
3091 5617 3318 5673 fecimus
3360 5614 3526 5688 (Luc.

1951 5715 2104 5790 xvn).
2139 5733 2158 5767 ι
2211 5715 2278 5770 Ει
2309 5729 2325 5768 :
2364 5734 2382 5766 ι
2411 5713 2522 5770 Nisi
2547 5713 2804 5769 Dominus
2827 5708 3173 5766 aediﬁcaverit
3198 5708 3435 5774 domum,
3471 5707 3526 5771 in
