3954 6182
427 314 531 373 705
1057 316 1119 370 Β.
1158 313 1408 370 MBAN!
1449 313 1665 367 MAURI
1703 310 2021 368 ABCIIIEP.
2065 310 2372 367 MOGUN'I‘.
2414 310 2694 368 OPERUM
2734 310 2911 367 PARS
2951 311 3010 366 ll.
3575 319 3678 373 704

419 445 618 487 vanum
633 430 1539 504 laborantquimdiﬂmnteamﬁisi
1557 435 1811 489 Dominus
1826 443 2002 489 custo-
2032 439 2077 495 Α
2108 434 2322 488 condita
2353 444 2436 489 est
2474 449 2593 487 cum
2643 432 2859 487 Christo
2884 434 2935 486 in
2965 434 3075 487 Deo
3108 433 3330 502 (L'ofoss.
3373 435 3477 501 lli),
3516 457 3534 489 ι
3575 453 3676 507 qui

422 524 583 578 diem
610 524 902 586 civitatem,
935 525 1132 577 frustra
1156 526 1398 595 vigilant,
1426 526 1513 595 qui
1541 526 1849 579 custodiunt
1874 540 1993 577 eam
2097 523 2287 577 victuri
2312 538 2519 586 sumus,
2570 524 2785 592 quando
2814 522 3064 576 Christus
3100 524 3411 593 apparuerit
3434 526 3544 579 vita
3584 545 3673 581 nn-

423 613 813 683 (Psal.cxxvt).
839 632 857 663 ι
883 614 1540 682 Λάίιιοοῖτειιίοηεωτιυιειιι
1557 616 1714 685 hujus
1730 615 1825 679 rei,
1852 615 1994 684 quod

422 718 758 772 nequaquam
802 703 1007 773 primus
1036 705 1221 772 pulsus
1250 706 1618 775 cogitationis,
1669 706 1776 758 imo
1798 719 1996 773 parvus

424 793 621 846 mentis
641 791 930 846 instinctus
954 793 1210 863 puniatur
1231 808 1261 846 a
1293 794 1425 855 Deo,
1454 795 1549 847 sed
1573 794 1616 846 si
1646 793 1787 861 quod
1816 800 1996 845 mente

418 881 731 950 conceperis
757 895 921 950 opere
969 897 1276 948 consumes,
1301 883 1429 937 illud
1466 883 1531 938 de
1562 883 1615 937 in
1651 882 1845 937 Gcncsi
1872 896 1998 951 pro-

420 968 698 1024 ferendum
720 979 823 1036 est,
848 970 1017 1026 Cham
1044 974 1291 1041 peccavit
1314 973 1546 1027 irridens
1574 973 1872 1028 nuditatem
1901 986 1999 1041 pa-

420 1064 535 1117 tris.
583 1063 647 1118 Et
693 1065 1011 1119 sententiam
1059 1081 1166 1120 non
1202 1066 1337 1135 ipse,
1391 1066 1482 1135 qui
1512 1066 1650 1130 risit,
1704 1066 1797 1120 sed
1852 1064 1997 1118 ﬁlius

418 1152 535 1221 ejus
556 1156 792 1223 suscepit
821 1155 1075 1209 Chanaan
1107 1173 1120 1209 :
1151 1175 1169 1207 ι
1200 1156 1533 1220 Matedietus,
1573 1156 1671 1220 ait,
1701 1154 1991 1219 Chanaan;

420 1260 611 1299 servus
652 1246 761 1300 erit
804 1246 1029 1300 fratrum
1059 1261 1278 1301 suorum
1307 1245 1460 1317 (Gen.
1485 1246 1585 1317 Ix).
1623 1265 1642 1297 ι
1672 1246 1803 1312 ρυω
1849 1245 1994 1300 enim

420 1333 625 1405 jastitia
654 1342 758 1399 est,
806 1344 859 1388 ut
911 1345 1064 1405 pater
1086 1336 1414 1404 peccaverit,
1467 1342 1522 1389 et
1570 1335 1624 1388 in
1661 1333 1829 1387 lilium
1864 1346 1994 1386 sen-

420 1429 587 1482 tentia
616 1426 966 1498 proferatur?
994 1443 1200 1482 necnon
1240 1428 1382 1496 quod
1418 1427 1473 1480 in
1508 1425 1839 1480 contrariam
1868 1439 1997 1494 par-

421 1525 531 1570 tem
568 1517 720 1586 ponit
754 1516 1063 1586 Apostolus,
1096 1516 1299 1570 salvam
1330 1531 1451 1570 esse
1484 1515 1788 1577 mulierem,
1820 1513 1866 1567 si
1900 1512 1994 1567 ﬁlii

421 1609 539 1678 ejus
568 1611 962 1681 permanserint
990 1610 1041 1664 in
1096 1610 1200 1663 ﬁde
1234 1616 1290 1663 et
1314 1608 1605 1663 sanctitate
1632 1615 1688 1660 et
1715 1604 1996 1675 pudicitia,

420 1701 633 1755 videtur
675 1701 937 1755 sententia
979 1699 1246 1768 justitiam
1290 1716 1397 1755 non
1446 1699 1669 1763 habere,
1713 1704 1773 1750 ut
1818 1695 1864 1749 si
1902 1693 1997 1747 ﬁlii

2093 612 2291 667 strain
2338 612 2526 682 gloria,
2586 620 2638 665 ct
2692 612 3006 682 implebitur
3050 612 3177 667 illud
3216 617 3360 684 quo]
3408 618 3674 688 scriptum

2092 708 2177 754 cst
2205 717 2218 752 :
2266 721 2285 751 ‹
2319 701 2509 763 Amen,
2537 716 2692 754 amen
2716 700 2836 754 dico
2861 702 3033 763 vobis,
3058 703 3149 772 qui
3173 719 3480 759 sermonem
3498 722 3675 761 meum

2094 789 2260 853 audit,
2295 799 2351 845 et
2372 793 2544 845 credit
2574 793 2622 846 ei
2672 792 2763 862 qui
2818 808 2902 847 me
2932 794 3101 859 misit,
3143 796 3306 849 habet
3335 797 3499 852 vitam
3528 810 3678 855 aeter-

2094 896 2239 943 nam,
2270 890 2325 936 et
2353 882 2404 935 in
2427 880 2690 949 judicium
2729 898 2834 935 non
2864 898 2910 936 vi
2933 883 3033 947 nit,
3064 885 3155 938 sed
3198 887 3424 940 transiet
3446 904 3474 939 a
3506 898 3679 945 morte

2096 971 2150 1025 in
2173 970 2338 1025 vitam
2370 969 2551 1041 (Joan.
2585 970 2659 1042 v).
2703 990 2722 1023 ι
2755 971 2886 1026 Illud
2912 981 3091 1025 autem
3123 974 3264 1042 quod
3299 990 3326 1027 a
3352 974 3570 1030 Balaam
3602 978 3675 1030 di-

2094 1061 2238 1116 citur
2265 1079 2278 1113 ε
2318 1079 2338 1111 r
2372 1060 2631 1115 Moriatur
2658 1062 2835 1115 anima
2877 1076 2994 1115 mea
3023 1063 3075 1115 in
3104 1064 3388 1118 animabus
3408 1066 3675 1135 iustorum

2095 1149 2285 1220 (Num.
2320 1153 2495 1221 xxm),
2536 1170 2554 1200 ι
2591 1150 2734 1205 hunc
2773 1150 2935 1204 habet
2961 1166 3198 1216 sensum,
3235 1162 3295 1207 ut
3321 1155 3509 1224 cupiat
3545 1158 3679 1211 mon’

2096 1241 2295 1296 saeculo
2350 1251 2511 1310 atque
2540 1244 2780 1311 peccato,
2811 1252 2867 1295 et
2901 1242 3084 1298 vivere
3117 1258 3241 1298 cum
3257 1243 3530 1312 justorum
3568 1248 3679 1300 aui-

2096 1332 2201 1386 mis
2227 1346 2459 1401 quorum
2490 1332 2599 1385 vita
2647 1331 2894 1385 Christus
2922 1340 3028 1395 est,
3074 1340 3131 1387 et
3164 1344 3391 1402 possunt
3433 1351 3634 1390 canere
3663 1355 3676 1386 :

2103 1442 2122 1474 ι
2169 1423 2399 1478 Placebo
2417 1424 2646 1479 Domino
2676 1424 2729 1478 in
2755 1424 2977 1495 regione
2990 1426 3233 1480 vivorum
3262 1426 3437 1498 (Psal.
3461 1430 3635 1500 cxtv),
3657 1450 3675 1480 ι

2096 1529 2203 1568 non
2235 1521 2320 1568 est
2346 1513 2491 1568 enim
2533 1514 2674 1569 Dens
2718 1522 3078 1580 mortuorum,
3140 1517 3233 1571 sed
3262 1519 3587 1573 viventium.
3619 1521 3682 1574 Et

2097 1607 2143 1662 si
2180 1605 2417 1670 Balaam,
2438 1614 2497 1660 ut
2519 1606 2862 1661 verissimum
2899 1615 3005 1671 est,
3055 1606 3109 1660 in
3153 1607 3390 1679 linguam
3436 1620 3680 1665 nostram

2098 1698 2447 1762 translatum,
2500 1712 2690 1750 vanum
2718 1697 2971 1768 populum
2999 1707 3176 1762 sonat,
3206 1701 3555 1770 perspicuum
3581 1714 3679 1763 est,

422 1792 545 1846 boni
577 1791 776 1846 fuerint
799 1802 856 1845 et
888 1801 1131 1861 nepotes,
1182 1790 1458 1846 salventnr
1496 1796 1766 1858 parentes.
1800 1785 1997 1853 Quanti
2028 1787 2072 1846 Β
2100 1791 2242 1860 quod
2278 1804 2450 1844 vanus
2494 1789 2647 1859 prius
2687 1790 2928 1860 gentium
2992 1790 3220 1860 populus
3269 1792 3545 1847 desideret
3592 1793 3683 1846 ha-

421 1883 563 1938 enim
591 1893 840 1952 parentes
861 1900 888 1937 ε
921 1884 1032 1938 ncti
1055 1890 1252 1938 suntet
1273 1880 1442 1936 malos
1464 1882 1666 1935 habent
1684 1878 1859 1932 ﬁlios?
1880 1877 1949 1931 Et
1964 1891 1996 1930 e

422 1975 716 2039 contrario,
733 1983 984 2043 parentes
998 1974 1182 2043 quanti
1197 1982 1509 2041 peccatores
1524 1970 1697 2038 justus
1711 1978 1766 2025 et
1781 1975 1997 2024 sanctos

423 2062 560 2117 ﬁlios
584 2064 876 2134 generant?
901 2064 1043 2134 Ergo
1068 2063 1369 2119 secundum
1390 2063 1534 2115 hunc
1555 2075 1772 2116 sensum
1800 2067 1996 2114 cuncta

422 2158 753 2227 accipienda,
776 2173 895 2228 qum
915 2172 1076 2229 supra
1094 2157 1347 2211 diximus.
1372 2153 1597 2210 Peccata
1619 2163 1901 2224 parentum
1917 2162 1997 2208 at-

422 2263 529 2316 que
571 2249 942 2319 generantium
980 2248 1035 2303 in
1088 2248 1256 2302 ramis
1297 2261 1404 2301 non
1460 2246 1513 2300 in
1573 2245 1757 2300 radice
1793 2244 1995 2314 puniri.

423 2340 537 2396 Hoc
586 2342 799 2396 interim
850 2342 916 2397 de
981 2340 1277 2396 Proverbio
1325 2338 1441 2396 sive
1487 2336 1747 2409 parabole
1792 2335 1997 2390 dixisse

425 2429 672 2488 sutiiciat.
702 2431 854 2499 Quod
893 2430 977 2486 lex
1020 2440 1076 2486 et
1101 2430 1398 2502 prophetae,
1428 2429 1532 2484 hoc
1565 2435 1669 2490 est,
1700 2425 1919 2481 Exodus
1943 2431 2000 2478 et

423 2521 691 2588 Ezechiel,
723 2521 835 2577 imo
868 2522 982 2592 ipse
1018 2523 1182 2589 Deus,
1230 2523 1324 2593 qui
1374 2531 1431 2578 et
1464 2523 1552 2578 hic
1583 2530 1639 2577 et
1666 2521 1742 2578 ibi
1788 2520 2000 2575 locutus

422 2623 521 2678 est,
562 2630 901 2685 nequaquam
938 2617 992 2670 in
1043 2615 1326 2672 sententiis
1376 2615 1688 2684 discrepare
1729 2614 1996 2676 videatur,

423 2714 518 2760 aut
569 2706 659 2760 hic
708 2707 999 2775 corrigere,
1054 2706 1197 2775 quod
1252 2706 1324 2760 ibi
1369 2703 1730 2760 maledixerit.
1772 2702 1830 2757 Si
1877 2702 2000 2771 quis

423 2803 604 2849 autem
642 2794 726 2849 vel
767 2795 1048 2850 meliorem
1090 2796 1174 2851 vel
1226 2796 1455 2851 alterum
1484 2809 1707 2849 sensum
1760 2793 2000 2863 potuerit

422 2888 685 2958 reperire,
714 2888 806 2958 qui
855 2889 1253 2943 contrariorum
1286 2889 1428 2943 inter
1456 2902 1517 2942 se
1565 2885 2001 2942 testimoniorum

424 2978 734 3034 scandalum
754 2977 924 3045 tollat,
948 2977 1091 3034 illius
1110 2978 1283 3047 magis
1305 2975 1758 3047 acquiaccwum
1779 2982 2002 3028 senten-

425 3071 514 3126 tiae
540 3079 645 3125 est.
1100 3090 1107 3095 ι

2096 1882 2228 1935 bere
2273 1880 2608 1936 consortium
2664 1894 2787 1934 cum
2829 1880 3115 1934 animabus
3164 1879 3459 1949 justornm,
3513 1881 3683 1937 Abra-

2098 1970 2223 2024 ham
2251 2009 2267 2033 ,
2318 1968 2469 2024 Isaac
2511 1976 2571 2023 et
2620 1966 2810 2031 Jacob,
2866 1969 2958 2037 qui
3012 1968 3145 2024 recti
3183 1979 3239 2025 et
3281 1970 3414 2040 justi
3470 1988 3679 2026 nunc!»

2095 2069 2314 2130 pantur,
2343 2060 2487 2115 unde
2525 2066 2581 2114 et
2614 2057 2890 2114 Geneseos
2915 2057 3053 2113 liber
3077 2073 3144 2114 ex
3201 2073 3392 2115 eorum
3414 2062 3683 2116 vocabulo

2098 2166 2295 2206 nomen
2328 2151 2555 2219 accepit.

2174 2284 2193 2317 ι
2235 2265 2305 2319 Ει
2337 2265 2427 2319 vir
2477 2263 2524 2318 si
2563 2262 2731 2318 fuerit
2771 2261 2975 2333 justus,
3001 2270 3055 2315 et
3102 2260 3295 2317 fecerit
3315 2261 3587 2331 judicium
3632 2270 3685 2315 ct

2103 2378 2121 2408 ι
2162 2355 2450 2424 justitiam,
2495 2356 2551 2410 in
2581 2350 2855 2410 montibus
2901 2370 3011 2409 non
3061 2354 3384 2416 comederit,
3416 2363 3473 2409 et
3500 2353 3686 2408 oculos

2107 2470 2124 2501 ι
2172 2463 2298 2504 suos
2334 2464 2438 2502 non
2461 2446 2721 2502 levaverit
2776 2447 2842 2499 ad
2870 2445 3011 2499 idola
3041 2445 3234 2500 domus
3255 2444 3446 2510 Israel,
3473 2454 3532 2500 et
3562 2460 3688 2499 uxo-

2103 2561 2121 2593 ι
2169 2556 2280 2596 rem
2318 2539 2552 2610 proximi
2583 2539 2667 2593 sui
2718 2553 2824 2593 non
2854 2537 3157 2602 violaverit,
3182 2548 3239 2592 et
3280 2537 3348 2591 ad
3391 2537 3682 2592 mulierem

2104 2652 2122 2683 ι
2170 2638 2559 2686 menstruatam
2623 2646 2730 2685 non
2774 2628 3083 2693 accesserit,
3127 2638 3184 2683 et
3237 2629 3517 2683 hominem
3581 2643 3687 2684 non

2104 2744 2121 2774 ι
2166 2720 2617 2782 constristaverit,
2646 2718 2840 2790 pignus
2865 2719 3097 2773 debitori
3121 2717 3432 2782 reddiderit,
3459 2733 3560 2787 per
3579 2716 3685 2772 vim

2104 2834 2123 2864 ι
2171 2812 2305 2868 nihil
2340 2811 2598 2882 rapuerit,
2635 2824 2831 2880 panem
2872 2823 3027 2863 suum
3057 2808 3317 2864 esurienti
3342 2808 3583 2874 dederit,
3633 2815 3688 2863 et

2106 2923 2125 2955 ι
2171 2904 2371 2958 nudum
2415 2902 2693 2972 operuerit
2715 2900 3062 2962 vestimento.
3123 2906 3179 2954 et
3206 2900 3275 2955 ad
3319 2915 3548 2955 usuram
3580 2915 3684 2954 non

2106 3012 2124 3044 ‹
2170 2992 2614 3057 commodaverit,
2665 2998 2723 3047 et
2769 2991 3002 3061 amplius
3034 3006 3142 3046 non
3176 2992 3471 3063 acceperit,
3499 2993 3570 3047 ab
3590 2992 3688 3046 ini-

2109 3103 2127 3133 ι
2174 3083 2378 3152 quitate
2410 3081 2929 3137 averterit'rnanum
2971 3097 3144 3147 suam,
3181 3082 3446 3152 judicium
3498 3097 3686 3138 verum

499 3178 519 3212 ι
565 3157 699 3213 Vivo
722 3173 842 3229 ego,
874 3158 1006 3213 dicit
1035 3157 1293 3214 Dominus
1324 3158 1488 3222 Deus,
1524 3156 1572 3212 si
1616 3156 1723 3210 erit
1748 3154 1904 3210 vobis
1923 3153 2004 3207 ul-
2028 3142 2073 3206 C
2110 3193 2127 3225 ε
2171 3142 2361 3227 τέρπει
2409 3172 2551 3227 inter
2579 3171 2754 3225 virum
2791 3179 2849 3225 ει
2875 3171 3074 3237 vim"),
3127 3142 3200 3227 ξιξ
3223 3172 3515 3242 pmeptis
3554 3173 3689 3227 meis

430 3269 450 3303 ι
496 3258 576 3305 tra
603 3251 858 3320 parabola
890 3251 1006 3307 haec
1033 3250 1087 3304 in
1133 3248 1480 3320 proverbium
1534 3248 1589 3302 in
1610 3246 1816 3310 Israel;
1868 3259 2000 3300 ecce

430 3362 449 3391 ι
494 3357 684 3397 omnes
712 3342 904 3397 animm
930 3355 1065 3396 meae
1116 3348 1258 3404 sunt,
1320 3350 1381 3394 ut
1417 3339 1598 3394 anima
1622 3338 1796 3408 patris
1832 3336 1908 3391 ita
1943 3343 2002 3390 et

431 3454 450 3484 ι
490 3432 669 3487 anima
705 3431 799 3486 ﬁlii
821 3445 939 3486 mea
983 3439 1068 3487 est
1097 3449 1111 3484 :
1143 3431 1323 3486 anima
1371 3445 1493 3501 qum
1530 3427 1852 3499 peccaverit,
1882 3427 1998 3496 ipsa

430 3543 448 3574 ι
493 3523 773 3579 morietur.
828 3542 847 3577 ι
906 3521 1045 3588 Quid
1094 3520 1379 3593 signiticet,
1431 3540 1449 3573 ι
1491 3521 1628 3576 Vivo
1684 3534 1820 3589 ego,
1867 3516 2001 3573 dicit

425 3614 687 3670 Dominus
711 3655 726 3679 ,
785 3635 804 3668 ι
860 3622 917 3669 ει
961 3613 1213 3683 parabola
1259 3612 1342 3668 vel
1405 3611 1748 3682 proverbium
1777 3649 1794 3674 ,
1836 3624 1999 3678 supra

423 3707 635 3778 plenius
674 3707 930 3773 diximus,
970 3722 1091 3776 qua:
1131 3720 1470 3776 nequaquam
1503 3704 1714 3759 dicetur
1743 3702 1796 3757 in
1826 3698 1997 3756 Israel

424 3803 521 3856 sed
549 3800 603 3855 in
631 3799 739 3866 his,
779 3802 871 3870 qui
896 3799 993 3855 Dei
1043 3800 1289 3855 notitiam
1316 3814 1423 3854 non
1472 3799 1692 3861 habent,
1727 3812 1829 3852 nec
1875 3809 2000 3864 pos-

423 3900 552 3948 sunt
604 3891 912 3961 perspicere
938 3891 1243 3946 veritatem.
1274 3908 1293 3942 ι
1332 3889 1553 3955 Omnes,
1580 3888 1776 3959 inquit,
1806 3886 1998 3942 anima:

426 3996 564 4036 mea:
590 3987 733 4044 sunt,
774 3999 794 4033 ι
832 3979 987 4048 juxta
1031 3991 1358 4045 creaturam,
1409 3996 1517 4036 non
1539 3980 1693 4050 juxta
1722 3977 1995 4033 meritum.

428 4070 501 4129 Ut
545 4068 757 4140 Moyses
789 4068 1087 4140 appellatur
1130 4071 1292 4124 homo
1333 4070 1446 4136 Dei,
1474 4070 1543 4125 de
1585 4082 1695 4138 quo
1738 4067 1999 4136 scriptum

427 4169 547 4217 est:
581 4180 602 4213 ί
643 4161 831 4217 Oratio
859 4160 1025 4232 Moysi
1076 4161 1311 4216 hominis
1339 4162 1455 4217 Dei.
1516 4180 1537 4214 ι
1582 4160 1652 4216 Ει
1694 4160 1862 4225 Elias,
1904 4158 2000 4228 qui

428 4250 498 4305 ad
522 4251 907 4321 quinquaginta
932 4250 1157 4305 militum
1178 4250 1477 4321 principem
1502 4250 1823 4320 loquebatur
1847 4267 1863 4303 :
1893 4267 1913 4300 ι
1940 4248 2000 4305 Si

426 4341 589 4413 homo
614 4341 710 4396 Dei
740 4356 842 4412 ego
861 4356 1001 4407 sum,
1022 4343 1316 4399 descendat
1342 4342 1481 4412 ignis
1508 4342 1575 4397 de
1594 4342 1733 4397 coelo
1761 4356 1924 4412 super
1948 4349 2002 4396 te

426 4441 483 4488 et
515 4446 677 4504 super
723 4434 1112 4504 quinquaginta
1157 4433 1305 4488 viros
1339 4431 1446 4503 (IV
1499 4431 1629 4503 Reg.
1653 4431 1715 4502 ι).
1774 4452 1794 4485 ι
1826 4431 1998 4487 Homo

425 4537 556 4577 vero
577 4523 804 4593 peccati,
831 4532 887 4578 et
912 4524 1054 4579 ﬁlius
1084 4522 1407 4593 iniquitatis,
1432 4539 1539 4579 non
1585 4531 1812 4578 vocatur
1842 4523 2003 4578 homo

428 4612 523 4667 Dei
551 4629 568 4677 ;
598 4614 737 4668 sicut
768 4629 954 4669 servus
982 4623 1037 4670 et
1058 4613 1288 4669 famulus
1312 4614 1406 4671 Dei
1461 4614 1516 4669 hi
1557 4613 1913 4683 appellantur,
1934 4613 2004 4669 de

427 4702 623 4772 quibus
666 4704 771 4760 dici
824 4721 931 4761 non
974 4715 1190 4777 potest:
1226 4726 1245 4759 ι
1288 4708 1477 4763 Omnis
1522 4708 1615 4777 qui
1635 4706 1770 4762 facit
1810 4720 2004 4777 pecca-

430 4801 566 4857 tum,
612 4807 801 4849 servus
833 4802 918 4850 est
964 4797 1171 4864 peccati
1197 4795 1378 4867 (Joan.
1412 4795 1555 4868 VIII).
1593 4814 1614 4849 ι
1648 4796 1718 4850 Et
1762 4796 1998 4852 iterum:

436 4901 456 4935 ι
496 4883 544 4938 Α
565 4899 671 4952 quo
686 4886 829 4940 enim
854 4887 978 4955 quis
1007 4888 1255 4951 vincitur,
1280 4888 1397 4957 ejus
1422 4897 1476 4944 et
1508 4902 1699 4944 servus
1721 4888 1998 4958 est(Rom.

430 4973 528 5046 vr).
576 4993 596 5027 ι
638 4973 791 5030 Sicut
823 4985 1046 5044 peccata
1066 4977 1300 5032 ﬁliorum
1345 4995 1454 5034 non
1502 4988 1700 5035 nocent
1731 4980 1999 5050 patribus,

429 5064 512 5120 sic
536 5073 756 5135 peccata
781 5074 994 5135 patrum
1030 5082 1139 5122 non
1174 5067 1476 5125 redundant
1512 5070 1581 5125 ad
1618 5070 1798 5125 ﬁlios:
1841 5089 1860 5122 ι
1904 5070 2001 5125 sed

428 5156 610 5210 anima
635 5171 756 5225 quae
782 5157 1110 5227 peccaverit,
1153 5158 1269 5229 ipsa
1297 5161 1577 5226 morietur,
1631 5180 1650 5213 ι
1694 5176 1802 5216 ιιοη
1831 5160 2001 5216 aboli-

428 5246 577 5302 tione
626 5248 963 5314 substantiae,
997 5248 1093 5304 sed
1130 5263 1198 5304 ex
1221 5249 1341 5319 ejus
1390 5251 1666 5307 consortio
1694 5252 1786 5322 qui
1825 5252 1994 5307 dicit:

433 5357 455 5391 ο
500 5338 613 5411 Ego
639 5355 760 5395 sum
798 5340 908 5394 vita
959 5338 1143 5406 (Joan.
1180 5342 1314 5411 xiv).
1373 5361 1394 5395 ι
1435 5342 1504 5398 Ει
1540 5343 1671 5399 alibi
1716 5342 1996 5413 loquitur:

435 5447 455 5483 ο
499 5430 691 5488 Omnis
718 5432 811 5502 qui
833 5432 966 5487 vivit
986 5440 1042 5488 et
1068 5432 1241 5488 credit
1270 5433 1323 5488 in
1351 5449 1457 5498 me,
1496 5450 1605 5489 non
1657 5435 1919 5490 morietur
1944 5435 1999 5490 in

428 5532 692 5580 aeternum
713 5521 895 5595 (Joan.
924 5523 1001 5597 xr)
1049 5545 1068 5577 ι
1103 5524 1205 5579 Et:
1242 5512 1651 5590 «Amen,amen
1682 5526 1805 5581 dico
1827 5526 1998 5591 vobis,

429 5613 522 5680 qui
547 5627 852 5670 sermonem
874 5630 1053 5671 meum
1077 5615 1400 5679 servaverit,
1432 5623 1663 5670 mortem
1708 5632 1814 5672 non
1845 5616 1999 5674 vide-

428 5700 510 5757 bit
536 5702 589 5757 in
616 5716 876 5762 aeternum
906 5706 1086 5779 (Joan.
1119 5704 1261 5778 vm).
1290 5726 1312 5760 ο
1348 5705 1466 5760 Vita
1493 5706 1636 5761 enim
1665 5716 1845 5763 nostra
1873 5708 1997 5766 abs-

2107 3282 2127 3315 σ
2168 3262 2544 3327 ambulaverit,
2587 3271 2644 3317 et
2664 3261 2867 3332 judicia
2896 3276 3017 3318 mea
3055 3263 3397 3327 custodierit,
3430 3273 3499 3318 ut
3528 3262 3690 3318 faciat

2106 3376 2124 3408 ι
2170 3356 2475 3419 veritatem,
2505 3355 2592 3410 hic
2615 3354 2913 3425 justusest,
2946 3355 3057 3409 vita
3088 3354 3392 3418 vivet,dicit
3418 3354 3685 3409 Dominus

2107 3466 2126 3499 ι
2173 3447 2330 3503 Deus.
2364 3466 2383 3499 ι
2415 3447 2612 3513 Vultis,
2650 3447 2746 3512 ait,
2783 3448 2923 3503 scire
2951 3448 3073 3514 hoc,
3132 3448 3277 3517 quod
3322 3448 3535 3503 dictum
3585 3457 3685 3511 est,

2098 3548 2321 3611 peccata
2373 3550 2591 3609 patrum
2618 3540 2837 3595 reddam
2870 3539 2924 3594 in
2972 3540 3189 3595 tertiam
3219 3547 3275 3595 et
3302 3546 3559 3609 quartam
3601 3554 3690 3611 ge-

2098 3632 2459 3694 nerationem,
2489 3645 2595 3685 non
2624 3629 2676 3683 id
2703 3644 2918 3693 sonare,
2947 3629 3091 3699 quod
3118 3628 3365 3699 plerique
3386 3630 3682 3691 aestimant,

2100 3734 2199 3775 nec
2228 3733 2347 3775 esse
2372 3719 2547 3774 simile
2572 3719 2699 3775 huic
2732 3720 3037 3785 sententia,
3079 3738 3099 3771 α
3130 3728 3312 3789 patres
3334 3720 3691 3775 comederunt

2099 3825 2259 3865 uvam
2304 3810 2571 3874 acerbam,
2615 3818 2671 3863 et
2744 3810 2932 3865 dentes
2990 3810 3223 3864 ﬁliorum
3291 3810 3694 3880 obstupuerunt

2102 3898 2320 3971 (Ezech.
2387 3899 2564 3972 xvnt),
2606 3919 2627 3953 ι
2676 3900 2881 3964 audite,
2942 3916 3064 3970 qua:
3123 3900 3372 3954 illaturus
3435 3915 3582 3955 sum.
3631 3899 3691 3956 Si

2099 3992 2266 4048 fuerit
2302 3998 2457 4061 pater
2492 3989 2690 4058 justus,
2720 3990 2811 4060 qui
2838 3990 2951 4045 lucc
2979 3989 3186 4053 fecerit,
3215 4000 3271 4045 et
3292 3990 3384 4044 illa
3408 4005 3523 4045 non
3552 3990 3693 4047 fece-

2100 4082 2195 4147 rit,
2251 4089 2307 4137 et
2348 4080 2599 4137 habuerit
2627 4079 2796 4135 ﬁlium
2833 4080 3126 4150 pessimum
3155 4081 3269 4150 qui,
3313 4082 3555 4136 desertis
3578 4082 3691 4136 vir-

2102 4173 2308 4228 tutibus
2357 4172 2545 4243 patris,
2601 4186 2660 4227 se
2695 4170 2911 4242 ﬂagitiis
2957 4171 3369 4242 mancipaverit,
3424 4186 3609 4226 nonne
3637 4180 3693 4225 et

2101 4263 2206 4318 iste
2254 4263 2366 4317 vita
2406 4261 2573 4327 vivet,
2608 4261 2736 4330 quia
2776 4259 2960 4329 justus
2999 4269 3103 4324 est,
3152 4268 3208 4315 et
3251 4260 3342 4315 ille
3372 4270 3557 4317 morte
3585 4275 3694 4313 mo-

2101 4353 2309 4418 rietur;
2369 4353 2495 4422 quia
2543 4352 2723 4405 omnia
2755 4350 3098 4420 perpetrarit,
3122 4364 3242 4418 qua:
3268 4358 3427 4419 pater
3470 4350 3693 4404 vitando

2031 4444 2278 4549 l)justus
2318 4441 2542 4499 effectus
2595 4439 2709 4496 est?
2733 4439 3022 4495 Videamus
3065 4441 3371 4512 catalogum
3418 4442 3692 4496 virtutum

2104 4535 2297 4606 patris,
2336 4548 2455 4602 quae
2502 4531 2635 4587 mihi
2659 4531 2912 4587 videntur
2933 4532 2986 4585 in
3018 4532 3204 4586 decem
3230 4541 3288 4586 et
3321 4539 3539 4601 septem
3569 4546 3691 4602 par-

2106 4635 2188 4682 tes
2213 4626 2396 4683 dividi.
2439 4624 2678 4690 Quarum
2718 4623 2952 4693 primum
3007 4629 3112 4689 est,
3158 4621 3351 4677 fecisse
3398 4621 3689 4690 judicium.

2106 4715 2432 4779 Secundum,
2476 4712 2604 4767 huic
2638 4712 2833 4775 simile,
2860 4710 3066 4781 judicio
3086 4711 3371 4782 eopulasse
3393 4711 3688 4781 justitiam.

2105 4804 2370 4869 Tertium,
2413 4819 2520 4858 non
2582 4801 2883 4857 comedisse
2947 4803 3001 4856 in
3046 4803 3338 4858 montibus.
3393 4803 3690 4871 Quartum,

2104 4895 2290 4951 oculos
2330 4909 2438 4949 non
2479 4893 2658 4949 levare
2708 4893 2777 4947 ad
2830 4892 2995 4958 idola,
3058 4894 3172 4948 sive
3223 4904 3287 4950 ut
3325 4893 3691 4967 Septuaginta
3730 4941 3741 4951 .

2103 4984 2535 5041 transtulerunt:
2566 4984 2633 5038 ad
2648 4984 3006 5055 cogitationes
3058 4985 3252 5041 domus
3277 4985 3468 5042 Israel.
3520 4987 3691 5055 Quin-

2103 5084 2240 5140 tum,
2297 5089 2522 5129 uxorem
2560 5074 2793 5143 proximi
2836 5074 2920 5128 sui
2966 5090 3073 5129 non
3122 5075 3377 5131 violasse.
3431 5075 3685 5139 Sextum.

2101 5172 2449 5222 menstruataa
2480 5164 2667 5220 uxoris
2706 5165 2912 5221 vitasse
2975 5165 3310 5235 complexus.
3376 5164 3688 5236 Septimum

2101 5257 2376 5313 hominem
2416 5272 2523 5312 non
2577 5256 2951 5320 contristasse,
3018 5258 3134 5313 sive
3187 5267 3248 5312 ut
3319 5257 3687 5328 Septuaginta

2103 5347 2523 5413 transtulerunt,
2549 5347 2880 5418 oppressisse
2905 5361 3003 5417 per
3050 5348 3366 5417 potentiam.
3394 5347 3688 5411 Octavum,

2101 5438 2297 5510 pignus
2332 5437 2563 5493 debitori
2610 5436 2928 5492 reddidisse.
2971 5436 3207 5500 Nonum,
3262 5452 3363 5507 per
3404 5438 3518 5493 vim
3552 5437 3689 5493 nihil

2102 5526 2364 5597 rapuisse,
2404 5535 2502 5581 aut
2531 5523 2689 5594 juxta
2739 5524 3092 5598 Septuaginta
3146 5527 3400 5596 rapinam
3436 5543 3550 5583 non
3590 5543 3689 5583 ra-

2100 5618 2301 5688 puisse.
2317 5616 2615 5682 Decimmn,
2633 5630 2824 5687 panem
2850 5632 3008 5674 suum
3029 5617 3288 5675 esurienti
3310 5618 3549 5674 dedisse.
3575 5616 3691 5674 Un-

2102 5710 2390 5785 decimum,
2413 5707 2614 5767 nudum
2635 5709 2911 5780 operuisse
2932 5710 3269 5774 vestimento.
3288 5710 3711 5782 Duodecimum,
