3954 6182
252 306 367 370 7%‘3

1186 298 1541 360 COMMENT.
1582 301 1649 356 IN
1692 297 2150 356 EZECHIELEM.
2190 328 2258 341 —
2295 297 2425 355 LIB.
2468 297 2602 356 VIII.

3421 298 3528 357 706

254 433 329 485 ad
365 440 584 484 usuram
626 421 910 492 pecuniam
961 432 1066 472 non
1133 417 1364 472 dedisse.
1411 414 1653 471 Tertium
1700 412 1844 468 deci—
1872 421 1920 479 Α
1948 418 2110 477 runt;
2159 411 2299 468 idola
2324 419 2530 475 autem,
2584 412 2637 467 id
2680 419 2781 475 est,
2812 412 3122 477 simulacra,
3167 425 3290 480 qua:
3331 410 3398 465 de
3428 426 3531 466 suo

255 535 437 580 mum,
486 513 621 570 nihil
662 526 733 565 ex
761 510 872 574 his,
902 522 1023 577 quae
1048 506 1263 561 dederis
1287 506 1519 575 amplius
1546 506 1846 574 accepisse.

254 611 526 676 Quartum
552 602 845 665 decimum,
892 600 962 653 ab
989 597 1277 667 iniquitate
1317 595 1581 650 avertisse
1628 609 1848 647 manum

255 714 439 754 suam.
461 694 724 763 Quintum
744 691 1036 754 decimum,
1053 688 1197 758 quod
1217 686 1396 743 simile
1413 686 1590 756 primo
1615 686 1849 750 videtur,

255 791 355 844 sed
380 789 433 843 in
456 793 609 857 parte
631 784 904 839 diversum
925 788 1027 843 est,
1047 778 1309 848 judicium
1334 791 1522 832 verum
1546 774 1744 830 fecisse
1771 774 1854 829 in-

258 893 348 936 ter
399 880 576 934 virum
598 884 654 932 et
697 876 898 937 virum,
921 873 1035 927 sive
1061 871 1366 942 proximum
1417 885 1594 924 suum.
1624 866 1851 922 Sextum

257 969 556 1029 decimum,
614 963 668 1017 in
710 960 995 1032 praeceptis
1025 958 1123 1014 Dei
1164 957 1493 1013 ambulasse.
1547 955 1850 1025 Septimum

256 1058 555 1119 decimum,
580 1052 784 1122 judicia
814 1060 871 1106 et
907 1050 1327 1119 justilicationes
1360 1048 1481 1117 ejus
1523 1047 1846 1102 custodisse.

256 1150 507 1217 Quorum
555 1143 761 1214 singula
808 1142 939 1212 quid
1002 1141 1168 1195 velint
1236 1140 1481 1195 dicemus
1544 1137 1597 1192 in
1662 1150 1852 1191 conse-

259 1240 598 1311 quentibus:
633 1255 651 1286 ι
699 1235 759 1290 Si
802 1234 985 1297 fuerit,
1033 1234 1129 1296 ait,
1175 1232 1263 1286 vir
1298 1229 1502 1299 justus,
1548 1238 1604 1283 et
1660 1228 1850 1283 fecerit

252 1331 545 1401 judicium.
579 1347 597 1379 ι
675 1326 946 1396 Scriptum
984 1333 1069 1378 est
1114 1324 1167 1377 in
1195 1321 1502 1378 Proverbiis
1533 1338 1547 1374 :
1583 1339 1602 1369 ι
1639 1320 1853 1391 Cogita-

263 1424 446 1479 tiones
484 1416 977 1491 justorumjudicia
1009 1413 1194 1486 (Prov.
1220 1415 1349 1485 xu).
1390 1433 1411 1465 ι
1441 1412 1543 1480 Qui
1576 1414 1716 1466 hanc
1745 1412 1853 1464 vir-

263 1521 441 1567 tutem
485 1510 790 1582 possiderit,
825 1515 885 1561 ut
909 1506 1044 1561 nihil
1082 1505 1203 1560 sine
1236 1504 1446 1559 ratione
1483 1502 1651 1557 faciat
1673 1509 1728 1554 et
1766 1501 1854 1570 ju-

262 1604 431 1668 dicio,
463 1608 639 1673 potest
679 1599 804 1654 illud
845 1597 1217 1668 propheticum
1242 1596 1455 1651 dicere:
1493 1592 1738 1647 «'Judicia
1764 1591 1854 1646 Dei

264 1709 425 1759 vera,
478 1691 775 1760 justiﬁcata
824 1690 880 1744 in
940 1686 1247 1757 semetipsis
1286 1684 1460 1757 (Paul.
1520 1683 1697 1755 xvm).
1734 1705 1752 1734 ι
1790 1683 1855 1736 Et

1949 502 2113 556 corde
2129 502 2424 567 finxerunt,
2446 515 2637 555 omnes
2657 501 2895 555 haeretici
2915 500 3196 555 faciuntad
3216 513 3336 568 quae
3351 500 3532 554 levant

1949 592 2130 648 cordis
2165 591 2368 658 oculos,
2425 592 2517 662 qui
2548 590 2838 646 falsitatem
2888 607 3077 646 eorum
3104 598 3266 660 atque
3309 588 3532 644 menda-

1950 684 2092 739 cium
2145 685 2457 753 putaverint
2482 684 2786 740 veritatem.
2828 684 3029 739 Domus
3050 693 3230 738 autem
3262 681 3430 737 Israel
3456 682 3531 738 si-

1952 774 2191 828 mulacra
2233 773 2508 837 dicuntur,
2547 788 2667 841 qua:
2713 773 3057 842 reperiuntur
3104 773 3157 826 in
3184 771 3448 835 Ecclesia,
3475 779 3532 825 et

1950 883 2049 937 per
2093 867 2437 923 occasionem
2484 866 2604 921 falsi
2654 867 2888 921 nominis
2926 866 3188 931 scientiae,
3258 864 3539 934 simplices

1950 976 2196 1031 quosque
2222 960 2505 1023 seducunt,
2537 968 2596 1014 ut
2624 960 3069 1029 philosophorum
3085 958 3338 1027 dogmata
3361 957 3534 1010 intro-

1951 1054 2152 1106 ducunt
2181 1051 2236 1105 in
2278 1051 2494 1104 domum
2517 1048 2701 1113 Israel,
2748 1063 2933 1102 eorum
2965 1047 3191 1110 scilicet,
3243 1046 3335 1115 qui
3363 1046 3535 1100 Deum

1952 1151 2139 1196 mente
2157 1141 2517 1210 conspiciunt.
2561 1140 2762 1206 Quinto
2788 1139 2906 1193 loco
2926 1138 3183 1208 ponitur:
3221 1154 3243 1189 ι
3278 1136 3346 1191 Ει
3395 1151 3534 1190 uxo-

1952 1248 2069 1286 rem
2102 1232 2330 1302 proximi
2358 1232 2564 1286 suinon
2594 1223 2904 1293 violaverit,
2943 1248 2962 1282 ι
2997 1229 3113 1284 sive
3135 1228 3537 1283 contaminave-

1952 1325 2064 1378 rit:
2098 1325 2239 1392 quod
2270 1334 2456 1393 aperte
2498 1323 2822 1378 adulterium
2860 1322 3077 1391 quidem
3126 1321 3392 1391 prohibet,
3440 1319 3540 1376 sed

1953 1432 2020 1473 ex
2068 1432 2137 1471 eo
2166 1419 2306 1487 quod
2333 1417 2551 1472 additur
2584 1436 2602 1466 ι
2639 1416 2873 1486 proximi
2896 1417 3000 1482 sui,
3050 1436 3070 1468 ι
3106 1415 3210 1471 nisi
3239 1416 3416 1471 omnis
3440 1415 3539 1469 ho-

1954 1521 2045 1561 mo
2070 1507 2350 1577 proximus
2391 1506 2719 1576 intelligatur
2763 1505 2975 1560 videtur
3011 1520 3131 1561 esse
3180 1512 3537 1575 praeceptum,

1956 1606 2017 1652 ut
2038 1599 2107 1652 ab
2132 1598 2431 1653 amicorum
2450 1612 2548 1652 nos
2576 1596 2945 1651 abstineamus
2980 1595 3260 1659 uxoribus,
3289 1593 3533 1649 inimico-

1960 1706 2079 1744 rum
2116 1704 2243 1745 vero
2271 1699 2328 1743 et
2358 1690 2665 1760 ignotorum
2695 1688 2953 1759 conjuges
2992 1687 3161 1743 libere
3214 1686 3539 1757 polluamus.

264 1801 392 1841 cum
451 1792 597 1839 recte
628 1781 812 1837 omnia
840 1778 1184 1851 judicaverit,
1234 1785 1295 1831 ut
1338 1792 1445 1832 non
1478 1775 1708 1844 accipiat
1731 1789 1854 1843 per-
1888 1771 1930 1830 Il
1957 1781 2248 1837 Proximus
2276 1796 2405 1836 vero
2430 1780 2607 1834 omnis
2634 1781 2796 1835 homo
2819 1778 3189 1849 accipiendus,
3208 1776 3362 1846 juxta
3382 1790 3545 1846 para-

265 1888 459 1929 sonam
481 1871 736 1942 pauperis
763 1870 818 1924 in
838 1866 1064 1938 judicio,
1112 1865 1357 1936 implebit
1394 1874 1720 1935 praeceptum
1753 1864 1854 1917 θοι

268 1964 427 2027 mini,
450 1983 469 2015 ι
493 1963 636 2018 sicut
654 1961 915 2016 minorem
932 1959 1012 2015 sic
1029 1965 1086 2013 et
1110 1957 1372 2026 majorem
1393 1956 1685 2025 judicabis,
1719 1975 1737 2006 ι
1760 1969 1856 2010 au-

268 2058 478 2120 dacter,
501 2055 689 2111 dicens
722 2071 736 2106 :
766 2070 786 2104 ‹
821 2049 1158 2106 Desideravit
1194 2048 1373 2103 anima
1406 2061 1525 2103 inea
1547 2047 1857 2102 desiderare

264 2145 477 2219 judicia
506 2154 600 2198 tua
630 2144 684 2198 in
705 2142 856 2197 omni
888 2149 1152 2210 tempore.
1204 2158 1225 2192 ι
1258 2139 1327 2193 Ει
1353 2138 1552 2192 iterum
1584 2155 1598 2191 :
1635 2157 1654 2189 ι
1704 2137 1856 2193 Viam

268 2238 526 2294 veritatis
550 2234 711 2307 elegi,
752 2232 954 2305 judicia
1004 2241 1095 2286 tua
1119 2245 1228 2286 non
1267 2245 1386 2287 sum
1435 2229 1635 2285 oblitus
1680 2227 1854 2301 (Psal.

270 2329 486 2403 cxvrn).
527 2351 546 2382 ι
573 2329 640 2383 Ει
659 2328 712 2383 in
734 2326 924 2383 eodem
954 2324 1172 2380 Psalmo
1199 2339 1217 2380 :
1246 2336 1272 2375 ‹
1297 2323 1537 2395 Cognovi
1561 2323 1686 2393 quia
1710 2321 1859 2391 jnsta

266 2422 474 2493 judicia
515 2429 627 2475 tua.
679 2437 700 2471 ›
727 2418 794 2473 Et
817 2418 872 2472 in
922 2425 1125 2471 tantam
1162 2416 1408 2487 proﬁciet
1450 2417 1858 2481 beatitudinem,

272 2519 337 2565 ut
356 2510 622 2580 intelligat
634 2507 836 2577 judicia
867 2507 1101 2572 Domini,
1124 2523 1245 2576 qua:
1265 2516 1393 2561 sunt
1419 2508 1647 2579 abyssus
1669 2507 1857 2573 multa,

271 2614 334 2657 et
359 2602 511 2656 dicat
537 2614 661 2655 cum
683 2598 941 2668 Apostolo
987 2616 1002 2652 :
1034 2616 1054 2648 ι
1088 2596 1132 2652 0
1179 2597 1503 2667 profundum
1547 2597 1861 2651 divitiarum

274 2691 563 2763 sapientiae
612 2698 668 2746 et
709 2690 949 2745 scientia:
993 2688 1228 2753 Domini,
1281 2703 1444 2759 quant
1495 2686 1863 2743 inscrutabilia

274 2794 405 2840 sunt
420 2781 774 2853 judiciaejns,
796 2789 851 2835 et
872 2779 1274 2851 investigabilcs
1303 2779 1403 2834 viae
1418 2778 1597 2834 illius?
1633 2798 1652 2830 ι
1680 2776 1859 2850 (Rom.
1890 2810 1901 2819 -

277 2873 382 2947 xl.)
414 2873 484 2928 Et
520 2873 575 2927 in
595 2873 842 2927 oratione
870 2879 1280 2935 commemoret,
1311 2888 1330 2921 ‹
1360 2870 1619 2941 quoniam
1652 2867 1860 2937 judicia

277 2978 373 3024 tua
398 2966 656 3037 jucunda.
688 2983 708 3016 ι
741 2962 1144 3032 Postjudicium
1169 2963 1414 3032 sequitur
1429 2962 1669 3033 justitia;
1700 2976 1864 3031 quam

1956 1873 2139 1929 bulam
2173 1871 2447 1942 Evangelii
2487 1870 2638 1943 (Luc.
2672 1870 2750 1942 x),
2778 1886 2900 1941 quae
2946 1887 2976 1924 a
3014 1869 3300 1924 Salvatore
3346 1883 3545 1938 propo-

1956 1964 2123 2026 nitur,
2151 1960 2426 2030 cujusdam
2459 1961 2715 2025 hominis,
2739 1962 2833 2030 qui
2872 1960 3182 2014 Hiericbnm
3209 1957 3546 2013 descendens

1956 2068 1987 2106 a
2027 2052 2329 2107 latronibus
2350 2051 2667 2106 vulneratus
2696 2059 2798 2105 est.
2827 2048 3060 2117 Quando
3080 2048 3379 2119 interrogat
3398 2046 3544 2102 Pha-

1958 2144 2150 2199 risteus
2175 2143 2298 2212 quis
2328 2141 2444 2211 ejus
2470 2142 2750 2213 proximus
2776 2141 2963 2206 fuerit,
2993 2140 3194 2196 docens
3230 2139 3379 2195 illum
3424 2153 3551 2195 esse

1956 2237 2298 2308 proximum,
2349 2236 2443 2306 qui
2491 2235 2840 2292 benefeeerit.
2885 2235 3072 2290 Potest
3086 2233 3243 2304 juxta
3287 2234 3550 2306 mysticos

1958 2328 2284 2395 intellectus,
2302 2342 2441 2382 uxor
2454 2325 2680 2397 intelligi
2704 2326 2877 2381 sancti
2902 2326 3001 2382 viri
3026 2326 3311 2395 sapientia,
3333 2324 3548 2380 dicente

1962 2419 2253 2475 Salomone
2279 2438 2293 2473 :
2329 2439 2349 2471 ι
2381 2419 2519 2474 Ama
2548 2418 2721 2486 illam,
2749 2429 2800 2474 et
2840 2418 3234 2487 amplexabitur
3268 2426 3352 2483 te;
3381 2416 3546 2488 dilige

1961 2513 2109 2568 illam
2130 2521 2185 2568 et
2208 2512 2485 2568 custodiet
2510 2520 2562 2567 te
2583 2511 2768 2582 (Prov.
2793 2510 2886 2583 tv).
2920 2530 2939 2562 ι
2973 2510 3144 2578 Quam
3172 2509 3549 2566 contaminare

1964 2604 2252 2665 desiderat,
2286 2604 2379 2672 qui
2408 2602 2635 2658 aliorum
2661 2603 2943 2658 benedicta
2979 2602 3348 2672 reprehendit,
3387 2609 3445 2656 et
3471 2599 3553 2655 fa-

1963 2693 2116 2748 cibus
2138 2706 2401 2747 accensus
2427 2692 2665 2758 invidiae,
2692 2700 2879 2749 sancta
2921 2691 3104 2755 violat,
3129 2701 3278 2749 casta
3309 2706 3555 2747 corrum-

1962 2782 2064 2853 pit,
2089 2798 2224 2852 pura
2249 2783 2601 2837 contaminat.
2629 2781 2854 2837 Sextum
2882 2789 2967 2836 est
2994 2799 3007 2835 :
3037 2800 3058 2833 ι
3077 2781 3145 2835 Et
3158 2782 3224 2837 ad
3248 2781 3555 2845 mulierem,

1967 2873 2082 2927 sive
2127 2887 2351 2927 uxorem
2400 2883 2795 2927 menstruatam
2848 2889 2959 2927 non
3004 2873 3313 2928 accesserit.
3382 2891 3401 2925 ι
3446 2871 3557 2927 Per

1967 2964 2210 3035 singulos
2254 2978 2469 3019 menses
2516 2964 2701 3035 gravia
2749 2972 2914 3033 atque
2965 2964 3233 3032 torpentia
3268 2962 3558 3017 mulierum

276 3058 373 3127 qui
402 3055 671 3117 habuerit,
696 3054 970 3109 Christum
994 3054 1195 3123 liquido
1218 3053 1535 3125 possidebit,
1572 3052 1864 3124 qui,juxta
1905 3120 1936 3127 Δ
1969 3070 2196 3123 corpora
2252 3054 2514 3108 immundi
2581 3054 2861 3124 sanguinis
2917 3052 3177 3111 ellusione
3225 3054 3559 3115 rclevantur,

275 3120 602 3217 dpostolum
638 3142 691 3217 (I
719 3142 841 3198 Cor.
875 3142 938 3215 ι),
970 3162 990 3195 ι
1036 3120 1320 3199 factus—ost
1349 3144 1502 3199 nobis
1542 3120 1777 3212 justitia,
1813 3152 1867 3197 et
1893 3120 1938 3185 ο
1971 3120 2090 3213 Quo
2111 3154 2354 3215 tempore
2367 3147 2411 3201 si
2431 3120 2862 3201 vircoieritcum
2885 3145 3131 3212 muliere,
3159 3145 3416 3200 dicuntur
3435 3160 3561 3202 conv

279 3236 663 3298 sanctiﬁcatio,
693 3247 747 3291 et
781 3236 1095 3306 redemptio.
1132 3256 1152 3288 ι
1180 3236 1248 3291 Ut
1279 3236 1444 3292 faciat
1477 3236 1746 3307 justitiam
1773 3252 1866 3292 ve-

285 3348 423 3396 ram,
451 3345 554 3385 nec
595 3329 823 3399 recipiat
857 3344 1116 3398 personas
1154 3329 1206 3382 in
1244 3327 1471 3396 judicio,
1519 3330 1613 3386 sed
1654 3332 1720 3385 de
1770 3345 1869 3385 sua

279 3424 425 3479 sciat
449 3425 503 3477 in
528 3422 756 3477 aliorum
772 3422 978 3493 judicio
999 3420 1596 3491 justitiajudicandum.
1627 3422 1868 3477 Tertiqu

280 3525 389 3579 est,
410 3517 465 3569 in
498 3515 771 3571 montibus
783 3529 888 3569 non
909 3515 1215 3580 comedere,
1236 3514 1379 3584 quod
1407 3512 1577 3568 Judaei
1600 3516 1873 3569 aestimant

284 3624 315 3659 a
341 3611 353 3659 Ξ
388 3605 709 3660 idololatria:
740 3604 1013 3674 pertinere
1041 3612 1323 3672 peccatum
1350 3622 1363 3657 :
1391 3605 1586 3659 crebro
1615 3603 1760 3658 enim
1796 3603 1874 3658 le-

284 3697 468 3764 gimus
487 3696 542 3749 in
566 3693 775 3765 Regum
801 3702 855 3748 et
881 3692 1324 3762 Paralipomenon
1347 3692 1520 3758 libris,
1549 3710 1569 3743 ι
1600 3700 1874 3747 verumta-

291 3806 415 3842 neu
459 3788 530 3841 ab
552 3786 784 3842 excelsis
809 3801 914 3842 non
950 3786 1197 3850 recessit,
1237 3786 1415 3839 adhuc
1435 3784 1664 3855 populus
1690 3785 1877 3839 immo—

289 3879 443 3933 labat
468 3878 523 3931 in
550 3875 782 3931 excelsis
804 3882 861 3930 et
886 3875 1136 3930 adolebat
1168 3875 1446 3930 incensum
1475 3875 1529 3928 in
1556 3874 1877 3931 sublimibus

290 3969 411 4041 (Ill
436 3967 562 4038 Reg.
582 3981 728 4031 xxii;
758 3964 987 4036 IVReg.
1014 3981 1112 4030 xu,
1142 3980 1241 4031 xv;
1265 3964 1327 4019 Il
1346 3963 1476 4019 Par.
1492 3964 1823 4037 xx,xxxtn).
1850 3985 1870 4018 ι

291 4059 411 4113 Iloc
432 4058 713 4128 Scriptura
735 4057 1092 4127 significante,
1109 4058 1251 4127 quod
1268 4057 1320 4111 in
1342 4057 1616 4113 montibus
1635 4057 1878 4127 lucisque

292 4150 457 4205 idolis
479 4148 685 4203 hastias
705 4147 1058 4213 immolarint,
1076 4157 1132 4202 et
1159 4147 1314 4202 thura
1342 4148 1740 4203 succenderint.
1770 4147 1878 4204 Nos

292 4252 479 4297 autem
525 4241 768 4295 dicemus
794 4240 1081 4294 comedere
1110 4253 1233 4295 eum
1265 4238 1317 4292 in
1346 4241 1635 4303 montibus,
1679 4239 1770 4309 qui
1798 4240 1882 4294 di-

294 4336 372 4391 cit
418 4348 544 4388 cum
578 4332 854 4386 Pharismo
885 4348 901 4386 :
937 4348 959 4384 ι
1000 4330 1216 4387 Gratias
1254 4330 1349 4386 tibi
1379 4346 1482 4402 ago
1518 4330 1679 4396 Deus,
1733 4331 1879 4399 quod

294 4441 404 4481 non
457 4439 580 4477 sum
618 4422 745 4475 huic
781 4421 975 4476 similis
1025 4421 1331 4491 publicano,
1356 4420 1540 4491 jejuno
1565 4422 1648 4477 bis
1671 4422 1724 4475 in
1757 4422 1881 4477 sab-

296 4514 447 4577 bato,
462 4511 707 4566 decimas
740 4510 810 4565 do
829 4509 1009 4564 omnis
1042 4510 1356 4565 substantia
1377 4526 1529 4573 mete,
1563 4521 1704 4567 tete.
1724 4510 1877 4582 (Luc.

297 4601 478 4673 xvtn.)
509 4600 844 4655 Econtrario
871 4600 1191 4670 publicanus
1205 4602 1430 4657 audiens
1456 4618 1581 4658 eum
1611 4605 1701 4672 qui
1730 4606 1882 4659 dixe-

299 4703 422 4750 rat:
462 4711 483 4744 ι
520 4692 720 4748 Discite
743 4707 773 4745 a
803 4708 909 4755 me,
940 4692 1064 4761 quia
1088 4705 1400 4748 mansuetus
1422 4709 1542 4749 sunt
1578 4704 1635 4749 et
1662 4696 1881 4752 humilis

296 4785 466 4839 uirde
482 4782 700 4855 (Matth.
745 4784 858 4854 iu);
894 4803 913 4836 ι
944 4784 1281 4853 percutit-bat
1302 4794 1492 4854 pectus
1520 4801 1674 4843 suum
1695 4802 1879 4852 manu,

300 4876 402 4928 hoc
429 4881 536 4937 est,
563 4873 918 4943 pessimarum
944 4874 1330 4943 cogitationum
1365 4875 1677 4929 thesaurum
1712 4890 1726 4929 :
1758 4894 1777 4926 ι
1815 4876 1882 4930 Ει

300 4964 491 5019 oculos
513 4963 582 5016 ad
606 4962 800 5019 caelum
832 4978 936 5017 non
964 4963 1194 5018 audebat
1220 4963 1497 5018 extollere.
1530 4984 1550 5018 ι
1588 4965 1695 5020 Sed
1740 4975 1797 5020 et
1822 4967 1886 5020 il-

304 5052 394 5108 lud
429 5053 575 5123 quod
605 5051 732 5107 alibi
764 5052 995 5107 dicitur:
1027 5071 1044 5102 ι
1077 5052 1277 5121 Majora
1308 5063 1358 5109 te
1392 5071 1500 5110 non
1527 5057 1796 5124 requiras,
1829 5066 1886 5113 et

307 5142 532 5198 [tutiora
554 5152 627 5207 te,
666 5157 733 5197 ue
760 5142 1018 5219 scruteris
1045 5142 1235 5212 (Eccli.
1270 5145 1376 5215 ιιι),
1417 5165 1438 5198 ι
1464 5161 1655 5201 onmes
1679 5148 1888 5202 lucreti-

308 5251 401 5289 eos
437 5234 619 5303 arguit
646 5235 698 5289 iu
736 5234 1009 5289 montibus
1028 5235 1312 5291 comedere
1342 5237 1610 5306 superbis,
1637 5248 1693 5293 et
1714 5238 1889 5295 eccle-

309 5327 586 5382 siasticam
615 5327 891 5395 despicere
920 5326 1346 5395 simplicitatem,
1394 5337 1453 5383 et
1480 5330 1694 5386 nescire
1725 5331 1792 5385 de
1829 5345 1891 5386 se

310 5418 611 5487 scriptum:
640 5434 658 5466 ς
699 5416 841 5471 Deus
859 5419 1111 5487 superbis
1135 5418 1358 5484 resistit,
1390 5420 1682 5476 humilibus
1709 5431 1893 5482 autem

312 5510 403 5561 dat
423 5508 656 5578 gratiam
696 5507 744 5579 (1
776 5505 925 5562 Petr.
959 5508 1030 5580 v).
1071 5530 1090 5561 ι
1116 5510 1321 5576 Quarto
1344 5511 1461 5566 loco
1482 5514 1700 5583 ponitur
1728 5532 1742 5568 :
1779 5532 1800 5567 ι
1831 5515 1900 5569 Et

314 5598 502 5653 oculos
556 5614 684 5655 suos
718 5614 823 5654 non
853 5599 1113 5657 iuraverit
1145 5602 1215 5657 ad
1246 5602 1388 5657 idola
1430 5604 1623 5660 domus
1658 5604 1842 5660 Israel.
1874 5626 1892 5659 ι

316 5688 419 5745 Pro
455 5692 652 5761 quibus
687 5691 1035 5773 Septuaginta
1071 5714 1088 5743 ‹
1136 5696 1490 5766 cogitationes
1533 5717 1551 5748 ι
1607 5698 1899 5754 transtule-

1970 3242 2112 3311 cepti
2142 3240 2284 3296 fetus
2309 3241 2498 3294 vitium
2537 3240 2762 3294 seminis
2791 3240 3051 3307 trahere;
3114 3241 3188 3295 ita
3224 3248 3287 3294 ut
3331 3239 3558 3309 leprosi,

1972 3341 2030 3389 et
2074 3332 2438 3404 elephantiaci
2475 3347 2543 3386 ex
2576 3332 2680 3386 hac
2723 3332 3078 3400 conceptione
3134 3339 3449 3395 nascantur,
3501 3338 3560 3386 et

1974 3422 2118 3481 [ωδε
2153 3424 2207 3477 in
2242 3431 2474 3491 utroque
2506 3436 2637 3476 sexu
2662 3434 2894 3490 corpora
2917 3420 3187 3489 parvitate
3217 3420 3300 3475 vel
3322 3421 3560 3475 enormi-

1976 3521 2086 3569 tate
2123 3511 2492 3568 membrorum
2530 3509 2714 3565 sanies
2758 3518 3011 3577 corrupta
3050 3508 3358 3579 degeneret.
3405 3508 3556 3565 Prm-

1975 3606 2174 3677 cipitu-r
2191 3618 2323 3675 ergo
2342 3603 2497 3667 viris,
2521 3610 2709 3657 utnon
2731 3600 2906 3656 solum
2928 3601 2982 3655 in
3008 3600 3201 3657 alienis
3222 3600 3559 3667 mulieribus,

1976 3702 2071 3756 sed
2092 3700 2146 3754 in
2184 3700 2298 3755 suis
2334 3713 2576 3767 quoque,
2613 3698 2808 3767 quibus
2848 3697 3103 3753 videntur
3149 3697 3267 3769 lege
3306 3698 3561 3770 conjungi

1976 3789 2263 3861 Scriptura
2305 3789 2521 3843 dicente
2553 3806 2567 3842 :
2596 3805 2617 3840 ι
2645 3788 2888 3843 Crescite
2916 3797 2974 3843 et
3005 3788 3464 3859 multiplicamini,
3503 3798 3562 3845 et

1978 3884 2183 3953 replete
2224 3890 2425 3938 terram
2467 3879 2621 3953 (Gen.
2658 3880 2735 3953 1);
2776 3900 2798 3933 ι
2852 3889 3006 3936 certa
3038 3882 3362 3938 concubitus
3400 3895 3567 3937 nove-

1979 3973 2090 4028 rint
2122 3980 2381 4041 tempora,
2425 3970 2643 4039 quando
2683 3969 3010 4037 coeundum,
3051 3971 3270 4042 quando
3309 3971 3381 4027 ab
3431 3987 3566 4028 uxo-

1981 4066 2133 4121 ribus
2170 4062 2548 4119 ahstinendum
2600 4061 2690 4117 sit.
2735 4061 2889 4129 Quod
2933 4062 3150 4132 quidem
3190 4071 3248 4118 et
3276 4062 3568 4134 Apostolus

1981 4166 2038 4211 et
2071 4154 2428 4215 Ecclesiastes
2485 4162 2681 4209 sonant
2712 4172 2725 4207 :
2759 4171 2779 4204 ¢
2827 4153 3063 4224 Tempus
3097 4153 3457 4223 amplexandi,
3508 4161 3568 4210 et

1982 4253 2196 4314 tempus
2213 4242 2376 4313 longe
2391 4242 2509 4297 fieri
2527 4243 2595 4298 ab
2615 4241 3166 4313 amplexibus(Eccl¢.
3183 4241 3286 4315 in).
3317 4263 3336 4294 ι
3365 4243 3565 4299 Caveat

1982 4348 2114 4404 ergo
2154 4342 2210 4389 et
2247 4348 2405 4397 uxor,
2446 4348 2512 4388 ne
2546 4332 2685 4389 forte
2716 4334 2859 4387 vieta
2897 4332 3172 4387 desiderio
3210 4332 3441 4386 coeundi
3461 4332 3566 4389 illi-

1985 4424 2095 4479 ciat
2144 4424 2361 4490 virum;
2404 4431 2462 4478 et
2497 4424 2728 4478 maritus
2766 4436 2835 4476 ne
2876 4421 2985 4475 vim
3027 4420 3194 4475 faciat
3236 4420 3416 4487 uxori,
3461 4436 3566 4490 pu-

1988 4522 2112 4569 tans
2134 4515 2283 4571 omni
2318 4523 2559 4584 tempore
2584 4511 2880 4580 subjectam
2916 4512 3022 4569 sibi
3044 4526 3168 4568 esse
3205 4511 3401 4568 debere
3429 4527 3563 4568 con-

1982 4604 2119 4676 jugii
2149 4605 2498 4675 voluptatem.
2528 4603 2682 4659 Unde
2702 4611 2759 4657 et
2788 4602 2989 4657 Paulus
3015 4620 3028 4658 :
3058 4621 3079 4655 ι
3112 4603 3185 4660 Ut
3213 4603 3443 4668 noverit,
3478 4603 3564 4657 in-

1988 4695 2126 4763 quit,
2161 4694 2532 4762 unusquisqne
2559 4692 2836 4761 possidere
2863 4707 2962 4749 vas
3000 4708 3155 4748 suum
3179 4693 3233 4748 in
3275 4693 3565 4752 sanctitate

1988 4796 2045 4841 et
2062 4784 2384 4856 pudieitia(1
2410 4785 2587 4839 Thess.
2614 4786 2709 4856 tv).
2739 4805 2759 4837 ι
2785 4784 3016 4840 Pulchre
3040 4786 3094 4841 in
3120 4784 3277 4856 Xysti
3305 4784 3570 4857 Pythago-

1991 4876 2090 4931 rici
2135 4874 2476 4931 sententiolis
2523 4874 2756 4929 dicitur:
2789 4892 2808 4925 ι
2851 4873 3076 4930 Adulter
3104 4882 3190 4929 est
3222 4876 3411 4931 uxoris
3445 4889 3572 4943 pro-

1992 4967 2125 5036 priae
2164 4975 2376 5021 amator
2406 4965 2701 5020 ardentior.
2747 4983 2766 5016 ι
2799 4964 2971 5031 Quem
3013 4964 3210 5019 librum
3253 4965 3471 5033 quidam
3515 4965 3569 5020 in

1994 5059 2240 5119 Latinam
2287 5058 2529 5129 linguam
2570 5056 2932 5122 transferens,
2981 5057 3239 5127 martyris
3292 5055 3431 5111 Sixti
3472 5071 3571 5111 no-

1998 5151 2143 5206 mine
2162 5150 2330 5205 voluit
2352 5150 2664 5215 illustrare;
2701 5164 2808 5205 non
2835 5149 3189 5205 considerans
3231 5148 3285 5202 in
3318 5155 3432 5202 toto
3475 5160 3573 5201 voc

1998 5244 2221 5307 lumine,
2252 5244 2397 5312 quod
2432 5242 2485 5297 in
2526 5242 2662 5299 duas
2684 5250 2868 5311 partes
2891 5240 3094 5296 frustra
3132 5240 3337 5304 divisit,
3367 5238 3573 5294 Christi

1997 5351 2196 5391 nomen
2227 5344 2284 5393 et
2319 5334 2682 5404 apostolorum
2717 5335 2939 5389 omnino
2984 5333 3219 5388 reticeri.
3252 5331 3358 5386 Nec
3373 5331 3571 5386 mirum

1997 5426 2043 5481 si
2083 5425 2338 5495 gentilem
2378 5424 2754 5493 philosophum
2792 5424 2847 5478 in
2894 5432 3189 5494 martyrem
3226 5429 3281 5476 et
3314 5419 3575 5475 Romamn

2000 5518 2151 5573 urbis
2188 5517 2501 5587 episcopum
2541 5515 2908 5581 transtulerit,
2944 5531 3067 5570 cum
3111 5514 3329 5569 Eusebii
3358 5527 3577 5583 quoque

1999 5607 2354 5664 Cmsariensis
2385 5607 2620 5676 primum
2659 5620 2761 5675 pro
2791 5604 3025 5675 Origene
3063 5604 3280 5668 librum,
3310 5601 3577 5670 Pamphili

2005 5699 2264 5770 martyris
2306 5698 2566 5755 vocabulo
2608 5697 2849 5761 mutarit,
2897 5703 2956 5750 ut
2994 5693 3203 5751 facilius
3260 5693 3352 5747 tali
3392 5692 3578 5746 lauda-
