3954 6182
404 357 507 422 707

401 491 522 538 tore
554 476 722 533 libros
750 468 1098 543 impiissimos
1130 464 1480 541 περίἏρχῶν
1500 458 1548 512 ιι

404 569 566 625 liaret
604 564 842 620 auribus.
888 558 1146 628 Sequitur
1175 556 1231 609 in
1262 554 1381 608 loco
1412 550 1682 620 septimo:
1716 562 1735 597 ι
1766 545 1835 600 Et
1873 544 1978 597 lio-

1040 353 1101 412 B.
1143 347 1396 410 RABANI
1433 344 1654 405 MAURI
1688 335 2005 399 ARCHIEP.

2121 328 2357 390 )GUNT.
2400 323 2689 384 OPERUM
2731 320 2914 379 PARS
2954 319 3019 377 ll.

1550 456 1767 513 omanis
1805 449 1989 508 conci-
2016 454 2066 511 Α
2095 449 2247 500 nant.
2276 437 2430 507 Quod
2460 433 2733 507 signiﬁcat
2768 439 2822 488 et
2840 430 3008 486 Jacob
3025 428 3250 487 dicens:
3286 449 3305 482 ι
3333 428 3516 486 Bestia
3539 429 3684 485 ωηιε,

2091 532 2329 591 comedit
2376 544 2524 593 eum,
2590 525 2761 582 bestia
2802 523 2944 580 mala
3010 523 3189 594 rapuit
3251 521 3451 594 Ioseph
3521 519 3683 594 (Cen.

3576 318 3685 375 708

409 662 608 716 minem
641 671 745 711 non
769 613 1124 711 contrislarit,
1152 665 1170 696 ι
1199 646 1333 708 sive,
1357 650 1419 696 ut
1439 638 1794 711 Septuaginta
1815 645 1993 690 trans—
2090 621 2323 695 ἴδωμαι)-
2373 640 2392 673 ι
2450 616 2606 674 unde
2627 625 2684 671 οι
2720 629 2850 716 of“
2901 613 3152 716 nili-“illia
3191 628 3315 684 quae
3381 622 3690 683 sequuntur

409 702 669 813 inierunt,
717 764 736 797 ‹
767 760 876 798 non
934 702 1268 811 oppresserit
1325 749 1423 804 per
1459 702 1777 804 potentiam.
1826 748 1843 779 ι
1872 726 1992 793 Quo
2095 729 2243 813 eum,
2292 727 2399 767 non
2430 708 2716 813 rapiuiitur
2738 704 3086 813 manibus
3104 702 3243 773 ejus.
3273 703 3342 758 Et
3369 705 3484 773 ipse
3506 703 3685 758 dicit:

408 844 540 897 vitio
574 850 737 909 atque
771 841 994 908 peccato
1014 829 1199 885 nescio
1227 827 1348 897 quis
1369 825 1576 880 alienus
1608 821 1699 876 sit.
1737 820 1802 873 Et
1823 816 1993 888 Egy-

410 937 502 1006 ptii
543 929 920 1001 opprimebant
952 923 1210 979 Hebraeos
1259 932 1356 987 per
1384 913 1705 985 potentiam.
1752 909 1904 1006 Unde
1939 915 1995 962 et

411 998 665 1079 llabaeuc
696 1018 965 1089 queritur,
1014 1032 1031 1065 ‹
1070 1024 1242 1081 quare
1269 1007 1462 1077 impius
1488 1003 1760 1074 opprimat
1785 998 1994 1089 justum

412 1113 644 1186 (Habac.
688 1086 751 1182 il.
784 1128 803 1162 ›
829 1107 1004 1175 Atque
1027 1102 1234 1157 utinam
1258 1099 1322 1154 de
1346 1096 1477 1152 solis
1497 1095 1586 1149 his
1605 1092 1879 1147 diceretur
1903 1086 1993 1158 qui

412 1181 545 1262 foris
589 1181 740 1268 sunt,
774 1208 829 1255 et
866 1214 973 1253 non
1014 1197 1081 1251 de
1113 1193 1199 1249 liis
1236 1190 1331 1261 qui
1369 1188 1533 1242 intus.
1560 1184 1747 1240 Solent
1772 1181 1916 1236 enim
1940 1186 1998 1234 et

411 1297 682 1368 principes
722 1289 1079 1347 ecclesiarum
1104 1274 1411 1353 opprimere
1440 1277 1653 1368 plebem
1692 1288 1789 1345 per
1810 1284 1998 1340 super-

411 1365 601 1442 biam;
623 1385 697 1440 De
736 1381 932 1452 quibus
968 1378 1231 1445 scriptum
1270 1379 1395 1427 est:
1426 1386 1445 1418 ι
1465 1365 1773 1434 Principem
1797 1370 2000 1416 tecon—

414 1484 727 1544 stitnerunt,
769 1490 839 1531 ne
879 1470 1151 1535 eleveris;
1193 1475 1312 1523 esto
1362 1464 1508 1518 inter
1545 1473 1642 1515 eos
1664 1455 1821 1527 quasi
1860 1467 1999 1544 unus

414 1589 481 1627 ex
519 1571 650 1642 ipsis
694 1543 885 1638 (Eccli.
949 1558 1144 1631 xxxii).
1193 1579 1213 1611 ι
1280 1555 1348 1610 Ει
1397 1551 1649 1607 Salvator
1704 1543 1997 1642 praecepit:

422 1686 440 1718 ι
487 1637 590 1732 Qui
624 1637 739 1717 vult
786 1658 930 1713 inter
968 1667 1066 1709 vos
1099 1664 1220 1706 esse
1244 1646 1478 1717 primus,
1523 1642 1596 1698 sit
1636 1637 1879 1695 omnium
1900 1647 2002 1689 no—

415 1727 672 1813 vissimus
717 1750 910 1824 (Marc.
936 1745 1036 1819 ix).
1099 1764 1117 1797 ι
1156 1741 1312 1808 Quod
1354 1745 1536 1792 autem
1571 1732 1728 1803 juxta
1768 1727 2000 1824 Hebrai-

415 1863 542 1901 cum
582 1818 781 1899 dicitur
821 1853 836 1895 :
885 1857 905 1891 ι
944 1818 1019 1892 Et
1053 1833 1329 1890 hominem
1376 1842 1482 1883 non
1516 1818 1945 1883 contristaverit,
1977 1837 1996 1870 ι
2031 1837 2079 1897 Β
2110 1818 2237 1901 ξιξιηι
2293 1818 2487 1900 Ρξηιυξυ
2546 1818 2578 1897 ιξ

1425 1917 1647 1973 ,Νοιίιθ
1679 1885 2077 1971 contristare"
2111 1892 2197 1946 bis
2257 1890 2352 1960 qui
2434 1888 2699 1943 inanitate
2772 1885 3107 1941 cruciantur.
3164 1885 3223 1939 ln
3298 1900 3440 1955 pane
3522 1896 3705 1940 ante...

420 1936 719 2009 apostolico
757 1930 1006 2003 congruit
1047 1924 1394 1983 testimonio:

416 2003 684 2100 Spiritum
734 2031 1003 2084 sanctum,
1053 2017 1147 2088 qui
1194 2014 1407 2070 habitat
1460 2007 1728 2100 in__vohis
1779 2003 2004 2100 (Eipher.

419 2092 522 2192 iv).
565 2137 582 2168 ι
625 2115 690 2170 Et
723 2114 775 2167 in
811 2107 1123 2181 Evangelia,
1158 2103 1302 2173 quod
1335 2100 1491 2172 juxta
1522 2097 1790 2192 illebrmos
1832 2092 2008 2192 Naza-

420 2184 519 2265 raei
583 2206 763 2277 legere
815 2204 1167 2263 consuerunt,
1209 2196 1351 2249 inter
1391 2191 1625 2246 maxima
1665 2186 1886 2257 ponitur
1905 2184 2014 2239 eri-

421 2299 595 2361 mina,
632 2273 723 2365 qui
768 2290 956 2347 fratris
1019 2287 1101 2343 sui
1140 2285 1392 2357 spiritum
1439 2275 1867 2337 contristaverit.
1913 2273 2010 2329 Sin

421 2398 608 2445 autem
657 2382 874 2441 tristitia
919 2378 1146 2435 alterius
1190 2370 1531 2430 interfecerit
1574 2367 2011 2428 contristantem,

422 2481 556 2551 quid
585 2481 651 2535 de
673 2476 960 2547 iniquitate
991 2480 1048 2528 et
1069 2467 1351 2542 tyrannica
1380 2471 1561 2519 mente
1585 2459 1872 2517 dicendum
1893 2455 2016 2512 est?

420 2546 526 2627 Cui
550 2569 681 2625 illud
704 2546 957 2624 convenit
983 2581 997 2617 :
1031 2580 1050 2613 ι
1081 2559 1219 2628 Quid
1241 2556 1507 2629 gloriatur
1534 2559 1681 2608 terra
1708 2557 1761 2606 et
1784 2546 1962 2605 cinis?
1990 2565 2010 2599 ι

429 2659 622 2731 (Eccli.
666 2656 746 2729 ι.)
784 2676 803 2709 ι
855 2654 926 2711 Ut
965 2650 1165 2708 oblitus
1215 2643 1541 2702 conditionis
1580 2657 1692 2698 suae
1745 2636 2018 2731 quomodo

429 2729 624 2824 plenus
653 2748 884 2819 pituitis,
924 2744 1066 2810 felle,
1090 2737 1445 2801 stercoribus,
1482 2743 1539 2791 et
1582 2740 1706 2804 post
1738 2729 2020 2802 paululum

432 2838 709 2896 vermibus
742 2835 1068 2895 exarandus,
1108 2835 1275 2900 ponat
1313 2827 1367 2881 in
1399 2824 1596 2881 coelum
1636 2838 1698 2878 os
1738 2836 1918 2885 suum,
1964 2826 2022 2875 et

434 2932 617 3002 lingua
660 2927 780 2999 ejus
814 2930 1161 2998 pertranseat
1196 2932 1370 2988 usque
1413 2916 1470 2971 in
1497 2923 1721 2977 terram,
1777 2922 1834 2966 et
1876 2912 2022 2967 dicat

435 3001 561 3077 cum
601 3032 732 3073 vero
766 3011 1303 3071 Nabuchodonosor:
1334 3026 1353 3059 ι
1393 3005 1694 3061 Ascendam
1721 3003 1775 3057 in
1800 3001 2020 3069 caelum,

420 3126 601 3184 super
638 3109 818 3166 sidera
849 3105 970 3160 coeli
999 3118 1194 3176 ponam
1234 3103 1484 3156 thronum
1515 3112 1713 3160 meum,
1747 3111 1843 3151 ero
1875 3095 2024 3151 simi-

2100 822 2119 853 ι
2164 802 2328 859 Pater
2347 799 2491 868 quod
2520 796 2671 851 dedit
2694 795 2845 860 milii,
2872 793 3046 863 majus
3070 803 3157 849 est
3197 795 3473 859 omnibus,
3495 803 3554 847 et
3589 808 3690 846 ne-

2094 906 2184 946 mo
2230 898 2412 959 potest
2456 900 2648 957 rapere
2687 885 2755 939 de
2786 899 2951 939 manu
3001 899 3119 938 mea
3161 882 3294 955 [Al.,
3331 883 3513 939 Patris
3555 883 3691 957 mei]

2097 981 2277 1053 (Joan.
2303 978 2382 1051 κ).
2413 998 2431 1030 ι
2465 978 2543 1031 Ex
2566 978 2666 1031 hoc
2689 975 3017 1046 perspicitur
3039 990 3143 1029 una
3167 974 3339 1044 patris
3366 974 3576 1045 ﬁliique
3600 992 3697 1045 po-

2097 1081 2287 1137 testas,
2306 1071 2479 1125 virtus
2503 1076 2667 1138 atque
2692 1067 3029 1132 substantia;
3054 1066 3100 1122 si
3127 1067 3272 1122 enim
3288 1067 3356 1121 de
3380 1066 3475 1121 ﬁlii
3500 1082 3695 1129 manu,

2096 1161 2240 1231 quod
2265 1160 2411 1216 dedit
2448 1167 2624 1229 pater,
2651 1171 2810 1212 nemo
2844 1164 3023 1225 potest
3046 1169 3256 1225 rapere,
3282 1163 3340 1211 et
3356 1156 3474 1210 haec
3499 1157 3697 1211 eadem

2100 1251 2153 1305 in
2180 1250 2354 1320 patris
2388 1263 2550 1302 manu
2582 1256 2710 1302 sunt
2733 1260 2855 1315 quae
2883 1260 2990 1299 non
3028 1245 3312 1316 rapiuntur
3329 1244 3398 1299 ab
3421 1260 3509 1311 eo,
3533 1244 3704 1315 liqui-

2100 1344 2171 1399 do
2198 1341 2585 1412 comprobatur
2605 1337 2787 1393 omnia
2808 1336 2983 1407 patris
3009 1344 3066 1391 et
3091 1335 3185 1390 ﬁlii
3213 1349 3337 1391 esse
3359 1337 3699 1401 communia,

2101 1441 2156 1489 et
2206 1433 2260 1487 in
2317 1430 2412 1485 lilii
2446 1444 2608 1484 manu
2653 1437 2840 1483 tenere
2893 1434 3103 1496 patrem
3129 1427 3275 1481 sicut
3301 1427 3479 1496 patris
3534 1441 3700 1481 manu

2102 1534 2377 1591 tenentur,
2401 1538 2524 1592 qua:
2536 1521 2633 1576 filii
2657 1529 2801 1575 sunt.
2825 1519 3104 1575 Decimum
3116 1527 3202 1574 est
3227 1536 3242 1571 :
3267 1537 3287 1570 ι
3315 1517 3519 1574 Panem
3542 1534 3703 1574 suum

2103 1616 2366 1673 esurienti
2396 1615 2642 1678 dederit;
2671 1632 2689 1665 ι
2716 1627 2817 1682 per
2841 1612 2985 1681 quod
3005 1610 3264 1666 docemur
3294 1611 3704 1680 eleemosyuam

2105 1722 2214 1762 non
2240 1706 2439 1760 saturis
2480 1703 2808 1767 faciendam,
2853 1702 2947 1757 sed
2988 1701 3354 1757 esurientibus
3388 1718 3401 1754 :
3438 1714 3541 1754 nec
3564 1700 3702 1755 dan-

2110 1799 2237 1853 dum
2293 1810 2487 1867 panem
2546 1795 2631 1850 liis
2693 1794 2786 1864 qui
2857 1800 3079 1848 ructant
3148 1791 3534 1863 plenitudine,
3608 1792 3707 1847 sed

2107 1981 2287 2037 omnis
2307 1980 2614 2035 continetur
2635 1976 2807 2032 cibus.
2830 1977 2899 2030 Et
2915 1976 3285 2047 signiﬁcanter
3303 1975 3506 2030 dicitur
3526 1990 3709 2035 suum,

2108 2088 2178 2128 ne
2218 2072 2287 2127 de
2336 2070 2545 2142 rapinis
2587 2078 2640 2125 et
2671 2068 2871 2134 usuris,
2922 2074 2979 2123 et
3025 2066 3202 2123 alieno
3246 2064 3390 2121 malo
3420 2067 3712 2135 quaesitum

2110 2177 2305 2234 panem
2327 2170 2604 2217 vertamus
2627 2159 2679 2214 in
2700 2157 3150 2217 misericordiam.
3173 2174 3193 2209 ι
3220 2154 3547 2224 Redemptio
3566 2156 3713 2209 enim

2112 2255 2307 2311 animae
2333 2254 2437 2308 viri
2464 2253 2696 2324 propriae
2721 2250 2924 2306 divitias
2946 2245 3130 2320 (Prov.
3155 2247 3299 2317 xm).
3337 2267 3356 2299 ι
3388 2249 3550 2314 Quod
3580 2249 3716 2301 mul-

2117 2356 2201 2402 tos
2260 2345 2444 2401 facere
2503 2342 2870 2412 conspicimus
2939 2339 3168 2397 clientes
3221 2347 3280 2394 et
3342 2353 3620 2409 pauperes
3664 2349 3719 2393 et

2115 2438 2405 2511 agricolas,
2433 2447 2492 2492 ut
2521 2444 2729 2492 taceam
2766 2435 2834 2491 de
2862 2433 3208 2490 militantium
3236 2439 3293 2486 et
3327 2431 3579 2502 judicum
3610 2434 3715 2486 vio-

2116 2529 2305 2594 lentia,
2330 2528 2422 2599 qui
2449 2526 2762 2597 opprimunt
2787 2540 2885 2596 per
2924 2524 3246 2594 potentiam,
3276 2522 3361 2578 vel
3390 2521 3540 2577 furta
3563 2538 3716 2577 coni-

2120 2622 2365 2687 mittunt,
2406 2629 2467 2674 ut
2489 2620 2557 2674 de
2597 2616 2781 2673 multis
2808 2630 2976 2685 parva
3004 2614 3334 2685 pauperibus
3366 2613 3642 2677 tribuant,
3666 2624 3723 2668 et

2119 2715 2175 2771 in
2201 2713 2315 2769 suis
2343 2710 2639 2768 sceleribus
2663 2709 2978 2780 glorientur.
3014 2705 3344 2776 Publiceque
3371 2704 3645 2760 diaconus
3663 2706 3717 2759 in

2120 2803 2364 2861 Ecclesia
2392 2801 2586 2857 recitet
2610 2798 2952 2856 offerentium
2994 2797 3233 2862 nomina,
3258 2804 3528 2867 quantum
3558 2796 3723 2850 oden

2123 2896 2214 2950 illa
2240 2903 2449 2950 tantum
2478 2893 2568 2948 ille
2590 2891 2860 2962 pollicitus
2879 2899 2982 2946 est.
3004 2888 3334 2958 Placentque
3352 2887 3461 2943 sibi
3484 2887 3554 2942 ad
3571 2885 3727 2957 plau-

2122 3003 2244 3044 sum
2291 2984 2475 3057 populi
2521 2991 2809 3053 torquente
2852 2996 2949 3038 eos
2997 2980 3348 3036 conscientia.
3407 2979 3727 3049 Damnsqnc

2124 3078 2411 3133 materiam
2438 3076 2678 3139 miseris,
2709 3084 2769 3129 ut
2797 3074 3072 3144 gaudeant
3102 3072 3174 3128 ad
3197 3086 3265 3127 ea
3305 3087 3430 3142 qua:
3453 3071 3725 3135 tribuunt,

438 3161 825 3260 iisrllltissiino
861 3161 1017 3269 (ιτα.⁵
1042 3194 1176 3266 xw).
1222 3213 1240 3246 ι
1289 3192 1555 3248 Octavum
1589 3198 1675 3244 est
1710 3208 1722 3243 :
1756 3206 1776 3239 ‹
1819 3189 2020 3260 Pignus

2124 3180 2180 3223 et
2208 3184 2311 3223 non
2346 3168 2564 3240 lugeant
2601 3165 2670 3221 ad
2695 3180 2759 3221 ea
2789 3180 2911 3234 quae
2961 3162 3259 3234 rapuerint.
3307 3161 3505 3218 Melius
3541 3173 3728 3217 autem

442 3292 675 3351 debitori
722 3252 1036 3347 reddiderit.
1101 3252 1274 3340 {Non
1311 3283 1459 3339 omni
1503 3281 1757 3345 debitori,
1784 3252 2024 3350 alioquin
2124 3269 2228 3327 est.
2258 3268 2318 3313 ιιι
2344 3258 2707 3351 intelligamus
2733 3270 2928 3351 nauem
2965 3252 3099 3351 iusti
3125 3269 3250 3313 eum
3431 3254 3529 3324 Qui
3557 3254 3727 3351 dicit:

444 3387 626 3446 multis
678 3384 893 3441 occasio
938 3380 1374 3451 recipiendorum
1410 3378 1696 3450 pignorum
1742 3373 1836 3429 ﬁet
1889 3373 2027 3427 divi-

418 3480 641 3538 -tiarum
684 3474 930 3531 materia.
997 3471 1103 3528 Sed
1153 3470 1203 3525 ei
1247 3469 1508 3534 debitori,
1555 3469 1622 3523 de
1665 3482 1774 3537 quo
1817 3466 1873 3520 in
1907 3463 2027 3537 lege

441 3569 723 3633 scribitur,
758 3564 901 3637 quod
954 3577 1161 3635 pauper
1200 3560 1292 3627 sit,
1324 3568 1380 3616 et
1443 3559 1724 3631 proprium
1766 3570 2030 3629 opposue-

444 3662 520 3716 rit
571 3657 976 3719 vestimentum,
1018 3663 1076 3709 et
1111 3658 1240 3708 ante
1277 3650 1689 3709 solisoceasum
1714 3648 2029 3718 operimen-

441 3760 559 3807 tum
600 3748 845 3819 recipere
880 3746 1092 3806 debeat.
1130 3743 1519 3805 necruciatus
1570 3740 1776 3811 frigore
1827 3739 2032 3795 clamet

440 3841 510 3897 ad
536 3840 846 3904 Dominum,
889 3837 983 3907 qui
1023 3836 1169 3891 ultor
1224 3842 1311 3891 est
1353 3832 1470 3903 ejus
1521 3832 1753 3902 injuriae.
1793 3832 1888 3887 Sin
1935 3829 2032 3886 aii-

443 3941 555 3988 tem
586 3931 742 4001 juxta
774 3943 864 3992 ea,
890 3943 1012 3999 qua:
1037 3934 1343 3997 sequuntur
1382 3940 1579 3997 panem
1607 3924 1869 3981 esurienti
1899 3924 2033 3979 dare

441 4023 731 4085 debemus,
771 4025 827 4072 et
867 4017 1070 4071 nudum
1112 4016 1329 4085 operire
1394 4015 1725 4071 vestimento
1773 4029 1790 4068 :
1824 4021 2033 4084 quanto

448 4109 623 4180 magis
653 4123 811 4164 suum
833 4106 1082 4171 reddere,
1114 4104 1161 4160 si
1201 4112 1384 4160 tamen
1416 4106 1680 4161 debitoris
1723 4105 2033 4160 indubitata

448 4209 740 4276 paupertas
800 4198 922 4254 est?
961 4197 1253 4252 Possumus
1287 4210 1505 4265 quoque
1561 4197 1761 4267 pignus
1805 4196 2035 4251 reddere

448 4295 702 4358 debitori,
753 4290 970 4363 quando
1012 4290 1084 4355 ei,
1112 4289 1199 4344 cui
1223 4289 1514 4344 dilectione
1555 4287 1953 4359 eonjuugimur,
1978 4296 2036 4343 et

448 4387 542 4457 qui
585 4385 742 4441 nobis
760 4384 939 4448 debet,
971 4389 1214 4436 mutuam
1255 4379 1579 4435 charitatem
1625 4378 1904 4434 reddimus
1954 4378 2038 4449 pi-

422 4512 427 4517 -
452 4492 590 4550 gnus
625 4491 803 4540 suum,
827 4472 965 4531 nihil
985 4471 1153 4527 debiti
1181 4467 1299 4539 ejus
1322 4470 1463 4540 apud
1489 4482 1588 4525 nos
1617 4467 1760 4524 ultra
1797 4468 2036 4524 retinen-

426 4580 555 4627 etes.
593 4570 804 4626 Nonum
832 4567 1075 4639 possidet
1115 4564 1294 4620 locum
1327 4580 1343 4617 :
1374 4582 1394 4616 ι
1420 4561 1527 4619 Per
1553 4562 1664 4617 vim
1686 4560 1821 4616 nihil
1840 4575 2035 4633 rapue-

455 4663 558 4727 rit;
612 4680 632 4713 ι
681 4661 812 4722 sive,
852 4659 1007 4728 juxta
1038 4655 1413 4727 Septuaginta,
1459 4672 1477 4705 ι
1511 4655 1757 4726 rapinam
1809 4669 1917 4709 non
1947 4668 2036 4709 ra-

454 4750 651 4826 puerit.
691 4768 709 4802 ι
766 4749 842 4804 De
871 4748 1177 4819 raptoribus
1201 4755 1256 4801 et
1298 4744 1589 4814 Apostolus
1618 4745 1875 4818 loquitur,
1892 4745 2037 4814 quod

420 4846 602 4901 'inter
639 4852 865 4897 caeteros
917 4851 1250 4913 peceatores,
1322 4856 1391 4897 ne
1441 4841 1767 4897 vescendum
1815 4840 2036 4910 quidem

457 4947 579 4990 cum
597 4930 960 4999 hujuscemodi
979 4929 1370 5002 sit.0mnisque
1382 4931 1569 5000 rapina
1588 4930 1756 4984 mixta
1773 4929 2039 4985 violentiae

456 5033 562 5089 est.
589 5024 691 5079 nisi
731 5023 874 5077 enim
911 5022 991 5076 vis
1042 5020 1204 5076 fuerit
1236 5021 1400 5085 illata,
1433 5021 1622 5089 rapina
1669 5034 1775 5074 non
1801 5019 2035 5090 proﬁcit.

424 5114 555 5170 -Est
581 5121 763 5167 autem
805 5118 860 5165 et
883 5119 1071 5166 sancta
1122 5110 1376 5165 violentia
1426 5111 1724 5181 rapinaque
1763 5110 2036 5180 optabilis,

458 5206 652 5277 dequo
683 5202 875 5259 scribit
896 5212 953 5256 et
1003 5200 1351 5272 Evangelium
1388 5218 1403 5255 :
1440 5220 1460 5251 ι
1514 5201 1557 5256 A
1587 5201 1776 5256 diebus
1815 5199 2041 5255 Joannis

458 5295 714 5366 Baptista)
742 5308 965 5363 regnum
1000 5291 1265 5347 calorum
1312 5292 1422 5347 vim
1447 5291 1673 5362 patitur,
1717 5299 1776 5346 et
1817 5290 2039 5345 violenti

458 5388 722 5458 diripiunt
782 5384 910 5441 illud
934 5383 1148 5457 (Hatria.
1175 5383 1275 5456 χι).
1314 5403 1334 5437 ο
1378 5383 1454 5438 De
1507 5397 1614 5453 qua
1641 5391 1696 5436 et
1733 5381 1901 5437 Judas
1925 5380 2041 5436 fra-

460 5489 546 5534 ter
586 5476 775 5536 Jacobi
800 5476 1038 5545 loquitur
1068 5493 1081 5529 :
1117 5492 1136 5525 (
1167 5473 1234 5529 Et
1276 5473 1412 5529 alios
1441 5474 1660 5543 quidem
1690 5474 1757 5528 de
1793 5472 1917 5543 igne
1948 5487 2037 5525 ra-

457 5570 697 5638 pientes,
762 5566 884 5622 aliis
936 5573 1119 5620 autem
1167 5563 1498 5620 miseremini
1550 5565 1607 5617 in
1647 5562 1843 5619 timore
1881 5560 2035 5634 (Jud.

2130 3370 2149 3403 ι
2183 3351 2297 3422 Ego
2329 3366 2449 3405 sum
2477 3349 2656 3419 panis,
2679 3348 2774 3418 qui
2800 3347 2869 3402 de
2894 3345 3034 3402 ccelo
3055 3345 3308 3401 descendi
3339 3343 3529 3418 (Joan.
3553 3345 3677 3413 vi);
3706 3365 3726 3397 ι

2124 3450 2181 3498 et
2206 3458 2369 3512 quem
2400 3443 2454 3495 in
2482 3440 2730 3496 oratione
2776 3437 2937 3494 nobis
2963 3438 3132 3493 tribui
3168 3437 3553 3506 deprecamur,
3582 3456 3601 3488 ι
3633 3452 3730 3508 pa-

2126 3550 2252 3589 nem
2297 3542 2541 3588 nostrum
2594 3529 3015 3594 substantivum,
3037 3546 3057 3580 ι
3102 3527 3220 3583 sive
3261 3537 3731 3597 superventurum

2134 3619 3709 3691 idanobisnutquem

2129 3729 2272 3778 mus,
2291 3713 2345 3766 in
2368 3712 2621 3782 pnesebti
2643 3712 2843 3767 saeculo
2862 3710 3103 3780 quotidie
3122 3724 3433 3766 mereamur
3455 3711 3733 3783 accipere.

2129 3803 2287 3859 llunc
2323 3817 2518 3872 panem
2542 3802 2723 3872 justus
2764 3800 3133 3857 esurientibus
3178 3799 3389 3866 tribuit,
3434 3801 3508 3857 de
3530 3802 3737 3872 quibus

2131 3894 2395 3965 scriptum
2431 3902 2551 3948 est;
2580 3910 2599 3942 ι
2636 3891 2788 3947 Beati
2817 3890 2912 3960 qui
2950 3889 3198 3947 esurth
3237 3899 3294 3947 et
3332 3890 3535 3947 sitiunt
3571 3890 3739 3961 justi.

2134 3988 2264 4043 tiam
2309 3984 2671 4059 (Mattli.v).i
2715 3982 2818 4051 Qui
2847 3983 2974 4052 quia
3021 3982 3201 4053 justus
3245 3992 3332 4039 est
3378 3999 3738 4041 communem

2133 4079 2376 4134 omnium
2414 4091 2611 4147 panem
2654 4090 2811 4130 suum
2840 4074 2973 4129 facit
3004 4074 3307 4144 proprium,
3333 4075 3429 4144 qui
3456 4075 3739 4131 defecerat

2137 4171 2192 4225 in
2217 4167 2423 4233 Judiea,
2454 4167 2717 4237 propheta
2748 4166 2964 4221 dicente
2991 4182 3005 4219 :
3035 4185 3053 4216 ι
3084 4165 3346 4221 Auferam
3369 4167 3440 4221 ab
3471 4167 3556 4222 eis
3578 4168 3738 4222 forti-

2136 4263 2403 4326 tudinem,
2424 4261 2541 4316 sive
2568 4258 2819 4315 baculum
2841 4256 3241 4330 panis(E1eclt.
3266 4261 3364 4329 Iv).
3389 4277 3410 4312 ι
3448 4258 3569 4314 Hoc
3589 4260 3740 4331 quod

2137 4354 2409 4425 loquimur
2455 4361 2639 4405 tamen
2673 4350 2721 4406 si
2757 4349 2959 4406 Christi
3003 4365 3212 4416 sumus,
3257 4350 3368 4404 imo
3419 4354 3571 4422 quod
3608 4368 3741 4423 pro-

2137 4446 2301 4515 pheta
2343 4449 2752 4508 conimemorat,
2775 4441 2932 4512 panis
2977 4439 3317 4497 credentium
3349 4451 3458 4508 est,
3511 4453 3568 4499 et
3610 4460 3739 4500 esu-

2060 4530 2113 4590 D
2140 4537 2418 4599 rientium,
2448 4533 2540 4604 qui
2569 4533 2793 4589 omnino
2824 4548 2933 4588 non
2960 4532 3169 4589 dandus
3203 4541 3289 4588 est
3314 4533 3426 4599 his,
3455 4535 3556 4605 qui
3580 4551 3741 4590 man-

2135 4629 2475 4683 ducaverunt
2498 4634 2554 4681 et
2573 4625 2835 4680 biberunt
2846 4633 2903 4680 et
2932 4624 3157 4680 saturati
3179 4632 3326 4691 sunt,
3353 4634 3412 4680 et
3440 4626 3739 4687 incusati

2137 4716 2561 4772 ealcitraverunt
2602 4712 2778 4786 (Prol.
2802 4717 3041 4788 LXXVII);
3073 4733 3094 4768 ι
3137 4716 3206 4772 de
3247 4716 3446 4789 quibus
3484 4719 3736 4776 dicitur:

2145 4829 2164 4862 ι
2198 4810 2287 4866 Va:
2331 4809 2425 4880 qui
2454 4809 2680 4864 saturati
2725 4808 2860 4864 estis
2903 4823 3068 4874 nunc,
3115 4809 3242 4880 quia
3289 4810 3550 4868 esurietis
3577 4813 3736 4884 (Luc.

2139 4900 2240 4972 vi),
2264 4920 2282 4954 ι
2309 4913 2381 4955 ne
2404 4907 2659 4954 evomant
2697 4898 2847 4953 illum
2873 4915 2890 4952 :
2915 4899 3127 4955 dicente
3175 4899 3467 4959 Salomone
3493 4921 3510 4957 :
3546 4923 3565 4955 ι
3595 4904 3744 4959 Evo-

2140 5001 2253 5047 niet
2299 4991 2467 5056 enim,
2525 4997 2581 5045 et
2620 4990 3015 5046 contaminabit
3062 5006 3343 5048 sermones
3388 5002 3514 5050 tuos
3557 4994 3741 5052 bonos

2142 5081 2327 5156 (Prov.
2351 5080 2529 5154 xxiii).
2553 5101 2572 5134 ι
2611 5082 2766 5150 Quod
2798 5082 2921 5138 aliis
2947 5083 3130 5138 verbis
3170 5081 3420 5140 Salvator
3446 5085 3738 5156 loquitur:

2146 5196 2166 5231 ι
2196 5179 2274 5233 Μ
2296 5177 2437 5233 detis
2479 5186 2729 5233 sanctum
2757 5177 3003 5243 canibus,
3034 5191 3212 5248 neque
3249 5178 3480 5235 mittatis
3518 5195 3744 5252 marga-

2141 5272 2280 5328 ritas
2305 5280 2520 5327 vestras
2544 5280 2671 5327 ante
2706 5285 2923 5342 porcos.
2948 5289 2967 5322 »
3002 5270 3357 5327 Undecimum
3383 5272 3633 5342 possidet
3652 5273 3741 5329 lo-

2141 5380 2309 5419 cum:
2346 5382 2369 5414 ι
2400 5363 2471 5418 Et
2511 5363 2714 5418 nudum
2753 5363 2972 5432 operuit
2994 5362 3338 5417 vestimento.
3361 5380 3380 5414 ι
3416 5360 3521 5429 Qui
3547 5375 3743 5418 senon

2135 5455 2294 5525 juxta
2328 5454 2623 5525 superioris
2667 5453 2923 5509 versiculi
2969 5453 3402 5523 explanationem
3442 5452 3744 5522 dupliciter

2143 5546 2492 5604 disserendus
2518 5553 2624 5611 est,
2640 5552 2701 5599 ut
2717 5552 2776 5600 et
2798 5545 2958 5600 nudis
2986 5545 3288 5600 tribuamus
3310 5544 3740 5613 operimentum,

460 5632 573 5731 ξε),
615 5679 634 5712 ι
777 5657 1053 5714 contrario
1095 5656 1419 5712 adversaria
1458 5662 1776 5726 potestates,
1829 5632 2045 5725 in‘per.
2144 5638 2359 5694 dicente
2393 5635 2677 5691 Salvatore
2698 5675 2712 5688 .
2743 5654 2763 5686 ς
2816 5633 3003 5690 Nudus
3031 5650 3178 5691 eram
3205 5643 3262 5690 et
3304 5632 3597 5706 Operuistis
3652 5646 3743 5687 me

465 5749 660 5803 niciem
686 5762 894 5812 eorum,
922 5762 1058 5817 quos
1103 5747 1337 5817 rapiunt,
1386 5746 1623 5812 praedam
1647 5758 1837 5814 rapere
1882 5743 2036 5799 festi-

2147 5736 2363 5811 (Mauh.
2391 5732 2554 5803 xxv);
2586 5752 2605 5785 υ
2647 5737 2705 5786 et
2751 5730 2909 5786 nudis
2956 5731 3062 5786 ﬁde
3107 5738 3266 5800 atque
3319 5728 3609 5785 virtutibus
3644 5728 3742 5782 trio
