3954 6182
317 307 428 363 τηο

1249 300 1600 358 COMMENT.
1643 300 1708 356 ΙΝ
1750 295 2201 354 ΕΖΕειιιΕιΕιι.
2242 325 2312 336 —-
2351 294 2479 351 LIB.
2522 290 2656 351 Vill.

3489 295 3592 353 7ἒῦ

305 425 544 471 nuatnus
574 415 951 468 vestititentttnt
988 412 1213 477 Christi,
1250 413 1314 467 de
1343 428 1450 481 quo
1483 411 1746 482 scriptum
1774 418 1896 465 est:
1931 411 1975 470 Α
2006 417 2155 478 ptum
2179 416 2300 462 est:
2332 426 2349 460 ι
2407 407 2463 462 Si
2515 407 2676 461 fuerit
2713 407 2894 477 justus
2931 414 2982 462 et
3020 407 3210 462 fecerit
3252 405 3536 477 judicium.
3565 431 3590 462 ο

314 529 333 560 ι
367 508 643 576 Quotqmt
668 507 812 559 enim
842 505 893 559 in
922 504 1140 559 Christo
1165 504 1422 575 baptizati
1445 503 1599 568 estis,
1627 501 1904 557 Christum

307 598 569 654 induistis
597 595 738 669 (Cal.
764 597 867 668 ιιι).
891 617 908 649 ι
942 596 1055 650 Hoc
1083 597 1404 650 vestimento
1449 595 1623 649 nudus
1645 601 1783 657 erat,
1811 593 1904 663 qui

309 698 520 744 vestem
545 704 652 742 non
682 689 889 743 habens
912 687 1226 757 nuptialem,
1272 686 1544 755 projectus
1574 693 1658 740 est
1681 684 1748 738 de
1777 697 1906 738 con-

310 781 479 834 vivio.
535 780 610 834 De
653 781 756 834 hac
808 779 1048 834 nuditate
1088 789 1143 831 et
1180 777 1246 831 ad
1293 775 1591 832 Jerusalem
1645 777 1906 830 Dominus

307 871 556 941 loquitur
581 888 593 902 ·
628 890 645 923 ι
676 869 754 924 Tu
780 878 958 924 autem
989 885 1112 924 eras
1142 869 1282 922 nuda
1311 877 1366 922 et
1393 868 1721 922 confusionis
1745 868 1903 937 plena

307 963 532 1034 (Ezeclt.
565 962 698 1033 xvi).
725 982 742 1014 ι
790 962 1175 1018 Duodecimum
1228 976 1514 1015 numerum
1559 969 1703 1013 tenet
1730 977 1742 1013 :
1773 980 1790 1010 ι
1840 959 1907 1013 Et

306 1055 377 1108 ad
406 1069 625 1107 usuram
649 1068 753 1107 non
786 1053 1209 1107 commodaverit
1237 1068 1250 1116 ;
1284 1071 1302 1104 ι
1331 1052 1443 1106 sive
1469 1059 1528 1104 ut.
1553 1049 1904 1120 Septuaginta

309 1145 729 1209 transtulerunt,
759 1163 775 1195 ι
805 1145 1088 1213 pecuniam
1116 1160 1270 1199 suam
1302 1146 1368 1198 ad
1410 1160 1629 1198 usuram
1673 1160 1781 1198 non
1807 1142 1904 1198 de—

305 1233 472 1288 derit.
512 1253 530 1284 »
588 1234 644 1288 ln
699 1235 956 1289 hebraico
1012 1242 1330 1288 cunctarum
1379 1234 1682 1303 specierum
1740 1247 1904 1287 usura

304 1325 648 1394 prohibetur,
681 1325 732 1378 in
782 1323 1133 1394 Septuaginta
1187 1333 1396 1378 tantum
1447 1324 1711 1394 pecuniae,
1750 1322 1904 1392 juxta

303 1417 546 1485 quodet
599 1417 650 1470 in
703 1417 912 1470 decimo
968 1424 1161 1484 quarto
1210 1415 1418 1484 psalmo
1467 1416 1729 1485 scriptum
1779 1424 1900 1470 est:

309 1530 329 1559 ι
361 1508 464 1576 Qui
507 1509 793 1579 pecuniam
843 1524 995 1563 suam
1047 1524 1152 1561 nou
1205 1508 1354 1562 dedit
1400 1510 1470 1562 ad
1520 1523 1762 1562 usuram.
1791 1527 1809 1559 ι
1839 1507 1906 1560 Et

302 1601 583 1673 quomodo
611 1600 809 1654 dicitur
836 1618 848 1652 :
885 1621 901 1650 ι
932 1599 1110 1653 Fratri
1149 1609 1240 1654 tuo
1265 1615 1368 1653 non
1413 1599 1704 1663 fenerabis,
1731 1598 1904 1652 alieno

302 1702 490 1747 autem
527 1692 800 1746 fenerabis
846 1690 1024 1762 (Deut.
1048 1691 1234 1761 xxm),
1267 1710 1284 1740 ι
1327 1693 1419 1745 sed
1450 1691 1571 1744 vide
1600 1689 1902 1760 profectum

2009 498 2118 553 Sed
2148 498 2329 553 addita
2357 499 2586 552 veritate
2631 497 2842 568 judicii,
2877 499 3019 568 quod
3068 498 3194 553 facit
3247 501 3388 555 inter
3423 501 3598 558 virum

2006 597 2062 644 et
2088 590 2263 643 virum
2291 589 2406 643 sive
2426 589 2729 658 proximum
2761 604 2939 654 suum,
2970 590 3201 646 ἐπίτασιν
3231 593 3475 647 cernitur
3503 595 3598 651 ha-

2007 683 2136 736 bere
2159 681 2441 735 virtutum.
2496 681 2650 736 Unde
2697 691 2752 736 et
2798 683 2849 736 in
2884 683 3297 738 Proverhiorum
3351 687 3596 752 exordio,

2005 785 2128 845 post
2185 775 2352 828 multa
2404 783 2702 843 przecepta,
2763 777 3035 845 correptio
3089 776 3320 831 infertur
3367 776 3603 845 judicii:

2012 884 2030 916 ι
2062 863 2235 926 Scire,
2265 863 2460 932 inquit,
2513 863 2833 932 sapientiam
2873 872 2928 918 et
2953 865 3313 934 disciplinam,
3357 875 3411 922 et
3442 867 3602 922 intel-

2005 955 2175 1026 ngere
2201 956 2363 1008 verba
2391 955 2710 1024 prudentize,
2761 957 3036 1026 suscipere
3077 958 3346 1013 versutias
3393 973 3603 1014 sermo-

2007 1063 2160 1111 num,
2201 1055 2256 1101 et
2287 1062 2444 1100 nosse
2492 1044 2757 1113 justitiam
2799 1062 3002 1114 veram,
3028 1057 3084 1103 et
3119 1059 3241 1119 post
3269 1052 3449 1105 omnia
3479 1067 3590 1108 coro

2006 1141 2184 1211 rigere
2202 1139 2463 1210 judicium
2494 1137 2675 1209 (Prov.
2703 1139 2763 1212 ι).
2790 1161 2808 1192 ι
2843 1139 3202 1207 Quamobrem
3234 1151 3288 1198 et
3313 1144 3600 1214 Apostolus

2006 1235 2358 1304 reprehendit
2423 1250 2516 1290 eos
2572 1236 2664 1305 qui
2725 1235 2776 1290 in
2837 1235 3078 1290 Ecclesia
3138 1239 3415 1293 constituti
3474 1246 3600 1294 sunt

2006 1323 2059 1397 (1
2091 1323 2213 1380 Cor.
2241 1325 2336 1390 vi).
2363 1326 2505 1396 Quod
2531 1327 2766 1382 habeant
2795 1325 2932 1381 inter
2962 1326 3261 1395 sejudicia,
3314 1327 3596 1383 minimus—

2005 1431 2111 1486 que
2131 1416 2350 1486 eligitur
2372 1426 2533 1486 atque
2549 1426 2905 1486 contemptus.
2925 1416 3058 1483 Quia
3077 1415 3230 1486 juxta
3249 1418 3597 1488 Evangelium

2004 1509 2213 1576 primus
2237 1517 2340 1573 est,
2366 1516 2422 1561 ut
2457 1507 2662 1577 judicet
2695 1509 2834 1563 inter
2855 1509 3031 1563 virum
3076 1517 3131 1563 et
3161 1509 3360 1573 virum,
3388 1508 3478 1577 qui
3508 1508 3601 1561 de—

2005 1601 2207 1655 struxit
2239 1617 2324 1664 ea,
2363 1616 2483 1670 qua:
2526 1600 2734 1670 parvuli
2767 1609 2913 1666 sunt,
2959 1609 3012 1654 et
3050 1601 3297 1672 pervenit
3322 1615 3492 1669 usque
3530 1599 3596 1654 ad

2004 1688 2306 1758 perfectum
2337 1690 2515 1744 virum
2544 1709 2556 1743 :
2587 1698 2641 1744 et
2685 1698 2860 1744 tamen
2909 1690 3128 1760 majoris
3159 1691 3427 1744 sententia
3459 1690 3600 1744 indi-

301 1783 360 1836 in
396 1781 668 1852 principio
697 1780 829 1856 legis
860 1797 889 1835 a
928 1779 1187 1835 fratribus
1236 1790 1447 1835 tantum
1478 1779 1632 1834 fenus
1663 1780 1898 1845 tollitur;
1935 1767 1976 1825 Β
2005 1787 2111 1848 get,
2144 1787 2202 1832 ut
2230 1780 2400 1849 possit
2427 1780 2492 1832 ad
2537 1780 2822 1834 veritatem
2855 1777 3044 1847 judieii
3069 1781 3373 1850 pervenire.
3399 1779 3598 1848 Sequi—

303 1873 360 1926 in
384 1871 679 1941 Propheta,
708 1871 774 1926 ab
817 1870 1068 1925 omnibus
1115 1886 1280 1925 usura
1323 1871 1660 1940 prohibetur,
1692 1871 1903 1925 dicente

300 1960 609 2025 Ezechiele,
647 1979 664 2010 ι
700 1960 984 2030 pecuniam
1013 1975 1166 2014 suam
1191 1977 1296 2016 non
1322 1961 1466 2016 dedit
1507 1962 1573 2015 ad
1602 1977 1842 2016 usuram.
1878 1981 1897 2013 ι

301 2050 477 2104 Porro
495 2050 547 2104 in
562 2049 852 2120 Evangelio
866 2050 1080 2104 virtutis
1091 2059 1435 2120 augmentum
1450 2050 1904 2121 est,pr:ecipientc

299 2141 536 2196 Domino
561 2157 574 2194 :
611 2158 629 2190 ι
659 2139 1002 2195 Feneramiui
1039 2140 1122 2195 his
1149 2156 1179 2195 a
1201 2142 1398 2210 quibus
1425 2156 1530 2195 non
1553 2141 1786 2210 speratis
1815 2156 1902 2195 re-

304 2233 514 2302 cipere.
542 2252 559 2282 »
587 2231 869 2302 Sequitur,
899 2232 952 2286 in
983 2232 1146 2287 tertio
1189 2232 1398 2288 decimo
1441 2233 1598 2288 loco:
1635 2250 1652 2282 ι
1682 2233 1749 2286 Ει
1782 2247 1902 2285 am-

301 2324 447 2394 plius
477 2338 584 2376 non
618 2323 908 2393 acceperit.
935 2341 952 2374 ι
1012 2323 1209 2378 Putant
1252 2324 1471 2393 quidam
1518 2338 1735 2378 usuram
1788 2331 1903 2376 tan-

305 2423 422 2466 tum
451 2428 571 2468 esse
595 2413 648 2466 in
678 2415 926 2482 pecunia.
975 2413 1128 2480 Quod
1174 2414 1476 2482 przevidens
1501 2412 1782 2482 Scriptura
1814 2412 1899 2466 di-

303 2503 457 2569 vina,
489 2503 670 2558 omnis
700 2503 776 2558 rei
831 2502 1011 2557 aufert
1052 2502 1624 2573 superabundautiam,
1677 2511 1736 2554 ut
1780 2500 1901 2571 plus

304 2611 416 2651 non
456 2595 706 2664 recipias,
737 2610 896 2665 quam
931 2595 1146 2650 dedisti.
1181 2593 1367 2648 Solent
1396 2594 1450 2647 in
1472 2593 1617 2662 agris
1640 2591 1900 2647 frumenti

313 2693 371 2739 ct
426 2685 596 2750 milii,
664 2685 774 2738 vini
851 2692 907 2739 et
976 2684 1133 2750 olei,
1197 2693 1624 2753 cmterarumque
1693 2683 1904 2756 specie-

310 2791 432 2828 rum
481 2790 659 2828 usura:
723 2774 897 2846 exigi,
935 2775 1049 2830 sive
1094 2782 1153 2828 ut
1194 2774 1430 2844 appellat
1471 2791 1651 2830 sermo
1687 2775 1902 2829 divinus

303 2866 672 2919 abundantite.
723 2863 882 2918 Verbi
934 2866 1138 2936 gratia,
1169 2873 1229 2918 ut
1295 2863 1485 2919 hiemis
1529 2873 1767 2934 tempore
1803 2865 1898 2919 de-

305 2972 430 3010 mus
482 2958 666 3011 decem
708 2957 936 3022 modios,
985 2966 1040 3011 et
1094 2957 1148 3010 in
1187 2971 1361 3012 messe
1391 2957 1714 3028 recipiamus
1744 2957 1904 3026 quin-

303 3047 505 3112 decim,
538 3048 638 3102 hoc
665 3055 770 3112 est,
798 3047 1029 3116 amplius
1055 3057 1265 3116 partem
1293 3047 1546 3110 mediam,
1579 3047 1673 3116 qui
1709 3045 1899 3115 justis-

303 3137 506 3190 simum
535 3151 591 3190 se
604 3136 893 3206 putaverit,
914 3145 1163 3205 quartam
1181 3135 1301 3205 plus
1323 3135 1551 3206 accipiet
1573 3135 1896 3205 portionem.
1929 3121 1972 3183 C

303 3225 374 3279 Ει
422 3225 602 3280 solent
646 3225 1013 3295 argumentari
1056 3239 1120 3278 ac
1150 3225 1368 3279 dicere:
1409 3225 1538 3279 Dedi
1571 3241 1735 3278 unum
1787 3239 1902 3279 mo-

304 3318 453 3371 dium
477 3317 572 3387 qui
599 3326 750 3371 satus
775 3317 893 3371 fecit
918 3316 1104 3371 decem
1129 3306 1354 3379 modios,
1374 3331 1553 3370 nonne
1563 3313 1769 3383 justum
1793 3323 1898 3379 est,

305 3417 365 3461 ut
399 3409 639 3463 medium
676 3408 913 3463 modium
939 3409 1005 3463 de
1035 3423 1158 3462 meo
1187 3408 1306 3478 plus
1331 3408 1615 3478 accipiam,
1659 3423 1781 3462 cum
1812 3408 1901 3462 ille

305 3515 424 3553 mea
463 3498 788 3552 liberalitate
834 3513 1024 3552 novem
1071 3507 1126 3554 et
1169 3499 1334 3553 semis
1383 3499 1449 3553 de
1495 3512 1617 3552 meo
1665 3495 1902 3552 habeat?

309 3610 329 3641 ι
360 3590 536 3644 Nolite
556 3604 764 3654 errare,
796 3607 816 3642 ι
851 3589 1026 3660 inquit
1050 3588 1340 3658 Apostolus
1364 3586 1566 3660 (Galat.
1585 3587 1686 3660 vi),
1708 3606 1728 3639 ι
1757 3588 1901 3642 Deus

304 3695 412 3734 non
444 3679 725 3734 irridetur.
753 3699 772 3730 ι
802 3679 1148 3750 Respondeat
1173 3681 1319 3735 enim
1368 3680 1612 3736 breviter
1638 3681 1795 3735 nobis
1823 3679 1902 3734 fe-

303 3783 532 3826 nerator
559 3771 871 3826 misericors
916 3780 1098 3825 utrum
1152 3771 1374 3826 babenti
1423 3771 1634 3826 dederit
1680 3785 1750 3826 an
1792 3787 1900 3826 non

305 3863 577 3918 habenti?
611 3862 667 3916 Si
700 3863 920 3918 habenti
961 3863 1148 3932 utique
1191 3863 1322 3918 dare
1359 3878 1466 3918 non
1496 3863 1776 3928 debuerat,
1807 3864 1902 3919 sed

303 3956 457 4009 dedit
484 3955 640 4023 quasi
667 3970 770 4009 non
801 3955 1040 4009 habenti.
1066 3956 1209 4026 Ergo
1227 3971 1396 4025 quare
1418 3955 1538 4026 plus
1558 3956 1727 4027 exigit
1745 3956 1902 4026 quasi

303 4051 371 4103 ab
406 4048 681 4102 habente?
733 4047 834 4101 Alii
870 4062 969 4118 pro
999 4049 1224 4116 pecunia
1272 4047 1513 4103 fenerata
1560 4048 1736 4103 solent
1780 4064 1901 4102 mu-

305 4139 531 4196 nuscula
556 4140 803 4208 accipere
841 4139 1039 4194 diversi
1079 4141 1316 4211 generis,
1354 4149 1411 4194 et
1441 4156 1548 4194 non
1593 4139 1904 4211 intelligunt

306 4247 532 4286 usuram
560 4230 818 4300 appellari
847 4239 902 4284 et
947 4231 1498 4300 superabundantiam
1533 4231 1796 4302 quidquid
1840 4230 1903 4284 il-

305 4323 394 4374 lud
425 4331 535 4386 est,
586 4321 630 4374 si
675 4321 744 4375 ab
789 4335 874 4386 eo,
921 4321 1064 4389 quod
1113 4321 1361 4376 dederint
1406 4321 1528 4392 plus
1568 4322 1900 4390 acceperint.

304 4417 550 4481 Quartus
586 4413 827 4467 decimus
855 4413 1092 4482 gradus:
1130 4429 1150 4462 ι
1177 4412 1260 4468 Ab
1283 4413 1587 4483 iniquitate,
1618 4412 1716 4478 ait,
1748 4427 1904 4466 aver-

305 4508 437 4562 terit
467 4521 690 4560 manum
737 4520 924 4569 suam;
959 4524 977 4555 ι
1004 4514 1064 4559 ιιι
1099 4505 1248 4558 omni
1297 4519 1460 4574 opere
1507 4503 1679 4575 fugiat
1705 4503 1904 4572 iniqui-

304 4610 498 4662 tatem,
535 4613 640 4651 non
668 4599 812 4653 enim
853 4597 1026 4652 solum
1074 4599 1340 4662 manibus,
1370 4597 1464 4651 sed
1501 4605 1556 4652 et
1586 4597 1706 4651 aliis
1733 4611 1904 4651 mem-

304 4694 421 4746 bris
455 4691 816 4746 committitur
837 4689 1116 4759 iniquitas,
1147 4689 1361 4744 dicente
1391 4688 1718 4744 Salomone:
1749 4707 1768 4738 ι
1794 4687 1900 4740 lui-

301 4799 412 4853 qua
452 4782 595 4837 labia
626 4796 656 4835 a
713 4790 764 4836 te
810 4780 998 4852 procul
1049 4795 1268 4835 remove
1319 4777 1502 4851 (Prov.
1550 4778 1647 4851 tv).
1674 4799 1693 4832 ι
1747 4778 1814 4834 Et
1848 4780 1902 4832 in

304 4875 580 4929 Psalmis:
619 4895 636 4926 ι
669 4873 1012 4944 luiquitatem
1053 4874 1106 4928 in
1134 4873 1350 4928 excelso
1378 4873 1539 4928 locuti
1568 4882 1693 4928 sunt
1725 4870 1899 4944 (Psal.

305 4969 535 5038 Lxxu).i
570 4966 672 5021 Pes
697 4982 912 5037 quoque
933 4973 1106 5021 currit
1135 4966 1201 5020 ad
1234 4964 1592 5033 iniquitatem,
1619 4971 1672 5017 et
1693 4963 1902 5028 oculus,

303 5061 352 5115 si
386 5058 622 5112 alienant
667 5057 947 5114 mulierem
995 5057 1370 5125 concupiscat,
1419 5069 1519 5110 nec
1544 5055 1614 5108 sit
1641 5052 1758 5122 ejus
1787 5053 1906 5107 imi-

308 5162 476 5214 tator,
522 5150 589 5205 de
624 5165 731 5219 quo
770 5150 1008 5204 dicitur:
1045 5167 1064 5198 ι
1117 5148 1466 5217 lniquitatenn
1517 5162 1623 5201 non
1672 5145 1823 5209 fecit,
1853 5154 1908 5199 et

309 5245 466 5300 dolus
523 5259 628 5300 non
678 5245 928 5298 inventus
979 5252 1066 5297 est
1109 5242 1164 5296 in
1219 5255 1315 5296 ore
1368 5241 1486 5312 ejus
1516 5239 1566 5311 (1
1594 5237 1848 5311 Pe:r.u).
1881 5257 1900 5290 ι

317 5336 473 5390 Unde
507 5343 564 5389 et
596 5335 660 5389 de
684 5334 870 5404 iniquo
897 5348 1204 5388 mammona
1226 5331 1481 5402 jubemur
1529 5329 1707 5384 facere
1751 5327 1906 5383 nobis

314 5428 540 5500 amicos,
589 5425 679 5495 qui
729 5441 829 5480 nos
877 5426 931 5478 in
985 5434 1190 5479 aeterna
1247 5423 1508 5492 recipiant
1561 5419 1905 5474 tabernacula

318 5517 468 5578 (Luc.
496 5518 627 5586 xvi).
653 5516 906 5584 Quintum
931 5517 1197 5571 decimum
1219 5523 1302 5569 est
1329 5533 1341 5566 :
1378 5532 1395 5564 ι
1430 5511 1697 5567 Iudicium
1719 5525 1905 5565 verum

318 5610 507 5664 iecerit
532 5609 672 5662 inter
703 5609 878 5662 virum
905 5617 962 5662 et
984 5608 1182 5672 virum,
1205 5627 1221 5658 ι
1252 5607 1365 5660 sive
1389 5605 1693 5674 proximum
1716 5619 1902 5668 suum;

321 5703 459 5756 uaod
491 5702 705 5756 videtur
735 5703 876 5757 idem
923 5715 1136 5766 sonare,
1183 5700 1325 5771 quod
1369 5700 1620 5769 primum,
1654 5698 1744 5752 ubi
1771 5697 1907 5753 scri-

2007 1879 2110 1923 tur.
2158 1871 2213 1924 lu
2240 1879 2392 1925 sexto
2420 1871 2630 1926 decimo
2671 1871 2788 1925 loco
2813 1888 2826 1924 :
2861 1891 2879 1922 ι
2929 1871 2986 1924 In
3010 1871 3294 1940 praeceptis
3322 1871 3456 1924 meis
3481 1885 3599 1922 am-

2005 1959 2272 2013 bulaverit
2300 1976 2314 2024 ;
2347 1980 2365 2011 ι
2400 1968 2456 2014 ει
2477 1959 2527 2012 in
2553 1959 2760 2014 decimo
2784 1959 3051 2028 septimo:
3092 1977 3108 2008 ι
3145 1957 3353 2013 Iudicia
3380 1958 3494 2012 sive
3514 1957 3600 2027 ju-

2006 2050 2362 2105 stificationes
2393 2065 2542 2104 meas
2587 2049 2923 2112 custodierit,
2967 2057 3027 2103 ut
3058 2048 3220 2102 faciat
3249 2064 3310 2103 ea
3350 2048 3600 2117 factaque

2005 2140 2345 2195 custodiat.»
2401 2140 2642 2207 Quorum
2693 2149 2982 2209 utrumque
3032 2139 3384 2208 multiplicem
3436 2137 3600 2192 hal-et

2005 2231 2436 2302 intelligentiam,
2481 2232 2526 2285 si
2574 2231 2800 2285 velimus
2832 2229 3012 2284 omnia
3056 2229 3189 2300 legis
3227 2228 3478 2283 mandata
3511 2243 3600 2280 re-

2003 2321 2222 2390 plicare,
2259 2321 2311 2374 in
2341 2323 2538 2391 quibus
2569 2329 2835 2391 praecepta
2870 2321 3100 2385 Domini,
3142 2329 3196 2375 et
3227 2320 3278 2374 in
3301 2319 3495 2389 quibus
3511 2314 3601 2386 ju-

2005 2413 2360 2468 stiftcatioues
2383 2429 2502 2468 esse
2532 2414 2806 2467 dicuntur.
2857 2413 3053 2467 Plenus
3079 2420 3161 2466 est
3205 2418 3604 2480 praeceptorum

2004 2511 2059 2559 et
2095 2503 2544 2572 justiﬁcationum
2598 2520 2760 2558 cxvtn
2812 2503 3074 2571 psalmus,
3127 2509 3183 2554 et
3223 2515 3286 2554 ex
3325 2507 3479 2568 parte
3507 2498 3604 2552 de-

2003 2595 2178 2651 cimus
2204 2604 2452 2658 octavus,
2481 2594 2532 2647 in
2587 2610 2695 2664 quo
2721 2594 2980 2663 scriptum
3010 2602 3093 2647 est
3126 2609 3138 2644 :
3177 2610 3195 2642 ι
3227 2589 3458 2644 Justitite
3496 2587 3603 2642 Do-

2004 2687 2136 2742 mini
2167 2695 2331 2742 rectat
2371 2687 2707 2740 lzetiticantes
2758 2685 2960 2749 corda;
2987 2704 3007 2734 ι
3040 2691 3094 2737 et
3136 2701 3148 2735 :
3188 2700 3207 2732 ι
3263 2680 3597 2750 Praeceptum

2006 2779 2218 2834 Domini
2275 2779 2510 2834 lucidum
2563 2777 2871 2831 illuminans
2913 2775 3164 2830 oculos.»
3208 2772 3266 2826 In
3317 2787 3428 2842 quo
3456 2787 3603 2841 qum-

2004 2870 2144 2925 ritur
2173 2870 2442 2940 quomodo
2475 2869 2527 2922 in
2555 2867 2659 2923 hoc
2687 2866 2876 2920 eodem
2911 2864 3170 2935 propheta
3199 2861 3398 2916 dixerit
3425 2860 3600 2913 Deus:

2011 2980 2029 3013 ι
2063 2962 2191 3016 Dedi
2219 2961 2298 3016 eis
2333 2959 2748 3031 justitieationes
2782 2973 2888 3013 non
2932 2957 3122 3020 bonas,
3165 2955 3216 3008 in
3253 2953 3450 3024 quibus
3492 2968 3598 3006 non

2007 3052 2192 3106 vivant
2223 3052 2274 3105 in
2316 3051 2396 3106 eis
2427 3049 2642 3121 (Ezech.
2665 3048 2779 3117 xx).
2806 3067 2823 3099 ι
2861 3047 3165 3118 Facilisque
3211 3044 3489 3115 responsio
3515 3052 3602 3097 est

2004 3151 2060 3198 et
2085 3143 2294 3213 plenior
2316 3143 2367 3195 in
2399 3141 2875 3210 consequentibus,
2923 3153 3029 3193 non
3065 3139 3244 3193 vivere
3273 3135 3490 3191 Iudaeos
3511 3151 3596 3190 sc-

2002 3243 2232 3302 queutes
2276 3233 2616 3287 occidentem
2647 3231 2905 3294 litteram,
2946 3237 3000 3282 et
3035 3229 3217 3282 vivere
3261 3227 3602 3282 Christianus

2003 3324 2366 3392 intelligentes
2417 3323 2666 3391 spiritum
2710 3321 3095 3375 vivificantem.
3144 3319 3392 3390 Longum
3421 3327 3525 3382 est,
3552 3319 3597 3370 si

2000 3417 2332 3471 voluerimus
2375 3416 2606 3485 probare
2655 3413 2998 3474 testimoniis,
3056 3411 3147 3466 ubi
3199 3420 3465 3481 pnecepta
3497 3411 3604 3465 Do-

2002 3509 2134 3563 mini
2163 3516 2217 3562 et
2247 3507 2335 3561 ubi
2369 3506 2787 3578 justiticationes
2835 3519 2956 3559 esse
2986 3503 3257 3567 dicantur,
3308 3512 3364 3557 et
3391 3503 3597 3572 quibus

2003 3598 2213 3666 singula
2242 3597 2327 3652 vel
2361 3596 2789 3660 diversitatibus,
2839 3595 2920 3649 vel
2951 3593 3376 3649 obscuritatibus
3420 3593 3600 3648 invol-

2001 3696 2222 3743 vantur.
2275 3687 2426 3744 Unde
2473 3696 2530 3742 et
2589 3687 2644 3742 in
2685 3685 2936 3756 prmsenti
2985 3685 3108 3740 loco
3137 3683 3405 3739 infertur:
3441 3702 3462 3736 ι
3495 3684 3600 3739 Hic

1995 3781 2178 3852 justus
2199 3787 2302 3844 est,
2327 3779 2438 3832 vita
2467 3778 2630 3842 vivet,
2678 3777 2754 3831 ait
2794 3777 3055 3833 Dominus
3101 3777 3262 3831 Deus.
3283 3794 3302 3827 ι
3354 3775 3457 3843 Qui
3487 3777 3608 3831 hate

2003 3869 2197 3924 fecerit
2220 3877 2276 3924 et
2298 3867 2387 3920 illa
2412 3882 2518 3922 non
2555 3866 2766 3933 fecerit,
2811 3881 3151 3937 nequaquam
3179 3865 3435 3937 punietur
3467 3868 3605 3923 deli-

2004 3963 2106 4017 ctis
2132 3960 2320 4029 patris,
2347 3959 2440 4014 sed
2465 3959 2578 4014 suis
2611 3959 2758 4014 vivet
2788 3959 3101 4014 virtutibus.

2079 4071 2097 4103 ‹
2127 4049 2281 4118 Quod
2333 4050 2379 4106 si
2417 4051 2666 4120 genuerit
2711 4050 2880 4105 ﬁlium
2930 4051 3194 4107 latronem
3240 4050 3606 4107 effundentem

2009 4163 2028 4196 ι
2059 4143 2400 4213 sanguinem,
2429 4151 2484 4197 et
2519 4141 2712 4198 fecerit
2750 4157 2917 4197 unum
2948 4144 3016 4198 de
3047 4144 3185 4205 istis,
3222 4143 3274 4197 in
3314 4143 3401 4197 via
3430 4143 3605 4214 patris

2010 4253 2029 4286 ι
2058 4235 2139 4290 sui
2179 4235 2314 4305 justi
2343 4250 2448 4290 non
2479 4233 2862 4298 ambulaverit,
2913 4243 2969 4289 et
3003 4236 3118 4289 haec
3160 4234 3378 4303 quidem
3421 4235 3604 4288 omnia

2010 4343 2030 4378 ι
2058 4341 2166 4380 ιιοιι
2199 4325 2511 4389 facientem,
2559 4326 2655 4380 sed
2701 4326 2755 4380 in
2796 4324 3072 4379 montibus
3123 4324 3517 4387 eomedentem,
3547 4332 3605 4379 et

2012 4435 2031 4468 ι
2062 4431 2289 4472 uxorem
2337 4417 2571 4486 proximi
2620 4416 2703 4470 sui
2753 4415 3102 4485 polluentem,
3135 4429 3364 4484 egenum
3391 4421 3447 4470 et
3470 4429 3604 4484 pau-

2013 4528 2032 4562 c
2063 4525 2246 4580 perem
2293 4511 2732 4568 contristantem,
2769 4507 3069 4578 rapientem
3127 4507 3372 4576 rapinas,
3406 4506 3607 4578 pignus

2010 4621 2030 4654 ε
2059 4618 2164 4656 ιιοιι
2201 4601 2538 4665 reddentem,
2564 4608 2618 4654 et
2652 4602 2718 4654 ad
2746 4599 2883 4654 idola
2924 4599 3189 4654 levantem
3227 4599 3414 4655 oculos
3451 4613 3602 4665 suos,

2011 4711 2030 4744 ι
2060 4693 2515 4748 abominationem
2563 4691 2876 4754 facientem,
2928 4691 2994 4745 ad
3048 4707 3270 4746 usuram
3308 4691 3524 4746 dantem
3549 4701 3608 4748 et

2014 4801 2032 4834 ι
2061 4782 2292 4853 amplius
2335 4782 2714 4851 accipientem,
2760 4781 3020 4851 numquid
3052 4781 3232 4838 vivet?
3279 4796 3389 4836 non
3434 4781 3603 4838 vivet.

2013 4893 2033 4926 ε
2064 4875 2132 4928 Ει
2157 4888 2280 4927 eum
2305 4873 2560 4926 universa
2591 4871 2905 4926 detestanda
2931 4872 3044 4926 htec
3069 4870 3277 4936 fecerit,
3296 4879 3469 4927 morte
3493 4886 3608 4926 mo-

2017 4986 2036 5019 ι
2067 4968 2257 5023 rietur.
2288 4965 2522 5036 Sanguis
2545 4965 2660 5036 ejus
2684 4965 2736 5019 in
2760 4964 2877 5034 ipso
2894 4965 3018 5020 erit.
3044 4984 3062 5016 ι
3098 4965 3347 5021 Dicamus
3367 4963 3603 5035 primum

2005 5060 2163 5130 juxta
2213 5059 2522 5122 historiam,
2554 5065 2615 5110 ut
2652 5057 2838 5112 sciatis
2898 5056 3211 5125 iniquitates
3251 5063 3463 5125 patrum
3494 5069 3602 5108 non

2011 5149 2312 5205 redundare
2356 5150 2421 5202 ad
2472 5146 2630 5201 filios.
2664 5146 2719 5200 Si
2747 5144 2926 5213 justus
2973 5145 3183 5205 fecerit,
3213 5159 3332 5213 quae
3356 5146 3605 5211 superior

2009 5255 2192 5296 sermo
2222 5255 2321 5310 per
2346 5238 2595 5294 ordinem
2647 5237 2840 5301 texuit,
2891 5237 3001 5290 vita
3048 5237 3211 5290 vivet.
3254 5233 3406 5300 Quod
3444 5232 3490 5286 si
3516 5246 3605 5300 ge-

1997 5318 2194 5388 ’nuerit
2224 5332 2390 5386 lilium
2420 5330 2758 5386 recedentem
2783 5345 2813 5383 a
2836 5327 3048 5382 Domitii
3071 5325 3330 5382 servitute
3355 5332 3412 5379 et
3429 5323 3602 5392 patris

2012 5427 2244 5480 virtutes
2264 5425 2414 5478 vitiis
2438 5431 2886 5484 commutantem,
2928 5427 2988 5473 ut
3025 5418 3190 5472 faciat
3221 5431 3342 5486 qua:
3370 5413 3458 5468 ille
3494 5427 3602 5466 non

2014 5517 2163 5580 fecit,
2191 5525 2249 5570 et
2284 5531 2388 5569 non
2431 5514 2596 5568 faciat
2632 5528 2753 5583 quae
2787 5511 2878 5565 ille
2899 5517 3151 5580 operatus
3196 5515 3300 5570 est,
3342 5503 3607 5572 numquid

2013 5607 2197 5662 vivere
2238 5605 2478 5675 poterit?
2516 5606 2678 5659 Certe
2711 5618 2819 5658 non
2862 5602 3025 5664 vivet,
3054 5599 3148 5654 sed
3171 5598 3274 5652 erit
3314 5610 3438 5650 reus
3471 5609 3605 5650 san-

2014 5700 2191 5768 guinis
2227 5700 2328 5753 sui.
2362 5698 2529 5752 Porro
2553 5697 2707 5768 juxta
2745 5691 3148 5762 intelligentiam
3188 5687 3484 5760 spiritalem
3513 5685 3606 5755 ja-
