3954 6182
442 317 542 376 7i!

1118 317 1177 373 B.
1220 316 1471 372 RAD.‘.N1
1508 313 1726 372 MAURI
1760 313 2080 372 ARCHIEP.
2123 315 2434 373 MOGUNT.
2474 314 2761 377 OPERUM
2795 317 2973 376 PARS
3012 317 3075 374 ll.

3614 320 3723 377 τη

441 445 559 490 stus
596 434 681 489 vir
726 433 1143 495 ecclesiasticus,
1181 430 1226 485 si
1273 430 1429 485 fidem
1481 428 1847 500 evangelicam
1885 441 2021 497 prcc-
2048 432 2097 489 Α
2125 427 2252 484 licet
2278 426 2404 496 quia
2452 426 2592 482 ﬁlius
2638 428 2775 482 bene
2802 435 3058 496 operatus
3102 435 3208 491 est,
3246 432 3301 480 et
3324 425 3496 496 patris
3526 424 3724 483 delicta

442 525 726 589 dicaverit,
764 534 818 579 et
865 522 1004 577 ﬁlius
1049 520 1165 591 ejus
1211 528 1371 588 atque
1426 518 1721 588 discipulus
1768 518 2023 573 bazretico

443 615 606 672 fuerit
638 630 822 671 errore
860 615 1136 683 deceptus,
1165 611 1449 667 vocabitur
1483 609 1760 680 pestilens.
1802 611 1878 665 De
1916 625 2024 679 quo

441 714 494 760 et
558 707 611 760 in
661 705 832 774 primo
886 703 1095 772 psalmo
1142 701 1504 756 describitur:
1535 720 1553 751 ι
1586 700 1653 754 Et
1680 700 1734 755 in
1767 701 2024 757 cathedra

440 797 758 868 pestilentiae
826 811 930 851 non
984 796 1162 861 sedit;
1211 815 1230 848 ι
1292 802 1347 849 et
1408 794 1461 848 in
1527 793 1837 849 Proverbiis
1895 810 2025 849 con-

440 888 608 942 ﬁdens
643 896 697 942 et
740 901 941 956 procax
970 895 1023 940 et
1068 886 1353 955 superbus,
1403 884 1660 954 pestilens
1701 884 2019 955 appellatur.

439 978 544 1035 lste
569 976 796 1032 effundit
838 977 1152 1043 sanguinem
1195 975 1563 1043 deceptorum,
1596 984 1648 1030 et
1678 975 1856 1028 oinnia
1888 974 1941 1027 in
1964 988 2023 1029 se

436 1078 656 1141 peccata
693 1070 1056 1141 congeminat,
1088 1070 1375 1124 comedens
1422 1069 1473 1122 in
1518 1067 1790 1122 montibus
1831 1082 2023 1136 super-

436 1160 560 1225 bize,
611 1167 665 1214 et
707 1160 992 1215 ecclesiam
1038 1158 1271 1227 proximi
1306 1157 1390 1212 sui
1438 1156 1700 1227 polluens,
1734 1171 1932 1227 egenos
1966 1163 2022 1210 et

433 1266 702 1322 pauperes
746 1253 798 1306 in
847 1250 1073 1305 scientia
1106 1250 1495 1318 scripturarum
1532 1248 1882 1312 contristaris,
1928 1262 2023 1315 op-

432 1344 673 1413 primens
702 1340 1245 1412 atque’supplantans,
1265 1340 1505 1408 rapinam
1524 1338 1757 1407 rapiens,
1773 1352 1867 1392 eos
1886 1352 2022 1406 quos

432 1433 498 1487 de
513 1430 738 1487 ecclesia
763 1431 1056 1485 seduxerit.
1084 1428 1284 1499 Pignus
1301 1444 1404 1483 non
1427 1427 1675 1490 reddens,
1692 1426 1834 1496 quod
1853 1441 1884 1479 a
1902 1441 2018 1480 ma-

431 1520 601 1590 gistro
646 1526 952 1588 acceperat,
994 1525 1053 1572 ut
1100 1517 1348 1585 impleret
1392 1516 1533 1586 quod
1582 1516 1842 1585 scriptum
1900 1523 2016 1571 est:

434 1630 454 1662 ‹
475 1611 654 1668 Gratis
681 1612 983 1680 accepistis,
1007 1610 1175 1682 gratis
1193 1611 1314 1665 date
1329 1608 1542 1678 (Matth.
1562 1611 1636 1679 χ).
1663 1625 1679 1656 ι
1698 1608 1765 1661 Et
1784 1607 1852 1662 ad
1878 1606 2019 1662 idola

430 1717 594 1777 atque
609 1707 894 1763 simulacra
906 1746 921 1773 ,
935 1721 1055 1776 quae
1069 1705 1133 1760 de
1149 1720 1245 1760 suo
1258 1704 1422 1759 corde
1439 1702 1608 1763 ﬁnxit,
1629 1701 1814 1756 levans
1834 1701 2019 1757 oculos

428 1814 576 1865 suos,
612 1807 941 1867 cunctasque
966 1796 1169 1852 faciens
1197 1794 1644 1855 abominationes,
1684 1802 1739 1846 et
1782 1794 1917 1847 dans
1945 1790 2013 1845 ad

429 1905 647 1943 usuram
670 1888 974 1957 pecuniam,
1005 1895 1066 1941 ut
1091 1901 1328 1941 errorem
1359 1884 1600 1954 magistri
1628 1880 2014 1952 discipulorum

429 1988 627 2050 augeat
657 1979 954 2049 diligentia,
986 1985 1041 2031 et
1076 1986 1327 2045 repetens
1350 1975 1418 2029 ab
1445 1975 1550 2038 his,
1595 1973 1791 2042 quibus
1825 1971 2014 2025 tribuit

428 2070 679 2142 amplius,
707 2086 867 2140 quam
887 2069 1127 2123 dederat.
1156 2067 1315 2123 Certe
1339 2081 1445 2120 non
1466 2064 1682 2135 poterit,
1709 2063 1805 2118 sed
1832 2063 1885 2116 in
1915 2077 2013 2117 suo

427 2161 687 2233 sanguine
710 2161 991 2215 morietur.

502 2274 522 2307 ι
550 2254 703 2324 Quod
743 2255 787 2310 si
814 2252 1061 2325 genuerit
1105 2250 1292 2316 ﬁlium,
1331 2250 1422 2320 qui
1471 2248 1662 2303 videns
1684 2248 1862 2302 omnia
1890 2261 2014 2316 pec—

431 2365 450 2397 i
480 2354 601 2402 cata
631 2345 803 2416 patris
839 2343 921 2399 sui
949 2357 1071 2413 qua
1099 2340 1247 2406 fecit,
1281 2340 1523 2396 timuerit
1565 2348 1620 2393 et
1658 2352 1762 2391 non
1801 2336 2009 2401 fecerit,

428 2455 447 2487 ο
477 2435 727 2492 similiter
756 2448 921 2502 super
967 2441 1178 2487 montes
1224 2446 1329 2486 non
1379 2428 1695 2493 comederit,
1746 2437 1802 2482 et
1828 2427 2014 2483 oculos

427 2545 449 2577 σ
475 2537 600 2580 suos
621 2539 727 2579 non
758 2522 1018 2578 levaverit
1037 2522 1103 2576 ad
1130 2520 1268 2576 idola
1290 2521 1481 2575 domus
1508 2516 1693 2577 Israel,
1716 2524 1770 2571 et
1789 2532 2012 2570 uxorem

426 2635 449 2668 ‹
476 2614 711 2687 proximi
749 2615 831 2670 sui
865 2629 971 2669 non
1018 2613 1315 2673 violaverit,
1354 2620 1409 2666 et
1446 2610 1621 2664 vimm
1664 2624 1770 2663 non
1812 2607 2014 2663 contri-

426 2725 448 2757 ι
476 2705 719 2771 staverit,
741 2704 938 2775 pignus
956 2719 1062 2759 non
1092 2702 1393 2766 retinuerit,
1423 2709 1479 2757 et
1501 2700 1744 2770 rapinam
1786 2715 1891 2754 non
1919 2713 2010 2752 ra-

434 2797 674 2867 querit,
717 2811 912 2866 panem
958 2811 1115 2851 suum
1163 2794 1419 2851 esurienti
1449 2793 1676 2858 dederit,
1711 2801 1766 2847 et
1811 2792 2012 2849 nudum

424 2908 443 2939 ι
474 2886 749 2959 operuerit
774 2886 1112 2953 vestimento,
1164 2900 1195 2939 a
1241 2884 1495 2954 pauperis
1524 2881 1716 2951 injuria
1755 2882 2011 2943 averterit

426 2997 445 3029 ι
473 2993 692 3033 manum
719 2992 892 3043 suam,
939 2990 1157 3032 usuram
1202 2984 1258 3031 et
1303 2974 1851 3044 superabundantiam
1903 2989 2008 3031 non

424 3088 444 3121 ι
475 3069 762 3138 acceperit,
804 3068 1003 3138 judicia
1046 3082 1161 3121 mea
1206 3065 1412 3131 fecerit,
1462 3066 1514 3121 in
1558 3067 1843 3136 przeceptis
1873 3067 2008 3122 meis

427 3177 446 3212 ι
476 3158 851 3222 ambulaverit,
878 3151 965 3212 liic
992 3174 1094 3213 non
1137 3157 1397 3212 morietur
1429 3158 1479 3213 in
1526 3157 1809 3228 iniquitate
1838 3158 2009 3227 patris

426 3270 446 3301 ι
474 3252 578 3316 sui,
603 3251 698 3306 sed
730 3250 836 3305 vita
861 3250 1023 3305 vivet.
1050 3248 1209 3303 Pater
1237 3249 1353 3319 ejus
1375 3249 1498 3318 quia
1522 3248 1880 3304 calumniatus
1905 3257 2009 3311 est,

430 3365 449 3398 ι
476 3358 532 3402 et
564 3348 672 3402 vim
697 3346 822 3403 fecit
851 3347 1005 3401 fratri
1046 3357 1103 3402 et
1133 3347 1327 3402 malum
1359 3357 1613 3418 operatus
1643 3356 1727 3403 est
1753 3349 1802 3406 in
1833 3350 2010 3407 medio

425 3460 445 3490 α
472 3440 654 3510 populi
698 3440 803 3505 sui,
858 3440 947 3495 hic
996 3449 1243 3496 mortuus
1288 3448 1371 3495 est
1417 3440 1468 3494 in
1516 3440 1797 3510 iniquitate
1844 3456 2004 3494 sua.»

418 3531 692 3604 (Hierom)
728 3532 858 3599 Nec,
905 3534 1100 3603 inquit,
1145 3534 1434 3597 miremini,
1481 3534 1523 3588 si
1548 3533 1675 3604 justi
1720 3534 1822 3587 viri
1870 3533 2010 3595 filius

416 3623 695 3679 declinans
712 3622 780 3678 ad
804 3624 931 3679 vitia
951 3635 1112 3694 atque
1134 3634 1355 3695 peccata
1381 3633 1553 3679 morte
1577 3624 1858 3690 moriatur,
1877 3640 2004 3680 cum

416 3727 450 3769 e
476 3714 751 3770 contrario
772 3713 916 3770 ﬁlius
959 3716 1261 3785 peccatoris
1303 3724 1359 3771 et
1404 3716 1553 3785 impii
1589 3717 1635 3771 si
1663 3716 1859 3773 viderit
1886 3731 2009 3787 per-

420 3806 734 3861 versitatem
760 3806 969 3861 viarum
984 3806 1154 3875 patris
1168 3807 1273 3872 sui,
1286 3813 1341 3861 et
1354 3808 1682 3862 converterit
1695 3821 1775 3873 se,
1792 3814 1851 3862 ut
1866 3807 2004 3862 mala

420 3912 528 3953 non
552 3897 735 3963 faciat,
754 3906 811 3952 et
836 3897 1000 3952 faciat
1022 3900 1185 3963 bona,
1214 3915 1340 3954 reus
1364 3906 1713 3967 paternorum
1745 3900 2006 3956 scelerum

424 4001 529 4042 non
558 3994 824 4041 teneatur.
879 3985 1033 4052 Quod
1071 3997 1126 4042 et
1161 3988 1213 4041 in
1264 3988 1419 4043 nobis
1451 3988 1621 4057 accipi
1666 3996 1865 4059 potest,
1910 4004 2008 4059 pro

422 4075 621 4145 quibus
658 4076 714 4130 in
739 4074 971 4131 Psalmis
996 4077 1228 4132 dicitur:
1257 4095 1276 4127 ι
1322 4078 1480 4145 Audi,
1514 4079 1644 4144 ﬁlia,
1684 4088 1740 4135 et
1778 4081 1922 4145 vide,
1952 4089 2008 4137 et

421 4166 621 4222 inclina
649 4182 833 4224 aurem
877 4176 1043 4232 tuam,
1095 4177 1151 4224 et
1177 4168 1494 4225 obliviscere
1537 4172 1793 4242 populum
1831 4182 2004 4238 tuum,

420 4268 479 4313 et
503 4262 719 4315 domum
764 4259 933 4330 patris
979 4260 1087 4315 tui:
1118 4269 1173 4314 et
1225 4260 1573 4330 concupiscet
1613 4277 1707 4316 rex
1756 4263 2003 4318 decorem

2127 535 2232 586 non
2260 517 2407 575 fecit.
2437 517 2757 589 Iustumque
2782 526 2945 573 estut
2973 517 3246 587 quomodo
3271 525 3524 585 peccator
3551 517 3604 571 in
3626 530 3726 595 suo

2124 615 2328 671 scelere
2359 614 2611 678 moritur,
2653 612 2733 668 sic
2772 611 2954 680 justus
2986 611 3039 665 in
3071 610 3187 666 suis
3216 610 3363 664 vivat
3406 609 3721 665 virtutibus.

2124 706 2193 761 Et
2221 704 2490 761 moriatur
2535 704 2717 758 anima
2760 718 2881 772 qua:
2935 702 3264 771 peccaverit,
3311 707 3366 756 et
3409 699 3557 754 vivat
3605 716 3723 771 qua

2122 806 2385 868 praecepta
2418 796 2512 851 Dei
2536 794 2868 850 custodierit.

2200 908 2219 940 ι
2248 888 2344 943 Sin
2369 897 2551 942 autem
2576 885 2773 954 impius
2790 883 2959 955 egerit
2983 881 3353 953 pmnitentiam
3380 879 3449 934 ab
3472 879 3723 935 omnibus

2128 999 2147 1030 ι
2179 980 2417 1050 peccatis
2438 980 2569 1042 suis,
2601 992 2722 1048 qua:
2748 984 3005 1047 operatus
3034 982 3136 1039 est,
3169 983 3226 1027 et
3245 972 3566 1027 custodierit
3605 970 3723 1025 uni-

2128 1092 2145 1124 ι
2179 1088 2334 1127 versa
2360 1079 2631 1141 praecepta
2660 1084 2801 1135 mea,
2848 1078 2903 1124 et
2936 1068 3125 1123 fecerit
3156 1065 3425 1137 judicium
3468 1074 3526 1120 et
3560 1059 3723 1133 justi-

2127 1182 2145 1214 ι
2184 1164 2334 1227 tiam,
2366 1162 2476 1218 vita
2523 1162 2690 1227 vivet,
2726 1169 2782 1216 et
2829 1175 2936 1216 non
2982 1144 3262 1214 morietur.
3304 1157 3561 1214 Omnium
3623 1158 3721 1211 ini-

2128 1271 2145 1303 ι
2174 1253 2440 1322 quilatum
2461 1253 2595 1323 ejus,
2629 1267 2764 1322 quas
2790 1260 3046 1321 operatus
3074 1266 3105 1305 e
3124 1260 3177 1310 .t.
3221 1266 3326 1305 non
3371 1249 3719 1313 recordabar,

2127 1364 2144 1396 ι
2175 1345 2228 1399 in
2247 1343 2458 1412 justitia
2485 1358 2585 1400 sua
2613 1358 2776 1413 quam
2806 1353 3065 1413 operatus
3091 1350 3175 1396 est
3197 1342 3362 1396 vivet.
3390 1360 3409 1393 ι
3443 1339 3718 1409 (Hieron)

2119 1434 2176 1488 In
2195 1443 2421 1498 tantum,
2437 1434 2533 1500 ait,
2550 1441 2770 1503 peccata
2793 1440 3009 1503 patrum
3023 1433 3087 1486 ad
3104 1431 3240 1486 ﬁlios
3260 1447 3368 1485 non
3389 1431 3718 1495 redundant,

2120 1540 2220 1579 nec
2238 1522 2447 1593 justum
2489 1523 2659 1579 filium
2686 1523 2981 1580 sceleratus
3002 1531 3309 1594 praegravat
3334 1530 3516 1591 pater,
3545 1534 3719 1590 neque

2120 1617 2211 1671 alii
2238 1632 2337 1687 pro
2361 1616 2590 1671 aliorum
2638 1615 2936 1672 sceleribus
2986 1615 3302 1685 puniuntur,
3334 1621 3393 1668 ut
3436 1614 3555 1684 ipse
3581 1628 3719 1667 unus

2120 1719 2282 1779 atque
2310 1710 2473 1776 idem,
2500 1711 2593 1781 qui
2617 1710 2770 1780 prius
2798 1709 2995 1781 impius
3039 1708 3143 1763 fuit
3169 1718 3333 1777 atque
3365 1714 3648 1777 peccator,
3673 1703 3716 1758 si

2045 1779 2090 1838 Β
2116 1807 2304 1867 postea
2329 1798 2502 1868 egerit
2520 1779 2947 1867 “ptenitentiain,
2975 1808 3031 1853 et
3070 1796 3136 1851 ad
3168 1797 3389 1851 meliora
3421 1810 3718 1852 conversus

2114 1890 2341 1961 pristina
2385 1897 2608 1961 peccata
2653 1889 2934 1955 deleverit,
2989 1905 3095 1945 non
3138 1888 3413 1960 iudicetur
3444 1894 3717 1943 vetustate

2113 1979 2344 2049 peccati,
2401 1980 2497 2035 sed
2540 1980 2593 2033 in
2647 1994 2827 2034 meum
2865 1979 3160 2049 recipiatur
3192 1993 3432 2049 gregem,
3492 1978 3716 2031 innova-

2115 2070 2260 2125 tione
2290 2071 2527 2125 virtutis.
2557 2069 2837 2140 Simulque
2868 2070 3319 2126 considerandum
3354 2069 3578 2139 qualem
3609 2070 3711 2123 im-

2112 2161 2257 2231 pium
2282 2171 2339 2216 et
2357 2170 2698 2231 peccatorem
2726 2161 2987 2230 suscipiat
3005 2160 3377 2229 pmnitcntem.
3411 2157 3471 2213 Si
3502 2159 3573 2213 ab
3593 2174 3714 2212 om-

2113 2254 2293 2319 nibus,
2326 2253 2526 2323 iuquit,
2550 2254 2790 2323 peccatis
2826 2253 2956 2317 suis,
2989 2268 3110 2321 qua:
3131 2261 3386 2322 operatus
3410 2260 3519 2316 est,
3558 2266 3717 2305 aver-

2115 2344 2333 2410 teritse,
2350 2351 2405 2399 et
2431 2344 2748 2399 custodierit
2777 2343 3027 2398 universa
3042 2341 3565 2413 prazeeptaDomini.
3598 2341 3716 2408 Quo

2113 2436 2318 2491 scilicet
2359 2435 2541 2490 omnia
2585 2434 2811 2489 crimina
2862 2435 3224 2504 derelinquat,
3252 2440 3305 2489 et
3344 2442 3574 2489 cunctas
3606 2434 3717 2487 vir-

2117 2535 2257 2582 tutes
2285 2536 2559 2596 sequatur.
2588 2525 2644 2581 Si
2669 2525 2853 2580 omnia
2880 2526 3019 2581 bona
3063 2525 3270 2587 fecerit,
3300 2531 3353 2579 et
3390 2532 3590 2578 cuncta
3620 2523 3715 2578 de-

2115 2618 2344 2673 seruerit
2372 2615 2534 2682 mala,
2559 2628 2615 2671 et
2635 2630 2733 2688 ego
2760 2615 3001 2671 omnium
3033 2615 3375 2685 iniquitatum
3406 2612 3547 2683 ejus,
3572 2629 3714 2683 quas

2114 2717 2366 2780 operatus
2393 2716 2479 2763 est
2509 2707 2819 2772 obliviscar,
2850 2726 2868 2758 ‹
2896 2708 2951 2762 in
2991 2706 3199 2777 justitia
3226 2721 3347 2773 sua,
3371 2719 3534 2774 quam
3574 2719 3713 2782 ope:

2114 2808 2265 2856 ratus
2286 2809 2365 2855 est
2395 2800 2554 2863 vivet,
2580 2819 2599 2851 ι
2632 2815 2736 2854 non
2781 2808 2890 2854 tam
2920 2814 3060 2863 mea,
3092 2812 3254 2868 quam
3297 2812 3396 2852 sua
3436 2796 3582 2852 vivet
3613 2795 3709 2863 ju-

2112 2890 2279 2955 stitia,
2328 2890 2453 2946 licet
2480 2889 2707 2959 justitia:
2738 2903 2868 2943 mete
2915 2888 2987 2944 sit
3035 2887 3188 2943 bonis
3240 2887 3402 2953 bona,
3441 2893 3499 2942 et
3544 2885 3713 2941 malis

2112 2979 2250 3035 mala
2276 2979 2520 3035 reddere.

2189 3090 2209 3125 ι
2235 3071 2503 3141 Numquid
2534 3070 2825 3126 voluntatis
2875 3086 3008 3126 mea:
3057 3077 3140 3125 est
3170 3084 3315 3124 mors
3365 3067 3535 3139 impii,
3573 3068 3711 3123 dicit

2118 3180 2137 3214 ι
2166 3161 2427 3219 Dominus
2464 3163 2628 3226 Deus,
2655 3170 2710 3216 et
2739 3175 2844 3216 non
2875 3169 2934 3215 ut
2981 3166 3328 3216 convertatur
3365 3174 3396 3213 a
3428 3159 3534 3215 viis
3565 3159 3706 3225 suis,

2117 3272 2136 3305 ι
2164 3261 2222 3310 et
2267 3253 2451 3311 vivat?
2482 3272 2499 3306 ι
2538 3252 2808 3324 (Ηίενοη.)
2857 3252 3000 3323 Ergo
3035 3250 3247 3306 Domini
3293 3249 3592 3305 voluntatis
3621 3258 3711 3304 est

2111 3361 2304 3402 omnes
2328 3345 2507 3401 salvos
2537 3345 2654 3401 ticri
2705 3355 2763 3399 et
2806 3344 2874 3399 ad
2922 3344 3172 3401 notitiam
3210 3342 3453 3397 veritatis
3490 3340 3707 3397 venire.

2113 3438 2450 3507 Ubicumque
2479 3445 2659 3492 autem
2693 3435 2787 3490 Dei
2832 3434 3043 3490 videtur
3085 3449 3273 3488 severa
3312 3440 3366 3487 et
3396 3431 3710 3487 truculenta

2109 3528 2398 3591 sententia,
2429 3542 2533 3584 non
2571 3526 2836 3591 homines,
2874 3525 2966 3581 sed
2996 3532 3217 3594 peccata
3245 3524 3593 3577 condemnat.

2186 3638 2205 3669 ι
2237 3618 2295 3675 Si
2340 3628 2522 3675 autem
2568 3619 2829 3673 averterit
2878 3634 2939 3673 se
2968 3617 3149 3686 justus
3176 3632 3208 3670 a
3247 3614 3462 3684 justitia
3517 3628 3620 3669 sua
3648 3622 3709 3669 et

2114 3727 2133 3761 ι
2162 3708 2354 3765 fecerit
2378 3709 2721 3779 iniquitatem
2740 3709 3031 3765 secundum
3053 3722 3243 3762 omnes
3267 3705 3710 3761 abominationes

2114 3821 2133 3854 ι
2159 3817 2298 3872 quas
2318 3802 2530 3871 operari
2562 3803 2704 3857 solet
2728 3800 2947 3871 impius,
2978 3798 3241 3868 numquid
3271 3797 3445 3852 vivet?
3506 3810 3710 3850 omnes

2114 3910 2132 3944 ι
2154 3893 2380 3963 justitia:
2421 3891 2561 3960 ejus,
2590 3908 2726 3961 quas
2762 3890 2964 3949 fecerat
2994 3904 3099 3945 non
3143 3898 3303 3944 erunt
3329 3888 3382 3942 in
3411 3887 3706 3952 memoria,

2113 3981 2215 4041 tin
2261 3980 2730 4049 prazvaricatione,
2784 3995 2890 4049 qua
2949 3979 3336 4047 praevaricatus
3386 3984 3491 4042 est,
3549 3987 3610 4031 et
3648 3977 3707 4031 in

2114 4092 2132 4125 ι
2162 4081 2380 4143 peccato
2432 4087 2553 4138 suo,
2603 4087 2711 4141 quo
2759 4071 3022 4142 peccavit,
3070 4071 3125 4124 in
3173 4070 3303 4139 ipsis
3353 4069 3643 4124 morietur.
3679 4089 3700 4122 ι

2108 4164 2378 4237 (Ηίενοη.)
2418 4164 2573 4223 Sicut
2606 4165 2812 4236 justum
2839 4173 2999 4219 antea
3026 4176 3373 4233 peccatorem
3420 4180 3531 4218 non
3560 4181 3702 4234 pra:-

2106 4265 2338 4328 gravant
2366 4258 2589 4327 antiqua
2638 4256 2854 4323 delicta,
2904 4257 2984 4313 sic
3022 4264 3385 4325 peccatorem,
3420 4256 3516 4325 qui
3544 4258 3707 4326 prius

418 4359 575 4406 tuum
607 4349 781 4425 (Paul.
803 4350 973 4422 κων).
995 4371 1014 4405 ι
1046 4351 1115 4406 Ει
1140 4352 1232 4421 qui
1256 4352 1323 4407 de
1360 4352 1602 4422 gentium
1626 4368 1811 4411 sumus
1841 4356 2007 4425 stirpe

2129 4356 2280 4404 ustus
2310 4347 2493 4413 fuerit,
2522 4363 2630 4403 non
2650 4348 2843 4418 juvant
2871 4357 3084 4407 veteres
3097 4348 3358 4418 justitiae:
3388 4349 3704 4420 Unusquis-

416 4442 681 4512 generati,
713 4450 774 4498 ut
814 4442 1184 4512 relinquamus
1230 4452 1515 4513 parentum
1548 4445 1799 4509 crimina,
1842 4454 1897 4500 et
1921 4445 2006 4501 fa-
2033 4471 2084 4531 ι)
2109 4451 2215 4508 que
2234 4438 2402 4503 enim.
2434 4437 2488 4491 in
2514 4451 2622 4507 qno
2658 4438 2980 4504 invenietur,
3008 4438 3062 4493 in
3096 4453 3162 4494 ee
3176 4437 3534 4508 judicabitur.

420 4533 626 4589 ciamus
641 4533 902 4605 judicium
929 4541 987 4589 et
1018 4533 1305 4604 justitiam,
1345 4540 1401 4589 et
1426 4534 1669 4590 vivamus
1697 4535 1748 4589 in
1775 4551 1861 4592 ea.
1893 4536 2004 4593 Re-

416 4623 554 4692 petit
588 4624 787 4692 itaque,
832 4638 952 4691 qua:
995 4636 1158 4692 supra
1201 4623 1363 4678 latius
1397 4626 1668 4692 prosecuti
1717 4640 1925 4691 sumus,
1953 4634 2010 4682 et

424 4714 545 4769 ideo
575 4713 808 4769 breviter
832 4722 1027 4769 cuncta
1051 4715 1438 4784 percurrimus,
1468 4715 1534 4769 ad
1557 4715 1646 4771 illa
1670 4731 1790 4785 qua:
1813 4716 2007 4772 obscuv

423 4803 564 4859 riora
600 4811 655 4859 et
682 4818 817 4859 nova
844 4812 967 4857 sunt
994 4805 1223 4860 transire
1243 4806 1540 4875 cupientes.

500 4910 519 4941 ι
548 4891 616 4945 Et
643 4891 843 4957 dicitis,
873 4893 1051 4959 Quare
1086 4909 1191 4948 non
1228 4895 1463 4964 portabit
1498 4896 1638 4951 ﬁlius
1668 4897 2004 4966 iniquitatem

429 5000 447 5032 ι
478 4982 682 5052 patris?
727 4982 972 5039 videlicet
1021 4986 1146 5053 quia
1177 4986 1318 5040 filius
1349 4986 1609 5054 judicium
1651 4996 1706 5042 et
1741 4989 2007 5059 justitiam

430 5092 445 5122 ι
478 5080 731 5141 operatus
760 5080 859 5135 est,
892 5073 1073 5128 omnia
1125 5084 1389 5144 praecepta
1446 5090 1565 5130 mea
1611 5078 1920 5142 custodivit,
1953 5085 2010 5133 et

426 5183 446 5215 ι
480 5164 605 5220 fecit
651 5163 762 5229 illa,
813 5163 924 5221 vita
970 5163 1134 5219 vivet.
1160 5164 1352 5218 Anima
1396 5182 1515 5235 qua:
1555 5168 1862 5236 peccaverit
1889 5169 2007 5238 ipsa

428 5275 447 5309 ι
472 5256 753 5319 morietur,
789 5254 932 5315 ﬁlius
962 5270 1067 5314 non
1106 5255 1342 5323 portabit
1369 5256 1705 5325 iniquitatem
1730 5257 1919 5327 patris,
1950 5266 2007 5312 et

424 5365 447 5400 ι
473 5356 623 5420 pater
651 5346 990 5417 iniquitatem
1021 5346 1136 5401 lilii.
1160 5344 1375 5401 Justitia
1390 5344 1522 5414 justi
1548 5362 1713 5417 super
1736 5362 1859 5403 eum
1879 5349 1999 5415 erit,

422 5456 443 5491 ι
471 5447 528 5496 et
558 5439 807 5508 impietas
837 5438 985 5509 impii
1028 5438 1131 5494 erit
1177 5451 1338 5506 super
1392 5437 1561 5493 illum.
1592 5459 1611 5491 ι
1659 5438 1831 5493 Solvit
1858 5456 2004 5510 qua:—

418 5530 668 5595 stiouem,
693 5546 854 5601 quam
878 5548 909 5586 e
929 5530 1202 5587 contrario
1229 5538 1440 5600 poterat
1462 5530 1677 5588 auditor
1713 5546 2003 5602 Opponere.

420 5617 639 5684 Soletis,
668 5622 765 5687 ait,
794 5622 973 5677 dicere
998 5639 1010 5675 :
1040 5636 1210 5692 quare
1246 5621 1389 5675 ﬁlius
1420 5620 1601 5690 justus
1639 5638 1745 5677 non
1767 5625 2005 5692 portabit

412 5706 755 5777 iniquitatem
795 5712 1001 5783 patris?
1042 5712 1123 5766 Ad
1176 5729 1296 5783 quae.
1333 5712 1447 5781 ipse
1478 5716 1766 5782 respondet
1799 5733 1811 5767 :
1840 5714 2003 5773 Video

2185 4548 2205 4580 ι
2236 4529 2307 4585 Et
2328 4529 2576 4585 dixistis:
2618 4527 2735 4585 Non
2778 4537 2866 4585 est
2895 4545 3050 4601 aequa
3083 4531 3171 4585 via
3213 4528 3446 4585 Domini.
3496 4529 3707 4587 Audite

2115 4637 2133 4668 ι
2162 4619 2353 4674 domus
2378 4618 2541 4674 israel
2567 4637 2579 4673 :
2612 4617 2881 4688 Numquid
2918 4619 3005 4673 via
3031 4635 3154 4676 mea
3187 4635 3293 4676 non
3322 4628 3406 4675 est
3431 4634 3613 4690 aqua,
3645 4628 3709 4676 et

2114 4727 2133 4759 ι
2163 4722 2271 4763 non
2316 4708 2490 4779 magis
2535 4708 2637 4764 vite
2692 4717 2887 4765 vestra:
2928 4724 3109 4779 pravas
3157 4710 3333 4777 sunt?
3361 4730 3381 4763 ι
3419 4708 3707 4782 (Περι-οη.)

2109 4797 2308 4853 Reddit
2347 4813 2561 4865 causas,
2621 4813 2791 4868 quare
2838 4798 3050 4854 Domini
3089 4800 3234 4870 justa
3280 4800 3554 4854 sententia
3603 4802 3701 4854 sit.

2109 4890 2318 4945 Putatis
2337 4907 2446 4955 me,
2484 4891 2581 4959 ait,
2608 4892 2869 4963 iniquum,
2893 4905 2954 4947 ut
2980 4904 3200 4963 peccata
3222 4902 3436 4963 patrum
3468 4893 3705 4948 reddam

2111 4981 2254 5048 ﬁliis,
2280 4992 2335 5038 et
2371 4983 2493 5038 aliis
2517 4983 2920 5039 comedentibus
2947 4999 3106 5038 uvam
3142 4984 3418 5049 acerbam,
3464 4982 3704 5036 aliorum

2109 5073 2299 5128 dentes
2313 5074 2723 5144 obstupescant?
2744 5075 2883 5130 Ecce
2902 5073 3336 5145 unusquisquein
3350 5082 3575 5143 peccato
3598 5087 3706 5127 suo

2108 5165 2359 5232 moritur,
2385 5175 2441 5221 et
2468 5167 2522 5222 in
2551 5182 2647 5222 sua
2666 5166 2879 5238 justitia
2904 5166 3225 5233 viviﬁcatur,
3251 5166 3304 5220 in
3331 5175 3562 5233 utroque
3582 5181 3705 5219 non

2107 5256 2403 5328 praeterita,
2439 5258 2532 5312 sed
2566 5259 2851 5327 praesentia
2871 5256 3207 5326 judicantur.
3235 5256 3374 5324 Quin
3397 5257 3583 5327 potius
3605 5272 3706 5308 ve-

2109 5354 2224 5401 stra
2246 5346 2431 5417 iniqua
2458 5355 2544 5402 est
2568 5349 2858 5415 sententia,
2888 5348 2983 5420 qui
3010 5349 3210 5418 putatis
3237 5347 3547 5418 parabolam
3585 5364 3703 5401 non

2108 5458 2230 5503 esse
2250 5443 2582 5513 parabolam,
2608 5445 2702 5501 sed
2730 5446 2810 5500 sic
2833 5461 2951 5500 eam
2979 5446 3244 5516 accipitis,
3272 5447 3424 5516 quasi
3448 5444 3704 5501 historia:

2109 5537 2426 5598 veritatem,
2501 5547 2561 5594 ut
2613 5536 2843 5593 aliorum
2900 5538 3102 5594 scelera
3163 5539 3217 5593 in
3279 5536 3403 5593 aliis
3457 5535 3701 5607 punian-

2117 5635 2223 5682 tur.

2187 5738 2207 5773 ς
2234 5719 2367 5776 Cum
2393 5722 2537 5778 enim
2566 5723 2826 5779 averterit
2867 5738 2924 5779 se
2960 5722 3140 5793 justus
3166 5736 3196 5775 a
3231 5720 3440 5791 justitia
3484 5732 3610 5785 sua,
3643 5724 3704 5771 et
