3954 6182
340 325 442 378 713

1247 312 1597 371 (ΣΟΜἊΕΝΤ.
1639 310 1704 369 IN
1744 308 2198 364 EZECIIIELEM.
2239 339 2307 350 --
2347 308 2476 363 LIB.
2519 307 2651 364 VIII.

3468 307 3631 398 'il‘l‘F

340 459 361 489 ι
390 436 578 493 fecerit
615 431 977 503 iniquitatem,
1004 427 1264 490 morietur
1304 426 1363 480 in
1388 425 1489 480 eis.
1533 424 1592 481 In
1632 422 1917 492 iniquitate
1943 424 1991 482 Α
2019 420 2212 490 quibus
2240 420 2500 489 scriptum
2540 427 2660 474 est:
2691 436 2710 468 ι
2743 414 2886 473 Deus
2923 417 3169 473 vivorum
3208 425 3264 471 ct
3308 432 3417 472 non
3442 431 3582 481 mor-
3634 426 3635 431 ‘

340 549 363 580 ι
390 541 553 598 quain
581 529 837 593 operatus
862 528 947 574 est
986 517 1267 574 morietur.
1296 535 1318 568 ›
1350 512 1616 586 (fueram)
1652 512 1835 567 Potest
1857 518 1913 565 et

336 620 441 673 hoc
468 612 690 682 intelligi
716 610 931 682 :justns
954 607 1104 677 prius
1124 605 1351 676 populus
1389 603 1551 659 Israel
1577 602 1852 661 avertitse
1878 617 1911 655 a

328 704 539 775 justitia
561 716 679 765 sua,
724 698 849 768 quia
872 696 1094 767 justitite
1126 693 1345 762 reliquit
1373 700 1670 755 auctorem,
1706 698 1761 745 et
1783 689 1913 744 l'ecit

336 793 700 863 iniquitatem,
732 787 929 842 Filium
952 785 1048 840 Dei
1070 782 1400 852 denegando,
1430 782 1484 835 in
1506 787 1731 849 peccato
1752 788 1913 848 atque

334 882 539 941 scelere
578 879 722 949 quod
744 884 998 947 operatus
1024 882 1108 929 est
1134 873 1412 929 morietur.
1435 868 1550 949 Non
1572 870 1626 923 in
1646 869 1910 939 pluribus,

333 972 428 1029 sed
457 969 517 1024 in
545 946 652 1023 uno
689 946 955 1022 btet-edem
1000 960 1348 1027 interﬁciens,
1382 946 1717 1029 ut'perderet
1744 957 1915 1012 hrcre-

336 1061 582 1115 ditatem.

410 1167 428 1199 ι
457 1148 525 1202 Et
550 1160 675 1201 cum
713 1143 972 1199 averterit
1017 1155 1077 1197 se
1119 1137 1316 1210 impius
1356 1137 1426 1193 ab
1469 1144 1746 1207 .mpietate
1793 1150 1913 1202 sua,

340 1257 359 1288 ‹
387 1252 550 1306 quam
591 1242 847 1306 operatus
875 1240 977 1296 est,
1008 1238 1064 1289 et
1109 1228 1297 1289 fecerit
1339 1228 1600 1299 judicium
1636 1236 1797 1297 atque
1828 1226 1917 1297 ju-

339 1349 361 1380 ι
386 1330 607 1391 stitiam,
640 1328 757 1398 ipse
780 1326 1015 1383 animam
1037 1340 1191 1379 suam
1218 1322 1530 1379 viviﬁcabit.
1559 1320 1917 1378 Considerans

341 1438 359 1470 ι
386 1419 531 1475 enim
561 1418 755 1472 avertit
778 1432 839 1472 se
858 1418 926 1472 ab
950 1415 1199 1473 omnibus
1226 1413 1605 1497 iniquitatibus
1625 1413 1760 1477 suis,
1782 1426 1918 1481 quas

340 1527 358 1558 ι
386 1516 640 1577 operatus
679 1515 783 1569 est,
809 1506 916 1559 vita
944 1506 1085 1560 vivet
1124 1512 1178 1557 et
1210 1517 1327 1558 non
1358 1503 1638 1557 morietur.
1667 1521 1686 1554 ι
1718 1501 1761 1555 Ε
1782 1515 1917 1555 con-

337 1597 527 1663 trario,
567 1596 662 1662 ait,
711 1593 939 1664 populus
986 1592 1226 1664 gentium
1278 1606 1386 1647 non
1423 1591 1627 1644 habens
1668 1588 1917 1657 notitiam

335 1686 454 1750 Dei,
484 1692 543 1739 et
566 1684 762 1754 impius
781 1684 830 1739 si
852 1698 912 1738 se
930 1681 1197 1751 averterit
1219 1681 1286 1735 ab
1308 1680 1585 1750 impietate
1611 1694 1728 1745 sua,
1752 1694 1914 1748 quam

336 1776 487 1846 prius
515 1784 771 1845 operatus
800 1784 885 1849 est
932 1774 987 1827 in
1018 1772 1344 1848 idololatria,
1372 1781 1426 1827 et
1468 1771 1657 1828 fecerit
1681 1786 1744 1825 ea
1792 1785 1912 1840 qua:
1940 1756 1987 1814 Β

334 1865 515 1920 Israeli
541 1864 656 1935 lege
680 1872 944 1933 praecepta
990 1870 1163 1927 sunt;
1180 1861 1292 1930 ipse
1311 1860 1463 1931 prius
1507 1868 1751 1915 mortuus
1778 1859 1912 1914 vivi-

334 1956 514 2011 ﬁcahit
544 1956 778 2009 animam
822 1969 997 2017 suam,
1031 1954 1322 2021 vidensque
1349 1968 1409 2008 sc
1438 1952 1685 2008 interisse
1727 1951 1782 2005 in
1810 1950 1913 2006 ini-

332 2046 648 2115 quitatibus,
703 2060 837 2115 quas
884 2052 1136 2113 operatus
1181 2052 1285 2107 est,
1336 2040 1520 2096 credet
1563 2042 1615 2096 iu
1667 2056 1789 2096 eum
1819 2041 1910 2111 qui

333 2135 462 2188 dicit
486 2151 499 2186 :
532 2152 550 2184 ι
580 2134 690 2204 Ego
722 2149 840 2187 sum
866 2133 978 2198 via,
1002 2141 1056 2187 et
1074 2131 1275 2187 veritas
1312 2140 1368 2186 et
1393 2132 1500 2184 vita
1527 2130 1704 2201 (Juan.
1727 2130 1863 2201 inv),
1886 2150 1904 2182 ι

331 2224 442 2277 vita
471 2223 620 2277 vivet
643 2232 699 2276 et
732 2238 836 2277 non
868 2222 1150 2277 morietur.

409 2332 428 2365 ι
457 2314 525 2367 Ει
553 2314 737 2369 dicunt
762 2313 855 2367 ﬁlii
889 2312 1086 2367 Israel:
1118 2312 1235 2368 Non
1263 2322 1346 2369 est
1383 2327 1534 2382 aequa
1564 2313 1651 2368 via
1674 2311 1908 2368 Domini.

339 2420 356 2454 ι
382 2401 636 2472 Nunquid
659 2405 759 2459 via:
782 2418 913 2458 mea:
937 2418 1044 2458 non
1066 2410 1193 2458 sunt
1219 2417 1407 2473 atquae,
1434 2404 1623 2458 domus
1644 2402 1830 2468 Israel,
1857 2411 1912 2456 et

339 2514 356 2546 ι
385 2512 489 2551 non
520 2497 693 2568 magis
716 2496 816 2551 via:
860 2482 1053 2551 vestra:
1090 2496 1344 2566 praue?)
1398 2494 1577 2565 Usque
1605 2494 1765 2550 hodie
1793 2492 1911 2549 bla-

334 2584 619 2654 sphemant
645 2585 807 2640 Israel
847 2572 1031 2647 Deum,
1074 2600 1171 2639 cur
1196 2585 1451 2656 populum
1486 2600 1642 2640 suum
1682 2583 1913 2656 relique-

333 2672 425 2738 rit,
483 2681 539 2727 et
592 2674 836 2743 gentium
887 2673 1248 2743 adsumpserit
1302 2673 1716 2740 multitudinem,
1770 2674 1914 2745 quod

334 2764 512 2834 arguit
540 2762 819 2830 Dominus,
842 2762 983 2832 quod
1012 2763 1111 2817 via-
1138 2778 1322 2818 eorum
1348 2778 1527 2833 pravae
1549 2763 1675 2827 sint,
1700 2758 1915 2819 Domini

332 2862 510 2908 autem
535 2854 686 2930 justa
714 2854 999 2917 sententia,
1040 2861 1098 2908 ut
1127 2853 1348 2922 perditis
1371 2852 1576 2907 colonis
1617 2853 1911 2922 prioribus,

333 2944 467 2998 alios
493 2945 546 2998 in
574 2944 783 2998 vineam
831 2958 983 2998 suam
1027 2944 1207 2997 mittat
1245 2942 1528 3014 agricolas,
1567 2942 1708 3011 quod
1754 2941 1913 2997 intel-

330 3032 557 3103 ligentes
574 3033 625 3087 in
648 3033 918 3103 Evangelii
942 3032 1191 3102 parabola
1214 3033 1397 3088 dixere
1417 3030 1605 3097 Judaei,
1630 3052 1647 3082 ι
1672 3031 1785 3087 Νοη
1807 3033 1910 3088 erit

326 3122 488 3177 istud.
527 3142 547 3174 ι

407 3232 423 3261 ι
453 3211 659 3266 Idcirco
681 3226 1115 3282 unumquemque
1152 3212 1306 3282 juxta
1349 3211 1466 3266 vias
1490 3226 1615 3266 suas
1633 3208 1907 3279 judicabo,

335 3321 354 3353 ι
384 3302 575 3357 domus
594 3302 775 3367 Israel,
793 3303 869 3357 ait
899 3303 1156 3356 Dominus
1180 3301 1340 3357 Deus.
1364 3322 1381 3353 ›
1417 3301 1542 3381 Sive
1576 3301 1642 3356 de
1668 3304 1905 3372 gentium

330 3394 694 3460 multitudine,
742 3395 854 3450 sive
902 3393 969 3448 de
1017 3392 1180 3449 Israel
1216 3393 1409 3464 populo
1453 3394 1581 3460 sint,
1634 3395 1722 3463 qui
1766 3395 1911 3464 judi-

327 3494 561 3540 cantur:
584 3504 602 3537 ‹
631 3484 745 3539 Non
768 3496 848 3539 est
868 3500 1219 3555 personarum
1244 3484 1482 3554 acceptio
1505 3482 1642 3552 apud
1665 3484 1855 3549 Deum,
1885 3502 1903 3534 ι

335 3576 429 3630 sed
464 3577 833 3647 unusquisque
876 3592 973 3630 sua
1011 3576 1357 3631 coronabitur
1386 3575 1508 3641 ﬁde,
1551 3583 1605 3630 et
1637 3575 1909 3645 impietate

332 3675 496 3737 atque
526 3665 841 3721 inﬁdelitate
870 3665 1230 3721 danmabitur.

406 3776 425 3807 ε
456 3754 842 3811 Convertimini
870 3763 926 3812 et
968 3756 1109 3827 agite
1139 3755 1511 3826 paenitentiam
1557 3756 1625 3810 ab
1660 3754 1908 3811 omnibus

337 3866 357 3899 ι
383 3847 759 3917 iniquitatibus
787 3848 1000 3913 vestris,
1031 3855 1086 3901 et
1120 3863 1228 3902 non
1273 3848 1378 3902 erit
1417 3848 1570 3903 vobis
1616 3848 1669 3901 in
1697 3849 1907 3902 ruinam

338 3959 356 3991 ι
387 3942 667 4011 iniquitas.
701 3939 951 4011 Projicite
980 3959 1009 3995 a
1045 3942 1195 3997 vobis
1229 3958 1417 3998 omnes
1439 3943 1908 4013 prtevaricationes

338 4050 356 4083 ι
384 4043 597 4088 vestras
624 4033 679 4086 in
728 4032 921 4102 quibus
964 4033 1300 4102 praavaricati
1346 4034 1496 4088 estis.
1523 4052 1541 4084 ι
1588 4032 1811 4101 Proprie
1840 4032 1909 4086 ad

332 4122 495 4177 Israel
526 4124 627 4177 iste
652 4138 830 4178 sermo
855 4123 1122 4195 dirigitur,
1150 4131 1209 4178 ut
1236 4130 1398 4193 agant
1432 4123 1825 4192 paenitentiam,
1853 4130 1908 4177 et

334 4213 642 4283 relinquant
697 4213 1009 4283 iniquitates
1066 4213 1180 4268 sive
1232 4214 1706 4283 prazvaricationes
1757 4229 1904 4279 suas,

332 4302 604 4370 quibusin
629 4302 797 4356 Deum
840 4303 1177 4371 praevaricati
1215 4312 1359 4357 sunt.
1402 4301 1587 4358 Potest
1628 4312 1810 4358 autem
1853 4310 1908 4358 et

330 4394 397 4447 ad
425 4400 712 4463 utrumque
754 4394 1003 4465 populum
1044 4395 1290 4467 intelligi,
1331 4403 1393 4450 ut
1417 4403 1472 4450 et
1495 4396 1658 4451 Israel
1694 4406 1750 4452 et
1772 4411 1904 4466 gen-

332 4481 466 4534 tium
518 4481 672 4534 turba
721 4496 815 4535 sua
866 4483 994 4535 vitia
1046 4483 1421 4553 derelinquens
1468 4492 1815 4540 convertatur
1840 4486 1908 4542 ad

328 4589 450 4628 eum
476 4573 565 4642 qui
594 4574 762 4644 possit
786 4590 978 4629 sanare
1003 4575 1356 4632 contritiones
1375 4576 1509 4646 ejus.

404 4681 423 4713 ι
453 4663 521 4716 Ει
544 4662 703 4717 facite
734 4664 887 4717 vobis
914 4678 1009 4718 cor
1031 4679 1228 4719 novum
1262 4672 1318 4719 et
1355 4665 1601 4734 spiritum
1633 4681 1850 4721 novum.
1882 4686 1902 4719 ι

331 4753 402 4810 Ut
429 4761 752 4808 vetustatem
790 4753 983 4808 littera:
1025 4752 1355 4819 deserentes,
1384 4755 1575 4809 vivatis
1599 4756 1652 4809 in
1671 4756 1910 4812 novitate

326 4844 572 4914 spiritus.
623 4842 729 4900 Cor
781 4860 977 4900 novum
1028 4844 1242 4901 Israelis
1288 4853 1373 4901 est
1417 4846 1638 4902 credere
1681 4848 1736 4903 in
1783 4864 1907 4906 eum

327 4950 488 5005 quem
517 4935 667 5004 prius
688 4945 997 5005 negaverat.
1026 4935 1132 4991 Cor
1151 4951 1345 4990 novum
1370 4937 1631 5007 gentium,
1661 4948 1743 4994 est
1762 4939 1903 4999 idola

328 5025 724 5096 derelinquere,
747 5034 823 5090 et,
838 5035 1170 5081 mortuorum
1196 5025 1406 5082 cultura
1430 5035 1753 5100 contempta,
1782 5046 1903 5086 crc-

327 5117 454 5171 dere
477 5116 532 5170 in
562 5130 707 5180 eum,
737 5118 825 5187 qui
850 5124 935 5173 est
976 5119 1084 5172 vita
1120 5119 1431 5174 vitentium.
1454 5137 1473 5171 ‹
1508 5119 1576 5174 Ει
1602 5135 1769 5189 quare
1793 5137 1909 5175 mo-

328 5206 566 5270 riemini,
591 5207 782 5262 domus
811 5206 1048 5263 Israel?»
1092 5207 1281 5265 Melius
1326 5218 1430 5276 est,
1477 5217 1536 5264 ut
1583 5225 1744 5281 supra
1775 5212 1911 5266 dixi-

327 5313 470 5363 mus,
522 5297 953 5370 exhortationem
1001 5301 1160 5366 hanc,
1211 5300 1265 5354 in
1313 5316 1417 5370 qua
1469 5300 1730 5371 scriptum
1775 5310 1900 5359 est:

336 5407 355 5439 ι
387 5388 780 5444 Convertimiui
826 5397 880 5444 et
925 5392 1065 5461 agite
1111 5392 1544 5461 paenitentiam,»
1580 5407 1741 5462 super
1784 5408 1907 5463 per-

330 5500 463 5539 sona
523 5483 769 5552 accipere
807 5480 1128 5546 Judaeorum,
1171 5498 1305 5553 quos
1343 5498 1447 5550 non
1497 5485 1608 5537 vult
1645 5484 1801 5548 mori,
1853 5492 1908 5539 et

330 5578 530 5646 quibus
554 5592 693 5631 nunc
723 5575 960 5647 loquitur
983 5596 993 5631 :
1024 5595 1042 5627 ‹
1071 5576 1247 5642 Quare
1274 5577 1601 5638 moriemini,
1623 5576 1813 5631 domus
1832 5576 1906 5631 Is-

333 5667 465 5734 rael,
490 5687 509 5720 ›
532 5666 623 5737 qui
649 5666 1057 5734 habetis-patres
1079 5667 1367 5734 Abraham,
1391 5664 1537 5721 Isaac
1560 5674 1613 5722 et
1634 5664 1817 5733 Jacob,
1843 5666 1907 5721 de

614 5757 881 5819 Parant.
934 5759 1065 5819 CX.

2016 517 2247 567 twn-um.
2289 528 2308 560 ι
2344 507 2452 563 Cur
2496 514 2677 562 vestro
2704 505 2835 561 vitio
2868 504 3191 569 moriemini,
3236 504 3328 573 qui
3369 511 3581 575 patrum

2013 598 2228 661 merito,
2252 605 2310 651 et
2340 611 2459 650 mea
2496 595 2705 651 debetis
2744 596 2930 651 vivere
2975 593 3365 649 misericordia.
3395 612 3417 645 ι
3447 591 3583 660 Quia

2012 689 2136 743 mlo
2158 698 2384 745 mortem
2406 688 2727 759 peccatoris,
2756 686 2888 741 dicit
2908 685 3164 740 Dominus
3195 685 3356 739 Dens.
3383 684 3584 739 Rever-

2016 778 2206 843 timini,
2236 787 2291 833 et
2313 778 2523 832 vivetis.
2547 798 2565 829 ι
2599 775 2751 840 Nolo,
2793 775 2985 844 inquit,
3033 789 3126 830 vos
3162 774 3325 838 mori,
3351 790 3487 843 quos
3529 774 3582 828 in

2015 869 2240 923 salutem
2266 854 2447 939 genui.
2480 885 2499 918 ι
2534 867 2698 922 Filios
2722 875 2898 920 autem
2927 867 3085 936 genui
3114 876 3169 920 et
3202 865 3451 930 exaltari,
3480 864 3583 934 ipsi

2014 968 2193 1014 autem
2228 966 2548 1028 spreverunt
2568 971 2676 1010 me.
2721 955 3067 1010 Revertinu'ni
3096 970 3224 1029 ergo
3263 965 3318 1010 et
3339 956 3521 1010 vivite.
3558 976 3577 1008 ο

2014 1049 2129 1103 Νοη
2160 1047 2380 1114 dicitur,
2409 1067 2427 1099 ι
2458 1047 2827 1111 Ilevertimini,
2861 1067 2879 1100 ι
2926 1046 3029 1101 utsi
3054 1048 3140 1103 his
3166 1048 3259 1117 qui
3288 1049 3437 1118 prius
3460 1064 3589 1103 cuin

2016 1140 2125 1199 Deo
2165 1136 2394 1203 fuerant,
2418 1146 2473 1192 et
2496 1146 2683 1207 postea
2701 1138 2816 1207 ejus
2842 1138 3128 1193 deseruere
3155 1139 3489 1197 comitatum.
3522 1139 3587 1192 Et

2016 1228 2178 1282 vivite
2203 1242 2299 1296 per
2324 1228 2719 1298 paenitentiam,
2757 1229 2846 1296 qui
2870 1228 3001 1283 estis
3036 1229 3234 1282 mortui
3270 1244 3371 1298 per
3398 1244 3587 1299 pecca-

2016 1323 2147 1369 tum.
2176 1316 2341 1388 Igitur
2359 1315 2541 1375 Israel.
2586 1317 2711 1386 quia
2755 1331 2862 1371 non
2893 1317 3180 1372 revertitur
3207 1319 3273 1372 ad
3298 1319 3585 1388 pristinum

2015 1416 2238 1475 statum,
2264 1416 2511 1464 mortuus
2531 1424 2649 1464 esse
2670 1409 2963 1467 credendus
2990 1418 3092 1464 est.

2595 1518 2821 1575 CAPUT
2860 1517 3001 1573 XIX.

2014 1607 2094 1665 De
2112 1609 2363 1681 Joaclrim
2380 1609 2707 1681 calce/iouia
2724 1651 2740 1675 ,
2768 1620 2828 1681 et
2856 1608 2967 1681 ﬁlio
2997 1608 3240 1681 leae-Irim
3273 1612 3492 1681 captivi;
3520 1613 3588 1667 de

2159 1679 2392 1749 reliquiis
2419 1679 2578 1734 ludat
2595 1718 2609 1740 .
2635 1680 2773 1749 quod
2800 1679 2904 1734 nan
2933 1679 3222 1734 habueram
3253 1679 3441 1750 regem.

2089 1785 2109 1817 ι
2153 1766 2220 1819 Ει
2252 1777 2307 1821 ιιι
2335 1782 2549 1822 assume
2580 1768 2849 1838 planctum
2879 1782 3041 1839 super
3075 1770 3343 1839 principes
3384 1770 3547 1827 Israel
3568 1813 3584 1838 ,

2020 1878 2038 1910 ι
2080 1866 2136 1913 et
2163 1859 2312 1913 dices
2342 1876 2354 1912 :
2380 1858 2560 1925 Quare
2588 1862 2879 1914 matertua
2912 1861 3078 1916 Ietcna
3111 1861 3252 1916 inter
3274 1862 3457 1917 leones
3493 1880 3585 1920 cu-

2019 1967 2038 1999 ι
2084 1949 2267 2004 bavit?
2282 1949 2337 2003 In
2359 1950 2534 2004 medio
2547 1949 2914 2007 lennculorum
2936 1951 3192 2007 enutrivit
3212 1953 3417 2008 catulos
3437 1968 3583 2017 suos,

2017 2061 2034 2093 ι
2080 2051 2135 2097 et
2165 2043 2352 2105 eduxit
2383 2058 2550 2097 unum
2592 2043 2659 2098 de
2699 2044 2959 2101 leunculis
2987 2044 3121 2099 suis.
3151 2044 3263 2100 Leo
3302 2044 3478 2101 factus
3503 2057 3586 2103 est

2018 2155 2035 2187 ι
2078 2143 2132 2190 et
2158 2134 2348 2190 didicit
2372 2150 2569 2205 capere
2593 2136 2853 2205 praedam,
2873 2136 3252 2206 hominemque
3277 2137 3582 2193 comedere.

2016 2243 2035 2276 ι
2081 2224 2147 2279 Ει
2171 2225 2459 2281 audierunt
2480 2227 2546 2281 de
2571 2240 2637 2281 eo
2662 2235 2868 2296 gentes,
2902 2234 2957 2279 et
2978 2241 3084 2281 non
3112 2227 3315 2296 absque
3340 2227 3581 2283 vuhieri-

2016 2335 2033 2365 ι
2077 2316 2180 2371 bus
2201 2325 2462 2386 ceperunt
2501 2331 2645 2373 eum.
2677 2316 2745 2371 Et
2768 2317 3105 2372 adduxerunt
3125 2332 3250 2372 eum
3280 2318 3335 2372 in
3377 2320 3585 2375 catenis

2017 2421 2033 2450 ‹
2084 2402 2136 2456 in
2164 2412 2365 2457 terram
2392 2402 2631 2474 Egypti.
2661 2403 2788 2471 Qure
2814 2420 2935 2458 cum
2963 2405 3200 2469 vidisset,
3227 2407 3478 2474 quoniam
3500 2407 3583 2462 in-

2018 2512 2036 2545 ι
2081 2492 2291 2550 ﬁrmata
2320 2504 2421 2560 est,
2453 2504 2509 2551 et
2534 2496 2691 2566 periit
2726 2496 3059 2567 exspectatio
3085 2495 3227 2567 ejus,
3258 2497 3380 2552 tulit
3412 2513 3580 2555 unum

2016 2600 2034 2634 ι
2079 2583 2144 2638 de
2179 2583 2439 2640 leunculis
2467 2584 2598 2639 suis.
2636 2583 2867 2639 Leonem
2895 2584 3212 2649 constituit,
3237 2584 3329 2654 qui
3363 2585 3580 2647 incede-

2012 2692 2034 2726 ι
2080 2672 2172 2728 bat
2200 2674 2339 2730 inter
2366 2675 2566 2730 leones.
2594 2674 2662 2729 Et
2687 2674 2862 2730 factus
2892 2684 2976 2730 est
3006 2674 3112 2741 leo,
3143 2675 3330 2730 didicit
3348 2676 3584 2746 praedam

2015 2781 2035 2814 ο
2081 2778 2292 2835 capere,
2321 2773 2377 2820 et
2399 2765 2649 2825 homines
2670 2765 2950 2821 devorare.
2979 2764 3176 2821 Didicit
3197 2765 3385 2825 viduas
3404 2765 3586 2822 facere

2016 2873 2033 2904 ι
2077 2860 2133 2910 et
2163 2853 2410 2909 civitates
2434 2868 2619 2909 eorum
2650 2854 2703 2908 in
2734 2853 3002 2909 desertum
3030 2854 3315 2918 adducere,
3346 2864 3401 2909 et
3426 2854 3586 2910 deso-

2017 2962 2035 2995 ι
2079 2943 2187 2997 lata
2213 2951 2297 2999 est
2325 2951 2472 2999 terra
2510 2951 2563 2998 et
2592 2942 2865 3013 plenitudo
2892 2941 3007 3012 ejus
3041 2958 3072 2998 a
3109 2959 3242 2999 voce
3278 2945 3486 3016 rugitus
3516 2946 3585 3000 il-

2019 3053 2037 3086 ι
2083 3035 2206 3100 lius,
2229 3043 2593 3089 convenerunt
2613 3034 2869 3091 adversus
2896 3048 3020 3088 eum
3047 3043 3235 3106 gentes
3262 3035 3497 3107 undique
3519 3035 3589 3090 de

1937 3097 1981 3158 (ἶ
2021 3145 2039 3178 ‹
2084 3125 2394 3196 provinciis.
2421 3124 2489 3186 Et
2515 3124 2887 3196 expanderunt
2915 3138 3076 3194 super
3104 3140 3227 3181 eum
3257 3134 3371 3181 rete
3396 3141 3550 3181 suum
3568 3167 3583 3192 ,

2021 3233 2040 3264 ‹
2086 3223 2141 3271 et
2165 3214 2477 3287 vulneribus
2502 3229 2687 3268 earum
2713 3221 2901 3284 captus
2928 3222 3039 3274 est.
3075 3222 3134 3267 et
3169 3214 3430 3270 miserunt
3460 3231 3583 3279 eum

2018 3324 2036 3357 ι
2082 3306 2135 3360 in
2167 3320 2409 3368 caveam,
2440 3305 2496 3359 in
2525 3304 2733 3359 catenis
2767 3303 3105 3358 adduxerunt
3139 3319 3262 3358 eum
3293 3309 3358 3359 ad
3402 3321 3579 3377 regem

2019 3412 2038 3445 ι
2079 3392 2381 3465 Babylonis,
2406 3383 2773 3461 miseruntque
2813 3407 2934 3446 eum
2975 3391 3029 3445 in
3067 3408 3371 3460 carcerem,
3404 3410 3471 3449 ne
3497 3413 3588 3450 au—

2017 3503 2037 3536 t
2079 3485 2283 3540 direlur
2308 3497 2413 3537 vox
2443 3481 2558 3551 ejus
2583 3482 2722 3537 ultra
2752 3484 2915 3552 Super
2942 3491 3154 3537 montes
3189 3482 3387 3551 Israel,
3415 3495 3522 3539 etc.
3561 3506 3579 3538 ι

2013 3572 2132 3646 (Η.)
2169 3573 2419 3628 Dicemus
2447 3573 2759 3643 captivitate
2783 3571 2961 3627 vicina
2989 3576 3307 3644 prophetam
3343 3591 3448 3629 non
3476 3584 3583 3630 tam

2016 3660 2191 3716 futura
2238 3660 2550 3726 vaticinari,
2610 3676 2769 3731 quam
2823 3677 3048 3717 narrare
3116 3663 3405 3731 praeterita.
3459 3663 3588 3719 Post

2011 3760 2222 3807 sextum
2247 3752 2388 3805 enim
2415 3750 2652 3807 Sedecize
2692 3752 2830 3823 regis
2854 3767 3075 3818 annum,
3101 3752 3365 3821 siquidem
3402 3755 3583 3809 statim

2011 3846 2067 3899 in
2092 3845 2544 3914 consequentibus
2572 3844 2796 3917 legimus
2827 3866 2840 3900 :
2873 3865 2890 3897 ‹
2914 3846 2978 3901 Ει
3008 3846 3208 3904 factum
3233 3856 3334 3914 est,
3360 3849 3411 3904 in
3438 3866 3580 3906 anno

2010 3937 2238 4007 septimo
2262 3938 2317 3992 in
2343 3937 2532 4007 quinto
2556 3952 2758 4004 mense,
2791 3937 3000 3995 decima
3037 3941 3255 4007 mensis,
3287 3945 3581 3999 assumitur

2009 4026 2254 4096 planctus
2283 4040 2444 4095 super
2479 4026 2747 4097 principes
2785 4027 2870 4083 vel
2909 4029 3205 4100 principem
3240 4032 3422 4087 Israel.
3460 4053 3479 4085 ›
3516 4034 3585 4088 Et

2010 4116 2209 4171 dicitur
2231 4133 2257 4178 ε.
2283 4133 2301 4165 ι
2333 4118 2510 4182 Quare
2534 4126 2708 4170 mater
2733 4124 2823 4171 tua
2845 4117 3010 4171 Ierena
3043 4118 3182 4173 inter
3206 4119 3389 4176 leones
3418 4123 3581 4176 cuba-

2008 4205 2127 4260 vit?
2160 4225 2179 4258 ι
2212 4204 2465 4260 Planctus
2514 4205 2678 4276 igitur
2718 4220 2880 4277 snper
2918 4207 3191 4277 principes
3232 4216 3346 4273 est,
3396 4225 3586 4265 onmes

2008 4293 2293 4363 videlicet,
2326 4297 2415 4366 qui
2447 4295 2514 4350 de
2540 4296 2701 4351 Josiat
2729 4297 2897 4367 stirpe
2939 4300 3182 4367 generati
3225 4310 3370 4355 sunt.
3415 4302 3584 4358 Mater

2008 4386 2315 4458 principum
2361 4385 2660 4442 Jerusalem
2702 4388 2868 4442 leaena
2914 4390 3241 4459 appellatur;
3271 4406 3389 4459 qua:
3427 4390 3581 4452 leun-

2009 4478 2161 4534 culos
2188 4479 2370 4550 genuit
2401 4487 2455 4532 et
2480 4478 2728 4541 nutrivit,
2755 4494 3028 4548 unumque
3059 4481 3124 4535 de
3169 4479 3430 4536 leunculis
3469 4484 3582 4538 suis

2015 4570 2214 4626 eduxit.
2245 4587 2264 4620 ‹
2287 4569 2355 4624 Ει
2374 4568 2501 4623 fecit
2523 4569 2752 4634 leonem,
2775 4590 2793 4621 ι
2826 4567 3052 4625 loachaz
3085 4571 3393 4644 signiﬁcans
3416 4573 3580 4630 ﬁlium

2008 4661 2201 4727 Josiae,
2232 4676 2391 4730 quem
2417 4659 2631 4715 Nechao
2668 4659 2880 4718 Pharao
2906 4663 3059 4719 duxit
3089 4665 3142 4719 in
3171 4664 3495 4738 Egyptum,
3528 4678 3585 4724 et

2011 4771 2108 4825 pro
2154 4770 2220 4810 eo
2262 4754 2542 4811 constituit
2578 4751 2843 4809 Joachim.
2885 4754 3003 4822 Quo
3043 4764 3255 4813 mortuo
3296 4757 3583 4821 Jechonias

2012 4845 2153 4901 ﬁlius
2181 4845 2297 4915 ejus
2323 4859 2419 4900 rex
2436 4844 2799 4910 constituitur,
2822 4859 2944 4901 cum
2968 4854 3140 4903 matre
3159 4856 3213 4903 et
3232 4848 3582 4918 optimatibus

2006 4936 2243 4991 civitatis
2260 4950 2290 4988 a
2309 4933 2801 4989 Nabuchodonosor
2829 4934 3021 4989 ductus
3049 4943 3131 4991 est
3154 4937 3206 4990 in
3228 4935 3580 5011 Babylonem.

2008 5027 2083 5082 De
2112 5041 2219 5096 quo
2241 5025 2484 5080 nascitur
2511 5021 2770 5079 Salathiel
2792 5035 2946 5094 pater
2966 5025 3279 5092 Zorobabel,
3304 5030 3397 5098 qui
3417 5045 3484 5085 ex
3513 5046 3580 5086 eo

2009 5118 2152 5190 quod
2178 5119 2231 5173 in
2260 5116 2533 5189 Babylone
2561 5123 2723 5171 natus
2756 5125 2859 5181 est,
2894 5131 3088 5172 nomen
3110 5118 3335 5188 accepit.
3369 5116 3580 5191 Perspi-

2010 5223 2280 5279 cuumque
2303 5220 2386 5263 est
2426 5208 2526 5262 sub
2551 5207 2811 5283 μιταφὸρᾳ
2841 5207 3022 5263 leaena
3046 5216 3101 5263 et
3129 5208 3495 5264 lennculorum
3526 5221 3582 5265 et

2014 5302 2205 5366 leonis,
2236 5314 2559 5369 rursumque
2588 5297 2812 5353 alterius
2840 5299 3034 5366 leonis,
3077 5299 3165 5353 illa
3192 5299 3421 5363 describi
3462 5314 3581 5369 quze

2013 5408 2078 5447 eo
2104 5399 2342 5461 tempore
2361 5387 2473 5458 jam
2500 5387 2640 5443 facta
2667 5395 2842 5451 erant,
2871 5402 2978 5457 quo
3002 5388 3118 5442 haec
3148 5387 3408 5457 propheta
3437 5384 3581 5441 dice-

2013 5480 2123 5534 bat.
2175 5478 2467 5548 Postquam
2520 5477 2663 5531 enim
2710 5474 3011 5532 Jerusalem
3066 5474 3252 5529 eduxit
3299 5474 3365 5529 de
3413 5472 3581 5545 stirpe

2014 5574 2160 5646 regia
2191 5572 2424 5630 Joachaz
2466 5573 2630 5628 ﬁlium
2656 5569 2838 5638 Josiae,
2868 5579 2919 5628 et
2951 5568 3226 5626 constituit
3272 5567 3324 5621 in
3360 5582 3541 5640 regem
3562 5609 3581 5636 ,

2019 5679 2126 5723 tam
2148 5665 2378 5724 crudelis
2408 5666 2460 5721 in
2482 5666 2631 5722 brevi
2662 5664 2868 5721 exstitit
2890 5670 3150 5731 tempore.
3174 5669 3232 5715 ut
3252 5656 3581 5731 tropologice

2990 5751 3068 5811 23
