1977 3091
198 138 247 164 'i'l5

528 139 556 165 li.
576 139 701 165 RABANI
721 138 829 165 MAURI
849 137 1006 164 AllClllEP.
1027 137 1181 165 MOGUNT.
1203 137 1345 166 OPERUM
1364 139 1454 166 PARS
1473 140 1504 166 ll.

1770 142 1820 171 7l6

196 195 298 230 cepisse
320 196 427 230 pra‘das
449 200 475 222 et
493 196 614 222 nomines
637 196 780 223 devorasse
802 199 978 223 memoretnr.
994 199 1018 227 Α
1033 200 1137 230 regeret
1156 196 1285 231 reliquias
1306 197 1407 231 populi.
1428 197 1528 224 Contra
1550 206 1630 232 quem
1650 202 1767 228 surrexit
1788 202 1820 230 de

194 242 234 268 ΑιΙ
258 249 338 276 quem
360 249 420 268 cuni
441 241 558 268 venisset
580 241 736 275 Aigyptius,
758 240 830 275 cepit
851 248 912 267 eutti
928 248 980 267 non

194 288 295 321 alisque
310 287 474 317 vulneribus,
490 286 548 313 sive
563 287 588 312 in
608 287 684 313 fovea
694 307 700 318 ,
713 291 743 313 ut
766 286 873 321 proprie
889 287 915 313 iti
930 286 983 314 He-

194 333 286 359 braico
296 332 457 361 continetur,
474 336 501 356 ιιι
516 335 658 357 conservet
673 332 866 366 tropologicatn
878 331 981 365 caput»

193 385 254 405 ueni
270 378 384 408 leonum,
401 384 452 410 qua
467 384 575 411 semper
586 377 611 403 in
627 376 712 403 foveis
730 377 789 411 capi
809 377 906 403 solent.
924 385 932 402 α
949 376 982 403 Et

194 423 304 449 adduxit
324 429 385 448 eum
410 422 437 448 in
459 422 572 453 clianio,
596 422 654 448 sive
673 422 699 448 iit
720 422 824 448 catenis
839 422 864 448 iti
881 426 981 448 terram

192 467 312 503 .Egypti,
335 468 423 502 ibique
444 472 566 495 mortuus
590 473 641 496 est.
662 478 671 494 ›
690 468 767 502 Quod
790 476 851 495 cuni
872 468 982 495 vidisset

192 518 279 540 mater
301 513 359 547 ejus
373 513 530 546 Jerusalem,
547 522 606 549 qua;
619 523 680 542 eum
696 518 836 549 genuerat,
856 522 916 549 qua:
934 522 982 540 nu-

193 560 298 592 trierat,
315 567 374 594 qua:
388 560 565 587 constituerat
591 561 617 587 in
642 568 764 595 regnum,
777 560 847 595 quod
867 560 982 594 perisset

192 606 359 641 exspectatio
377 607 450 641 cjus,
475 606 535 632 tulit
556 607 589 633 de
601 606 661 633 aliis
680 607 786 641 regibus
807 606 979 638 Jcchoniani,

193 652 276 678 filiuni
295 651 428 684 Joachim,
449 656 476 679 et
489 652 626 679 constituit
647 653 672 679 in
695 660 802 687 regem,
825 652 870 686 qui
883 656 910 678 et
925 652 980 686 ipse

191 698 363 731 pratcessoris
376 697 497 724 imitatus
510 698 696 725 crudelitatem
713 698 762 724 sub
778 697 862 724 leonis
875 697 981 724 feritate

191 743 362 773 describitur,
378 743 448 777 quod
463 743 585 770 homines
600 743 736 770 devorarit
746 763 753 774 ,
769 743 867 769 inultas
887 743 980 769 viduas

191 788 298 819 fecerit,
317 788 351 815 ad
369 788 504 815 desertum
524 789 666 815 adduxerit
681 788 821 820 civitates,
837 792 865 815 et
881 789 914 815 ad
934 796 980 815 vo-

190 841 249 861 cem
264 834 368 869 rugitus
385 833 443 868 ejus
456 835 550 861 territa
573 835 607 861 sit
627 835 754 862 universa
774 835 927 869 provincia,
943 834 978 861 ita

1034 240 1117 275 stirpe
1131 241 1204 276 regia
1216 246 1242 268 et
1254 242 1287 268 de
1300 242 1373 276 virga
1394 250 1531 269 ramorum
1545 244 1630 271 vincat
1648 245 1744 273 lsmael
1754 266 1761 278 ,
1776 249 1821 282 qui

1034 287 1171 314 interfecit
1183 294 1244 314 eum
1257 287 1283 314 in
1298 287 1441 323 Masepba,
1455 293 1483 315 ct
1499 290 1618 316 comedit
1636 297 1744 318 omnem
1764 291 1823 319 fru-

1033 337 1105 360 ctum
1120 334 1215 365 vineai,
1229 338 1256 359 et
1269 333 1367 360 exinde
1383 342 1435 361 non
1451 334 1502 361 fuit
1523 335 1550 361 in
1571 335 1631 369 ipsa
1655 336 1732 363 vinea
1746 336 1823 364 fcitis

1032 378 1106 411 virga
1119 382 1146 404 et
1158 382 1295 412 sceptrum
1307 378 1512 405 dominantium.
1529 379 1622 407 Nullus
1634 381 1707 408 enirn
1719 389 1820 408 reman-

1032 427 1105 449 serat
1118 424 1151 449 de
1164 423 1279 457 regibus,
1295 423 1340 457 qui
1355 425 1482 458 populum
1504 425 1684 458 gubernaret,
1699 427 1746 453 sed
1762 435 1823 455 eum

1031 469 1132 497 Joanna
1164 470 1218 497 filio
1242 469 1320 503 Care,
1344 470 1377 497 ad
1400 470 1549 506 Egyptum
1572 471 1768 507 confugerunt,
1785 474 1826 501 id-

1022 516 1104 543 ,circo
1125 516 1248 550 planctus
1264 521 1321 547 est,
1347 521 1373 543 et
1399 516 1526 551 paraliola
1551 517 1768 551 lamentationis,
1794 525 1824 547 ut

1031 560 1175 595 plangatur
1189 561 1292 596 regium
1306 569 1405 595 genus,
1418 563 1489 596 quod
1501 563 1527 588 in
1541 561 1634 590 Judtea
1650 564 1719 591 ultra
1733 573 1823 592 cessa-

1032 605 1079 637 vit,
1092 606 1176 632 donec
1191 606 1304 637 veniret,
1324 606 1366 632 cui
1382 606 1529 640 repositum
1541 611 1584 633 est
1597 616 1603 633 :
1622 616 1631 632 t
1646 607 1680 634 Et
1693 609 1751 642 ipse
1772 610 1822 636 erit

1030 650 1196 684 exspectatio
1206 651 1334 685 gentium.
1348 660 1357 676 ι
1371 650 1410 677 Ex
1425 658 1478 685 quo
1490 648 1663 686 perspicuum
1674 658 1725 685 est,
1740 659 1769 680 ct
1779 661 1820 681 su<

1030 695 1164 729 perierem
1179 695 1332 727 lectionem,
1352 696 1377 722 in
1393 703 1446 730 qua
1462 696 1560 723 dicitur
1574 703 1582 722 :
1601 706 1610 721 ί
1627 696 1719 729 Quare
1737 702 1823 725 mater

1032 745 1075 767 tua
1097 740 1180 767 lexena
1211 741 1281 767 inter
1302 740 1392 767 leones
1414 741 1544 768 cubavit?
1564 751 1572 767 I
1590 746 1617 768 et
1634 741 1703 769 hanc
1726 743 1753 769 in
1771 751 1822 778 qua

1030 786 1159 821 scriptum
1183 789 1243 813 est:
1262 796 1271 811 ‹
1287 786 1374 813 Mater
1394 790 1438 813 tua
1457 787 1534 821 quasi
1555 787 1632 814 vinea
1647 788 1673 814 in
1692 789 1822 822 sanguine

1031 837 1091 864 tuo,
1112 840 1193 867 super
1213 840 1310 868 aquam
1333 833 1452 867 plantata
1478 841 1490 860 ι
1513 833 1546 860 ad
1568 832 1717 860 Jerusalem
1739 834 1816 868 perti-

190 885 221 907 nt
235 889 294 907 cum
317 882 488 915 pervenirent
509 881 542 908 ad
564 889 624 908 cum
641 885 734 915 gentes
749 885 776 908 ct
798 880 980 915 expandercnt
996 872 1017 900 Β
1032 887 1112 909 nere,
1131 887 1191 913 qua:
1211 879 1327 913 perdidit
1340 879 1430 906 leones
1443 883 1471 906 et
1487 879 1612 914 palmites
1627 887 1705 912 suos,
1721 885 1749 907 et
1771 889 1821 907 non

191 934 273 960 super
284 934 344 953 eum
361 932 416 953 rete
430 934 506 954 suum
518 947 525 958 ,
538 931 564 954 ct
579 927 604 953 in
622 927 696 954 fovea
718 930 861 961 caperent,
876 930 903 952 et
920 925 980 951 init-

192 975 279 998 terent
300 979 360 997 cum
383 971 408 997 in
424 979 533 998 caveam
552 977 579 998 ct
595 972 620 998 in
638 976 757 1002 catenas,
777 978 830 997 non
849 978 903 1005 qtio
928 970 980 996 hoc

191 1016 328 1044 Jechonite
349 1017 449 1043 factum
469 1017 513 1044 sit.
526 1017 584 1051 Ipse
602 1017 673 1044 enitn
689 1016 799 1043 tradidit
814 1024 842 1043 se
859 1015 912 1050 regi
928 1015 979 1041 lla—

151 1073 155 1078 -
192 1062 300 1097 hylonio
314 1067 340 1090 et
356 1063 382 1089 in
394 1062 547 1089 Chaldaaam
564 1067 715 1097 asportatus
729 1067 780 1095 est,
793 1063 839 1089 sed
854 1067 883 1088 ut
896 1062 980 1088 leonis

191 1113 315 1135 servetur
328 1108 478 1140 translatio,
491 1108 535 1143 qui
551 1109 656 1143 capitur
667 1108 694 1135 in
709 1108 807 1140 foveis,
824 1107 980 1141 catcniSque

191 1153 395 1188 constringitur,
409 1158 435 1181 et.
451 1154 477 1180 iu
490 1154 580 1181 caveis
595 1158 757 1181 reservatur.
770 1153 894 1187 Alioquin
903 1152 979 1186 juxta

192 1199 333 1226 historiam
351 1200 403 1226 hoc
426 1200 459 1227 de
486 1198 598 1227 Sedecia
615 1199 739 1233 legimus,
751 1199 796 1234 qui
810 1203 869 1233 post
884 1198 980 1225 Jccho-

191 1245 282 1276 niani,
296 1244 442 1272 Jerusalem
466 1252 512 1271 rex
533 1245 693 1271 constitutus
716 1249 765 1271 cst.
788 1244 818 1270 Et
838 1244 895 1271 haec
918 1244 980 1271 fecit

190 1289 308 1322 occasio,
323 1293 352 1315 ut
363 1290 426 1323 quia
441 1294 542 1316 catenae
554 1288 688 1324 leguntur,
705 1293 732 1315 et
746 1296 836 1315 caveat
848 1293 875 1315 et
885 1295 980 1315 carcer

190 1335 354 1365 nominatur,
369 1334 509 1362 Sedeciant
528 1334 615 1369 potius
629 1342 708 1369 quatti
725 1332 881 1360 Jechoniam
896 1333 948 1368 plet
956 1333 978 1359 i-

193 1386 245 1413 que
259 1379 417 1414 intelligant.
433 1378 561 1405 Servatus
583 1378 665 1412 igitur
683 1379 708 1405 iti
728 1385 838 1405 carcere
857 1382 913 1409 est,
930 1385 980 1404 nec

196 1423 365 1455 interfectus,
379 1428 405 1450 ct
417 1423 603 1450 tantummodo
616 1424 738 1450 sublatus
752 1428 793 1449 est
812 1430 903 1458 regno.
920 1422 978 1449 (lte-

192 1474 278 1495 tcruni
301 1468 440 1495 Sedcciam
464 1475 564 1494 mecum
579 1468 686 1494 ductum
703 1468 730 1493 in
743 1466 916 1501 Babylonem,
931 1466 980 1493 ibi-

191 1521 242 1547 que
254 1513 345 1540 statim
359 1513 477 1540 occisum
494 1516 588 1540 narrat
598 1512 722 1539 historia.

1032 925 1162 952 remansit
1173 924 1246 959 virga
1260 925 1285 950 in
1296 932 1338 956 ea,
1352 917 1600 959 quae-consurgeret
1612 925 1638 951 iii
1652 925 1752 952 tribum
1768 926 1822 952 sive

1032 970 1057 996 iti
1072 974 1206 1005 sceptrum
1223 969 1428 996 dominantium.
1449 969 1468 995 A
1489 969 1597 1004 planctu
1619 970 1691 997 enim
1711 970 1821 1005 incipit,

1030 1020 1055 1042 ct
1072 1015 1162 1042 finitur
1175 1016 1200 1041 in
1211 1016 1330 1049 planctu.
1351 1024 1359 1039 ι
1378 1014 1493 1042 Assume
1506 1015 1642 1050 planctum
1657 1023 1738 1050 super
1751 1016 1823 1050 prin-

1031 1061 1104 1094 cipes
1119 1060 1215 1091 lsracl,
1236 1070 1245 1085 ι
1265 1061 1315 1087 hoc
1329 1064 1386 1092 est,
1399 1060 1425 1087 in
1442 1060 1574 1095 principio
1594 1066 1620 1088 et
1642 1069 1715 1088 nunc
1729 1062 1756 1088 in
1772 1061 1823 1088 ﬁne

1031 1106 1153 1141 planctus
1165 1110 1216 1137 est,
1231 1113 1257 1132 et
1268 1106 1294 1132 iti
1310 1106 1501 1133 lamentatione
1515 1106 1677 1141 planctuque
1687 1106 1823 1142 parabolae

1031 1153 1115 1186 stirpe
1127 1152 1198 1187 regia
1213 1152 1409 1186 prosequenda.
1429 1152 1513 1179 Porro
1533 1153 1679 1179 secundum
1699 1153 1823 1189 ἆνάγογην

1030 1198 1101 1233 quod
1112 1198 1156 1224 alii
1168 1198 1199 1224 ad
1217 1197 1355 1224 cmlestcm
1372 1197 1520 1225 Jerusalem
1539 1198 1675 1230 referunt,
1692 1203 1722 1224 ut
1733 1198 1823 1225 dicant

1031 1252 1063 1271 cx
1082 1252 1113 1272 ea
1133 1244 1159 1271 in
1185 1244 1263 1271 istam
1288 1244 1383 1271 vallem
1407 1244 1587 1280 lactymarum
1608 1245 1739 1280 plurimos
1764 1253 1824 1273 cor-

1032 1291 1133 1323 ruisse,
1150 1295 1176 1317 et
1198 1298 1275 1326 reges
1298 1298 1358 1317 esse
1375 1291 1493 1322 desisse,
1515 1296 1542 1318 et
1559 1291 1665 1318 vineam
1688 1291 1823 1326 quondam

1032 1335 1239 1369 pulcherrimam
1264 1340 1343 1362 vento
1358 1341 1452 1363 urente
1467 1337 1614 1368 siccatam,
1632 1336 1668 1363 ita
1685 1341 1714 1363 ut
1735 1336 1824 1363 nullus

1033 1381 1059 1407 in
1073 1389 1104 1408 ea
1116 1381 1258 1407 virentium
1282 1381 1423 1415 palmitum
1443 1381 1619 1412 remanserit,
1633 1389 1714 1416 quam
1729 1386 1823 1415 postea

1033 1425 1081 1452 sub
1097 1425 1170 1451 urbis
1192 1425 1274 1459 figura
1296 1425 1406 1460 plangat
1425 1425 1557 1452 Jcremias
1582 1434 1631 1453 nos
1648 1426 1824 1462 intelligimus

1032 1477 1111 1503 super
1126 1469 1285 1503 Ecclesium,
1296 1478 1328 1497 co
1340 1470 1410 1505 quod
1425 1470 1451 1497 iti
1465 1471 1612 1498 novissimo
1629 1475 1747 1506 tempore
1757 1472 1825 1499 mul-

1032 1515 1150 1550 tiplicata
1164 1516 1304 1550 iniquitate
1319 1516 1476 1550 refrigescet
1489 1517 1609 1543 charitas
1620 1517 1773 1549 mttltorum,
1786 1517 1823 1544 ita

228 1567 237 1583 ι
260 1558 345 1586 Mater
365 1563 410 1585 ttta
434 1558 509 1593 quasi
525 1559 602 1585 vinea
625 1558 652 1585 in
672 1558 802 1593 sanguine
819 1561 876 1590 tuo.
899 1565 980 1592 super
994 1546 1014 1576 C
1032 1566 1061 1587 ιιι
1073 1562 1229 1596 probentur,
1242 1562 1263 1588 si
1276 1562 1333 1588 fieri
1349 1566 1448 1596 potest,
1461 1562 1543 1589 etiam
1553 1563 1630 1589 electi
1644 1563 1737 1595 Dei,et
1750 1563 1825 1598 prin—

195 1618 202 1633 ι
226 1615 323 1642 aquam
338 1607 468 1643 planlata,
481 1607 583 1634 fructus
596 1607 654 1642 ejus
669 1611 695 1633 et
709 1606 816 1633 frondes
828 1605 885 1640 ejus
893 1612 983 1632 creve-

195 1663 203 1679 ι
226 1659 288 1680 ι-ιιιιι
301 1662 335 1680 ex
348 1654 425 1688 aquis
441 1653 543 1681 multis.
557 1653 589 1679 Et
603 1653 679 1679 factm
691 1656 753 1679 sunt
764 1652 788 1679 ei
798 1651 881 1686 virga:
892 1651 982 1678 solida:

194 1709 203 1724 ε
226 1699 253 1727 in
273 1704 379 1735 sceptra
404 1699 617 1731 dominantium,
640 1702 667 1725 ct
687 1697 805 1726 cxaltata
822 1703 862 1724 est
880 1701 981 1724 statura

194 1754 202 1770 ι
226 1745 283 1779 ejus
297 1745 323 1771 iii
339 1744 457 1772 frondes.
474 1745 506 1771 Et
520 1745 586 1772 vidit
600 1744 770 1771 altitudinem
784 1751 859 1770 suain
872 1742 897 1769 iti
912 1742 981 1769 ntul-

194 1801 203 1816 ι
227 1791 341 1818 titudine
354 1791 494 1826 palmitum
510 1798 633 1822 suorum,
648 1794 675 1817 et
688 1790 778 1817 evulsa
793 1793 834 1817 est
851 1789 876 1815 in
897 1788 936 1815 ira
955 1788 981 1814 in

194 1847 202 1862 ι
225 1840 378 1871 terramque
390 1835 518 1870 proiecta.
534 1836 566 1862 Et
581 1840 678 1862 ventus
697 1842 779 1863 urens
797 1834 910 1861 siccavit
927 1833 982 1860 frti—

194 1893 203 1908 ‹
227 1887 299 1910 ctutti
325 1882 400 1917 ejus,
421 1886 611 1909 emarcucrutit
626 1887 651 1908 et
667 1880 792 1908 arefacta:
815 1884 877 1906 sunt
900 1879 982 1914 virgae

194 1938 203 1952 ι
228 1927 332 1954 roboris
343 1927 412 1961 ejus,
426 1926 495 1961 ignis
509 1926 626 1953 comedit
637 1934 692 1953 eas.
703 1925 735 1952 Et
748 1933 818 1952 nunc
831 1923 981 1958 ltatisplan—

195 1985 203 1999 I
226 1977 279 2000 tata
292 1976 333 2000 est
349 1972 375 1998 in
394 1972 530 1998 desertum
544 1972 569 1998 in
590 1976 660 1998 terra
684 1971 754 1997 invia
776 1975 803 1996 et
819 1970 920 1996 sitienti
934 1990 940 2000 ,
956 1972 982 1995 ct

195 2030 203 2045 ι
226 2026 352 2055 egressus
371 2022 413 2045 est
431 2017 503 2052 ignis
524 2017 557 2044 de
578 2017 652 2052 virga
677 2025 814 2043 raniorttm
837 2016 911 2050 ejus,
937 2014 982 2051 qui

195 2076 204 2091 ι
226 2066 341 2092 fructum
358 2064 414 2099 ejus
429 2063 554 2090 comedit.
570 2063 604 2089 Et
617 2070 669 2089 tion
686 2062 735 2088 fuit
750 2063 775 2088 iii
794 2070 825 2089 ea
836 2062 911 2097 virga
926 2061 982 2088 for-

196 2120 205 2136 ι
230 2111 418 2144 tis,sceptrum
431 2107 626 2135 dominantium
637 2116 643 2138 ;
658 2106 781 2142 planctus
792 2110 843 2137 est,
855 2111 881 2133 et
894 2106 945 2133 erit
956 2105 982 2132 in

197 2166 206 2183 ε
231 2156 367 2192 planctum
378 2175 385 2188 ,
401 2159 454 2182 etc.
473 2164 482 2179 ι
498 2153 617 2180 Diversis
637 2151 806 2179 sermonibus
819 2159 870 2178 una
888 2159 930 2178 res
943 2152 983 2178 di-

195 2203 276 2235 citur,
290 2206 317 2229 et
335 2199 469 2236 quomodo
490 2199 515 2226 iii
535 2198 718 2233 superioribus
740 2197 853 2232 legimus
870 2196 981 2223 Jerusa-

194 2247 245 2273 lem
257 2245 375 2281 pulchrte
389 2244 494 2272 mulieri
509 2246 692 2277 comparatam
708 2246 735 2268 ct
748 2249 854 2268 rursum
874 2241 964 2268 laena:
974 2262 980 2272 ,

195 2291 240 2326 qui
257 2291 282 2317 iti
296 2289 376 2317 cubili
399 2297 448 2316 suo
465 2288 557 2316 leones
578 2286 718 2318 nutrierit,
738 2286 777 2313 sic
793 2294 863 2313 nunc
878 2286 925 2312 viti
942 2285 981 2312 vel

194 2334 279 2360 vinea:
301 2333 487 2368 pulcherrima:
511 2336 694 2367 comparatur,
719 2339 778 2366 qum
801 2338 881 2364 super
900 2338 982 2365 aquas

196 2379 314 2414 plantata
329 2379 364 2405 sit
377 2379 486 2410 inultas,
500 2383 528 2406 et
556 2378 657 2405 idcirco
677 2377 789 2404 hutnore
812 2377 905 2403 nutriti
924 2376 981 2411 pal-

197 2423 275 2450 mites
299 2423 432 2449 intantum
455 2424 609 2453 creverint,
636 2427 666 2449 ut
690 2431 758 2449 titius
777 2422 888 2456 painics,
903 2431 982 2457 quem

197 2469 336 2503 Scriptura
349 2468 449 2503 virgam
461 2469 650 2496 solidissimum
662 2468 718 2496 sive
729 2469 904 2495 fortissimam
916 2477 984 2494 nuti—

197 2519 288 2549 caput,
305 2514 451 2549 profecerit
464 2514 489 2540 in
504 2520 608 2547 sceptra
623 2513 830 2541 dominantium.
845 2514 889 2540 llla
904 2515 985 2549 igitur

196 2560 274 2586 vinea
293 2563 373 2586 tantm
388 2558 518 2585 ubertatis
533 2563 559 2585 et
570 2558 705 2586 frttcttiutti
724 2564 856 2594 lautiaque
868 2559 984 2594 pulchri-

197 2607 311 2638 tudinis,
330 2606 465 2641 qnomodo
480 2612 550 2632 nunc
568 2605 764 2639 transplantata
784 2610 827 2632 est
849 2606 874 2632 in
894 2606 985 2632 deser-

195 2657 272 2685 ttttu,
298 2652 324 2679 iii
350 2656 422 2679 terra
447 2651 517 2677 invia
544 2654 571 2677 ct
598 2650 716 2677 sitienti?
740 2649 982 2686 Significatautem

196 2704 298 2726 terrain
324 2697 487 2734 Babylonis,
513 2697 546 2724 ad
579 2705 660 2732 quam
687 2697 808 2724 translati
837 2702 916 2730 stitit,
942 2698 983 2724 vel

197 2742 343 2779 {Egyptuni
360 2751 412 2778 qtto
433 2742 626 2777 confugerunt,
650 2746 697 2769 aut
720 2742 804 2777 ipsam
825 2746 924 2769 terram
938 2743 985 2769 Ju-

199 2790 294 2822 daaatn,
312 2790 338 2816 in
354 2798 405 2824 qua
418 2789 495 2824 pauci
511 2797 642 2825 pauperes
661 2795 847 2818 remanserunt
860 2812 867 2824 ,
887 2791 984 2826 quibus

198 2834 338 2868 praefectus
351 2840 409 2862 erat
419 2835 556 2863 Gotholias
569 2835 718 2873 [Godolias]
729 2841 758 2864 ut
769 2842 941 2870 congregaret
959 2842 985 2864 et

1031 1607 1104 1641 cipes
1128 1606 1185 1640 ejus
1208 1607 1351 1641 capiantur
1376 1608 1478 1635 retibus
1502 1608 1618 1639 diaboli,
1643 1609 1689 1643 qui
1712 1617 1764 1636 non
1789 1609 1826 1636 sit

1032 1653 1112 1680 unius
1128 1653 1198 1688 regis
1208 1653 1334 1687 captione
1347 1657 1498 1686 contentus,
1515 1655 1560 1681 sed
1572 1655 1694 1689 quotidie
1709 1662 1786 1690 reges
1800 1660 1825 1683 et

1032 1699 1165 1733 principes
1180 1706 1277 1733 capere
1292 1698 1416 1730 festinet,
1430 1700 1576 1727 secundum
1594 1700 1657 1727 illud
1670 1701 1743 1735 quod
1756 1701 1824 1728 scri-

1031 1748 1106 1779 pttnit
1124 1747 1176 1775 est,
1194 1753 1203 1768 ‹
1220 1743 1294 1770 Esca:
1306 1743 1364 1777 ejus
1379 1743 1479 1771 electaz.
1495 1754 1503 1770 ι
1519 1744 1647 1772 Palmites
1659 1753 1767 1780 quoque
1780 1753 1826 1773 ec-

1032 1790 1130 1822 clesia),
1142 1798 1188 1824 qui
1204 1790 1302 1817 dudttm
1319 1789 1429 1817 floribus
1440 1795 1466 1817 et
1480 1790 1570 1817 rubori
1587 1791 1726 1826 sanguinis
1736 1798 1826 1825 mqua-

1032 1834 1139 1864 hatitur,
1155 1837 1248 1867 postea
1259 1838 1339 1860 vento
1353 1839 1447 1861 urente
1461 1835 1606 1861 siccentur.
1622 1835 1707 1868 Quam
1719 1835 1824 1870 exposi-

1033 1880 1133 1905 tionem
1154 1884 1182 1906 et
1201 1879 1338 1914 Evangelii
1360 1880 1486 1914 parabola
1509 1885 1587 1907 sonat
1605 1880 1680 1916 (Luc.
1701 1881 1776 1914 vnt),
1796 1881 1822 1907 iit

1033 1931 1095 1957 qua,
1114 1923 1170 1950 sole
1184 1928 1255 1955 orto,
1272 1932 1301 1949 ca
1315 1931 1373 1958 qua:
1387 1925 1605 1958 gct‘titinaverant
1625 1929 1823 1957 testtiavcrunt,

1032 1974 1059 1996 et
1075 1974 1185 2003 repente
1201 1969 1299 1996 siccata
1316 1974 1378 1996 sunt
1393 1990 1400 2002 ,
1419 1969 1456 1996 ita
1472 1974 1501 1996 ut
1513 1970 1555 1996 vix
1573 1974 1713 1996 remaneat
1728 1978 1796 1997 unus
1810 1977 1825 1996 θ

1033 2017 1200 2051 palmitibus,
1214 2017 1259 2051 qui
1273 2020 1419 2051 consurgat
1433 2016 1459 2042 in
1475 2016 1576 2051 virgam
1590 2020 1617 2043 et
1636 2016 1734 2052 dignus
1751 2016 1824 2050 prin—

1033 2070 1096 2097 ceps
1121 2061 1210 2097 populi
1231 2061 1286 2088 fiat.
1306 2060 1382 2095 Quod
1400 2061 1461 2088 aliis
1477 2061 1566 2088 verbis
1586 2061 1705 2095 loqttitttr
1722 2061 1823 2087 Amos:

1036 2117 1044 2131 ι
1061 2106 1186 2133 lnducaiit
1199 2105 1295 2132 famem
1307 2110 1334 2132 et
1348 2106 1420 2132 sitim
1436 2113 1517 2140 super
1534 2110 1644 2137 terram,
1658 2113 1710 2132 non
1727 2105 1823 2132 fantem

1033 2152 1118 2186 panis.
1129 2159 1215 2186 neque
1229 2151 1301 2178 sititii
1313 2159 1399 2186 aquae,
1412 2152 1458 2179 sed
1472 2151 1571 2178 fatiiettt
1585 2152 1712 2178 audiendi
1724 2160 1825 2178 seruio-

1035 2206 1083 2225 ties
1105 2197 1152 2224 Dei
1168 2198 1258 2232 (Amos
1271 2198 1346 2230 viti);
1366 2208 1374 2222 ι
1389 2198 1458 2224 unde
1472 2198 1599 2224 debemus
1614 2198 1741 2232 plangere
1751 2203 1777 2225 et
1788 2197 1825 2223 la-

1037 2243 1150 2269 mentari
1166 2249 1247 2276 super
1263 2242 1397 2277 principes
1411 2242 1491 2269 lsrael
1503 2263 1509 2274 ,
1527 2250 1640 2276 quorum
1653 2243 1722 2270 vitio
1737 2248 1764 2270 et
1781 2251 1825 2270 sti-

1037 2288 1129 2323 perliia
1140 2287 1230 2314 Judtea
1243 2288 1348 2315 deserta
1363 2292 1389 2314 ct
1401 2292 1478 2322 capta
1490 2292 1532 2315 est
1542 2287 1704 2315 Jerusalem.

1333 2352 1446 2380 CAPUT
1465 2352 1524 2380 XX.

1039 2408 1167 2435 Dominus
1185 2417 1236 2434 non
1256 2408 1391 2439 rcsy'mtdel
1408 2407 1626 2442 inlcrrogaulibus
1647 2414 1754 2442 propter
1766 2417 1822 2442 per-

1075 2449 1145 2473 trata,
1161 2448 1183 2469 ct
1198 2444 1336 2477 exprobrat
1351 2444 1388 2469 ei:
1403 2443 1500 2469 scelera
1511 2448 1535 2469 et
1554 2443 1748 2477 blasphemia:
1759 2448 1781 2469 et
1794 2444 1824 2469 de

1074 2478 1252 2518 reprobatione
1265 2478 1328 2511 legis
1343 2483 1365 2504 et
1380 2477 1585 2511 sucrt‘ﬁciartmt;
1604 2478 1637 2504 de
1652 2479 1737 2504 rclilu
1748 2479 1824 2512 capti-

1074 2522 1162 2539 ι·οιίι;ιι
1178 2522 1204 2539 ιη
1219 2519 1315 2539 terram
1331 2521 1416 2538 suum.

1076 2579 1084 2595 ι
1108 2569 1140 2595 Et
1156 2569 1254 2596 factum
1268 2573 1310 2595 est
1321 2568 1346 2595 iii
1359 2576 1429 2595 anno
1443 2569 1568 2603 Septimo,
1585 2569 1611 2594 in
1626 2568 1735 2603 quinto,
1743 2568 1768 2595 in
1783 2568 1822 2594 de-

1041 2624 1050 2639 t
1074 2615 1143 2641 cinia
1157 2615 1265 2646 mensis,
1274 2618 1404 2641 venerunt
1420 2614 1468 2640 viri
1485 2614 1516 2640 de
1532 2614 1683 2641 senioribus
1695 2613 1787 2645 Israel,
1797 2617 1824 2639 ut

1040 2669 1048 2684 ι
1073 2660 1272 2694 interrogarent
1287 2659 1448 2690 Dominum,
1464 2664 1492 2685 ct
1513 2659 1641 2686 sedebant
1659 2666 1752 2686 comat
1768 2667 1823 2688 me,

1037 2713 1046 2728 ι
1069 2708 1121 2730 etc.
1144 2712 1153 2727 ι
1173 2701 1307 2737 (llic-ron.)
1323 2702 1387 2729 Post
1400 2703 1524 2729 undecim
1548 2703 1650 2736 primos
1673 2710 1781 2729 nienses
1800 2707 1822 2727 et

1035 2747 1152 2781 qttiuque
1165 2747 1223 2773 dies
1237 2746 1384 2781 superioris
1397 2746 1519 2777 visionis,
1534 2754 1640 2774 rursum
1651 2754 1742 2773 sermo
1754 2747 1781 2772 lit
1794 2744 1821 2771 ad

1035 2793 1191 2828 prophetam
1208 2797 1350 2826 postquam
1365 2798 1496 2819 venerunt
1510 2792 1603 2818 viride
1614 2793 1766 2819 senioribus
1782 2792 1822 2818 do-

1036 2846 1095 2864 mus
1106 2837 1196 2869 Israel,
1209 2842 1238 2863 Iit
1250 2838 1442 2871 inierrogaren!
1455 2837 1549 2870 Deum,
1559 2841 1585 2863 ct
1596 2838 1723 2864 sederunt
1735 2843 1820 2864 coram
