3954 6182
1302 272 1651 333 COMMENT.
1695 272 1759 328 IN
1802 264 2251 329 EZECIHHJEM.
2284 303 2361 314 -—
2397 272 2524 327 LIB.
2566 272 2695 329 VIII.
3046 277 3067 289 ‘
3512 275 3615 328 7l8

379 404 464 446 eo.
486 388 635 443 Hanc
655 394 836 442 autem
857 386 1294 442 consuetudinem
1322 385 1484 440 fuisse
1502 383 1678 454 populi
1696 383 1878 447 Israel,
1898 391 1957 437 ut
1987 370 2030 445 Ἀ
2060 380 2399 435 hereditario
2430 382 2573 435 maio
2602 381 2970 451 longissimum
3021 383 3199 436 {intem
3241 384 3459 438 trahere
3499 399 3620 452 peo-

381 479 636 551 quidquid
652 481 793 533 scire
815 478 1101 548 cupiebant
1120 492 1149 530 a
1166 476 1393 531 Domino
1406 480 1711 545 quaererent
1727 488 1821 543 per
1841 487 1957 542 pro-
2054 476 2297 523 catorum
2316 507 2331 534 ,
2355 477 2413 523 ut
2438 485 2666 539 quorum
2712 471 2991 526 imitantur
3018 472 3176 535 vitia,
3207 486 3395 527 eorum
3424 475 3624 544 suppli-

378 572 590 642 pbetas,
613 569 780 624 multa
802 568 1043 638 exempla
1061 576 1343 623 testantur.
1360 566 1490 621 Saul
1511 578 1756 636 quaerens
1777 564 1957 618 asinas
2054 561 2136 615 cia
2164 562 2568 631 pertimescant.

380 662 432 725 (Ι
448 660 572 731 Reg.
598 660 696 733 rx),
724 659 894 731 pergit
920 660 986 714 ad
1011 657 1248 723 Samuel,
1277 657 1589 727 accepitque
1614 654 1893 710 consilium
1923 669 1952 707 ιι
2127 673 2149 704 ε
2180 653 2305 707 Ilzne
2325 653 2456 709 dicit
2479 653 2739 710 Dominus
2763 655 2903 711 Deus
2929 675 2942 711 :
2965 655 3025 711 In
3047 657 3134 712 die
3152 673 3257 726 qua
3279 656 3414 726 elegi
3435 657 3622 722 Israel,

377 768 580 823 puero,
620 759 683 805 ut
711 749 930 806 oﬂ'erret
961 751 1235 821 prophetae
1278 758 1527 818 quartam
1566 756 1773 819 partem
1812 746 1949 801 sicli.
2058 758 2079 791 ι
2119 748 2177 794 et
2194 739 2367 795 levavi
2396 755 2615 795 meum“
2643 757 2817 796 meum
2843 759 2942 813 pro
2968 746 3141 816 stirpe
3155 745 3346 800 domus
3366 744 3626 809 Ιεαθδςθι

379 843 697 914 Ᾱῑςινοῑιιιιιθ
718 838 827 896 lilio
857 838 1139 896 Jeroboam
1167 840 1399 893 mittitur
1418 838 1472 892 in
1497 836 1610 892 Silo
1636 837 1701 891 ad
1728 836 1950 891 Achiam
2056 848 2079 883 ι
2119 832 2343 902 apparui
2394 832 2474 887 eis
2513 833 2569 886 in
2611 840 2754 888 terra
2796 833 3049 906 Egypti,
3095 845 3152 890 et
3193 837 3363 891 levavi
3402 850 3624 892 manum

380 929 622 1003 [Abiam]
655 931 971 1000 prophetam
1004 942 1142 982 uxor
1173 927 1289 997 ejus
1324 923 1570 981 deferens
1613 923 1949 989 munuscula,
2057 940 2079 974 ‹
2123 938 2294 979 meam
2323 938 2421 995 pro
2460 925 2559 991 eis,
2584 926 2806 981 dicens:
2833 928 2945 999 Ego
2970 931 3229 986 Dominus
3257 933 3397 987 Deus
3417 940 3618 987 vester.

376 1034 549 1091 panes
573 1026 630 1073 et
652 1017 957 1089 coliyridas,
985 1028 1118 1070 uvas
1139 1022 1195 1070 et
1218 1013 1554 1085 lagunculam
1577 1012 1778 1077 mellis,
1806 1022 1865 1067 ut
1886 1013 1954 1068 de
2057 1034 2075 1066 ς
2122 1013 2177 1070 In
2207 1012 2295 1070 die
2324 1012 2411 1070 illa
2435 1016 2606 1070 levavi
2637 1033 2855 1073 manum
2880 1037 3052 1075 meam
3079 1036 3179 1091 pro
3206 1025 3284 1078 eis
3304 1065 3318 1087 ,
3342 1034 3402 1080 ut
3429 1027 3625 1082 educe-

378 1114 477 1170 ﬂlil
523 1111 836 1167 inﬁrmitate
881 1116 1231 1179 cognosceret
1273 1104 1394 1181 (III
1437 1102 1565 1178 Reg.
1603 1107 1738 1176 xxv).
1786 1105 1951 1163 David
2058 1122 2076 1155 ι
2123 1119 2236 1158 rem
2262 1119 2358 1159 eos
2381 1105 2447 1160 de
2469 1114 2611 1159 terra
2643 1105 2861 1179 [Egypli
2902 1110 2957 1163 in
2985 1119 3217 1178 terram,
3249 1127 3410 1184 qutun
3437 1117 3620 1186 provi-

379 1218 595 1274 quoque
620 1203 881 1276 propheta
904 1201 1066 1254 alium
1099 1199 1393 1268 interrogat
1411 1198 1726 1267 prophetam
1742 1195 1951 1251 Nathan
2058 1206 2079 1243 ‹
2119 1191 2304 1247 (ieram
2327 1194 2427 1259 eis,
2457 1193 2713 1250 ﬂuentem
2732 1196 2876 1252 lacte
2896 1208 2950 1252 et
2968 1200 3144 1266 melle,
3165 1216 3284 1271 quae
3305 1214 3389 1258 est
3409 1206 3623 1276 egregia

379 1293 468 1363 (II
502 1292 630 1362 Reg.
661 1290 759 1364 vn)
784 1300 967 1345 utrum
1008 1289 1261 1357 templum
1295 1288 1523 1342 Domino
1552 1286 1823 1342 aediﬁcare
1855 1284 1950 1341 de.
2056 1302 2077 1335 ι
2119 1283 2261 1340 inter
2284 1300 2472 1342 omnes
2492 1295 2685 1353 terras,
2708 1297 2813 1343 etc.
2844 1309 2864 1341 ι
2891 1290 2947 1344 1η
2982 1291 3218 1363 ,λΕεγριο
3252 1294 3417 1364 igitur
3448 1297 3620 1354 factus

379 1386 524 1439 heat.
543 1382 608 1436 Et
626 1381 814 1436 Achab
835 1380 1142 1435 sciscitatur
1155 1378 1410 1432 ascendat
1429 1392 1496 1431 an
1516 1390 1620 1431 non
1643 1377 1696 1430 in
1719 1375 1950 1430 Ramotb
2051 1384 2134 1431 est
2163 1387 2322 1433 notus
2342 1379 2539 1449 populo
2564 1390 2621 1434 et
2657 1382 2848 1435 semini
2878 1383 3067 1440 domus
3092 1384 3278 1451 Jacob,
3311 1390 3526 1458 quando
3553 1390 3623 1444 le-

378 1472 584 1528 Galaad
621 1469 740 1541 (111
763 1468 889 1539 Reg.
911 1466 1069 1538 xm).
1106 1465 1165 1522 In
1191 1466 1327 1521 Isaia
1353 1480 1565 1536 quoque
1590 1474 1645 1519 et
1670 1465 1722 1519 in
1744 1464 1949 1536 Regum
2048 1468 2195 1523 vavit
2239 1484 2455 1525 manum
2497 1488 2647 1526 suam
2695 1489 2792 1542 pro
2837 1475 2940 1538 eis,
2993 1487 3182 1532 contra
3213 1477 3518 1550 Egyptios,
3565 1491 3616 1538 et

376 1562 807 1630 volumine,qum
829 1558 1235 1614 Senuacberich
1259 1566 1485 1613 ventura
1514 1556 1953 1612 sintnuntiantur
2050 1557 2222 1613 dixit:
2251 1579 2270 1610 ι
2292 1560 2407 1631 Ego
2426 1560 2686 1616 Dominus
2714 1564 2856 1618 Deus
2888 1571 3087 1631 vester,
3118 1587 3136 1619 ι
3171 1574 3225 1622 et
3260 1570 3421 1641 elegit
3442 1587 3535 1626 eos
3563 1581 3625 1627 ut

377 1652 432 1724 (1
449 1650 488 1704 ν
515 1650 642 1721 Reg.
675 1665 767 1705 χιχ
789 1665 806 1716 ;
832 1648 943 1703 Ita.
973 1647 1202 1718 xxxvii).
1234 1646 1346 1702 Nec
1376 1648 1570 1701 mirum
1613 1647 1659 1701 si
1688 1647 1740 1701 in
1770 1645 1949 1701 Veteri
2051 1652 2307 1707 educeret
2333 1653 2400 1709 de
2423 1663 2562 1708 terra
2594 1654 2814 1727 Egypti
2853 1657 2919 1710 ad
2950 1665 3148 1712 terram
3190 1657 3442 1717 ﬂuentem
3483 1661 3623 1719 lacte

376 1743 726 1797 Testamento
753 1739 998 1809 singulis,
1026 1754 1146 1808 quae
1187 1736 1366 1791 futura
1388 1746 1535 1797 επις
1563 1737 1835 1806 prophetae
1859 1750 1948 1790 811-
1975 1731 2023 1791 Β
2050 1748 2107 1797 et
2154 1742 2350 1810 melle;
2400 1744 2631 1798 necdum
2678 1746 2821 1799 enim
2859 1762 3053 1817 capere
3100 1758 3347 1819 poterant
3394 1751 3623 1806 solidum

375 1835 669 1898 nuntient,
716 1844 840 1889 cum
888 1832 1128 1902 Agabum
1173 1829 1461 1900 legerimus
1496 1829 1632 1899 (Ᾱει.
1661 1833 1795 1899 XXI),
1834 1842 1954 1897 quae
2052 1835 2265 1901 cibum,
2305 1835 2403 1891 sed
2440 1836 2593 1906 quasi
2627 1838 2831 1907 parvuli
2872 1850 3033 1909 atque
3072 1841 3352 1908 lactentes,
3388 1844 3543 1898 melle
3568 1850 3627 1898 et

374 1926 544 1982 Paulo
567 1934 791 1981 ventura
832 1925 938 1979 sint
976 1923 1318 1992 prophetare.
1341 1920 1610 1990 Scriptum
1637 1921 1876 1975 estenim
1900 1921 1952 1973 in
2053 1922 2192 1978 lacte
2220 1923 2528 1994 indigebant
2575 1925 2831 1981 infantiae.
2864 1925 3022 1983 Juxta
3059 1929 3297 1984 litteram
3332 1947 3496 1996 vero,
3548 1934 3627 1986 in-

380 280 481 333 τιτι

374 2015 837 2071 Denteronomio:
870 2032 891 2065 ‹
924 2013 1124 2068 Gentes
1170 2024 1304 2081 quas
1346 2010 1603 2065 Dominus
1648 2010 1955 2079 perditurus

371 2116 477 2172 est,
509 2108 563 2162 in
590 2114 883 2177 conspectu
908 2114 1002 2160 tuo
1028 2104 1144 2158 ista:
1168 2103 1376 2159 somnia
1400 2110 1455 2156 et
1479 2100 1837 2156 divinatidnes
1860 2116 1955 2154 au-

373 2201 553 2265 dient,
602 2200 697 2254 tibi
742 2208 920 2253 autem
950 2212 1057 2252 non
1088 2198 1167 2254 sic
1202 2196 1351 2252 dedit
1378 2192 1636 2251 Dominus
1667 2193 1808 2249 Deus
1831 2204 1954 2249 tuus

373 2290 552 2361 (Deut.
594 2288 772 2359 xvm).
810 2306 830 2339 ι
864 2287 1119 2343 Gentium
1163 2286 1308 2340 enim
1350 2292 1434 2339 est
1479 2282 1629 2337 adire
1652 2280 1951 2346 Cbaldmes,

373 2379 593 2441 ariolus,
624 2362 918 2448 aruspices,
941 2377 1171 2442 divinos,
1195 2373 1495 2445 sortilegos,
1520 2370 1735 2426 oracula
1758 2370 1956 2424 damo-

372 2487 504 2526 nnm
535 2470 732 2538 quibus
761 2468 932 2524 errori
954 2482 1138 2522 earum
1169 2466 1425 2521 illuditnr.
1455 2463 1608 2518 Unde
1632 2470 1688 2518 et
1708 2477 1848 2517 nunc
1876 2476 1956 2516 se.

374 2561 558 2616 niores
584 2558 749 2614 Israel
771 2558 969 2613 adeunt
998 2557 1340 2627 prophetam,
1363 2562 1427 2608 ut
1448 2554 1842 2623 interrogarent
1858 2559 1956 2621 per

372 2665 499 2706 eum
533 2649 849 2711 Dominum,
895 2654 951 2702 et
985 2655 1166 2701 tamen
1201 2647 1271 2699 de
1308 2644 1729 2715 interrogatione
1771 2642 1951 2707 silent,

372 2743 499 2813 ipso
529 2742 623 2813 qui
667 2739 1078 2810 interrogandus
1106 2746 1231 2793 erat
1259 2737 1463 2793 sciente
1494 2734 1622 2805 quid
1658 2734 1956 2804 interroga.

370 2842 498 2889 rent
514 2875 528 2898 ,
558 2843 619 2888 ut
636 2841 691 2887 et
712 2833 765 2887 in
789 2844 856 2887 eo
873 2830 1189 2886 miraculum
1214 2831 1285 2885 sit
1308 2830 1449 2884 scire
1474 2843 1572 2883 ear
1588 2830 1864 2892 venerint,
1901 2834 1958 2882 et

374 2924 449 2977 ad
478 2937 542 2977 ea
583 2922 940 2991 respondere,
978 2932 1098 2990 qua:
1126 2920 1321 2975 tacitus
1341 2932 1525 2974 sermo
1545 2919 1599 2973 in
1627 2919 1809 2973 atumo
1826 2932 1954 2973 con-

379 3013 611 3067 tinebat.

2053 2013 2248 2083 ciytam
2277 2026 2398 2068 esse
2428 2021 2627 2069 terram
2664 2014 2814 2071 .Iudre
2862 2025 2916 2071 ct
2960 2019 3166 2074 cunctis
3207 2020 3369 2075 terris
3412 2021 3630 2076 fertilio-

2053 2117 2169 2157 rem
2197 2103 2443 2159 dubitare
2470 2119 2577 2159 non
2600 2107 2815 2175 poterit,
2837 2108 2927 2177 qui
2953 2123 2981 2162 a
3009 2108 3343 2166 Rinocorura
3367 2127 3537 2182 usque
3560 2114 3627 2169 ad

2053 2193 2291 2249 Taurum
2340 2205 2577 2250 montem
2627 2204 2681 2251 et
2725 2210 2894 2267 usque
2937 2198 3006 2253 ad
3050 2199 3359 2271 Euphraten
3408 2201 3626 2257 ﬂuvium

2053 2292 2301 2338 cunctam
2326 2283 2749 2340 consideraverit
2771 2295 2994 2351 terram,
3010 2296 3064 2341 et
3090 2288 3303 2343 urbium
3330 2292 3627 2359 potentiam

2054 2371 2538 2441 amamitatemqne
2574 2374 2852 2443 regionum
2876 2415 2891 2437 ,
2918 2375 3260 2431 Palmstinam
3294 2378 3546 2434 videlicet
3573 2390 3629 2435 et

2053 2459 2377 2526 thnicen,
2408 2462 2692 2527 Arabiam,
2744 2463 2990 2533 Syriam,
3018 2465 3201 2521 Coelen
3226 2508 3241 2530 ,
3278 2466 3546 2533 Ciliciam,
3574 2478 3630 2524 et

2054 2563 2279 2612 emeras
2303 2548 2580 2626 regiones,
2604 2570 2739 2625 quas
2773 2557 2978 2621 lsraeli,
3020 2559 3062 2613 si
3086 2559 3180 2614 Dei
3202 2567 3475 2629 praecepta
3508 2576 3623 2614 ser-

2052 2651 2253 2710 vasset,
2281 2643 2542 2699 Dominus
2566 2646 2872 2714 repromisit
2902 2664 2914 2700 :
2942 2663 3077 2716 quas
3107 2649 3231 2719 quia
3256 2664 3361 2704 non
3389 2651 3626 2721 accepit,

2054 2736 2242 2791 vitium
2279 2735 2381 2789 fuit
2409 2735 2798 2791 incredulitatis
2818 2737 2953 2808 ejus.
2982 2737 3114 2792 Nam
3143 2746 3197 2793 et
3225 2739 3278 2793 in
3309 2740 3424 2809 ipsa
3455 2739 3625 2796 Palae-

2054 2828 2195 2882 stina
2222 2823 2510 2895 Iudaeaque
2555 2826 2831 2895 provincia
2863 2835 3050 2898 gentes
3084 2827 3327 2899 plurimae
3355 2845 3631 2886 remanse«

2056 2924 2203 2981 runt,
2230 2930 2351 2987 quae
2388 2932 2494 2971 non
2532 2925 2660 2972 sunt
2684 2916 2885 2988 eiectas.
2912 2916 3095 2988 Neque
3123 2919 3266 2973 enim
3307 2935 3534 2990 sponsor
3571 2922 3626 2977 in

2056 3008 2284 3063 crimine
2308 3015 2415 3071 est,
2445 3007 2491 3061 si
2535 3007 2626 3062 ille
2672 3008 2761 3064 cui
2803 3009 3229 3078 repromittatur,
3258 3011 3532 3083 indignum
3567 3027 3627 3066 se

451 3121 472 3155 ι
518 3102 586 3155 Et
626 3100 800 3157 iactus
835 3108 921 3155 est
952 3113 1131 3156 sermo
1157 3098 1370 3153 Domini
1402 3098 1469 3152 ad
1498 3097 1820 3152 medicens:
1849 3095 1949 3150 Fili
1980 3077 2024 3139 (ἶ
2055 3099 2246 3155 iecerit
2270 3098 2590 3169 sponsione,
2620 3100 2921 3168 prmeertim
2962 3116 3084 3156 cum
3115 3077 3448 3172 proponatur
3473 3104 3625 3173 optio

381 3211 403 3244 ι
450 3192 707 3255 hominis,
733 3192 953 3261 loquere
971 3189 1278 3245 senioribus
1300 3187 1482 3252 Israel,
1499 3197 1555 3242 et
1570 3189 1719 3243 dices
1737 3187 1807 3241 ad
1822 3200 1919 3241 eos
1936 3204 1949 3239 :

389 3302 411 3334 c
456 3282 584 3337 Haec
610 3281 743 3337 dicit
767 3282 1025 3336 Dominus
1052 3281 1220 3335 Deus:
1249 3276 1499 3347 Nunquid
1519 3278 1586 3333 ad
1610 3277 1953 3346 interrogan-

381 3395 401 3427 ε
440 3375 575 3429 dum
602 3387 690 3428 me
710 3387 807 3427 vos
832 3370 1097 3426 venistis?
1117 3369 1251 3425 Vivo
1274 3383 1406 3440 ego,
1432 3368 1557 3439 quia
1600 3382 1706 3423 non
1736 3381 1956 3437 respuo.

383 3483 402 3515 ι
453 3462 597 3517 debo
623 3461 809 3525 vobis,
838 3460 914 3514 ait
954 3459 1213 3514 Dominus
1249 3457 1410 3513 Deus.
1444 3477 1462 3508 ι
1496 3456 1708 3512 Sanctis
1734 3466 1792 3510 et
1820 3471 1952 3511 con-

374 3568 513 3623 grua
560 3549 1020 3621 interrogantibus
1065 3548 1225 3603 datur
1270 3546 1562 3617 promissio
1589 3584 1605 3612 ,
1656 3546 1833 3600 adhuc
1877 3544 1957 3599 lo-

377 3649 582 3712 quente
598 3650 650 3695 te
666 3640 842 3696 dicam
867 3657 880 3693 :
904 3657 922 3690 ι
946 3638 1084 3693 Ecce
1102 3638 1309 3692 adsum.
1323 3655 1342 3687 ι
1359 3635 1737 3692 Peccatoribus
1753 3643 1953 3701 autem,

376 3730 567 3800 quales
596 3728 817 3787 fuerunt
842 3729 1085 3784 seniores
1108 3727 1294 3790 Israel,
1316 3736 1373 3782 et
1402 3741 1630 3796 quorum
1668 3726 1871 3782 scelera
1899 3727 1954 3781 in

377 3821 837 3891 consequentibus
852 3821 1111 3890 propheta
1135 3818 1409 3879 describit,
1430 3833 1535 3873 non
1560 3818 1719 3872 datur
1738 3833 1957 3887 respon-

378 3914 496 3978 sio,
529 3913 624 3968 sed
648 3912 945 3982 increpatio
966 3926 1066 3980 pro
1098 3910 1355 3980 peccatis.
1388 3910 1457 3963 Et
1499 3907 1650 3963 addit
1684 3906 1956 3976 jusjuran-

376 4004 509 4059 dum
532 4002 730 4059 :rVivo
753 4017 873 4073 ego,
894 4021 912 4052 ι
939 4009 999 4056 ut
1019 4000 1223 4057 firmior
1239 4000 1311 4054 sit
1335 3999 1601 4054 sententia
1621 3996 1950 4066 denegantis.

389 4113 411 4146 ς
451 4093 508 4149 Si
530 4091 746 4161 iudicas
768 4107 881 4156 eos,
905 4091 1196 4159 sijudicas,
1215 4089 1289 4143 iiii
1310 4087 1561 4143 hominis.
1586 4104 1605 4139 ι
1641 4085 1718 4139 Illi
1739 4085 1957 4154 quidem

381 4186 452 4241 ad
477 4182 919 4255 interrogandum
944 4188 1224 4244 venerant,
1244 4180 1522 4250 cupientis
1546 4178 1612 4233 de
1637 4177 1742 4241 his,
1763 4177 1958 4245 quibus

379 4277 685 4347 ambigunt,
715 4283 769 4331 et
798 4274 974 4330 futura
1002 4287 1345 4344 cognoscere.
1376 4290 1394 4322 ι
1429 4270 1508 4325 Tu
1533 4278 1735 4335 autem,
1760 4268 1834 4322 Illi
1859 4268 1958 4323 ho-

382 4369 568 4432 minis,
586 4368 767 4438 judiea
791 4382 904 4427 eos,
932 4374 991 4420 ut
1019 4380 1132 4420 non
1150 4365 1425 4434 prophetm
1446 4364 1519 4418 sit
1538 4360 1836 4430 responsio,
1864 4359 1957 4413 sed

380 4460 651 4516 sententia
678 4457 969 4527 iudicantis
1002 4471 1100 4525 pro
1130 4454 1503 4524 iniquitatibus
1532 4468 1667 4522 quas
1691 4451 1954 4514 fecerunt,

378 4558 439 4604 et
460 4556 677 4618 patrum
695 4547 866 4602 secuti
889 4555 1019 4601 sunt
1040 4546 1260 4602 scelera.
1285 4545 1381 4599 Vel
1401 4553 1548 4601 certe
1572 4562 1593 4595 ι
1627 4544 1674 4599 si
1698 4542 1842 4597 ultus
1862 4557 1957 4597 eos

379 4640 541 4695 fuero
561 4638 782 4697 ultione;
796 4657 815 4689 ι
836 4646 894 4691 ιιι
911 4638 1189 4693 sitsensus
1204 4655 1217 4690 ι
1234 4635 1405 4691 Tanta
1424 4635 1706 4705 iniquitate
1720 4632 1957 4701 cooperti

1986 4412 2036 4470 Ι)

2052 3188 2418 3260 promittentis
2445 3205 2508 3241 τοι
2536 3188 2594 3242 Si
2637 3188 2914 3244 volueritis
2953 3198 3010 3245 et
3054 3193 3334 3249 audieritis
3362 3210 3476 3260 me,
3505 3210 3628 3265 qua

2054 3279 2193 3333 bona
2212 3286 2337 3333 sunt
2362 3286 2519 3332 teme
2543 3278 2856 3342 comedetis,
2881 3279 2962 3333 sin
2985 3289 3164 3335 autem
3193 3282 3493 3348 nolueritis,
3519 3284 3628 3355 gla-

2054 3369 2173 3424 dius
2185 3366 2463 3424 devorabit
2482 3383 2577 3423 vos
2593 3367 2727 3439 (Isa.
2754 3367 2814 3439 ι).
2839 3389 2857 3419 ι
2879 3369 3157 3437 Eliguntur
3176 3387 3306 3442 ergo
3317 3376 3625 3443 praesentia,

2053 3472 2154 3513 nec
2177 3458 2384 3521 statim,
2406 3457 2498 3526 qui
2527 3457 2742 3528 cligitur
2769 3460 2966 3513 tentari
3007 3474 3115 3513 non
3142 3467 3318 3529 potest
3368 3479 3468 3519 nec
3507 3479 3630 3535 ρει·-

2054 3547 2153 3609 ire,
2185 3548 2310 3618 quia
2330 3556 2386 3603 et
2416 3547 2544 3602 Saul
2564 3548 2768 3603 electus
2789 3549 2844 3603 in
2871 3562 3051 3619 regem
3079 3559 3131 3604 et
3156 3549 3320 3607 ludas
3344 3553 3398 3607 in
3423 3563 3632 3625 aposto-

2055 3638 2163 3692 lum
2193 3654 2292 3694 suo
2318 3646 2505 3709 postea
2530 3640 2662 3693 vitio
2683 3648 3024 3694 corruerunt.
3047 3638 3286 3696 Elevatio
3307 3651 3485 3698 autem
3515 3660 3631 3699 ma-

2054 3742 2157 3781 nus
2185 3729 2298 3783 sive
2326 3727 2571 3783 extensio
2598 3726 2841 3782 habitum
2879 3728 3235 3798 percutientis
3269 3733 3537 3799 ostendit,
3567 3749 3629 3794 ut

2054 3826 2365 3885 percuteret
2388 3831 2487 3886 pro
2515 3818 2594 3873 eis
2617 3816 2932 3889 Egyptios,
2972 3827 3028 3874 et
3066 3820 3319 3890 populum
3358 3821 3521 3879 Israel
3560 3824 3628 3879 de

2054 3906 2288 3978 AEgypto
2309 3908 2580 3964 liberaret.

2130 4016 2149 4048 ι
2196 3999 2264 4051 Et
2290 3998 2403 4052 dixi
2424 3999 2490 4053 ad
2517 4013 2615 4053 eos
2640 4016 2652 4051 :
2690 3997 3069 4071 Unusquisque
3092 4002 3415 4060 oﬂ‘ensiones
3450 4004 3632 4060 oculo-

2061 4107 2080 4138 σ
2123 4102 2239 4142 rum
2279 4104 2501 4144 suorum
2543 4090 2793 4161 abjieiat,
2819 4101 2877 4146 et
2910 4091 2965 4146 in
3008 4093 3166 4148 idolis
3204 4092 3421 4166 Egypti
3464 4096 3632 4151 nolite

2062 4201 2079 4231 ι
2125 4181 2425 4252 pollui,ego
2447 4184 2705 4241 Dominus
2721 4186 2863 4241 Deus
2881 4195 3079 4243 vester.
3110 4206 3131 4240 ι
3167 4187 3418 4258 Praecipit
3446 4198 3626 4245 autem

2056 4272 2377 4327 exeuntibus
2401 4274 2634 4343 primum
2656 4275 2724 4330 de
2751 4274 3009 4347 Egypto,
3034 4287 3091 4332 ut
3115 4277 3500 4333 obliviscantur
3520 4280 3631 4333 ido-

2061 4360 2262 4426 lorum,
2293 4362 2489 4432 quibus
2518 4363 2693 4417 multo
2716 4373 2957 4433 tempore
2994 4365 3321 4430 servierant,
3347 4367 3455 4421 imo
3490 4365 3629 4433 abji-

2062 4454 2211 4509 ciant
2236 4468 2301 4508 ea
2325 4454 2395 4508 ab
2419 4454 2589 4509 neniis
2610 4455 2723 4509 suis
2742 4493 2760 4519 ,
2790 4465 2852 4508 ut
2876 4470 2943 4509 ne
2974 4463 3193 4525 aspectu
3222 4456 3439 4525 quidem
3468 4457 3626 4527 digna

2063 4543 2319 4607 habeant,
2345 4552 2400 4597 et
2419 4543 2615 4612 quibus
2642 4543 2811 4599 multo
2850 4552 3090 4614 tempore
3117 4546 3302 4615 polluti
3334 4556 3458 4601 sunt
3486 4548 3628 4605 ultra

2062 4648 2168 4687 non
2195 4633 2556 4702 acquiescant.
2591 4651 2609 4680 σ
2648 4634 2780 4704 Ego,
2834 4634 3043 4703 inquit,
3073 4635 3330 4691 Dominus
3362 4636 3506 4693 Deus
3531 4653 3630 4693 ve-

379 4736 553 4792 sunt,
589 4736 651 4782 ut
697 4742 799 4785 nec
837 4726 1214 4782 emendatione
1262 4724 1480 4794 quidem
1526 4732 1582 4777 et
1620 4724 1958 4793 correptione
2061 4729 2192 4777 ater.
2214 4721 2368 4775 aNon
2393 4721 3050 4793 portentaEgyptiamon
3075 4725 3346 4779 variorum
3373 4725 3628 4795 ﬁgmenta

378 4819 496 4875 sint
534 4816 717 4887 digni,
751 4816 1043 4873 secundum
1076 4816 1204 4871 illud
1230 4855 1245 4881 ,
1276 4815 1417 4884 quod
1450 4813 1502 4868 in
1529 4814 1791 4882 propheta
1821 4811 1958 4866 dici-
2062 4822 2425 4868 monstrorum
2454 4830 2468 4866 :
2510 4813 2604 4868 sed
2646 4822 2704 4869 et
2748 4814 2904 4870 nobis
2952 4816 3167 4885 quando
3212 4817 3506 4872 exierimus
3565 4819 3633 4872 de

382 4916 475 4963 tur
516 4926 535 4961 ε
576 4925 595 4958 ε
643 4905 760 4962 Non
803 4907 1030 4961 visitabo
1072 4904 1210 4960 ultra
1261 4906 1399 4963 tilias
1441 4913 1647 4959 vestras
1691 4910 1746 4956 et
1794 4917 1962 4957 nurus
2062 4902 2317 4973 Egypto,
2345 4899 2566 4969 iubetur
2595 4912 2652 4956 ut
2680 4901 3004 4959 oil‘ensiones
3029 4904 3303 4959 oculorum
3319 4914 3629 4960 nostrorum

377 5011 596 5055 vestras
614 5013 738 5054 cum
763 4999 1046 5054 moechatus
1069 4996 1266 5051 fuerint
1284 4994 1428 5066 (Ore.
1447 4994 1542 5064 iv).
1563 5013 1583 5045 ι
1600 4993 1753 5051 Unde
1769 5003 1823 5049 et
1842 5008 1963 5063 pcc-
2062 4990 2401 5063 abjieiamus,
2431 5005 2501 5046 ne
2524 4991 2731 5046 scilicet
2772 4993 2857 5047 his
2892 4993 3245 5061 delectemur,
3266 4997 3465 5065 quibus
3503 5004 3632 5050 ante

376 5098 619 5153 cantores,
648 5089 743 5158 qui
764 5088 817 5142 in
842 5087 1169 5157 profundum
1200 5101 1396 5141 venere
1423 5085 1666 5155 peccati,
1688 5084 1961 5139 dimittun—
2058 5083 2461 5138 delectabamur
2483 5082 2538 5136 in
2567 5084 2792 5148 seculo,
2814 5099 2885 5139 ne
2919 5085 3224 5142 simulacris
3262 5086 3479 5158 [Egypti
3508 5084 3629 5156 pol-

378 5188 474 5234 tur
497 5188 559 5233 ut
578 5177 781 5235 faciant
800 5178 1065 5234 desideria
1089 5178 1271 5233 cordis
1297 5176 1401 5231 sui.
2062 5173 2294 5235 luamur,
2317 5173 2785 5228 adiuventionibus
2809 5174 3057 5230 videlicet
3082 5175 3520 5245 philosophorum
3547 5185 3629 5228 at-

458 5286 477 5318 σ
523 5267 964 5323 Abominationes
1000 5276 1216 5336 patrum
1258 5280 1479 5323 suorum
1513 5265 1737 5320 ostende
1755 5264 1866 5326 eis,
1899 5272 1954 5319 et
2059 5277 2166 5331 que
2199 5262 2607 5326 haereticorum,
2653 5278 2775 5331 quae
2821 5271 2969 5319 recte
3018 5265 3158 5320 idola
3193 5265 3557 5319 nominantur.
3581 5264 3625 5319 Α

385 5375 413 5407 ε
452 5356 601 5413 dices
641 5356 711 5411 ad
753 5370 867 5413 eos.
918 5375 937 5408 ι
984 5355 1041 5411 Si
1093 5364 1314 5425 peccata
1356 5364 1573 5424 patrum
1614 5369 1720 5411 non
1762 5355 1957 5408 reduu-
2056 5351 2377 5422 spectaculis
2399 5366 2635 5422 quoque,
2661 5353 2768 5406 imo
2784 5352 3170 5409 oﬂ'ensionibus
3189 5353 3425 5426 Egypti,
3452 5368 3620 5410 remo-

374 5449 519 5505 daut
541 5450 611 5504 ad
641 5449 798 5515 illius,
821 5450 1092 5519 quomodo
1121 5449 1547 5504 abominationes
1564 5456 1620 5502 et
1648 5447 1959 5517 iniquitates
2058 5459 2276 5500 veamus
2299 5442 2506 5507 oculos,
2526 5459 2727 5508 arente,
2755 5443 2909 5508 circi,
2927 5443 3281 5508 theatrorum,
3303 5453 3356 5498 et
3379 5443 3631 5501 omnibus

373 5548 600 5610 patrum
648 5555 793 5595 nunc
838 5539 1143 5594 senioribus
1188 5538 1502 5608 ponuntur?
1556 5537 1671 5592 Bac
1711 5536 1961 5592 videlicet
2057 5538 2389 5608 (platanima:
2415 5536 2787 5591 contaminant
2831 5536 3152 5604 puritatem,
3202 5542 3258 5591 et
3298 5550 3396 5605 per
3435 5549 3627 5590 sensus

376 5646 552 5687 causa
570 5671 588 5699 ,
620 5639 680 5686 ut
702 5631 1059 5688 ostendantur
1092 5630 1287 5687 similia
1322 5631 1636 5702 parentibus
1682 5645 1875 5702 agerc,
1904 5637 1960 5684 et
2060 5629 2435 5701 ingrediuntur
2457 5626 2523 5682 ad
2545 5636 2801 5694 mentem,
2827 5624 3180 5695 impleturque
3201 5626 3343 5697 quod
3370 5626 3631 5696 scriptum
