3954 6182
368 301 469 352 7ιῦ
916 304 931 313 ’
1019 295 1078 348 Β.
1122 291 1372 347 [MBAN
1414 288 1630 344 MAUill
1667 284 1985 341 ARCRIEP.
2028 282 2338 339 MOGUNT.
2372 280 2653 338 OPEBU“
2696 278 2974 335 PARS-ll.
3507 282 3605 339 720

361 422 444 468 est
468 409 683 465 “Mors
706 410 923 463 intravit
943 421 1038 476 per
1058 404 1322 459 fenestras
1336 407 1559 454 vestras.
1583 416 1602 450 ι
1626 416 1645 447 ι
1674 396 1742 451 Et
1761 395 1937 450 irrita—
1963 394 2012 454 Α
2044 411 2061 445 ι
2107 406 2284 446 meum
2328 405 2395 447 ne
2438 389 2734 446 violaretur
2779 404 2966 445 coram
3015 390 3265 459 gentibus
3305 391 3374 446 de
3413 393 3609 462 quibus

360 510 560 561 verunt
578 517 684 557 me.
714 520 733 552 ι
760 497 1107 569 Septuaginta
1136 509 1150 548 :
1185 512 1205 545 ι
1238 493 1305 546 Et
1329 496 1673 546 recesserunt
1696 504 1727 542 a
1754 502 1873 551 me;
1905 503 1924 536 ι

365 594 501 660 sive,
524 600 584 647 ut
600 589 952 661 Symmachus
981 586 1365 654 interpretatus
1394 588 1496 645 est,
1531 598 1549 629 ι
1582 592 1689 632 non
1715 575 1933 646 acquie—

364 689 557 739 vcrunt
587 679 737 735 mibi.
768 698 786 729 ι
822 676 1125 743 Statimque
1151 669 1327 727 vocati
1350 668 1607 724 recedunt
1641 681 1671 720 a
1700 664 1839 727 Deo,
1873 671 1932 717 ut

369 773 568 828 nullum
616 770 685 824 sit
739 766 969 837 spatium
1013 764 1155 818 inter
1200 759 1540 815 vocationem
1577 763 1634 810 et
1670 752 1932 809 recessio-

367 877 508 917 nem.
539 858 607 914 Et
638 857 741 911 hoc
777 853 1069 909 notandum
1088 892 1103 916 ,
1142 847 1285 919 quod
1317 860 1476 901 nemo
1514 841 1767 897 recedita
1795 840 1929 903 Deo,

366 953 468 1008 nisi
523 950 614 1020 qui
670 955 795 1002 ante
852 959 975 1001 cum
1028 956 1093 997 eo
1131 938 1312 995 fuerit.
1372 934 1525 991 Unde
1567 942 1623 988 et
1672 931 1837 1020 draco
1875 930 1930 983 in

359 1038 467 1097 Job
502 1017 781 1092 volumine
831 1039 1099 1100 apostata.
1148 1024 1556 1096 praevaricator,
1590 1026 1643 1071 et
1675 1017 1935 1073 recedens

366 1130 667 1202 appellatur
703 1123 824 1197 (Job
847 1123 1058 1178 xxxn‘i-

441 1196 462 1271 ὲ
503 1217 913 1283 Nolueruntqne
963 1208 1155 1265 audire
1203 1221 1312 1262 me.
1366 1199 1753 1269 Unusquisque
1805 1196 1942 1252 abo-

374 1329 394 1364 ι
440 1307 778 1363 minationes
808 1303 1094 1360 oculorum
1131 1311 1356 1356 suorum
1388 1310 1495 1351 non
1530 1289 1800 1364 proiecit,
1838 1302 1940 1342 nec

376 1422 393 1454 ι
431 1400 571 1456 idola
586 1396 804 1468 Egypti
839 1396 1197 1464 reliquerunt.
1239 1411 1255 1443 ι
1287 1376 1599 1458 Propterea,
1635 1381 1835 1451 inquit,
1867 1384 1945 1432 ir-

362 1486 664 1539 ritaverant
692 1495 778 1536 me
813 1489 868 1534 et
893 1484 1231 1534 recesserunt
1265 1490 1294 1531 a
1336 1490 1453 1544 me,
1487 1472 1613 1542 quia
1648 1471 1934 1525 noluerunt

360 1576 548 1631 audire
574 1590 679 1639 me,
707 1574 830 1629 dum
860 1572 1089 1626 liberum
1112 1568 1318 1624 homini
1340 1575 1594 1623 servatur
1621 1562 1927 1618 arbitrium.

362 1668 429 1723 Et
456 1663 917 1722 fecerunt.omuia
939 1702 954 1727 ,
983 1676 1103 1731 qua:
1132 1674 1199 1715 ne
1236 1659 1477 1714 facerent
1512 1657 1630 1726 lege
1665 1653 1926 1725 praecepi,

2040 501 2058 533 ι
2109 480 2239 550 cjeci
2270 494 2364 535 eos
2387 479 2443 533 in
2471 487 2765 548 conspectu
2804 493 3017 532 earum.
3052 497 3071 529 ι
3125 476 3251 533 Haec
3290 478 3361 534 ad
3386 493 3484 535 eos
3527 481 3607 536 di-

2032 582 2247 637 cuntur,
2278 571 2370 641 qui
2399 569 2578 625 educti
2609 576 2733 623 sunt
2761 569 2828 623 de
2856 567 3091 640 Egypto
3116 569 3173 623 in
3202 569 3509 637 desertum,
3549 581 3609 627 ut
3645 570 3649 579 ’

2030 662 2407 733 Egyptiorum
2433 660 2580 715 vitiis
2606 658 2820 714 liberati
2849 658 3064 715 facilius
3110 660 3167 714 in
3197 660 3485 717 solitudine
3511 664 3609 718 Dei

2031 759 2300 821 praecepta
2327 746 2680 818 complerent,
2702 756 2757 801 et
2779 747 2980 816 judicia
3006 748 3123 817 ejus
3143 747 3386 804 facerent
3412 760 3470 805 et
3486 752 3611 805 sab—

2031 838 2154 893 bata
2181 837 2534 901 custodirent,
2556 850 2676 904 quae
2705 835 2761 890 in
2785 835 2997 905 signum
3018 835 3143 889 data
3171 845 3299 895 sunt
3326 837 3470 893 inter
3486 854 3611 894 eum

2031 929 2124 997 qui
2154 927 2299 983 dedit
2327 934 2382 981 et
2408 939 2501 981 eos
2520 925 2717 994 quibus
2741 925 2862 979 data
2894 932 3042 990 sunt,
3068 924 3349 994 Scriptura
3369 928 3609 990 dicente,

2031 1020 2098 1074 Et
2123 1018 2335 1073 locutus
2358 1024 2442 1072 est
2481 1015 2738 1071 Dominus
2769 1015 2837 1069 ad
2865 1014 3102 1084 Moysen,
3139 1015 3325 1071 dicens
3353 1034 3368 1070 :
3403 1035 3423 1068 ι
3458 1017 3527 1072 Et
3555 1028 3610 1072 tu

2030 1106 2262 1179 praecipe
2305 1105 2431 1160 filiis
2464 1103 2626 1159 Israel
2667 1103 2876 1168 dicens,
2924 1103 3111 1159 Videte
3144 1113 3200 1159 et
3225 1105 3451 1161 sabbata
3491 1123 3607 1161 mea

2032 1194 2319 1260 custodite,
2350 1194 2494 1264 quod
2530 1202 2616 1248 est
2642 1191 2857 1263 signum
2889 1192 3032 1247 inter
3055 1208 3141 1248 me
3165 1202 3221 1248 et
3246 1210 3344 1249 vos
3370 1196 3425 1249 in
3454 1210 3614 1266 gene-

2033 1287 2330 1343 rationibus
2351 1284 2570 1350 vestris,
2600 1292 2660 1339 ut
2684 1283 2874 1339 sciatis
2894 1284 3039 1354 quod
3056 1300 3157 1355 ego
3176 1272 3295 1342 sum
3327 1287 3609 1355 Dominus,

2033 1378 2126 1450 qui
2173 1376 2453 1432 sanetitico
2480 1390 2598 1441 vos,
2646 1381 2702 1429 et
2743 1374 3015 1430 custodite
3045 1374 3329 1432 sabbatum
3353 1378 3610 1446 quoniam

2033 1479 2279 1527 sanctum
2298 1478 2386 1525 est
2409 1469 2589 1534 vobis;
2618 1468 2711 1536 qui
2733 1466 3019 1522 violaverit
3046 1467 3195 1534 illud,
3218 1477 3393 1523 morte
3416 1470 3613 1525 morie-

2036 1574 2141 1619 tur.
2163 1562 2350 1617 Omnis
2370 1562 2461 1632 qui
2491 1550 2682 1615 fecerit
2701 1561 2760 1613 in
2778 1574 2844 1616 eo
2867 1573 3024 1628 opus,
3052 1558 3406 1615 interlicietur
3427 1562 3606 1615 anima

2034 1656 2122 1711 illa
2157 1655 2223 1710 de
2246 1652 2424 1709 medio
2451 1652 2632 1723 populi
2663 1651 2751 1706 sui
2797 1650 3002 1722 (Exod;
3048 1650 3219 1724 xxxi).
3253 1671 3272 1704 ο
3314 1652 3461 1721 Ergo
3488 1653 3609 1707 sab-

361 1759 539 1813 statim
562 1757 912 1826 desperantes
936 1748 1550 1816 salutem,mussitantes
1570 1754 1757 1801 contra
1787 1745 1931 1814 Moy-
1960 1743 2007 1803 B
2034 1747 2218 1802 batum
2265 1752 2321 1799 et
2371 1741 2715 1799 circumcisio
2757 1741 2813 1796 lu
2877 1741 3087 1812 signum
3144 1741 3269 1796 data
3315 1753 3447 1797 sunt
3501 1744 3609 1797 veri

360 1864 456 1905 seu
481 1887 497 1914 ,
537 1847 741 1916 Deique
788 1841 1217 1913 repressionibus
1271 1839 1587 1895 difﬁdentes.
1642 1835 1793 1891 Unde
1847 1849 1932 1890 se-

364 1941 575 2010 quitur:

436 2046 454 2077 r
496 2026 565 2080 Et
592 2023 718 2083 dixi,
752 2034 812 2077 ut
836 2020 1167 2076 effunderem
1199 2018 1619 2089 indignationem
1644 2029 1820 2069 meam
1845 2029 1936 2068 su—

366 2137 385 2169 i
428 2132 527 2187 per
549 2131 662 2182 eos,
691 2123 748 2169 et
776 2113 1055 2184 implerem
1085 2112 1221 2166 iram
1245 2124 1420 2165 meam
1442 2109 1496 2163 in
1524 2109 1634 2173 eis,
1670 2106 1727 2161 in
1758 2106 1936 2162 medio

366 2226 382 2258 ι
435 2216 591 2261 ternae
625 2204 862 2276 Egypti.
901 2222 921 2255 ι
954 2200 1149 2257 Statim
1191 2210 1251 2254 ut
1275 2198 1502 2270 praecepi
1529 2198 1610 2252 eis
1629 2197 1936 2266 relinquere

357 2299 475 2356 sive
502 2297 736 2368 abjicere
755 2294 1078 2349 offensiones
1104 2292 1381 2347 oculorum
1400 2304 1642 2354 suorum,
1665 2296 1722 2344 et
1744 2289 1798 2343 in
1821 2288 1937 2343 ido-

360 2391 426 2446 lis
455 2389 677 2463 IEgypti
706 2401 1044 2458 nequaquam
1063 2383 1252 2456 pollui,
1276 2383 1627 2438 irritaverant
1645 2387 1822 2445 me,et
1839 2394 1936 2434 no-

358 2479 574 2536 luerunt
603 2477 790 2532 audire
823 2490 944 2545 quae
978 2474 1108 2537 dixi,
1159 2472 1253 2528 sed
1298 2486 1331 2526 e
1369 2470 1642 2527 contrario
1692 2467 1935 2524 fecerunt

358 2585 480 2640 qua:
503 2584 608 2624 non
638 2567 886 2623 facienda
918 2565 1181 2637 prteccpi;
1209 2564 1331 2619 ideo
1359 2562 1731 2625 decreveram,
1764 2569 1827 2616 ut
1863 2559 1935 2616 ef-

360 2663 641 2719 funderem
686 2661 741 2715 in
787 2675 881 2715 eos
907 2658 1143 2713 furorem
1189 2665 1246 2711 et
1272 2654 1696 2726 indignationem
1726 2668 1931 2718 meam,

361 2763 417 2808 et
456 2752 731 2822 implerem
770 2749 906 2803 iram
937 2764 1108 2801 meam
1129 2786 1143 2811 ,
1170 2762 1331 2815 quam
1362 2753 1540 2800 mente
1578 2758 1936 2814 conceperam

363 2849 416 2901 in
433 2844 612 2901 medio
639 2851 797 2896 terrm
819 2839 1059 2909 Egypti.
1083 2837 1216 2904 Quia
1239 2837 1467 2891 necdum
1490 2835 1695 2904 egressi
1722 2833 1937 2890 fuerant

363 2936 429 2992 de
455 2933 708 3005 Egypto.
736 2929 992 2999 Sequitur
1015 2927 1178 2991 enim,
1211 2943 1230 2976 ι
1258 2924 1405 2993 Ejeci
1431 2939 1562 2996 ergo
1581 2939 1674 2979 eos
1701 2923 1769 2978 de
1793 2931 1935 2978 terra

359 3026 608 3097 Egypti,
650 3030 705 3077 et
753 3020 912 3076 eduxi
954 3019 1006 3072 in
1043 3019 1336 3073 desertum.
1368 3016 1445 3069 Ex
1477 3029 1585 3084 quo
1614 3013 1932 3076 ostenditur,

2034 1834 2245 1893 sabbati
2275 1842 2332 1887 et
2357 1846 2496 1888 verae
2522 1831 2978 1897 circumcisionis,
3011 1839 3070 1884 ut
3104 1830 3335 1886 sciamus
3365 1831 3523 1888 nobis
3558 1833 3610 1886 in

2034 1929 2273 1999 perfecto
2299 1934 2355 1981 et
2376 1933 2581 1981 mterno
2625 1926 2852 1980 sabbato
2882 1923 3326 1993 requiescendum
3355 1939 3387 1977 a
3430 1925 3611 1980 sinenti

2034 2021 2311 2090 operibus,
2324 2026 2379 2074 et
2401 2033 2511 2073 non
2534 2018 2877 2088 praeputium,
2894 2018 2991 2072 sed
3009 2032 3106 2072 eor
3124 2016 3581 2072 circumcidamus
3593 2056 3607 2080 .

2035 2112 2176 2168 unde
2204 2112 2260 2167 in
2292 2127 2389 2166 sex
2416 2110 2605 2166 diebus
2628 2117 2937 2181 operantes,
2965 2110 3020 2164 in
3062 2110 3291 2179 septimo
3317 2109 3611 2178 requiesci-

2033 2219 2179 2270 mus,
2204 2210 2265 2258 ut
2286 2201 2419 2257 nihil
2450 2201 2595 2257 aliud
2620 2201 2707 2256 die
2734 2215 2803 2256 ac
2830 2209 2992 2256 nocte
3022 2199 3281 2255 faciamus
3307 2199 3413 2255 nisi
3456 2214 3613 2255 onme

2034 2295 2178 2365 quod
2200 2293 2455 2359 vivimus,
2476 2292 2663 2349 deberi
2685 2292 2912 2347 Domino
2930 2292 3260 2358 noverimus,
3280 2302 3339 2346 et
3357 2292 3614 2347 redeunte

2034 2384 2386 2449 hebdomade,
2415 2391 2560 2438 totos
2582 2397 2681 2438 nos
2709 2381 2826 2451 ejus
2862 2382 3065 2437 nomini
3105 2397 3511 2450 consecremus,
3558 2391 3616 2439 ut

2033 2491 2129 2547 per
2174 2475 2659 2532 sanctificationem
2703 2474 2812 2530 diei
2860 2475 3209 2530 recordemur
3262 2474 3478 2530 Domini
3522 2475 3614 2547 qui

2033 2565 2338 2622 sanctificat
2385 2580 2502 2620 nos.
2551 2564 2678 2620 Huic
2716 2576 2984 2637 praecepta
3014 2575 3071 2620 et
3106 2566 3525 2636 iustiﬁcationes
3558 2576 3613 2621 et

2034 2659 2430 2716 observantiam
2465 2657 2681 2714 sabbati
2709 2658 2856 2714 dedit
2895 2657 3151 2713 Dominus
3195 2659 3251 2713 in
3281 2658 3527 2725 deserto,
3558 2666 3613 2715 ut

2035 2750 2296 2806 facientes
2322 2749 2411 2804 illa
2441 2749 2687 2804 viverent
2712 2748 2769 2803 in
2796 2749 2899 2813 eis,
2949 2763 3055 2805 non
3088 2750 3155 2806 de
3180 2748 3289 2804 illis
3317 2751 3385 2804 ad
3411 2749 3612 2821 majora

2039 2840 2349 2905 transirent,
2396 2841 2539 2895 sicut
2581 2839 2635 2894 in
2665 2839 2957 2909 Evangelio
2989 2839 3317 2911 promissum
3345 2851 3452 2908 est,
3495 2858 3613 2913 qua:

2037 2933 2113 2987 illi
2137 2933 2470 2988 violaverunt
2490 2947 2595 2987 non
2621 2931 2809 2998 semel,
2828 2946 2930 2987 nec
2948 2947 3194 3002 parvum,
3214 2933 3311 2989 sed
3331 2934 3614 2990 vehemen-

2039 3036 2140 3090 ter,
2173 3035 2232 3081 ut
2259 3024 2565 3080 violationis
2598 3029 2830 3087 ἐπίτασις
2864 3035 3276 3081 monstraretur.
3310 3027 3458 3082 Dixit
3488 3042 3616 3099 ergo

361 3086 590 3173 necdum
636 3128 730 3169 eos
784 3110 950 3165 fuisse
1003 3121 1251 3180 egreSSOS
1293 3107 1359 3162 de
1402 3105 1667 3177 ολΕεΥνιοο
1722 3102 1935 3173 (ιιιωιάο
1963 3086 2007 3148 C
2044 3126 2099 3171 et
2126 3086 2185 3170 in
2206 3132 2303 3172 sua
2334 3124 2516 3171 mente
2538 3117 2775 3172 decrevit
2795 3086 2855 3171 ut
2880 3115 3176 3172 eﬂ‘underet
3199 3086 3614 3174 furoremsnmn

359 3209 635 3275 effundere
680 3206 847 3261 voluit
902 3202 1323 3281 indignationem
1377 3215 1563 3265 stram,
1610 3208 1670 3254 et
1716 3197 1939 3268 implere
2042 3223 2202 3279 super
2228 3216 2324 3264 eos
2349 3210 2404 3264 in
2433 3208 2669 3275 deserto,
2697 3218 2752 3264 οι
2793 3218 3138 3265 consumere,
3162 3225 3259 3267 eos
3297 3213 3516 3281 quando
3535 3213 3614 3269 ιο,

361 3302 495 3355 iram
521 3313 674 3354 suam
698 3311 861 3365 super
885 3294 966 3349 eis
987 3302 1043 3348 et
1064 3299 1347 3362 percutere
1371 3305 1466 3345 eos
1494 3289 1750 3344 inmedio
1779 3298 1939 3345 terrae
2040 3308 2197 3355 cuius
2220 3308 2305 3356 εει
2331 3301 2400 3354 ad
2429 3299 2649 3371 Moysen
2679 3318 2692 3353 ε
2729 3318 2746 3351 ι
2779 3301 3001 3356 nimim
3027 3316 3114 3357 me
3136 3309 3196 3356 οι
3222 3302 3393 3358 inm
3434 3302 3618 3359 [ποτε

361 3390 603 3445 Αὲἒαγοιὶ.

374 3406 428 3445 ea.
544 3406 603 3443 ιι.

374 3528 379 3531 _
433 3406 569 3535 fygt
595 3480 696 3533 feci
724 3486 942 3548 propter
987 3489 1180 3529 nomen
1216 3488 1431 3537 meum,_
1466 3480 1664 3526 utnon
1708 3470 1939 3525 violare-

366 3591 384 3624 ι
429 3582 514 3626 tur
537 3585 717 3624 coram
745 3567 1017 3639 gentibus,
1046 3565 1097 3618 in
1120 3578 1347 3632 quarum
1381 3561 1558 3616 medio
1581 3569 1759 3626 erant,
1783 3571 1835 3616 et
1859 3561 1939 3615 in-

366 3684 383 3714 ι
431 3672 511 3716 ter
555 3676 690 3730 quas
733 3659 960 3728 apparui
1003 3656 1103 3720 eis,
1147 3662 1205 3707 ut
1246 3656 1535 3708 educerem
1570 3666 1666 3707 eos
1704 3652 1771 3706 de
1793 3661 1936 3706 terra

368 3777 385 3807 ι
432 3753 672 3826 )Egypti.
709 3772 727 3803 ι
761 3749 912 3817 Quod
950 3747 1131 3803 facere
1169 3745 1471 3817 cogitabam
1520 3752 1739 3815 propter
1778 3743 1937 3814 justi-

364 3847 512 3910 tiam,
541 3859 648 3899 non
677 3840 776 3897 feci
800 3854 899 3909 pro
917 3837 1217 3893 clementize
1238 3836 1623 3907 magnitudine,
1645 3851 1712 3890 ne
1733 3834 1938 3905 pollue-

362 3946 511 3993 retur
533 3950 727 3990 nomen
753 3948 932 3987 meum
963 3940 1017 3986 et
1040 3932 1249 3986 viderer
1274 3946 1379 3985 non
1401 3930 1642 4000 potuisse
1665 3928 1933 3999 complere

362 4030 505 4100 quod
552 4026 736 4084 lsraeli
779 4023 1212 4095 repromiseram.
1258 4021 1481 4091 Peperci
1530 4021 1693 4091 igitur
1730 4020 1931 4075 nomini

363 4138 506 4188 meo,
541 4136 608 4176 ne
636 4119 899 4175 baberent
928 4113 1269 4170 occasionem
1313 4110 1719 4181 blasphemandi
1760 4112 1936 4166 nario.

363 4230 481 4284 nes,
504 4216 644 4270 inter
664 4226 799 4282 quas
816 4217 976 4264 notus
998 4207 1173 4261 factus
1194 4220 1313 4260 sum
1338 4204 1419 4259 eis
1444 4204 1499 4258 in
1530 4212 1671 4258 terra
1692 4202 1928 4275 Egypti.

364 4308 650 4376 ﬂuensque
676 4301 820 4374 quod
867 4300 948 4355 eis
975 4295 1281 4368 promiserit
1309 4294 1364 4348 in
1392 4301 1538 4348 terra
1559 4292 1781 4364 Egypti
1804 4309 1935 4349 con-

363 4399 600 4463 stitutis,
645 4403 702 4451 et
745 4389 1017 4465 quomodo
1070 4385 1252 4441 statim
1302 4383 1654 4449 offenderint,
1703 4392 1756 4439 et
1802 4383 1931 4454 quid

366 4497 553 4543 contra
580 4500 676 4541 eos
696 4481 957 4538 Dominus
975 4474 1293 4547 cogitaverit
1310 4482 1364 4530 et
1391 4484 1571 4529 tamen
1596 4489 1703 4529 non
1727 4473 1935 4539 fecerit,

364 4579 626 4648 propheta
648 4572 927 4629 describit.
958 4568 1089 4638 Quae
1108 4574 1406 4637 adluuntur
1432 4566 1665 4636 egressis
1690 4566 1756 4622 de
1776 4565 1942 4638 Egy-

368 4677 458 4738 pto
483 4668 692 4721 locutus
719 4672 805 4718 est
831 4680 845 4715 :

443 4777 460 4809 ι
506 4755 649 4824 Ejeci
678 4769 805 4826 ergo
834 4769 928 4809 eos
953 4753 1020 4808 de
1048 4761 1189 4808 terra
1237 4748 1461 4822 Egypti
1485 4758 1542 4805 et
1560 4750 1719 4805 eduxi
1750 4751 1806 4804 in
1846 4750 1940 4805 de-

375 4866 392 4898 ι
435 4855 658 4908 sertum,
687 4852 742 4897 et
767 4842 887 4897 dedi
933 4842 1013 4897 eis
1035 4850 1303 4911 prmeepta
1350 4854 1467 4894 mea
1512 4838 1790 4906 etjudicia
1822 4856 1940 4896 mea

2039 3402 2225 3447 contra
2250 3407 2346 3447 eos
2373 3391 2562 3448 delebo
2601 3392 2721 3447 illos
2752 3392 2947 3464 (Exod.
2995 3393 3189 3467 χχιιι).
3221 3413 3243 3448 ι
3294 3393 3405 3451 Sed
3448 3396 3620 3451 noluit

2041 3485 2236 3550 facere,
2253 3500 2483 3555 parcens
2501 3483 2770 3556 [Egyptiis
2790 3495 2847 3539 et
2858 3486 3071 3541 cmteris
3091 3488 3361 3557 gentibus,
3378 3503 3449 3543 ne
3462 3503 3617 3544 scan-

2039 3576 2421 3640 dalizarentur,
2456 3583 2513 3630 et
2544 3576 2674 3645 ipsis
2702 3591 2933 3646 quorum
2979 3578 3234 3634 misertus
3276 3587 3382 3644 est,
3430 3594 3618 3649 exspe-

2036 3677 2191 3723 ctans
2247 3667 2623 3737 paenitentiam
2680 3681 3105 3733 conversurum;
3173 3670 3616 3738 notandumque,

2035 3759 2177 3829 quod
2205 3759 2419 3835 quando
2452 3758 2759 3813 constitutis
2786 3758 2839 3812 in
2875 3756 3110 3828 Egypto
3148 3758 3466 3829 loquebatur
3498 3771 3618 3830 post

2034 3840 2326 3917 offensam;
2354 3862 2389 3903 ιν
2410 3850 2568 3917 Feci,
2600 3852 2699 3916 ait,
2736 3860 2954 3922 propter
2989 3865 3183 3906 nomen
3218 3866 3396 3906 meum
3425 3860 3485 3905 ut
3513 3869 3616 3907 non

2033 3938 2324 4016 violaretur
2344 3952 2526 3995 coram
2550 3940 2815 4008 gentibus,
2839 3940 2904 3995 de
2925 3941 3119 4010 quibus
3142 3939 3275 4010 eieci
3299 3941 3469 3996 eos-iu
3490 3956 3616 3995 con»-

2035 4041 2221 4102 spectu
2247 4046 2433 4085 earum
2452 4048 2464 4084 :
2482 4031 2635 4085 Tunc
2662 4031 2806 4085 enim
2825 4032 3002 4086 adhuc
3020 4033 3075 4087 in
3100 4032 3277 4087 medio
3300 4040 3476 4098 erant,
3490 4033 3616 4103 quia

2035 4123 2263 4178 necdum
2319 4122 2584 4176 exierant.
2641 4120 2793 4176 Nunc
2839 4129 3019 4178 autem
3075 4130 3359 4192 postquam
3412 4124 3615 4195 egressi

2033 4222 2177 4280 sunt,
2205 4215 2443 4269 dicitur:
2481 4232 2498 4261 ι
2539 4213 2612 4268 De
2637 4212 2832 4282 quibus
2857 4210 2990 4281 eieci
3011 4227 3107 4268 eos
3134 4213 3187 4268 in
3218 4222 3505 4285 conspecto
3528 4230 3617 4270 ea-

2032 4321 2174 4360 rum.
2209 4323 2227 4356 ι

2116 4415 2133 4446 ι
2169 4396 2282 4467 Ego
2324 4392 2494 4464 igitui‘
2540 4394 2711 4449 levavi
2764 4409 2983 4450 manum
3014 4410 3191 4450 meam
3223 4408 3385 4465 super
3424 4409 3522 4450 eos
3564 4395 3616 4448 in

2048 4504 2066 4537 ι
2112 4486 2346 4549 deserto,
2377 4498 2445 4539 ne
2464 4484 2747 4539 educerem
2769 4497 2864 4538 eos
2887 4483 2941 4538 in
2964 4491 3168 4538 terram
3187 4499 3350 4554 quam
3370 4483 3495 4538 dedi
3519 4485 3613 4545 eis,

2048 4597 2067 4629 ι
2112 4576 2365 4632 liuentem
2389 4576 2529 4632 laete
2553 4585 2609 4630 et
2631 4576 2808 4641 melle,
2838 4576 3167 4652 praecipuam
3197 4584 3470 4631 terrarum
3495 4591 3614 4631 em-

2052 4688 2068 4720 l
2108 4670 2279 4733 nium,
2307 4669 2434 4739 quia
2457 4668 2659 4740 judicia
2698 4683 2816 4724 mea
2863 4667 3201 4737 proiecerant
3237 4676 3295 4723 et
3337 4668 3391 4723 in
3418 4680 3617 4738 prece-

2045 4778 2065 4811 ι
2106 4760 2214 4830 ptis
2259 4760 2391 4814 meis
2417 4774 2521 4814 non
2552 4759 2982 4826 ambulaverunt,
3013 4766 3071 4815 et
3092 4758 3316 4813 sabbata
3351 4772 3472 4813 mea
3497 4758 3613 4812 vio-

2050 4870 2067 4903 ι
2111 4850 2353 4905 laverunt
2404 4869 2416 4903 :
2460 4858 2581 4919 post
2626 4850 2765 4904 idola
2793 4849 2940 4904 enim
2979 4863 3074 4904 cor
3114 4862 3305 4904 eorum
3338 4848 3617 4920 gradieba-

375 4958 395 4989 ‹
436 4935 645 4992 ostendi
660 4934 740 4989 eis
750 4948 871 5003 qua:
884 4932 1042 4988 faciat
1062 4933 1222 4986 homo
1232 4941 1289 4985 et
1304 4930 1451 4985 vivat
1465 4931 1518 4984 in
1529 4931 1627 4986 eis.
1651 4931 1873 5000 insuper
1891 4941 1936 4986 et

2052 4959 2072 4991 ι
2120 4949 2228 4995 tur.
2260 4941 2323 4995 Et
2350 4941 2593 5010 pepercit
2617 4940 2807 4996 oculos
2836 4953 2989 4994 meus
3009 4953 3171 5007 super
3189 4954 3306 5003 eos,
3330 4948 3391 4993 ut
3418 4952 3526 4993 non
3547 4937 3618 4992 En-

381 5050 398 5080 ι
450 5027 674 5084 sabbata
707 5039 824 5079 mea
856 5022 977 5079 dedi
1008 5022 1089 5077 eis
1116 5032 1176 5076 ut
1210 5031 1358 5077 esset
1383 5022 1592 5092 signum
1620 5022 1764 5075 inter
1785 5028 1947 5076 meet

380 5139 400 5172 ι
442 5133 559 5183 eos,
610 5124 666 5171 et
709 5114 914 5170 scirent
955 5112 1100 5180 quod
1142 5125 1248 5182 ego
1295 5111 1554 5165 Dominus
1603 5110 1946 5164 sanetiticans

380 5228 403 5262 ι
441 5221 557 5264 eos.
587 5205 656 5261 Et
694 5204 1045 5260 irritaverunt
1073 5214 1159 5254 me
1182 5200 1372 5253 domus
1403 5198 1568 5253 Israel
1610 5198 1665 5252 in
1707 5199 1943 5264 deserto,

382 5319 403 5355 ι
443 5302 499 5357 in
533 5296 817 5371 pratceptis
842 5293 976 5350 meis
1021 5306 1128 5347 non
1174 5290 1601 5355 ambulaverunt,
1646 5300 1703 5345 et
1737 5289 1939 5359 judicia

382 5409 403 5446 ι
444 5407 565 5448 mea
592 5389 952 5460 proiecerunt,
976 5398 1101 5453 qua:
1130 5381 1292 5437 faciet
1320 5383 1481 5437 homo
1502 5381 1647 5438 vivet
1671 5381 1724 5436 in
1753 5383 1852 5437 eis.
1878 5381 1944 5436 Et

380 5500 405 5537 ι
444 5483 663 5540 sabbata
715 5493 830 5533 mea
871 5475 1210 5531 violaverunt
1250 5472 1615 5527 vehementer.
1658 5471 1778 5526 Dixi
1813 5486 1943 5542 ergo

380 5589 406 5625 ι
444 5581 508 5626 ut
542 5571 872 5627 effunderem
922 5566 1157 5621 furorem
1207 5577 1387 5617 meum
1433 5577 1594 5631 super
1623 5576 1718 5617 eos
1761 5561 1814 5615 in
1856 5561 1948 5616 de-

389 5679 411 5712 ι
447 5670 591 5716 serto
617 5670 672 5716 et
698 5670 1070 5716 consumerem
1110 5671 1235 5719 eos,
1266 5664 1321 5708 et
1358 5653 1458 5707 feci
1488 5662 1705 5721 propter
1747 5666 1940 5707 nomen

2050 5049 2073 5081 ι
2120 5031 2416 5086 terlicerem
2451 5046 2566 5097 eos,
2616 5045 2717 5086 nec
2755 5031 3063 5099 consumpsi
3097 5043 3191 5085 eos
3241 5029 3295 5083 in
3326 5030 3542 5085 deserto
3593 5046 3611 5080 ι

2047 5122 2402 5177 Dccreveram
2427 5122 2643 5192 quidem
2674 5130 2735 5175 ut
2763 5129 2932 5175 totum
2973 5120 3212 5175 furorem
3244 5135 3424 5174 meum
3446 5117 3615 5174 effr!»

2048 5213 2229 5268 derem
2260 5229 2422 5283 super
2448 5229 2544 5269 eos
2572 5223 2628 5269 et
2651 5214 2886 5270 delerem
2911 5227 3006 5267 eos
3033 5222 3197 5283 atque
3226 5224 3615 5272 consumerem,

2048 5305 2141 5358 sed
2164 5304 2265 5358 feci
2294 5312 2513 5373 propter
2541 5318 2736 5358 nomen
2767 5318 2943 5358 meum
2971 5318 3038 5357 ne
3065 5302 3361 5356 violaretur
3386 5302 3442 5355 in
3486 5315 3598 5369 ge-r

2051 5396 2209 5458 tibus,
2261 5395 2573 5449 Amalecitis
2621 5394 2871 5449 videlicet
2907 5403 2962 5449 et
3008 5393 3250 5462 reliquis,
3293 5392 3383 5460 qui
3429 5399 3610 5443 «intra

2047 5498 2142 5539 eos
2170 5485 2222 5537 in
2254 5484 2538 5538 solitudine
2571 5483 2981 5546 dimicaverunt,
3013 5491 3072 5537 ut
3097 5496 3433 5551 nequaquam
3462 5475 3609 5531 indu-

2048 5588 2227 5628 cerem
2267 5587 2361 5628 eos
2387 5572 2441 5626 in
2471 5580 2694 5637 terram,
2723 5587 2884 5641 quam
2910 5572 2991 5627 eis
3018 5571 3287 5643 pollicitus
3324 5583 3442 5623 sum
3483 5568 3605 5620 lacte

2048 5673 2102 5718 et
2131 5664 2286 5721 melle
2321 5663 2594 5732 ﬂuentem,
2625 5681 2745 5735 quae
2767 5666 3037 5735 pmipua
3070 5671 3335 5718 terrarum
3380 5676 3466 5713 om
3513 5669 3615 5712 “mu
