3954 6182
355 353 453 406 7?..l

358 556 539 611 lentiae
569 573 583 608 :
613 572 631 605 ι
666 552 801 621 Quia
822 548 1025 618 judicia
1050 563 1169 603 mea
1201 545 1559 617 projecerant,
1579 554 1634 599 et
1662 545 1713 599 in
1739 559 1942 615 prtece-

355 647 465 716 ptis
491 645 628 699 meis
655 657 759 697 non
787 639 1221 702 ambulaverant,
1252 645 1307 690 et
1353 634 1580 690 sabbata
1608 648 1730 689 mea
1773 632 1944 688 viola-

356 744 565 793 verant.
605 754 622 786 ι
660 734 938 805 lpsiusque
983 744 1163 786 causa
1213 730 1328 784 haec
1381 743 1546 784 causa
1584 735 1687 791 est,
1732 733 1793 779 ut
1841 724 1942 780 ista

355 844 465 882 non
495 823 754 888 facerent,
784 823 908 893 quia
939 835 1035 876 cor
1061 835 1249 875 eorum
1273 817 1493 889 Egypti
1518 816 1657 872 idola
1684 815 1945 885 sequeba-

356 930 467 982 tur,
483 915 727 987 pepercit
751 921 952 978 autem,
969 913 1063 977 ait,
1087 910 1279 966 oculus
1306 924 1460 965 meus
1484 924 1554 963 ne
1579 906 1943 963 interficerem

352 1024 451 1064 eos
495 1018 657 1076 atque
705 1004 959 1068 dolerem,
1021 1017 1125 1057 nec
1166 1000 1390 1056 omnino
1434 1013 1833 1055 consumerem.
1883 996 1942 1051 in

354 1119 465 1172 quo
500 1100 758 1172 quaeritur
786 1095 1057 1168 quomodo
1108 1094 1187 1151 eis
1213 1093 1536 1164 pepercerit,
1585 1106 1814 1161 quorum
1849 1105 1942 1144 ca-

353 1192 554 1246 davera
609 1191 660 1244 in
716 1188 1005 1245 solitudine
1052 1193 1396 1249 corruerant,
1446 1193 1501 1239 et
1549 1191 1775 1253 excepto
1814 1181 1942 1237 Jesu

354 1281 503 1337 Nave
527 1290 581 1336 et
609 1278 811 1349 Caleph
841 1277 952 1333 lilio
980 1276 1243 1348 Jepbone,
1276 1285 1477 1331 terram
1506 1273 1942 1344 repromissionis

356 1371 537 1427 nullus
567 1370 840 1440 ingressus
866 1378 966 1424 est.
992 1368 1073 1422 Ex
1096 1383 1204 1438 quo
1228 1365 1575 1438 intelligimus
1604 1365 1784 1419 vivere
1823 1380 1939 1431 eos,

353 1476 460 1516 nec
491 1460 710 1515 :eternis
736 1457 1011 1529 suppliciis
1056 1465 1381 1520 reservatus,
1433 1470 1531 1509 nec
1571 1453 1777 1509 deletos
1821 1467 1942 1508 esse

356 1552 426 1605 de
455 1549 596 1605 libro
624 1548 940 1611 viventium,
967 1562 1066 1601 nec
1086 1552 1437 1615 consumptos
1467 1552 1592 1598 ante
1618 1543 1813 1598 faciem
1838 1543 1941 1598 Do-

355 1640 509 1695 mini.
533 1638 589 1695 Si
606 1638 749 1694 enim
772 1653 838 1693 ex
853 1651 920 1693 eo
938 1636 1080 1708 quod
1099 1650 1203 1691 non
1218 1642 1344 1690 sunt
1358 1632 1648 1689 introducti
1664 1633 1717 1687 in
1736 1643 1939 1688 terram

354 1728 791 1802 repromissionis
813 1727 1020 1799 perisse
1042 1725 1298 1783 credendi
1319 1733 1467 1788 sunt,
1500 1738 1630 1795 ergo
1646 1732 1703 1779 et
1730 1723 1940 1796 Moyses

1270 340 1623 398 COMMENT.
1664 340 1732 397 IN
1772 339 2224 396 EZECHIELEM.
2263 372 2332 382 --
2370 342 2495 397 Llll.
2541 339 2670 396 V'lll.

354 472 460 527 est,
488 461 603 518 sive
623 462 810 514 favus:
846 471 1008 540 causa
1034 456 1177 511 enim
1199 469 1374 525 pmnm
1403 462 1488 509 est
1513 438 1775 521 istiusqne
1819 466 1943 506 sen-
1969 453 2020 513 Α

3527 341 3633 398 723

2124 473 2142 505 α
2190 454 2253 508 Et
2282 454 2745 509 exacerbaverunt
2777 466 2860 506 me
2893 451 2985 507 filii
3020 468 3033 505 :
3075 452 3127 508 in
3164 453 3449 523 praeceptis
3480 455 3635 509 .meis

2053 565 2071 596 σ
2117 560 2221 599 non
2278 544 2727 609 ambulaverunt,
2781 552 2836 598 et
2896 543 3100 612 judicia
3166 558 3286 598 mea
3350 558 3455 598 non
3533 546 3631 599 cu-

2052 657 2071 689 ‹
2115 637 2421 693 stodierunt
2448 645 2510 690 ut
2533 636 2779 691 facerent
2809 649 2893 703 ea,
2913 651 3032 705 qua:
3057 652 3178 691 cum
3213 634 3426 701 fecerit,
3470 636 3633 690 homo

2053 744 2071 776 ‹
2116 726 2263 780 vivet
2292 726 2345 779 in
2380 724 2480 779 eis.
2508 724 2576 778 Et
2622 726 2849 780 sabbata
2880 739 2996 778 mea
3029 724 3369 779 violaverunt
3392 735 3444 779 et
3485 740 3632 780 eom-

2052 834 2072 868 ‹
2113 817 2351 871 minatus
2398 830 2517 870 sum
2540 822 2600 868 ut
2634 813 2962 869 effunderem
2990 814 3227 869 furorem
3258 830 3436 870 memn
3469 830 3633 885 super

2051 926 2069 957 ι
2112 921 2224 973 eos,
2272 915 2327 961 et
2369 905 2649 975 implerem
2700 905 2837 959 iram
2882 920 3057 959 meam
3104 905 3156 959 in
3190 906 3354 960 eisin
3389 905 3627 960 deserto.

2051 1016 2070 1049 ι
2115 996 2300 1051 Averti
2362 1005 2543 1050 autem
2592 1009 2811 1049 manum
2868 1010 3087 1059 meam,
3135 1002 3188 1048 et
3253 994 3356 1049 feci
3410 1004 3631 1064 prepter

2050 1109 2068 1141 ι
2114 1105 2309 1145 nomen
2359 1104 2560 1152 meum,
2587 1096 2647 1141 ut
2675 1103 2780 1142 non
2809 1087 3106 1141 violaretur
3134 1102 3315 1141 coram
3354 1087 3627 1157 gentibus,

2050 1200 2069 1233 ‹
2115 1182 2180 1236 de
2208 1182 2403 1250 quibus
2428 1179 2561 1249 ejeci
2588 1194 2681 1234 eos
2708 1179 2954 1233 iuoculis
2975 1194 3182 1233 earum.
3219 1199 3235 1230 ι
3274 1177 3381 1233 Sed
3418 1188 3472 1232 et
3508 1178 3624 1243 lilii,

2044 1271 2244 1342 inquit,
2292 1279 2577 1341 parentum
2620 1280 2747 1325 sunt
2793 1270 2998 1325 scelera
3041 1271 3236 1337 secuti,
3277 1269 3629 1340 feceruntque

2041 1364 2223 1417 omnia
2247 1377 2367 1433 qua:
2395 1361 2468 1416 illi
2492 1362 2754 1427 fecerant,
2780 1362 2922 1417 unde
2949 1370 3004 1416 et
3031 1362 3260 1417 similem
3302 1363 3624 1417 sententiam

2041 1470 2312 1521 meruere,
2346 1455 2440 1510 sed
2464 1454 2653 1509 eadem
2678 1470 2781 1523 qua
2810 1464 2865 1508 et
2889 1463 3071 1526 patres
3097 1471 3286 1509 eorum
3325 1455 3629 1509 misericor-

2042 1545 2144 1601 dia:
2171 1561 2303 1601 mea:
2330 1546 2701 1618 magnitudine
2732 1547 2992 1601 resen'ati
3045 1556 3188 1613 sunt,
3230 1554 3284 1600 et
3313 1544 3382 1600 ob
3409 1546 3627 1601 easdem

2041 1652 2236 1693 causas
2260 1638 2455 1708 quibus
2481 1645 2536 1693 et
2559 1647 2774 1708 patrum
2806 1638 3061 1694 misertus
3089 1655 3205 1693 sum
3226 1678 3241 1703 ,
3292 1648 3350 1692 ut
3378 1655 3516 1693 unus
3544 1648 3628 1693 at-

2041 1743 2147 1798 que
2176 1729 2314 1784 idem
2342 1738 2558 1785 creator
2584 1729 2868 1783 amborum
2918 1728 3080 1783 simili
3128 1729 3265 1783 iram
3305 1744 3475 1783 meam
3529 1743 3627 1799 pa-

349 1822 515 1891 periit
534 1820 623 1890 qui
646 1819 781 1874 vidit
809 1827 1015 1874 tantum
1040 1827 1243 1872 terram
1271 1816 1730 1888 repromissionis,
1755 1825 1939 1871 etnon
1972 1805 2016 1864 Β
2047 1820 2233 1875 tientia
2261 1821 2585 1892 mitigarem.
2619 1820 2897 1875 Manifesta
2928 1820 3317 1891 percurrimus,
3357 1828 3412 1876 et
3437 1819 3502 1874 ad
3529 1819 3629 1876 ob-

350 1922 439 1966 est
468 1908 748 1982 ingressus
790 1911 844 1966 in
870 1924 1012 1964 eam.
1046 1904 1121 1964 De
1146 1924 1256 1979 quo
1287 1908 1340 1962 in
1368 1906 1644 1962 libroJesu
1677 1907 1937 1962 Dominus

349 2001 631 2073 loquitur:
671 2021 689 2053 ι
724 2001 933 2073 Moyses
962 2000 1195 2055 famulus
1226 2014 1376 2054 meus
1415 2008 1659 2053 mortuus
1688 2005 1770 2053 est
1797 1996 1933 2069 (los.

350 2112 391 2157 ι,
426 2094 506 2165 2).
549 2115 568 2147 ι
604 2094 672 2149 Ει
706 2094 761 2148 in
798 2093 1060 2149 Malacliia
1110 2111 1122 2145 :
1166 2111 1184 2143 ‹
1233 2090 1555 2145 Mementote
1594 2088 1730 2159 legis
1768 2087 1935 2158 Moysi

348 2189 493 2244 servi
538 2188 643 2243 mei
677 2185 931 2259 (Molach.
985 2184 1079 2255 iv).
1120 2205 1137 2235 ι
1189 2182 1257 2237 Ει
1305 2182 1359 2236 in
1407 2181 1641 2237 Ieremia
1674 2180 1825 2251 quasi
1870 2180 1936 2234 de

348 2280 528 2337 amico
564 2288 622 2336 et
663 2280 730 2335 de
757 2277 1177 2335 familiarissimo
1222 2291 1322 2331 suo
1367 2275 1606 2345 loquitur
1636 2272 1932 2328 Dominus:

355 2389 376 2420 ι
413 2369 470 2425 Si
516 2370 768 2424 steterint
795 2368 1004 2439 Moyses
1032 2375 1087 2421 ει
1130 2365 1347 2421 Samuel
1375 2366 1427 2420 in
1473 2372 1768 2434 conspectu
1814 2378 1934 2417 meo

348 2459 487 2532 (lar.
502 2458 611 2533 xv).
627 2478 646 2510 ι
664 2458 914 2529 Alioquin
928 2465 983 2512 et
1000 2456 1167 2528 Moysi
1183 2470 1370 2526 preces
1389 2454 1670 2510 exauditas
1685 2469 1805 2509 esse
1817 2468 1937 2508 cre-

349 2550 587 2605 dendum
638 2559 741 2614 est,
786 2549 1003 2620 quando
1042 2564 1140 2619 pro
1179 2547 1375 2618 populo
1400 2544 1767 2615 interpellans,
1805 2544 1882 2599 ait
1918 2564 1930 2597 :

354 2660 374 2692 σ
399 2642 456 2695 Si
471 2641 698 2697 dimittis
710 2645 1111 2713 eispeccatum,
1132 2640 1375 2707 dimitte;
1398 2640 1480 2696 sin
1499 2648 1680 2694 autem
1701 2653 1809 2693 non
1833 2639 1932 2704 vis,

346 2732 469 2786 dele
495 2748 584 2789 me
627 2733 767 2789 libro
791 2743 884 2789 tuo
912 2732 1110 2807 (Exod.
1142 2731 1338 2802 xxxii),
1371 2751 1389 2783 ι
1424 2746 1587 2802 quem
1623 2730 1888 2800 scripsisti
1916 2747 1931 2797 ;

346 2832 409 2879 ut
431 2831 615 2879 autem
635 2823 869 2880 sciamus
888 2822 1213 2878 sententiam
1239 2820 1332 2876 Dei
1358 2821 1413 2875 in
1446 2821 1585 2876 filios
1612 2828 1665 2876 et
1691 2821 1743 2875 in
1760 2819 1936 2875 famu-

344 2913 429 2970 los
455 2930 565 2970 non
597 2914 666 2969 ad
699 2913 1056 2985 perditionem
1089 2927 1212 2968 esse
1239 2913 1331 2967 sed
1360 2912 1815 2976 emendationem,
1843 2927 1938 2965 au-

347 3005 562 3060 diamus
591 3003 901 3060 testimonia
922 3002 1327 3073 Scripturarum
1356 3021 1367 3055 :
1398 3001 1519 3064 Fili,
1556 3017 1622 3056 ne
1644 3001 1934 3057 contriste-

348 3096 427 3150 ris
457 3096 526 3150 ad
558 3094 899 3163 disciplinam
946 3093 1183 3158 Domini,
1236 3108 1410 3163 neque
1450 3094 1671 3149 deficias
1720 3094 1935 3166 quando

344 3188 417 3241 ab
442 3202 509 3240 eo
550 3185 796 3255 argueris
840 3201 853 3237 :
893 3201 912 3234 ι
950 3183 1123 3250 Quem
1167 3182 1341 3254 diligit
1388 3185 1648 3239 Dominus
1677 3184 1933 3255 corripit,

346 3277 585 3350 flagellat
632 3286 814 3332 autem
863 3291 1081 3331 omnem
1119 3275 1288 3331 filium
1323 3292 1481 3346 quem
1534 3278 1725 3347 recipit
1776 3277 1934 3347 (Heb.

348 3371 476 3438 xu).
513 3386 534 3418 ι
568 3366 634 3421 Ει
656 3366 708 3421 in
737 3365 845 3420 alio
874 3365 1035 3422 loco:
1076 3383 1095 3416 ι
1128 3366 1260 3421 Cum
1292 3366 1619 3422 interficeret
1656 3368 1775 3423 illos
1814 3378 1939 3424 tunc

346 3459 667 3527 quaerebant
695 3471 820 3511 eum
850 3454 1025 3527 (Psal.
1070 3455 1297 3529 Lxxvn).
1342 3476 1358 3508 ι
1404 3457 1471 3511 Ει
1517 3459 1570 3512 in
1607 3458 1938 3513 Deuterono-

347 3548 445 3602 inii
499 3548 716 3604 cantico
762 3565 775 3600 :
835 3568 852 3598 ι
891 3547 1004 3615 Ego
1046 3546 1369 3602 interficiant
1420 3556 1477 3601 et
1524 3562 1626 3619 ego
1656 3546 1940 3605 vivificabo

351 3640 535 3708 (Deut.
577 3639 772 3709 xxxii).
811 3659 829 3690 ι
872 3639 1171 3695 Possumus
1197 3649 1252 3694 et
1284 3641 1386 3697 hoc
1407 3640 1563 3711 juxta
1603 3640 1841 3697 litteram
1859 3641 1940 3696 di-

349 3744 501 3794 cere,
528 3729 670 3799 quod
717 3743 823 3783 non
872 3729 1133 3784 deleverit
1178 3745 1272 3785 eos
1312 3744 1488 3800 neque
1545 3731 1941 3801 consumpserit

350 3834 477 3874 cum
493 3820 664 3889 stirpe
688 3835 782 3874 sua
804 3830 964 3889 atque.
975 3821 1255 3891 progenie,
1273 3821 1369 3876 sed
1384 3821 1680 3887 interfectis
1693 3822 1942 3895 patribus

351 3908 796 3979 pcperceritliliis
809 3925 945 3980 quos
961 3910 1012 3964 in
1030 3904 1232 3965 terram
1251 3906 1686 3981 repromissionld
1705 3911 1937 3975 induxit.

429 4017 449 4049 ι
487 3998 607 4053 Dixi
628 4008 809 4055 autem
838 4001 904 4055 ad
926 4000 1064 4055 filios
1086 4016 1273 4057 eorum
1306 4001 1357 4056 in
1382 4003 1706 4060 solitudine:
1732 4004 1790 4059 lu
1812 4020 1943 4074 prte-

360 4107 381 4140 ι
425 4090 596 4162 ceptis
627 4099 842 4160 patrum
873 4102 1175 4145 vestrorum
1205 4092 1371 4146 nolite
1408 4091 1648 4149 incidere
1676 4109 1778 4150 nec
1797 4094 1941 4163 judi-

360 4201 380 4233 α
427 4181 510 4236 cia
540 4172 728 4237 eordm
764 4183 1102 4248 custodiatis,
1156 4199 1256 4238 nec
1302 4183 1355 4237 in
1399 4183 1555 4238 idolis
1596 4200 1782 4241 eorum
1828 4187 1943 4261 pol-

361 4291 381 4324 o
426 4271 671 4327 lumini.
709 4271 822 4342 Ego
861 4273 1120 4328 Dominus
1146 4275 1289 4329 Deus
1318 4284 1519 4340 vester,
1566 4277 1619 4331 in
1657 4280 1943 4348 prznccptis

360 4382 381 4414 ι
427 4362 565 4418 meis
592 4362 884 4428 ambulate,
907 4372 964 4418 et
992 4364 1198 4434 judicia
1233 4380 1352 4420 mea
1381 4368 1672 4433 custodite,
1702 4377 1758 4423 et
1785 4367 1944 4425 facite

361 4470 382 4505 σ
424 4466 523 4519 ea,
555 4461 614 4508 et
637 4453 861 4508 sabbata
891 4471 1007 4509 mea
1039 4456 1398 4523 sanctificate,
1429 4467 1485 4515 ut
1518 4460 1589 4514 sit
1618 4461 1833 4532 signum
1863 4463 1945 4517 in-

360 4562 382 4597 r
426 4550 512 4598 ter
534 4558 626 4599 me
649 4552 704 4599 et
733 4560 847 4601 vos.
888 4545 954 4600 Et
996 4546 1200 4601 sciatur
1226 4548 1356 4616 quia
1388 4563 1490 4620 ego
1519 4565 1638 4605 sum
1680 4552 1941 4609 Dominus

363 4651 383 4683 ι
428 4633 575 4688 Deus
602 4642 802 4688 vester.
841 4655 861 4687 ι
902 4634 1031 4690 Post
1057 4635 1488 4695 interfectionem
1529 4650 1742 4711 patrum
1771 4646 1863 4713 qui
1888 4646 1942 4700 in

357 4737 547 4778 eremo
593 4733 932 4788 corruerunt,
985 4736 1255 4797 praecepta
1305 4727 1399 4782 dat
1447 4730 1572 4785 filiis
1616 4732 1671 4786 in
1711 4748 1945 4803 quorum

357 4814 537 4872 salute
567 4814 819 4869 misertus
844 4823 929 4869 est
956 4824 1194 4885 patrum,
1225 4826 1280 4872 et
1307 4821 1570 4888 pepercit,
1597 4821 1790 4893 inquit,
1815 4840 1946 4880 ocu-

358 4908 444 4962 lus
473 4905 686 4963 Domini
711 4920 874 4974 super
894 4922 1011 4970 eos,
1042 4924 1111 4963 ne
1137 4911 1358 4966 omnino
1394 4911 1726 4969 interficeret
1750 4930 1845 4970 eos
1866 4925 1945 4971 at-

359 5014 469 5070 que
498 4997 725 5061 deleret,
753 4999 850 5052 sed
881 5007 1064 5068 patres
1109 5000 1161 5054 in
1207 5000 1335 5056 filiis
1364 5012 1693 5069 reservaret,
1734 5007 1949 5061 eadem-

358 5105 467 5160 que
497 5096 753 5155 testatnr,
784 5104 905 5159 qua:
939 5098 994 5144 et
1019 5091 1262 5160 patribus
1303 5101 1386 5147 est
1412 5093 1652 5159 locutus,
1697 5105 1754 5150 ut
1795 5109 1948 5167 post-

359 5197 525 5253 quam
552 5181 609 5237 in
634 5183 918 5253 praeceptis
942 5182 1086 5237 illius
1108 5184 1528 5252 ambulaverint,
1557 5187 1829 5257 etjudicia
1854 5208 1949 5247 eu-

360 5273 674 5339 stodierint,
702 5282 758 5330 et
784 5274 1268 5331 sanctificationem
1297 5276 1529 5344 sabbati,
1559 5281 1702 5351 quod
1736 5282 1948 5352 signum

362 5363 550 5417 datum
565 5371 669 5428 est,
694 5365 1103 5429 reservaverint,
1123 5375 1249 5421 tunc
1268 5368 1459 5432 sciant,
1478 5370 1606 5438 quia
1623 5371 1737 5441 ipse
1761 5372 1832 5425 sit
1853 5374 1951 5428 Do-

363 5454 543 5509 minus
571 5453 716 5509 Deus
742 5469 951 5520 eorum,
977 5466 1244 5528 prmeepta
1269 5469 1456 5515 autem
1487 5469 1544 5516 et
1583 5461 1828 5533 legitima
1856 5479 1951 5534 pa-

366 5550 507 5598 trum
534 5552 590 5599 ει
610 5544 816 5615 judicia
847 5560 1033 5602 eorum
1058 5563 1304 5604 errorem
1350 5550 1600 5607 inclitum
1646 5554 1948 5624 significat,

364 5650 431 5690 ne
459 5645 683 5705 peccata
723 5652 909 5694 eorum
954 5638 1233 5696 imitentur
1272 5657 1503 5712 quorum
1551 5651 1818 5701 tormenta
1864 5662 1951 5702 re-

366 5725 620 5796 spiciunt.

1412 5880 1437 5891 ..ι

2042 1913 2283 1967 scuriora
2324 1913 2636 1968 transimus.

2116 2024 2133 2054 ι
2179 2003 2380 2059 lterum
2430 2003 2598 2059 levavi
2633 2018 2850 2057 manum
2902 2018 3076 2057 meam
3111 2004 3162 2057 in
3213 2020 3306 2058 eos
3337 2004 3390 2057 in
3433 2000 3628 2057 solitu-

2045 2111 2063 2143 ί
2108 2095 2233 2149 dine
2261 2102 2321 2148 ut
2342 2095 2706 2166 dispergerem
2738 2094 2856 2149 illos
2882 2094 2933 2148 iu
2967 2095 3293 2161 nationibus,
3321 2105 3375 2150 et
3404 2096 3631 2150 ventila-

2045 2204 2063 2235 ί
2110 2202 2222 2241 rem
2250 2185 2302 2240 in
2337 2195 2528 2250 terras,
2554 2202 2619 2241 eo
2651 2185 2792 2255 quod
2812 2184 3014 2254 judicia
3060 2203 3177 2241 mea
3204 2205 3307 2241 non
3340 2185 3628 2253 fecissent,

2044 2293 2063 2326 ί
2110 2284 2163 2329 ει
2211 2286 2480 2346 praecepta
2530 2292 2647 2330 nica
2692 2276 3096 2347 reprobassent,
3129 2286 3184 2332 et
3237 2278 3461 2332 sabbata
3506 2294 3618 2335 mea

2045 2383 2063 2415 ι
2109 2366 2417 2429 violassent,
2449 2376 2502 2422 et
2548 2374 2668 2438 post
2709 2366 2854 2422 idola
2890 2377 3102 2437 patrum
3147 2383 3368 2423 suorum
3401 2367 3625 2423 fuissent

2044 2474 2061 2507 ι
2108 2457 2252 2512 oculi
2318 2472 2527 2512 eorum.
2590 2456 2731 2531 Ergo
2776 2467 2834 2514 et
2879 2474 2981 2530 ego
3037 2458 3156 2512 dedi
3221 2459 3301 2513 eis
3354 2466 3624 2529 praecepta

2044 2566 2063 2598 ι
2108 2562 2217 2601 non
2244 2547 2406 2613 bona,
2439 2556 2494 2603 et
2517 2545 2718 2616 judicia
2751 2549 2805 2603 in
2829 2549 3025 2620 quibus
3061 2566 3167 2603 non
3194 2549 3397 2616 vivent,
3420 2559 3475 2603 et
3507 2548 3623 2619 pol-

2041 2663 2058 2694 ι
2105 2641 2179 2696 lui
2209 2657 2303 2698 eos
2331 2643 2383 2697 in
2409 2642 2724 2700 muneribus
2748 2645 2861 2701 suis
2885 2660 3007 2699 cum
3030 2643 3284 2699 offerrent
3305 2661 3465 2700 onme
3484 2645 3628 2717 quod

2043 2749 2063 2782 ‹
2110 2732 2285 2802 aperit
2314 2731 2524 2787 vulvam
2555 2744 2777 2804 propter
2801 2732 2997 2789 delicta
3029 2750 3145 2789 sua.
3194 2735 3257 2789 Et
3302 2735 3475 2789 scient
3501 2736 3628 2805 quia

2043 2843 2061 2876 ε
2108 2838 2208 2896 ego
2238 2824 2520 2880 Dominus.
2560 2846 2579 2877 ι
2616 2824 2719 2881 Ubi
2763 2826 2818 2880 in
2847 2823 3030 2881 Veteri
3058 2825 3407 2881 Testamento
3435 2835 3624 2881 contra

2038 2915 2176 2972 filios
2205 2932 2416 2981 eorum,
2452 2916 2544 2986 qui
2580 2916 2634 2972 in
2667 2916 2961 2973 solitudine
2998 2925 3339 2981 corruerant,
3369 2917 3630 2972 Dominus

2036 3008 2298 3064 levaverit
2328 3025 2548 3064 manum
2578 3025 2749 3074 suam,
2788 3009 2974 3065 volens
3001 3025 3095 3064 eos
3127 3010 3436 3080 dispergere
3460 3008 3511 3063 in
3532 3025 3627 3063 na-

2043 3100 2236 3167 tiones,
2267 3099 2546 3173 Scriptura
2578 3118 2683 3156 nou
2717 3100 2865 3157 dicit.
2894 3100 2999 3157 Sed
3031 3116 3097 3155 ex
3127 3116 3193 3157 eo
3236 3100 3377 3170 quod
3410 3101 3498 3155 hic
3540 3116 3626 3156 re-
3715 3167 3722 3175 ,

2043 3194 2169 3262 fert,
2197 3195 2398 3252 factum
2427 3212 2546 3253 esse
2576 3196 2903 3252 credendum
2933 3205 3036 3261 est,
3066 3197 3182 3252 sive
3224 3198 3327 3252 hoc
3357 3196 3630 3267 signiﬁcat

2041 3284 2182 3355 quod
2217 3293 2503 3356 postquam
2554 3296 2757 3341 terram
2804 3286 3241 3357 repromissionis
3285 3287 3625 3349 intraverint,

2039 3374 2206 3429 variis
2239 3376 2572 3445 temporibus
2601 3375 2670 3430 ob
2721 3375 2889 3430 multa
2919 3385 3139 3445 peccata
3184 3377 3417 3431 diversis
3447 3376 3631 3434 traditi

2040 3476 2167 3521 sunt
2208 3468 2457 3540 gentibus
2486 3467 2830 3540 regibusque,
2877 3482 2943 3523 eo
2990 3477 3250 3540 tempore,
3279 3485 3401 3539 quae
3434 3478 3632 3525 natura

2041 3573 2138 3615 sua
2167 3558 2307 3615 bona
2337 3568 2497 3615 erant
2522 3569 2791 3631 praecepta
2837 3559 3070 3625 Domini,
3101 3568 3153 3615 et
3179 3559 3383 3630 judicia
3430 3560 3483 3613 ln
3514 3558 3635 3629 qui-

2041 3648 2142 3703 bus
2162 3647 2685 3718 posscnt'credeutes
2706 3648 2909 3714 vivere,
2940 3648 3083 3703 facta
3110 3649 3220 3702 sint
3239 3648 3319 3702 eis
3349 3662 3456 3702 non
3484 3648 3621 3705 bona

2043 3738 2167 3794 dum
2199 3754 2541 3810 nequaquam
2572 3740 2754 3794 valent
2784 3740 2839 3793 in
2864 3738 3174 3809 captivitate
3199 3738 3333 3809 legis
3360 3728 3626 3808 praecepta

2043 3845 2285 3897 servare,
2343 3839 2400 3884 et
2448 3829 2629 3885 facere
2675 3846 2797 3901 qua:
2834 3831 3048 3887 divinus
3097 3845 3279 3885 sermo
3328 3829 3625 3885 mandavit.

2042 3922 2229 3993 Neque
2249 3923 2408 3989 dixit,
2440 3921 2573 3978 Dedi
2602 3921 2682 3978 eis
2706 3930 2974 3992 praecepta
2999 3920 3160 3987 mala,
3191 3920 3286 3977 sed
3314 3936 3422 3976 non
3444 3920 3584 3977 bona
3613 3937 3626 3972 :

2044 4031 2149 4070 non
2178 4015 2325 4071 enim
2351 4014 2535 4070 statim
2554 4014 2819 4084 sequitur,
2838 4012 3053 4083 utquod
3078 4014 3279 4068 bonum
3309 4028 3413 4068 non
3437 4020 3538 4076 est,
3559 4011 3629 4066 sit

2048 4106 2270 4170 malum,
2307 4105 2448 4160 sicut
2473 4113 2528 4160 et
2551 4103 2842 4175 Apostolus
2864 4105 3021 4159 docet
3051 4103 3103 4175 (I
3142 4102 3265 4159 Cor.
3303 4102 3398 4174 vn)
3430 4104 3627 4159 bonum

2046 4213 2169 4254 esse
2199 4197 2406 4253 homini
2437 4213 2662 4253 uxorem
2690 4196 2774 4252 vel
2804 4197 3082 4253 mulierem
3126 4212 3232 4254 non
3260 4207 3502 4269 tangere,
3536 4197 3632 4252 sed

2044 4298 2265 4363 propter
2294 4289 2740 4345 incontinentiam
2770 4303 3209 4357 unumquemque
3230 4304 3383 4343 suam
3406 4304 3629 4347 uxorem

2048 4383 2247 4439 habere
2298 4382 2501 4438 bonum
2546 4390 2646 4445 est,
2698 4396 3141 4450 unumquemque
3194 4381 3471 4452 possidere
3535 4396 3633 4437 vas

2049 4487 2208 4526 suum
2258 4471 2314 4525 in
2352 4470 2785 4526 sanctificatione
2825 4479 2880 4523 et
2914 4470 3193 4528 castitate.
3236 4470 3379 4539 quod
3423 4471 3469 4525 si
3518 4487 3627 4526 non

2056 4561 2263 4627 fwerit,
2319 4578 2421 4618 nec
2448 4563 2649 4618 bonum
2692 4576 2794 4615 nec
2838 4561 3039 4641 malum
3064 4570 3168 4617 est.
3216 4562 3376 4617 Dedit
3405 4567 3633 4635 ergoeis

2057 4654 2199 4709 Deus
2222 4654 2479 4722 dispersis
2518 4654 2572 4708 in
2600 4652 2849 4723 gentibus
2871 4662 3135 4721 prmeepta
3164 4669 3270 4708 non
3309 4656 3447 4711 bona
3472 4697 3487 4721 ,
3533 4658 3635 4714 hoc

2055 4753 2160 4810 est,
2190 4743 2398 4799 dimisit
2428 4757 2523 4798 eos
2551 4742 2970 4812 cegitationibus
3014 4750 3069 4797 et
3091 4744 3373 4799 desideriis
3419 4748 3551 4809 suis,
3579 4759 3635 4802 ut

2054 4836 2299 4891 facerent
2326 4849 2445 4904 qum
2470 4849 2578 4889 non
2606 4834 2954 4899 conveniunt,
2987 4842 3049 4890 et
3084 4835 3275 4904 polluit
3302 4830 3397 4892 eos
3425 4839 3489 4907 in,
3517 4854 3628 4893 mu~

2056 4927 2275 4983 aeribus
2311 4927 2447 4991 suis,
2494 4926 2635 4980 sicut
2670 4926 2922 4981 sacerdos
2950 4925 3017 4981 de
3059 4925 3259 4996 populo
3285 4926 3525 4996 leprosos
3550 4944 3633 4983 ses

2056 5033 2254 5088 parans
2290 5027 2346 5071 et
2365 5031 2459 5071 eos
2494 5015 2723 5087 pollutos
2745 5031 2866 5070 esse
2887 5016 3270 5075 demonstrans
3286 5059 3304 5084 ,
3329 5018 3459 5073 dum
3482 5018 3635 5075 idolis

2055 5109 2291 5165 offerunt
2343 5124 2463 5177 qua:
2511 5109 2622 5163 Deo
2662 5106 2860 5162 oflerre
2888 5107 3165 5174 deberent,
3202 5117 3258 5164 et
3286 5108 3637 5163 transducunt

2057 5215 2216 5257 omne
2241 5200 2383 5270 quod
2410 5200 2584 5268 aperit
2612 5198 2824 5253 vulvam
2853 5215 2950 5270 per
2979 5198 3161 5269 ignem
3191 5199 3416 5264 bachali,
3450 5199 3505 5253 id
3524 5207 3632 5264 est,

2056 5292 2423 5363 primogenita,
2453 5299 2512 5346 ut
2550 5299 2836 5361 postquam
2866 5293 3066 5347 deserti
3116 5290 3316 5346 fuerint
3353 5307 3383 5343 a
3430 5290 3541 5345 Deo
3583 5300 3637 5346 et

2058 5382 2323 5438 idolorum
2374 5381 2541 5437 cultui
2584 5383 2787 5448 traditi,
2827 5392 2957 5438 tunc
2996 5382 3299 5452 intelligant
3335 5381 3480 5451 quod
3523 5381 3637 5452 ipse

2052 5473 2125 5527 sit
2151 5472 2426 5536 Dominus,
2456 5488 2616 5542 quem
2646 5489 2744 5528 suo
2775 5474 2906 5528 vitio
2944 5471 3012 5528 ad
3038 5472 3371 5528 iracundiam
3395 5471 3638 5526 concita-

2055 5571 2267 5617 verunt.
2315 5561 2471 5617 llunc
2512 5562 2695 5618 locum
2742 5563 3085 5619 manifestius
3125 5562 3515 5630 interpretatus
3552 5574 3639 5618 est

2055 5652 2433 5723 Symmachus,
2462 5669 2561 5725 pro
2588 5654 2866 5724 praeterito
2892 5669 3098 5722 ponens
3143 5651 3383 5707 futurum
3425 5667 3440 5706 :
3478 5670 3498 5703 σ
3534 5650 3638 5723 lgi-

2058 5748 2143 5795 tur
2187 5749 2238 5795 et
2280 5756 2377 5812 ego
2427 5742 2566 5800 dabo
2609 5743 2689 5800 eis
2718 5752 2987 5814 pratccpta
3020 5758 3125 5797 non
3156 5743 3294 5797 bona
3327 5751 3380 5799 et
3426 5740 3635 5814 judicia
