3954 6182
382 311 485 364 7:35
860 300 903 335 ί

1357 311 1708 367 COMHENT.
1747 309 1814 364 IN
1851 307 2300 366 EZECHIELEM.
2333 341 2406 353 --
2437 310 2566 366 LII}.
2609 310 2737 367 VIII.

3519 310 3620 365 7'36

376 424 624 485 habeatis
663 439 870 496 regem,
912 433 969 478 et
1007 424 1256 478 sentiatis
1294 439 1471 494 regem
1513 425 1730 489 iratum,
1779 421 1935 491 cujus
1962 424 2009 483 Α
2038 421 2146 475 erit
2164 420 2483 479 manifestus
2505 438 2661 478 mons
2690 424 2881 478 domus
2906 422 3121 478 Domini
3148 423 3203 479 in
3233 424 3437 478 vertice
3460 440 3617 479 mou—

372 513 713 573 clemeatiam
743 515 1074 585 neglexistis.

452 624 470 655 ι
514 603 580 657 Et
616 605 842 659 educam
879 620 976 658 vos
1012 605 1077 658 de
1125 605 1353 674 populis,
1393 615 1450 661 et
1483 606 1824 676 congregabo
1848 619 1946 663 vos

382 712 400 743 ι
447 695 512 748 de
549 694 710 748 terris
746 694 800 748 in
840 694 1034 763 quibus
1068 695 1297 764 dispersi
1340 696 1513 750 estis:
1558 697 1610 749 in
1652 712 1814 750 manu
1850 712 1946 751 va-

377 803 402 834 ο
447 784 552 839 lida
580 792 635 837 et
658 785 883 838 brachio
901 792 1135 849 extento,
1150 794 1204 840 et
1230 788 1283 840 in
1313 786 1493 841 furere
1514 786 1682 842 effuso
1709 789 1942 855 reguabe

378 896 398 928 ι
442 891 604 946 super
621 891 732 931 vos.
746 895 764 928 ι
784 875 894 931 Nec
914 891 1027 938 vos,
1045 876 1138 940 ait,
1156 877 1330 945 patiar
1348 891 1468 932 esse
1483 876 1536 930 in
1558 878 1825 947 gentibus,
1844 892 1944 932 nec

370 977 576 1022 :eterua
601 968 917 1036 captivitate
937 967 1182 1031 retineri,
1235 968 1330 1022 sed
1358 969 1582 1022 educam
1622 966 1688 1024 de
1727 970 1940 1039 populis

368 1065 427 1109 et
447 1056 788 1126 congregabo
809 1055 876 1109 de
905 1055 1087 1119 terris,
1119 1055 1173 1109 in
1207 1071 1344 1126 quas
1369 1072 1462 1110 vos
1491 1057 1558 1112 ad
1596 1058 1941 1114 serviendum

369 1146 581 1201 hostilis
603 1146 894 1201 necessitas
923 1146 1030 1200 huc
1046 1145 1277 1215 illucque
1306 1147 1575 1216 dispersit.
1608 1147 1734 1203 Haec
1757 1158 1938 1204 autem

370 1235 568 1289 faciam
593 1244 652 1289 ut
674 1249 777 1289 non
797 1234 1017 1304 perdam
1044 1251 1140 1290 vos
1165 1243 1218 1290 et
1239 1234 1468 1301 delcam,
1497 1237 1591 1291 sed
1615 1245 1674 1291 ut
1707 1235 1823 1293 Rex
1845 1253 1941 1292 vc-

369 1334 485 1379 stcr
508 1324 631 1379 sim.
661 1323 739 1379 Ex
778 1339 885 1393 quo
915 1324 1259 1396 intelligimus
1298 1326 1461 1381 etiam
1491 1342 1611 1382 eam
1639 1343 1800 1396 quam
1844 1343 1940 1397 ap-

366 1417 572 1489 pellant
614 1416 851 1472 bieretici
896 1418 1158 1471 creatoris
1198 1418 1569 1473 crudelitatem
1598 1434 1792 1475 sonare
1830 1418 1938 1474 cle-

368 1511 649 1573 mentiam,
676 1509 803 1563 dum
829 1509 896 1564 ad
921 1508 1023 1563 hoc
1049 1508 1303 1564 irascitur
1325 1518 1379 1564 et
1400 1509 1642 1574 desaevit,
1685 1517 1738 1564 et
1767 1518 1936 1565 totum

366 1599 595 1657 edundit
622 1597 882 1664 furorem,
912 1606 972 1653 ut
995 1600 1237 1654 retrahat
1259 1614 1353 1654 eos
1377 1602 1446 1655 ad
1490 1614 1713 1672 regnum
1754 1615 1934 1665 suum,

362 1690 459 1759 qui
500 1690 800 1745 dmmonum
858 1689 1196 1760 tyrannidem
1243 1690 1311 1745 ad
1359 1689 1701 1745 serviendum
1757 1689 1935 1763 elege-

366 1788 519 1835 runt.

446 1890 465 1922 ι
511 1872 578 1929 Et
612 1871 876 1929 adducam
901 1888 998 1929 vos
1040 1874 1093 1929 in
1119 1874 1385 1930 desertum
1423 1875 1737 1946 populorum
1773 1883 1828 1930 et
1847 1888 1936 1942 Ju-

370 1980 390 2012 ι
435 1959 659 2016 dicabor
692 1963 970 2018 vobiscum
1023 1963 1097 2017 ibi
1136 1962 1273 2018 facie
1306 1964 1375 2019 ad
1412 1963 1627 2019 faciem.
1671 1964 1822 2019 Sicut
1848 1964 1936 2032 ju-

369 2070 390 2103 ι
433 2050 577 2106 dicio
604 2053 854 2108 contendi
899 2053 1185 2109 adversum
1218 2063 1401 2126 patres
1439 2055 1494 2108 in
1533 2055 1747 2109 deserto
1778 2061 1934 2109 terra:

365 2161 384 2192 ι
430 2140 648 2213 Egypti
667 2182 681 2208 ,
708 2143 787 2198 sic
807 2144 1060 2215 judicabo
1082 2160 1198 2211 vos,
1225 2145 1359 2201 dicit
1384 2136 1662 2213 Dominus,
1706 2155 1763 2203 et
1807 2148 1933 2202 sub-

363 2253 383 2283 ι
423 2232 610 2302 jiciam
647 2250 743 2290 vos
784 2243 999 2306 sceptro
1030 2249 1150 2290 meo
1180 2251 1193 2289 :
1236 2244 1291 2290 et
1331 2236 1580 2290 inducam
1612 2252 1707 2291 vos
1733 2237 1788 2290 in
1812 2238 1932 2292 vin-

362 2342 381 2375 ι
427 2323 566 2380 culis
592 2324 811 2380 fmderis
843 2343 856 2379 :
892 2333 948 2380 et
982 2323 1187 2397 eligam.
1210 2326 1280 2381 de
1316 2327 1468 2382 vobis
1506 2336 1932 2398 transgressores

366 2432 387 2464 ι
432 2422 490 2469 et
511 2415 724 2485 impios,
751 2416 818 2470 de
848 2423 994 2471 terra
1026 2416 1293 2472 ineolatus
1318 2432 1502 2473 eorum
1533 2419 1759 2474 educam
1784 2419 1928 2488 illos,

361 2525 381 2555 ει
427 2507 560 2561 etin
587 2516 787 2563 terram
832 2507 999 2564 Israel
1046 2524 1155 2564 non
1204 2509 1594 2581 ingredientur,
1645 2519 1701 2567 ct
1745 2513 1928 2571 scietis

360 2614 379 2646 ι
427 2597 554 2664 quia
591 2611 690 2668 ego
728 2596 1008 2654 Dominus.
1053 2618 1072 2651 ι
1116 2598 1357 2665 Faciam,
1389 2602 1467 2656 ait
1504 2602 1782 2669 Dominus,
1828 2620 1925 2661 voc

350 2688 437 2743 bis
462 2688 556 2758 qui
578 2690 708 2745 estis
749 2690 802 2744 in
837 2689 1128 2762 Babylone,
1184 2702 1241 2748 et
1282 2709 1428 2749 nunc
1471 2696 1688 2750 servitis
1736 2696 1924 2763 idolis,

351 2777 496 2847 quod
549 2776 651 2834 feci
696 2779 940 2850 patribus
976 2782 1170 2838 vestris
1216 2782 1270 2837 in
1298 2781 1558 2854 Egypto,
1612 2792 1671 2838 ut
1699 2786 1925 2845 educam

348 2881 447 2922 vos
487 2868 540 2922 in
581 2868 855 2923 desertum
892 2870 1230 2941 populorum,
1281 2883 1338 2927 et
1372 2874 1445 2930 ibi
1490 2874 1707 2949 judiccr
1745 2876 1927 2932 vobis-

349 2973 473 3012 cum
523 2958 660 3013 facie
709 2959 781 3013 ad
828 2959 1019 3017 faciem
1049 2964 1190 3019 sicut
1226 2965 1516 3022 adversum
1556 2964 1683 3023 illos
1714 2966 1922 3037 judicio

347 3048 840 3119 contendi,quando
853 3053 1054 3122 egressi
1070 3062 1194 3108 sunt
1211 3055 1276 3111 de
1290 3054 1542 3126 Egypto.
1557 3058 1631 3127 Et,
1636 3067 1921 3133 postquam

344 3153 444 3192 vos
460 3139 794 3209 indicavere,
817 3143 1093 3212 subjiciam
1118 3161 1211 3201 vos
1232 3157 1444 3219 sceptro
1470 3164 1589 3204 meo
1615 3160 1669 3205 et
1696 3151 1922 3223 imperio

344 3236 402 3282 et
424 3227 571 3283 inibo
594 3239 808 3299 pactum
828 3234 1105 3289 vobiscum
1122 3276 1138 3303 ,
1164 3244 1218 3291 et
1251 3238 1500 3294 inducam
1524 3255 1621 3297 vos
1639 3241 1694 3295 in
1721 3249 1920 3297 terram

344 3326 589 3372 vestram
631 3319 684 3374 in
726 3322 953 3379 vinculis
995 3325 1296 3392 charitatis,
1321 3337 1380 3384 ut
1424 3329 1571 3402 ligati
1595 3346 1777 3387 amore
1798 3346 1921 3389 meo

345 3412 691 3477 nequaquam
728 3425 758 3465 a
798 3427 885 3466 me
923 3416 1143 3484 possitis
1194 3419 1472 3477 recedere.
1533 3419 1920 3495 Transgresso-

347 3512 438 3551 res
478 3509 658 3554 autem
706 3511 761 3557 et
795 3502 1009 3574 impios,
1055 3508 1148 3577 qui
1199 3510 1380 3565 cordis
1418 3510 1622 3567 duritia
1664 3513 1721 3567 in
1763 3513 1919 3569 malis

343 3588 603 3655 operibus
625 3601 993 3661 perseverant,
1017 3595 1208 3666 eligam
1232 3599 1298 3654 de
1330 3600 1500 3665 vobis,
1531 3616 1637 3655 non
1676 3601 1743 3656 ad
1785 3618 1917 3674 pos-

345 3679 650 3745 sidendum,
676 3682 766 3736 sed
781 3686 845 3737 ad
870 3683 1258 3753 abjiciendum:
1283 3698 1335 3746 et
1348 3691 1570 3747 educam
1586 3693 1801 3762 quidem
1825 3710 1918 3751 eos

345 3768 416 3821 de
441 3776 583 3821 terra
608 3769 872 3828 incolatus
894 3791 1099 3841 eorum,
1128 3786 1186 3833 ut
1213 3780 1391 3835 educti
1417 3798 1523 3837 non
1542 3784 1920 3855 ingrediantur

349 3872 551 3916 terram
599 3863 779 3932 Israel,
816 3870 910 3924 sed
945 3870 1000 3924 in
1036 3872 1266 3929 diversis
1311 3886 1535 3951 pereant
1584 3879 1919 3951 regionibus,

346 3960 405 4005 et
443 3952 792 4011 distinctione
827 3958 1090 4015 bonorum
1128 3972 1183 4017 et
1225 3964 1492 4020 malorum
1540 3971 1916 4038 cognoscatis,

346 4045 477 4115 quia
504 4060 606 4116 ego
649 4063 769 4103 sum
816 4050 1097 4120 Dominus,
1133 4055 1225 4126 qui
1271 4054 1414 4112 facie
1444 4068 1639 4114 cuncta
1688 4059 1914 4129 judicio.

345 4135 431 4190 Ad
474 4138 679 4222 reliqua
705 4139 928 4199 festinat
963 4146 1156 4214 oratio,
1188 4148 1529 4221 breviterque
1551 4156 1921 4222 percurrimus

349 4220 605 4299 singula,
640 4240 694 4286 ut
727 4248 945 4315 sensum
974 4245 1179 4292 tantum
1225 4226 1527 4311 legentibus
1552 4220 1913 4313 praebeamus.

425 4335 444 4368 ι
490 4318 557 4372 Et
583 4335 698 4384 vos,
725 4320 918 4378 domus
943 4323 1133 4393 Israel,
1162 4328 1278 4385 ιιωο
1304 4329 1435 4386 dicit
1458 4333 1715 4391 Dominus
1737 4335 1884 4393 Deus
1900 4374 1918 4403 ,

2048 509 2203 575 tium,
2237 518 2295 565 et
2347 510 2647 567 devehitur
2703 527 2867 581 super
2906 513 3094 577 colles,
3150 522 3207 568 et
3236 514 3510 568 eonlluent
3546 516 3616 568 ad

2045 615 2171 657 eum
2189 616 2379 657 omnes
2406 610 2616 672 gentes,
2648 611 2704 659 et
2726 603 2877 657 ibunt
2901 604 3082 672 populi
3105 604 3279 669 multi,
3314 612 3370 657 ct
3387 604 3570 660 dicent
3601 622 3618 660 :

2045 691 2239 746 Venite
2269 732 2284 756 ,
2325 693 2680 747 aseendamus
2733 692 2801 745 ad
2861 703 3094 747 montem
3153 694 3406 758 Domini,
3459 702 3515 748 et
3565 696 3618 749 in

2046 790 2280 835 montem
2315 781 2409 836 Dei
2459 779 2666 846 Iacob,
2714 792 2769 837 et
2802 784 3016 838 docebit
3062 798 3161 839 nos
3205 785 3325 839 vias
3373 796 3522 849 suas,
3565 795 3621 839 et

2045 871 2439 949 ambulabimus
2465 872 2531 937 _in
2565 872 2774 926 semitis
2821 872 2956 940 ejus.
2994 874 3072 929 De
3115 873 3245 928 Sion
3287 875 3431 928 enim
3508 876 3622 931 exi—

2045 953 2126 1011 bit
2256 959 2342 1014 lex
2386 969 2443 1016 et
2481 962 2705 1017 verbum
2754 962 2964 1017 Domini
3014 965 3076 1018 de
3104 963 3440 1020 Hierusalem
3473 965 3613 1035 (Isa.

2042 1066 2082 1106 ιι
2108 1065 2124 1115 ;
2150 1049 2311 1103 Mich.
2348 1048 2446 1121 tv).
2476 1069 2496 1101 ι
2531 1050 2600 1104 Ει
2624 1066 2837 1105 rursum
2864 1052 3031 1107 Isaias
3060 1071 3072 1105 :
3105 1071 3123 1103 ι
3162 1053 3219 1107 In
3250 1063 3505 1120 montem,
3539 1056 3615 1110 in-

2040 1146 2174 1215 quit,
2202 1145 2475 1202 excelsum
2517 1149 2771 1212 ascende,
2799 1150 2888 1219 qui
2927 1151 3215 1206 annuntias
3240 1150 3368 1206 Sion
3410 1168 3422 1203 :
3461 1150 3613 1206 elcva

2039 1244 2095 1290 et
2140 1236 2319 1289 exalta
2373 1250 2562 1292 vocem
2611 1247 2800 1304 tuam,
2852 1240 2943 1309 qui
3001 1241 3335 1312 evangelizas
3398 1240 3618 1295 Jerusa-

2038 1324 2143 1378 lem
2193 1324 2327 1394 (Isa.
2372 1326 2485 1399 XL).
2521 1348 2539 1379 ι
2582 1327 2755 1395 Quem
2802 1339 3039 1385 montem
3088 1329 3218 1386 Sion
3284 1338 3377 1384 aut
3422 1331 3612 1385 Eccle-

2039 1415 2172 1468 siam
2210 1415 2585 1487 intelligimus,
2628 1433 2751 1488 quae
2784 1419 3167 1489 interpretatur
3195 1419 3429 1489 specula,
3478 1427 3529 1474 et
3558 1419 3612 1472 iu

2039 1508 2319 1565 altitudine
2350 1519 2658 1565 sanctorum
2702 1511 3011 1582 dogmatum
3051 1512 3342 1567 constituta
3372 1518 3478 1575 est,
3518 1518 3611 1564 aut

2041 1598 2215 1668 ipsum
2262 1600 2546 1655 Dominum
2600 1600 2957 1667 Saivaterem,
3019 1604 3071 1656 in
3112 1616 3218 1671 quo
3258 1611 3313 1656 et
3354 1602 3606 1672 primitiae

2040 1698 2095 1743 et
2121 1691 2343 1746 decima:
2369 1699 2422 1746 et
2445 1691 2623 1747 omnis
2652 1692 2862 1747 cultura
2890 1693 2942 1747 in
2971 1694 3191 1747 odorem
3216 1692 3449 1746 vertitur
3487 1705 3610 1746 sua-

1970 1780 2015 1840 B
2042 1781 2225 1837 vitatis
2249 1800 2261 1836 :
2288 1790 2348 1836 ut
2368 1797 2558 1838 omnes
2585 1783 2637 1836 in
2666 1783 2893 1838 circuitu
2920 1783 3188 1848 nationes,
3230 1782 3472 1837 videntes
3513 1794 3608 1850 po-

2033 1870 2217 1940 pulum
2271 1871 2485 1926 Domini
2537 1872 2804 1927 salvatum
2833 1885 2973 1937 esse,
3013 1869 3312 1942 glorificent
3334 1870 3505 1925 Deum
3551 1877 3607 1924 et

2034 1970 2380 2030 cognoscant,
2423 1962 2513 2032 qui
2551 1962 2740 2017 salvati
2775 1961 2996 2028 fuerint,
3048 1963 3189 2030 quod
3231 1962 3344 2033 ipse
3389 1961 3456 2016 sit
3503 1962 3606 2015 Do~

2035 2051 2213 2106 minus

2109 2161 2125 2192 ι
2163 2139 2295 2196 Cum
2333 2143 2595 2198 induxere
2618 2159 2713 2198 vos
2737 2143 2805 2198 ad
2834 2150 3035 2198 terram
3072 2140 3260 2208 Israel,
3291 2142 3345 2196 in
3374 2149 3598 2207 terram,

2037 2251 2055 2283 ‹
2092 2246 2190 2302 pro
2224 2249 2328 2303 qua
2362 2233 2532 2291 levavi
2570 2253 2788 2292 manum
2831 2253 3030 2304 meam,
3055 2245 3115 2292 ut
3141 2237 3323 2293 darem
3362 2250 3477 2291 eam
3504 2251 3604 2306 pa—

2037 2340 2054 2374 (
2094 2323 2265 2378 tribus
2296 2326 2510 2389 vestris,
2530 2332 2655 2382 tunc
2675 2327 2856 2384 scietis
2877 2327 3001 2399 quia
3021 2342 3123 2399 ego
3144 2341 3260 2381 sum
3280 2325 3558 2380 Dominus.
3576 2344 3594 2377 ι

2030 2414 2255 2482 Quando
2288 2417 2569 2485 induxere,
2599 2420 2695 2487 ait,
2721 2435 2815 2474 vos
2848 2420 2900 2477 in
2932 2428 3128 2475 terram
3157 2417 3340 2481 Israel,
3371 2433 3468 2487 pro
3493 2430 3600 2486 qua

2027 2505 2199 2560 levavi
2236 2523 2451 2561 manum
2493 2524 2689 2575 meam,
2729 2516 2788 2563 ut
2835 2509 3144 2563 inducercm
3183 2507 3237 2561 in
3266 2523 3385 2563 eam
3415 2515 3599 2578 patres

2027 2607 2256 2668 vestros,
2284 2617 2441 2672 quam
2482 2602 2556 2657 illi
2594 2618 2691 2658 suo
2720 2605 2849 2659 vitio
2875 2604 3241 2674 perdiderunt,
3277 2613 3331 2660 et
3355 2620 3451 2659 vos
3491 2619 3597 2658 non

2028 2700 2138 2748 tam
2188 2701 2366 2749 vestro
2407 2694 2599 2749 merito
2627 2710 2787 2764 quam
2823 2711 2939 2750 mea
2967 2696 3252 2751 clementia
3294 2696 3594 2766 recepistis.

2102 2802 2120 2835 ι
2155 2783 2223 2839 Et
2259 2784 2671 2839 recordabimini
2701 2786 2906 2840 viarum
2936 2795 3238 2840 vestrarum
3268 2794 3323 2840 et
3358 2785 3598 2840 omnium

2031 2893 2050 2927 ι
2085 2875 2347 2930 scelerum
2379 2883 2678 2932 vestrorum
2720 2877 2914 2947 quibus
2942 2876 3129 2946 polluti
3159 2876 3290 2932 estis
3321 2876 3373 2930 in
3412 2876 3512 2941 eis,
3544 2884 3598 2929 et

2029 2984 2048 3017 ‹
2085 2964 2439 3036 displicebitis
2463 2965 2613 3021 vobis
2638 2965 2691 3021 in
2720 2975 3009 3038 conspectu
3033 2976 3238 3032 vestro,
3270 2965 3323 3021 in
3348 2964 3597 3021 omnibus

2028 3076 2046 3109 ‹
2084 3055 2304 3113 malitiis
2347 3056 2542 3113 vestris
2579 3072 2717 3128 quas
2759 3055 2979 3113 fecistis.
3012 3052 3078 3111 Et
3113 3057 3296 3112 scietis
3328 3056 3454 3129 quia
3496 3071 3594 3131 ego

1948 3122 1992 3187 Ο
2028 3171 2047 3205 ι
2084 3153 2361 3219 Dominus,
2392 3170 2513 3209 cum
2565 3152 2885 3209 benefecero
2927 3154 3078 3210 vobis
3123 3162 3340 3225 propter
3396 3167 3592 3207 nomen

2027 3266 2046 3297 ι
2084 3261 2284 3310 meum,
2318 3260 2423 3300 non
2452 3244 2746 3300 secundum
2770 3244 2884 3298 vias
2909 3250 3118 3298 vestras
3138 3242 3328 3310 malas,
3368 3257 3469 3297 nec
3502 3257 3588 3296 se-

2026 3353 2044 3386 r
2081 3335 2314 3389 eundum
2338 3333 2540 3388 scelera
2564 3331 2795 3402 pessima
2811 3332 3004 3386 domus
3023 3331 3207 3396 Israel,
3232 3332 3307 3386 ait
3334 3332 3592 3386 Dominus

2024 3442 2047 3476 ι
2080 3424 2241 3478 Deus.
2277 3441 2296 3474 ι
2328 3421 2759 3491 Nenpossumus
2784 3419 3057 3477 recordari
3086 3419 3348 3475 scelerum
3378 3428 3590 3475 nostro-

2021 3529 2141 3568 rum
2172 3521 2335 3583 atque
2354 3512 2631 3577 vitiorum,
2655 3511 2761 3567 nisi
2792 3510 2994 3566 inducti
3020 3510 3279 3565 fuerimus
3302 3510 3358 3564 in
3392 3517 3593 3565 terram

2018 3602 2203 3667 Israel,
2225 3602 2406 3671 ibique
2450 3601 2609 3672 positi
2639 3600 2884 3657 dicamus
2926 3615 3048 3654 cum
3078 3599 3377 3669 Apostolo:
3422 3616 3443 3651 ι
3490 3599 3592 3667 Qui

2017 3709 2125 3749 non
2160 3709 2279 3749 sum
2315 3694 2508 3765 dignus
2546 3693 2729 3749 vocari
2772 3692 3078 3762 apostolus,
3113 3691 3237 3761 quia
3275 3699 3594 3760 perswutus

2018 3801 2137 3841 sum
2170 3786 2463 3841 Ecclesiam
2502 3786 2597 3841 Dei
2625 3784 2678 3857 (1
2702 3784 2823 3839 Cor.
2846 3785 2957 3854 xv).
2991 3802 3010 3837 ι
3055 3802 3075 3836 ι
3122 3783 3191 3837 Et
3217 3783 3588 3853 displicebitis,

2018 3876 2113 3941 ait,
2155 3876 2309 3931 vobis
2345 3876 2402 3931 in
2427 3882 2723 3945 conspectu
2751 3883 2956 3939 vestro,
2996 3875 3054 3929 in
3087 3873 3338 3929 omnibus
3374 3873 3596 3929 malitiis

2019 3963 2211 4020 vestris
2233 3978 2369 4033 quas
2388 3962 2620 4029 fecistis;
2647 3983 2667 4016 ι
2690 3963 2827 4029 sive,
2849 3971 2910 4017 ut
2931 3963 3314 4033 interpretatus
3328 3969 3411 4016 est
3432 3959 3591 4033 Sym-

2018 4054 2244 4108 machus
2262 4071 2306 4106 ε(
2319 4053 2385 4108 Et
2407 4051 2620 4122 parvuli
2647 4053 2800 4107 vobis
2818 4052 3132 4109 videbimini
3160 4060 3379 4122 propter
3403 4064 3593 4107 omnes

2019 4142 2254 4198 malitias
2281 4151 2524 4204 vestras.
2570 4157 2704 4211 quas
2732 4142 2863 4197 estis
2903 4141 3134 4211 operati,
3168 4159 3190 4193 ι
3223 4152 3283 4195 ut
3306 4150 3593 4211 postquam

2018 4235 2215 4291 excelsi
2240 4234 2462 4300 fuerint,
2492 4233 2724 4289 humiles
2750 4247 2872 4288 esse
2900 4247 2960 4289 se
2979 4232 3222 4295 credant,
3251 4231 3378 4301 quia
3402 4230 3592 4287 Donni-

2017 4343 2121 4385 nus
2148 4327 2439 4383 humilibus
2462 4327 2555 4384 dat
2580 4327 2831 4397 gratiam.
2863 4325 2929 4379 Et
2965 4324 3020 4379 in
3060 4323 3165 4379 alio
3182 4322 3303 4379 loco
3330 4322 3591 4390 scriptum

353 4425 374 4458 ι
420 4409 615 4479 singuli
668 4419 790 4481 post
836 4414 977 4469 idola
1032 4426 1212 4472 vestra
1263 4420 1534 4481 ambulate
1556 4462 1571 4487 ,
1616 4432 1674 4480 et
1712 4426 1918 4482 servits
1941 4458 1996 4520 Β
2018 4427 2102 4475 est
2132 4437 2146 4472 :
2185 4437 2204 4469 ι
2240 4417 2380 4473 Ante
2407 4417 2789 4472 contritionem
2816 4414 3085 4468 exaltatur
3110 4427 3206 4467 cor
3233 4411 3352 4517 viri,
3383 4418 3593 4520 etiante

352 4519 372 4551 σ
417 4500 517 4556 eis.
559 4501 711 4569 Quod
750 4504 795 4560 si
833 4513 888 4560 et
931 4508 987 4562 in
1013 4509 1116 4564 hoc
1142 4525 1248 4565 non
1292 4513 1571 4569 audientis
1608 4531 1696 4572 me
1724 4525 1780 4574 et
1820 4534 1919 4575 no-

352 4609 372 4642 ι
418 4607 544 4647 men
571 4609 751 4649 meum
780 4607 1023 4652 sanetum
1068 4600 1366 4669 pollueritis
1393 4604 1533 4660 ultra
1584 4607 1639 4661 in
1680 4611 1918 4665 muneri-

348 4698 371 4733 ί
417 4681 520 4737 bus
540 4691 596 4737 et
632 4683 689 4741 iu
726 4685 882 4741 idolis
914 4690 1132 4755 vestris,
1163 4692 1219 4745 in
1247 4704 1432 4750 monte
1453 4705 1640 4751 sancte
1669 4713 1808 4763 meo,
1859 4702 1915 4756 in

347 4789 368 4821 ι
417 4780 602 4827 monte
626 4775 840 4830 excelso
863 4776 1061 4843 Israel,
1087 4781 1164 4836 ait
1203 4782 1461 4841 Dominus
1486 4784 1630 4841 Deus
1648 4826 1663 4853 ,
1694 4787 1769 4842 ibi
1796 4803 1915 4845 ser-

346 4878 367 4911 ‹
419 4861 527 4915 viet
569 4862 702 4918 mihi
743 4866 918 4921 omnis
941 4868 1134 4926 domus
1162 4869 1346 4937 Israel,
1368 4874 1565 4940 omnis,
1593 4876 1832 4946 inquam,
1858 4880 1913 4934 in

346 4969 366 5001 ι
416 4960 559 5006 terra
584 4954 640 5007 in
662 4970 764 5025 qua
801 4958 1089 5027 placebunt
1118 4963 1271 5029 milii,
1296 4974 1355 5020 et
1395 4966 1469 5021 ibi
1498 4970 1771 5036 requiram
1805 4971 1917 5040 pri-

347 5060 368 5091 (
419 5044 599 5099 mitias
625 5054 838 5102 vestras
884 5059 939 5103 et
977 5050 1188 5107 initium
1231 5054 1559 5111 decimarum
1608 5067 1912 5114 vestrarum

348 5153 368 5184 ι
415 5134 468 5189 in
491 5136 742 5191 omnibus
763 5142 1278 5199 sanetiﬂcationibus
1292 5146 1515 5213 vestris;
1536 5147 1589 5202 in
1606 5147 1769 5204 odore
1788 5165 1917 5205 sua-

349 5241 367 5273 ι
410 5223 593 5279 vitatis
607 5224 898 5297 suscipiam
919 5244 1016 5284 vos
1041 5246 1165 5285 cum
1186 5233 1421 5289 eduxere
1433 5250 1529 5290 vos
1541 5237 1605 5290 de
1621 5238 1829 5306 populis
1852 5248 1908 5293 et

348 5334 367 5365 ι
409 5330 808 5387 eoiigregavcro
831 5335 924 5375 vos
949 5321 1017 5376 de
1048 5324 1213 5380 terris
1236 5325 1290 5379 in
1318 5341 1451 5396 quas
1478 5328 1703 5399 dispersi
1743 5331 1873 5385 estis
1891 5371 1905 5396 ,

349 5425 371 5457 r
412 5413 467 5460 et
503 5407 886 5466 sanetilicabor
928 5411 985 5465 in
1014 5412 1168 5467 vobis
1216 5413 1270 5468 in
1310 5415 1482 5471 oculis
1518 5418 1819 5483 nationum,
1858 5428 1913 5473 et

351 5513 370 5545 ι
412 5496 598 5551 scietis
622 5498 748 5568 quia
775 5514 875 5569 ego
898 5501 1174 5558 Dominus.
1204 5523 1221 5555 ι
1254 5503 1333 5561 De
1376 5506 1480 5560 hoc
1504 5516 1688 5564 monte
1726 5508 1780 5564 in
1803 5524 1912 5578 quo

345 5586 615 5641 servitura
641 5596 726 5645 est
750 5589 861 5645 Deo
897 5593 1075 5649 omnis
1101 5594 1294 5650 domus
1315 5594 1499 5662 Israel,
1531 5598 1700 5654 Isaias
1726 5608 1782 5655 et
1810 5601 1910 5655 Illi-

348 5683 525 5736 elia-as
555 5682 671 5751 pari
703 5700 834 5741 voce
858 5686 1166 5745 cecinerunt
1197 5706 1208 5743 :
1249 5707 1266 5743 ς
1294 5688 1349 5744 In
1387 5690 1692 5747 novissimis
1716 5693 1904 5748 diebus

1174 5795 1201 5807 δ

2022 4509 2400 4567 exultationem
2440 4506 2754 4561 humiliatur
2791 4502 2982 4575 (Prov.
3025 4500 3174 4573 xui).
3207 4519 3227 4552 ι
3272 4499 3589 4570 Superbiam

2020 4603 2167 4659 enim
2184 4600 2458 4663 contritio,
2482 4609 2539 4652 et
2560 4594 2913 4651 humilitatem
2933 4593 3175 4663 sequitur
3199 4591 3443 4649 altitudo.
3476 4609 3495 4643 ι
3522 4593 3594 4649 Et

2022 4693 2206 4750 scietis
2229 4692 2357 4761 quia
2387 4704 2487 4761 ego
2514 4687 2791 4752 Dominus,
2835 4701 2958 4741 cum
3003 4684 3318 4741 benefecere
3359 4684 3533 4741 vobis.
3564 4703 3584 4736 ο

2021 4785 2093 4839 Et
2133 4784 2416 4839 Dominum
2470 4779 2802 4835 Salvatorem
2850 4786 2980 4833 tunc
3028 4776 3201 4847 magis
3243 4776 3592 4847 cognovimus

2022 4875 2235 4945 quando
2280 4871 2546 4931 benefceit
2590 4869 2764 4935 nobis,
2795 4877 2851 4925 et
2879 4883 3072 4940 passus
3115 4876 3200 4925 est
3229 4884 3326 4939 pro
3352 4868 3594 4938 peccatis

2019 4965 2241 5029 nostris,
2278 4972 2337 5019 et
2363 4963 2598 5034 portavit
2623 4961 2933 5030 iniquitates
2975 4969 3186 5015 nostras
3219 4969 3276 5014 et
3305 4975 3405 5030 pro
3433 4959 3592 5014 nobis

2022 5055 2206 5119 doluit,
2236 5069 2343 5109 non
2372 5066 2471 5122 pro
2497 5051 2679 5121 aliquo
2707 5052 2905 5105 merito
2951 5063 3139 5105 eorum
3169 5049 3260 5118 qui
3288 5048 3585 5112 salvantur,

2020 5149 2111 5206 sed
2141 5155 2361 5219 propter
2399 5162 2593 5202 nomen
2629 5161 2807 5200 suum.
2836 5145 3087 5215 Alioquin
3115 5146 3239 5201 vitae
3280 5153 3496 5208 nostrae,
3533 5152 3591 5199 et

2018 5239 2221 5293 scelera
2244 5246 2428 5291 nostra
2454 5235 2709 5306 pessima,
2742 5250 2846 5290 non
2871 5235 3294 5291 nrisericordiam
3319 5246 3585 5295 meruere,

2019 5333 2113 5387 sed
2163 5345 2399 5402 pmnam.
2459 5328 2724 5398 Quidquid
2770 5339 2949 5384 autem
2999 5329 3068 5383 de
3114 5327 3310 5397 populo
3355 5326 3586 5380 diximus

2015 5421 2199 5483 Israel,
2229 5421 2321 5489 qui
2360 5419 2618 5475 liberatus
2649 5420 2715 5474 de
2739 5419 2970 5491 Egypto
3008 5419 3064 5472 in
3093 5416 3379 5473 solitudine
3412 5414 3585 5469 multa

2017 5509 2307 5573 commisit,
2332 5517 2387 5562 et
2414 5508 2634 5563 oﬂ'endit
2663 5508 2848 5574 Deum,
2884 5518 2940 5563 et
2968 5518 3151 5578 postea
3182 5507 3235 5561 in
3269 5514 3466 5561 terram
3495 5518 3585 5559 rc-

2017 5598 2388 5670 promissionis
2426 5599 2709 5664 inductus,
2749 5605 3037 5654 veneratus
3064 5596 3205 5651 idola
3250 5595 3501 5666 lignaque
3532 5600 3587 5649 et

2016 5691 2218 5765 lapides
2253 5688 2436 5752 coluit,
2483 5697 2538 5744 et
2582 5698 2765 5760 postea
2797 5689 2887 5744 Dei
2926 5686 3204 5742 clementia
3235 5694 3582 5743 conservatus
