3954 6182
398 337 502 390 7:17

1034 333 1094 388 B.
1139 332 1387 386 BABANI
1427 331 1641 386 MAURI
1678 331 1992 386 ARCHIEP.
2035 330 2339 415 MOGUST.
2373 330 2655 386 OPERUM
2695 330 2872 384 PARS
2905 331 2968 385 ll.

3543 328 3644 384 7'28

387 452 494 515 est,
536 444 830 501 referamus
858 443 924 498 ad
956 459 1068 506 eos,
1109 442 1198 509 qui
1234 442 1298 494 de
1333 439 1565 510 .Egypto
1598 439 1775 493 smculi
1809 440 1966 508 hujus
1995 440 2041 499 Α
2068 445 2122 492 et
2156 437 2397 492 fecerunt
2426 455 2486 492 ea
2514 453 2610 508 per
2637 454 2754 506 qua:
2777 438 2951 508 puniri
2983 437 3298 498 debuerant,
3326 438 3420 492 sed
3449 437 3642 490 nihilo-

396 551 556 590 tnann
581 535 792 590 excelsa
829 531 1037 587 Domini
1067 530 1274 585 liberali
1317 538 1461 590 sunt,
1501 538 1556 582 et
1585 529 1872 581 introducti
1912 530 1964 581 in

397 627 647 680 vitiorum
682 623 1038 685 solitudinem,
1065 637 1275 674 rursum
1301 619 1591 689 ZEgyptum
1609 618 1961 686 suspirarunt,

1395 789 1564 799 .———-—.

2073 529 2251 582 minus
2281 544 2375 596 per
2406 528 2773 596 pmnitentiam
2805 541 2907 580 non
2935 540 3034 580 suo
3070 527 3282 588 merito,
3313 528 3406 580 sed
3435 525 3646 580 Domini

2072 617 2378 681 clementia,
2405 617 2708 670 conservati
2728 625 2871 670 sunt.

1657 928 1952 1006 LIBER
2027 927 2402 1005 NONUS.

983 1186 1140 1240 PRZE
1149 1185 1348 1242 FATIO

467 1306 660 1359 Beatus
689 1301 1046 1370 Hieronymus
1075 1314 1194 1353 cum
1219 1299 1287 1352 ad
1318 1300 1458 1352 hunc
1486 1297 1664 1352 locum
1698 1297 1818 1350 libri
1850 1311 1973 1364 pro-

398 1393 594 1463 phetici
625 1390 942 1460 exponendo
983 1388 1336 1458 pervenisset,
1382 1387 1453 1440 ita
1497 1389 1547 1440 in
1595 1386 1815 1440 exordio
1853 1385 1972 1438 libri

400 1463 613 1554 septimi
639 1497 862 1536 exorsus
883 1481 987 1534 ait:
1019 1499 1036 1529 ‹
1066 1477 1203 1532 Olim
1227 1478 1376 1547 pueri
1404 1477 1630 1547 legimus
1654 1491 1667 1528 :
1698 1475 1838 1529 Nihil
1863 1485 1972 1528 tam

401 1574 556 1628 facile
601 1581 706 1637 est,
737 1571 863 1640 quin
912 1569 1127 1623 difﬁcile
1163 1568 1277 1629 fiat,
1305 1567 1443 1636 quod
1487 1566 1685 1620 imitus
1729 1566 1913 1619 facias.
1951 1583 1969 1615 ›

404 1662 556 1716 lianc
576 1677 676 1730 ego
707 1659 1030 1714 sententiam
1060 1658 1177 1710 ideo
1198 1657 1285 1710 hic
1313 1656 1558 1724 posui,ut
1588 1655 1749 1718 scias,
1776 1655 1974 1708 doctis-

401 1753 536 1807 sime
568 1752 880 1820 imperator,
905 1749 1046 1818 quod
1069 1756 1189 1817 post
1209 1747 1606 1801 excusationem
1638 1761 1740 1812 qua
1766 1760 1850 1798 me
1879 1746 1975 1797 ab-
2008 1762 2053 1819 Β

402 1842 608 1896 solvere
655 1842 722 1895 ab
765 1842 868 1894 hoc
896 1854 1056 1908 opere
1099 1837 1363 1900 volebam,
1397 1852 1556 1906 qutun
1591 1835 1808 1892 difficile
1851 1833 1983 1888 mihi

408 1927 499 1996 sit,
525 1933 664 2000 quod
687 1931 806 1984 aliis
830 1928 1176 1998 peritioribus
1203 1926 1426 1981 forsitan
1460 1925 1614 1978 facile
1644 1933 1745 1988 est,
1775 1931 1833 1978 ut
1860 1939 1984 1992 pro-

405 2023 676 2091 pheticum
706 2021 901 2074 librum
941 2018 1210 2090 mysteriis
1233 2017 1629 2072 obscurissimis
1673 2016 1982 2070 obvolutum

408 2128 695 2183 exponam,
727 2112 850 2180 quia
880 2125 944 2165 ex
967 2110 1184 2180 proprio
1214 2123 1373 2163 sensu
1403 2109 1506 2162 hoc
1527 2105 1737 2162 efficere
1758 2122 1859 2160 non
1885 2123 1982 2159 va-

409 2203 513 2267 leo,
554 2202 645 2258 sed
675 2209 730 2256 et
765 2201 990 2256 aliorum
1027 2201 1172 2254 dicta
1202 2215 1300 2268 pro
1325 2197 1684 2268 caligantibus
1707 2196 1878 2250 oculis
1901 2211 1985 2250 se-

409 2301 626 2348 nectute
651 2300 706 2346 et
724 2291 919 2360 aliquid
937 2289 1323 2344 sustinentibus
1334 2287 1478 2343 beati
1494 2286 1664 2352 Isaac,
1678 2286 1743 2340 ad
1763 2295 1980 2340 noctur-

408 2399 534 2437 num
573 2381 750 2436 lumen
788 2395 1129 2450 nequaquam
1163 2379 1370 2433 valeam
1414 2377 1677 2448 relegere,
1701 2375 1980 2448 qu:e[qnij

409 2473 575 2528 etiam
604 2471 668 2525 ad
695 2470 825 2526 solis
851 2470 1064 2538 dieique
1109 2469 1367 2539 fulgorem
1412 2467 1500 2521 vix
1530 2467 1733 2521 habiles
1758 2465 1886 2520 mihi
1915 2466 1981 2520 ad

411 2562 689 2633 legendum
721 2560 874 2616 ﬁunt.
904 2559 1054 2615 Unde
1073 2559 1298 2613 obsecro
1320 2557 1724 2612 venerationem
1753 2565 1898 2610 tuam
1926 2564 1986 2608 ut

412 2670 477 2708 ea
506 2669 625 2722 qua:
666 2668 734 2707 ex
762 2661 1068 2708 sanctorum
1097 2650 1316 2705 Patrum
1345 2650 1624 2704 sententiis
1659 2649 1904 2718 excerpsi
1931 2657 1985 2703 ct.

415 2744 466 2796 in
491 2743 680 2797 ordine
706 2742 928 2812 legenda
970 2742 1223 2810 disposui,
1252 2741 1480 2810 benigne
1507 2740 1798 2809 suscipias;
1823 2749 1893 2800 et,
1926 2747 1986 2792 ut

410 2830 520 2898 jam
553 2839 677 2884 ante
697 2829 828 2894 dixi,
861 2831 904 2884 si
930 2829 1186 2883 librorum
1229 2829 1467 2882 brevitas
1492 2828 1573 2881 vel
1599 2827 1872 2897 longitudo
1899 2827 1983 2879 in-

414 2929 494 2974 ter
523 2935 580 2974 se
611 2918 810 2972 fuerint
838 2917 1145 2986 inzequales,
1176 2917 1441 2971 visionum
1470 2917 1573 2971 hoc
1596 2915 1846 2971 brevitati
1881 2916 1983 2969 im-

414 3019 567 3080 putes
613 3024 677 3064 ac
724 3007 1078 3079 longitudini,
1131 3007 1256 3061 dum
1311 3008 1614 3075 ubicunque
1661 3021 1981 3076 possumus,

412 3100 593 3168 iuncta
637 3099 884 3153 nolumus
930 3111 1200 3168 separare,
1244 3106 1299 3150 et
1349 3095 1676 3150 dissonantia
1721 3095 1774 3149 in
1821 3111 1980 3149 unam
2010 3110 2054 3171 ρ

416 3203 594 3247 astare
621 3189 852 3266 [aptare]
884 3190 1209 3259 congeriem.

815 3321 1162 3390 SEQUITUR
1197 3321 1424 3377 CAPUT
1463 3319 1582 3374 XX.

493 3455 510 3486 ι
546 3437 610 3491 Et
637 3434 810 3492 factus
837 3443 920 3490 est.
949 3449 1128 3490 sermo
1167 3433 1377 3488 Domini
1404 3433 1469 3486 ad
1492 3447 1594 3494 me,
1631 3431 1816 3486 dicens
1846 3449 1858 3485 :
1886 3429 1985 3485 Fili

424 3546 442 3578 ο
478 3527 730 3593 hominis,
754 3541 892 3596 pone
915 3526 1106 3581 faciem
1133 3533 1280 3578 tuam
1306 3533 1495 3579 contra
1542 3523 1683 3575 viam
1712 3522 1902 3587 austri,
1933 3530 1990 3575 et

424 3636 441 3667 ι
478 3617 616 3672 stilla
653 3619 718 3672 ad
755 3616 1018 3681 Africum,
1043 3625 1099 3670 et
1121 3616 1379 3685 propheta
1409 3615 1475 3668 ad
1510 3613 1703 3668 saltum
1734 3611 1848 3684 agri
1876 3628 1991 3668 me-

424 3728 442 3759 ι
485 3709 697 3774 ridiani,
725 3717 781 3763 ct
813 3707 959 3762 dices
989 3706 1146 3762 saltui
1191 3706 1488 3760 meridiano
1527 3719 1543 3756 :
1587 3703 1722 3758 Audi
1766 3703 1989 3757 verbum

424 3819 442 3848 ι
480 3797 714 3861 Domini,
760 3798 873 3850 haec
902 3796 1032 3850 dicit
1076 3796 1334 3850 Dominus
1362 3795 1543 3848 Deus:
1574 3792 1713 3847 Ecce
1739 3806 1837 3863 ego
1869 3807 1992 3846 suo-

425 3912 442 3938 ς
480 3889 702 3944 cendam
721 3888 772 3941 in
790 3897 840 3941 te
864 3887 1058 3954 ignem,
1074 3897 1129 3940 et
1147 3888 1458 3940 comburam
1484 3886 1535 3939 in
1555 3893 1604 3938 te
1617 3899 1774 3939 omne
1787 3885 1990 3954 lignum

427 3999 442 4026 α
482 3977 650 4032 viride
689 3985 744 4029 et
779 3990 937 4029 omne
975 3975 1171 4045 lignum
1219 3977 1449 4041 aridum,
1488 3991 1592 4030 non
1619 3975 1991 4046 exstinguetur

425 4084 448 4115 ο
481 4064 694 4118 ηθιιιηιτι
723 4063 1107 4127 succensionis,
1155 4074 1207 4117 et
1235 4066 1579 4119 comburetur
1621 4065 1675 4118 in
1717 4081 1779 4120 ea
1814 4066 1991 4120 omnis

427 4176 443 4205 ι
483 4155 650 4210 facies
677 4156 743 4210 ab
789 4163 976 4209 austro
1001 4169 1169 4224 usque
1215 4155 1282 4208 ad
1322 4156 1647 4224 aquilonem.
1696 4156 1765 4210 Et
1791 4157 1992 4211 videbit

426 4267 442 4296 ε
482 4245 730 4301 universa
753 4259 880 4299 caro
901 4245 1024 4314 quia
1047 4258 1147 4314 ego
1169 4245 1422 4298 Dominus
1446 4245 1696 4299 succendi
1719 4259 1863 4311 eam,
1891 4260 1992 4300 nec

426 4355 444 4384 ι
481 4335 870 4406 exstinguetur.
903 4335 966 4388 Et
993 4334 1101 4388 dixi
1140 4349 1155 4386 :
1187 4334 1248 4395 A,
1279 4350 1330 4398 a,
1355 4350 1407 4400 a,
1436 4335 1659 4389 Domine
1691 4336 1859 4401 Deus;
1891 4335 1990 4405 ipsi

2074 1180 2231 1243 fame,
2261 1178 2560 1249 pestilentia
2587 1178 2852 1231 mentium
2887 1176 3220 1247 compleatur
3245 1195 3256 1230 :
3288 1178 3374 1232 his
3395 1179 3536 1232 enim
3558 1181 3651 1250 qui

2075 1272 2128 1325 in
2177 1271 2445 1341 Babylone
2489 1281 2634 1331 sunt,
2670 1267 2968 1322 Jerusalem
3019 1270 3086 1323 ad
3138 1279 3380 1324 austrum
3413 1271 3513 1324 sita
3549 1283 3649 1325 est.

2077 1359 2353 1426 Quomodo
2399 1374 2429 1412 e
2475 1357 2747 1412 contrario
2780 1357 2882 1409 olla
2929 1355 3179 1410 Jcremia:
3217 1373 3335 1426 qua:
3390 1358 3654 1426 significat

2077 1449 2395 1512 Jerusalem,
2418 1463 2448 1500 a
2468 1444 2606 1501 facie
2623 1447 2906 1516 aquilonis,
2933 1447 2982 1500 id
3005 1456 3085 1500 est
3105 1447 3406 1516 Babylonis,
3435 1463 3655 1502 succen-

2081 1539 2242 1592 ditur.
2278 1537 2342 1590 Et
2372 1536 2595 1605 pulchre
2634 1536 2685 1589 in
2716 1537 2979 1604 principio
3023 1536 3162 1589 stilla
3193 1536 3385 1604 inquit,
3415 1537 3482 1588 ad
3515 1535 3655 1590 Afri-

2081 1642 2222 1690 cam,
2262 1634 2451 1678 utnon
2500 1633 2610 1678 tota
2653 1625 2743 1678 Dei
2786 1624 2865 1678 ira
2899 1624 3146 1677 videatur
3173 1624 3355 1682 effusa,
3392 1626 3485 1678 sed
3517 1625 3654 1678 stilla

2083 1716 2325 1786 quaedam
2363 1724 2416 1770 et
2459 1732 2602 1786 pars.
2635 1714 2728 1769 Sin
2757 1724 2937 1770 autem
2969 1717 3022 1769 in
3057 1716 3222 1781 stilla,
3255 1725 3401 1771 tanta
3433 1719 3652 1778 satvitia,

2086 1808 2210 1878 quid
2254 1809 2306 1861 in
2359 1809 2483 1862 totis
2531 1808 2791 1862 imbribus
2829 1809 3202 1862 aestimandum
3243 1817 3347 1872 est,
3391 1818 3452 1862 ut
3487 1810 3657 1863 omnis

2083 1912 2232 1959 caro,
2259 1913 2377 1966 qua:
2403 1897 2584 1950 visura
2625 1905 2706 1950 est
2743 1897 2978 1950 salutare
3007 1897 3122 1961 Dei,
3154 1913 3250 1967 per
3279 1897 3550 1967 sylvarum
3580 1899 3658 1951 in-

2083 1990 2330 2043 cendium
2365 1998 2418 2042 et
2448 1988 2715 2042 flammam
2739 2029 2752 2052 ,
2781 2004 2898 2057 quae
2929 1988 3129 2042 nullius
3149 1988 3528 2058 exstinguatur
3561 2005 3654 2042 au-

2083 2079 2243 2143 xilio,
2279 2088 2566 2148 cognoscat
2593 2077 2734 2149 quod
2765 2078 2878 2148 ipse
2905 2078 2977 2132 sit
3011 2076 3288 2132 Dominus.
3318 2077 3472 2144 Quod
3505 2079 3656 2132 intel-

2083 2169 2255 2239 ligens
2277 2170 2535 2239 pr0pheta
2561 2169 2869 2238 respondit:
2902 2186 2919 2219 ι
2949 2169 3016 2234 Α,
3043 2185 3093 2233 a,
3112 2185 3160 2231 a,
3187 2170 3410 2223 Domine
3430 2169 3600 2231 Deus;
3635 2189 3652 2220 ι

2084 2261 2190 2324 vel,
2215 2269 2274 2314 ut
2299 2260 2646 2330 Septuaginta
2673 2259 3087 2325 transtulerunt,
3119 2278 3136 2310 ι
3171 2275 3532 2329 nequaquam,
3563 2261 3661 2313 Do-

2084 2351 2248 2405 mine.
2287 2371 2306 2402 i
2341 2348 2408 2404 Et
2430 2349 2592 2404 infert
2624 2367 2638 2404 :
2677 2369 2696 2401 ι
2724 2351 2827 2421 ipsi
2851 2350 3036 2404 dicunt
3055 2350 3120 2404 ad
3150 2365 3257 2414 me,
3282 2349 3531 2419 Nunquid
3557 2366 3659 2404 non

2085 2458 2181 2512 per
2202 2443 2487 2512 parabolas
2512 2443 2749 2511 loquitur
2776 2443 2911 2496 iste?
2945 2461 2964 2492 ι
2997 2440 3079 2496 vel
3115 2441 3366 2510 parabola
3407 2453 3491 2496 est
3526 2445 3659 2504 ista,

2084 2550 2202 2602 quae
2226 2535 2458 2589 dicitur?
2477 2535 2544 2588 Et
2566 2543 2648 2590 est
2671 2551 2879 2598 sensus,
2897 2533 3106 2604 planius
3124 2535 3357 2602 loquere,
3374 2550 3479 2588 non
3505 2536 3658 2588 intel-

2086 2625 2299 2695 ligimus
2321 2642 2416 2695 per
2438 2626 2743 2696 parabolam
2768 2627 2894 2696 quid
2917 2625 3153 2695 loquaris
3180 2643 3193 2678 :
3217 2636 3401 2695 aperto
3415 2641 3662 2680 sermone

2087 2716 2180 2771 Dei
2205 2717 2358 2772 nobis
2378 2718 2549 2787 pande
2571 2718 2889 2773 sententiam
2908 2735 2919 2769 :
2937 2725 3111 2786 potest
3133 2725 3310 2770 autem
3337 2715 3661 2785 tropologicc

2086 2808 2304 2862 theman
2326 2817 2379 2861 et
2404 2809 2575 2876 nageb
2603 2816 2655 2862 et
2685 2809 2891 2869 darom,
2915 2807 3057 2875 quod
3087 2803 3432 2874 Septuaginta
3464 2819 3656 2874 posue-

2087 2907 2232 2963 runt,
2271 2897 2537 2969 Egyptus
2575 2898 2820 2967 intelligi.
2867 2897 3118 2966 Legimus
3156 2896 3298 2950 enim
3349 2895 3401 2948 in
3445 2895 3659 2949 Daniele

2088 2988 2280 3042 crebro
2309 2997 2548 3042 austrum
2576 3003 2673 3058 pro
2709 2993 2947 3060 Egypto
2972 2988 3162 3056 accipi,
3195 2986 3459 3058 Egyptus
3483 2975 3656 3040 autem

2087 3079 2319 3134 refertur
2350 3080 2415 3134 ad
2441 3081 2622 3134 mundi
2651 3080 2803 3133 istius
2834 3079 3125 3148 angustias.
3162 3078 3458 3147 Prophetat
3505 3080 3662 3150 igitur

2085 3171 2353 3237 Ezechiel,
2396 3187 2516 3241 quae
2546 3171 2742 3225 mundo
2769 3178 2990 3224 ventura
3019 3172 3125 3225 sint
3156 3169 3315 3231 mala,
3347 3187 3508 3239 quem
3551 3171 3658 3224 sal-

2088 3273 2200 3320 tum
2226 3276 2382 3322 vocat
2409 3265 2699 3336 pomiferas
2721 3268 2941 3320 arbores
2974 3281 3078 3320 non
3107 3266 3414 3329 habentem,
3447 3267 3540 3320 sed
3574 3267 3665 3320 lia-

2085 3358 2376 3414 bitaculum
2419 3359 2736 3421 bestiarum,
2777 3358 2842 3411 de
2873 3373 2980 3426 quo
3018 3365 3072 3410 et
3101 3357 3152 3410 in
3189 3357 3447 3426 vigesimo
3475 3365 3666 3410 octavo

2085 3451 2292 3520 psalmo
2315 3450 2510 3504 dicitur
2537 3468 2548 3503 :
2586 3467 2605 3500 ι
2642 3449 2757 3502 Vox
2783 3449 2994 3503 Domini
3019 3447 3348 3518 perficientis
3369 3460 3583 3509 cervos,
3613 3457 3667 3501 et

2088 3541 2346 3598 revelabit
2385 3539 2652 3595 condensa
2700 3539 2974 3594 silvarum.
3028 3557 3046 3589 ι
3087 3537 3205 3591 Ista:
3255 3545 3378 3591 sunt
3418 3535 3568 3591 silva:
3613 3547 3668 3591 et

2089 3631 2279 3695 saltus,
2306 3631 2396 3699 qui
2438 3630 2557 3700 plus
2593 3629 2984 3682 devoraverunt
3019 3627 3070 3680 in
3115 3626 3298 3697 prrelio
3331 3629 3396 3680 de
3425 3627 3666 3680 exercitu

2087 3721 2403 3784 Abessalon,
2440 3735 2600 3788 quam
2642 3717 2910 3772 interfecit
2943 3717 3166 3786 gladius.
3203 3716 3666 3784 Succenditurque

2089 3809 2142 3862 in
2176 3808 2400 3862 saltibus
2428 3807 2656 3876 primum
2692 3805 2892 3876 lignum
2915 3802 3106 3867 viride,
3151 3811 3205 3857 et
3229 3804 3306 3858 sic
3333 3804 3564 3867 aridmn,
3614 3803 3666 3857 hi

2091 3899 2182 3968 qui
2223 3899 2409 3951 vivunt
2440 3898 2491 3950 in
2524 3896 2684 3958 malo,
2716 3901 2772 3949 et
2810 3894 2864 3948 hi
2904 3894 2994 3961 qui
3024 3891 3248 3962 iustitia:
3278 3892 3473 3947 mortui
3519 3897 3664 3946 sunt.

2090 3989 2349 4056 Quodque
2365 3987 2559 4041 dicitur
2582 4003 2593 4038 :
2619 4004 2636 4035 ‹
2659 3984 2727 4038 Ει
2745 3984 3124 4037 comhurentur
3140 3984 3192 4036 in
3208 3997 3271 4037 ea
3291 3997 3478 4036 omnes
3501 3981 3666 4036 facies

2090 4080 2158 4132 ab
2197 4085 2381 4131 austro
2423 4091 2592 4144 usque
2620 4075 2687 4128 ad
2723 4071 3050 4142 aquilonem,
3110 4090 3128 4123 ι
3172 4071 3275 4126 hoc
3308 4070 3438 4124 dicit
3473 4070 3540 4124 ab
3581 4071 3664 4125 bis

2091 4170 2181 4238 qui
2225 4168 2465 4222 fervente
2509 4168 2698 4237 spiritu
2738 4167 3056 4222 videbantur
3098 4175 3264 4236 usque
3306 4167 3372 4220 ad
3417 4181 3513 4221 eos
3550 4167 3660 4236 qui,

2091 4267 2367 4312 crescente
2410 4258 2692 4326 iniquitate
2720 4265 2775 4311 et
2804 4255 3120 4327 refrigerata
3169 4257 3433 4310 charitate
3471 4254 3664 4310 multo-

2093 4363 2234 4412 rum,
2275 4348 2507 4402 calorem
2549 4348 2835 4418 pristinum
2876 4348 3244 4416 perdiderunt,
3281 4349 3355 4401 ita
3393 4356 3452 4402 ut
3489 4349 3663 4404 omnis

426 4447 445 4476 ε
481 4427 667 4481 dicunt
691 4427 758 4482 de
780 4442 865 4482 me
889 4445 902 4479 :
927 4426 1172 4496 Nunquid
1201 4441 1305 4479 non
1331 4440 1427 4495 per
1444 4425 1726 4494 parabolas
1753 4425 1989 4495 loquitur
2014 4441 2065 4499 υ
2091 4451 2217 4489 οπο
2249 4435 2540 4504 perspiciat
2566 4434 2833 4488 ﬂammam
2855 4435 3064 4488 Domini
3095 4451 3202 4488 ῃοη
3229 4435 3517 4505 exstingui,
3544 4451 3663 4505 pre.

428 4538 444 4567 ι
483 4518 621 4572 iste?
661 4537 679 4569 ι
719 4525 825 4571 etc.
881 4516 1140 4585 Loquitur
1190 4523 1367 4570 autem
1414 4530 1592 4570 sermo
1641 4515 1852 4570 divinus
1895 4529 1990 4585 per

420 4614 718 4687 μςτάφωραν
741 4611 908 4664 saltus
937 4618 1124 4664 contra
1150 4609 1445 4664 Jerusalem
1477 4624 1595 4678 quae
1622 4609 1913 4664 bestiarum
1935 4618 1990 4664 et

424 4701 679 4755 terocium
728 4701 1003 4753 hominum
1057 4700 1319 4753 habitatio
1356 4707 1461 4759 est.
1505 4699 1647 4770 quod
1699 4699 1992 4754 succendat

421 4804 542 4844 enin
562 4789 848 4859 omniaque
873 4789 1014 4859 ligna
1038 4789 1177 4844 illius
1195 4796 1624 4852 concrementur,
1653 4803 1990 4859 nequaquam

421 4880 645 4935 arbores
669 4895 886 4943 vocans,
920 4896 1039 4949 quae
1072 4880 1332 4935 fructibus
1362 4881 1692 4950 indigebant,
1723 4881 1814 4934 sed
1845 4881 1990 4950 ligna

422 4986 545 5040 quae.
571 4969 818 5025 incendio
843 4979 1163 5039 prreparata,
1193 4972 1532 5040 primumque
1555 4971 1822 5025 comburit
1850 4972 1902 5028 in
1925 4987 1991 5026 eo

425 5061 624 5133 lignum
644 5060 835 5124 viride,
858 5060 1146 5114 secundum
1166 5066 1305 5129 quod
1326 5061 1375 5113 iu
1396 5063 1497 5115 hoc
1517 5060 1702 5115 eodem
1725 5061 1990 5130 Propheta

428 5150 651 5221 legimus
683 5167 695 5204 :
733 5170 750 5201 ι
787 5149 856 5203 Et
897 5163 927 5201 a
965 5149 1164 5202 sanctis
1203 5149 1336 5202 meis
1369 5149 1602 5216 incipite.
1644 5170 1661 5200 ι
1697 5150 1758 5202 Ει
1807 5161 1993 5218 postea

425 5243 634 5296 aridum
664 5237 806 5309 quod
833 5237 966 5293 nihil
1007 5237 1063 5291 in
1090 5251 1148 5292 se
1174 5246 1379 5304 poterat
1413 5237 1609 5291 habere
1644 5238 1830 5300 viride,
1864 5254 1991 5294 san-

424 5341 540 5388 ctos
567 5331 811 5387 videlicet
838 5328 997 5384 simul
1023 5336 1080 5381 et
1107 5337 1437 5396 peccatores,
1477 5336 1535 5380 ut
1555 5328 1644 5381 alii
1666 5329 1993 5396 captivitatis

429 5421 564 5474 mala
595 5429 769 5476 morte
795 5416 1068 5487 effugiant,
1105 5416 1193 5470 alii
1225 5416 1499 5485 suppliciis
1527 5417 1807 5472 tradantur
1831 5428 1989 5474 reter-

425 5512 526 5565 uis.
572 5512 831 5579 Quodque
870 5507 1030 5562 infert
1060 5526 1072 5561 :
1123 5527 1140 5558 ‹
1177 5507 1256 5561 Ab
1287 5516 1468 5561 anstro
1492 5524 1660 5578 usque
1692 5510 1756 5562 ad
1789 5510 1992 5578 aquilo-

428 5614 567 5660 nem,
591 5619 607 5651 ι
631 5601 729 5654 hoc
751 5597 951 5652 indicat
971 5598 1037 5652 ab
1056 5596 1351 5651 Jerusalem
1373 5612 1540 5664 usque
1562 5598 1626 5650 ad
1647 5599 1988 5666 Babylonem,

430 5697 484 5740 ut
532 5706 686 5744 omne
739 5691 838 5746 iter
880 5692 1211 5760 pergentium
1260 5691 1310 5743 in
1366 5689 1752 5758 captivitatem,
1798 5691 1985 5766 gladio,

2089 4534 2345 4595 caturque
2377 4525 2664 4594 Propheta,
2693 4541 2759 4579 ne
2791 4525 2882 4579 fiat
2907 4526 3048 4594 quod
3085 4525 3343 4579 Dominus
3372 4527 3663 4580 commina-

2089 4625 2174 4670 tus
2193 4625 2298 4679 est,
2329 4615 2430 4670 hoc
2453 4624 2557 4680 est,
2584 4631 2651 4670 ne
2671 4616 3028 4670 succendatur
3052 4615 3218 4668 saltus
3240 4623 3289 4668 et
3318 4615 3459 4685 ligna
3483 4616 3658 4669 Omnia

2088 4713 2517 4768 concrementur,
2552 4712 2726 4758 utaut
2761 4705 2937 4758 adhuc
2978 4705 3246 4772 accipiant
3274 4705 3447 4759 locum
3491 4706 3660 4774 pruni-

2091 4795 2289 4856 teutiae,
2318 4803 2410 4846 aut
2437 4794 2535 4847 sibi
2560 4809 2664 4848 non
2687 4794 2993 4863 imponatur
3013 4795 3306 4848 necessitas
3331 4796 3503 4849 tristia
3530 4812 3658 4848 nun-

2089 4882 2596 4950 tiandi,pr:nsertim
2628 4897 2749 4935 cum
2787 4882 3013 4951 pepulus
3057 4897 3118 4936 ea
3163 4899 3268 4937 non
3304 4883 3580 4954 intelligat,
3609 4892 3660 4937 et

2088 4972 2418 5027 obscuritate
2440 4973 2705 5026 dictorum
2737 4975 2909 5044 magis
2931 4975 2996 5028 ad
3029 4975 3290 5028 insaniam
3325 4984 3656 5042 provocetur.

2672 5081 2900 5137 CAPUT
2936 5083 3078 5137 XXI.

2091 5172 2275 5227 Sermo
2309 5173 2518 5226 Domini
2541 5182 2721 5226 contra
2739 5173 3032 5243 Jerusalem
3058 5174 3120 5226 de
3140 5174 3348 5227 miseria
3379 5174 3542 5243 gladii
3564 5174 3659 5226 dn-

2159 5243 2337 5312 plicati
2379 5251 2469 5294 aut
2512 5243 2782 5312 triplicati.
2835 5242 3014 5295 Sermo
3052 5244 3261 5296 Domini
3307 5242 3487 5296 contra
3525 5245 3656 5311 ﬁlios

2163 5317 2383 5365 Ammon
2407 5329 2500 5380 pro
2524 5311 2700 5380 gladio
2725 5313 3014 5381 euaginata.

2167 5442 2184 5474 ‹
2223 5422 2288 5476 Ει
2317 5421 2490 5475 factus
2514 5429 2596 5475 est
2619 5435 2798 5475 sermo
2825 5421 3037 5476 Domini
3070 5422 3134 5476 ad
3163 5437 3267 5485 me,
3301 5421 3484 5476 dicens
3515 5439 3526 5474 :
3563 5419 3656 5474 Fili

2097 5533 2114 5563 ι
2154 5512 2400 5570 hominis,
2430 5526 2569 5581 pone
2606 5511 2798 5565 faciem
2831 5519 2976 5564 tuam
3007 5512 3073 5564 ad
3101 5509 3420 5572 Jerusalem,
3445 5520 3500 5564 et
3523 5509 3654 5564 stilla

2099 5623 2114 5651 ι
2153 5603 2218 5654 ad
2246 5601 2570 5665 sanctuaria,
2615 5611 2670 5655 et
2703 5603 2961 5671 propheta
2991 5610 3180 5656 contra
3207 5602 3432 5654 humum
3477 5599 3650 5659 lsracl,

2099 5714 2114 5742 ι
2151 5701 2200 5746 et
2231 5691 2373 5745 dices
2405 5699 2559 5743 terra:
2603 5689 2760 5743 lsracl
2803 5708 2814 5744 :
2859 5690 2983 5746 llic
3012 5691 3141 5745 dicit
3181 5691 3437 5744 Dominus
3469 5691 3603 5744 Deus
3636 5708 3646 5739 :
