3954 6182
231 348 342 403 729

1199 337 1549 395 COMMENT.
1589 337 1656 393 ΙΝ
1698 329 2149 393 ΕΖΕΕΗΙΕΕΕΜ.
2189 369 2259 379 -
2297 337 2425 395 LIB.
2468 338 2558 393 IX.

3394 339 3496 393 730

237 478 256 509 ι
300 458 439 513 Ecce
464 469 564 527 ego
588 452 656 509 ad
681 462 734 508 te
756 457 810 508 et
835 449 1045 522 eiiciam
1068 447 1305 521 gladium
1336 463 1511 503 meum
1534 448 1601 503 de
1623 446 1812 518 vagina
1842 452 1887 509 Α
1919 454 2067 502 tanta
2110 457 2333 503 cunctos
2369 445 2654 516 occupabit
2696 446 2998 517 trepidatio,
3034 457 3196 517 atque
3236 444 3490 517 formido,

238 571 258 601 ι
296 564 420 611 sua,
455 557 513 603 et
545 545 788 601 occidam
834 545 889 598 in
931 553 982 597 te
1011 542 1214 612 justum
1248 549 1303 595 et
1334 540 1575 610 impium.
1605 539 1711 594 Pro
1749 554 1813 594 eo

238 660 259 692 ι
296 649 479 693 autem
506 634 647 705 quod
673 634 846 689 occidi
884 633 936 687 in
966 642 1019 686 te
1049 632 1255 702 justum
1292 637 1346 685 et
1385 630 1628 699 impium,
1664 644 1818 699 egre—

238 749 258 780 ι
295 729 473 784 dietur
498 725 709 797 gladius
731 737 884 778 meus
908 722 975 777 de
996 722 1187 792 vagina
1215 735 1310 774 sua
1354 719 1421 773 ad
1452 733 1667 774 omnem
1697 733 1818 772 ear—

238 839 258 869 ι
298 831 424 873 nem
449 816 518 870 ab
548 820 732 869 austro
761 813 830 868 ad
861 811 1187 882 aquilonem,
1228 818 1283 865 et
1310 810 1446 864 sciet
1472 809 1648 863 omnis
1688 822 1817 863 caro

238 931 258 961 ι
293 909 547 979 quiaego
570 903 730 960 eduxi
760 903 995 974 gladium
1023 917 1203 957 meum
1233 902 1299 956 de
1335 901 1528 973 vagina
1554 916 1651 956 sua
1681 902 1816 957 irre-

248 1018 269 1049 ι
302 995 624 1062 vocabile‘m,
642 1013 662 1047 ι
679 1000 783 1050 etc.
808 992 942 1059 Quia
972 1006 1135 1062 supra
1156 990 1361 1046 dixerat
1380 991 1513 1061 :lpsi
1539 991 1724 1045 dicunt
1751 991 1817 1046 de

233 1086 602 1158 me,nunquid
623 1101 729 1141 non
752 1098 849 1155 per
870 1083 1153 1154 parabolas
1170 1082 1413 1153 loquitur
1431 1082 1567 1137 iste?
1582 1091 1637 1137 et
1660 1097 1817 1153 aper-

233 1189 349 1234 tam
390 1177 618 1249 populus
643 1175 964 1232 sententiam
989 1172 1281 1243 ﬂagitabat,
1317 1173 1520 1227 idcirco
1556 1171 1816 1227 Dominus

233 1268 290 1323 id
314 1267 459 1337 quod
487 1281 586 1336 per
609 1263 978 1334 metaphoram
1016 1263 1129 1317 sive
1168 1260 1503 1332 parabolam,
1542 1269 1615 1326 et,
1639 1268 1698 1316 ut
1725 1260 1815 1316 alii

232 1364 475 1419 vertere,
516 1353 882 1423 proverbium,
916 1358 1000 1405 est
1035 1350 1264 1413 locutus,
1307 1365 1452 1405 nunc
1477 1349 1817 1405 manifestius

232 1444 500 1514 loquitur,
518 1442 688 1497 saltus
711 1438 893 1511 Nageb
930 1447 985 1493 et
1012 1439 1207 1493 Darom
1230 1446 1286 1494 et
1309 1437 1548 1493 Theman
1582 1453 1704 1493 esse
1726 1427 1817 1495 Je-

234 1534 495 1599 rusalem,
521 1540 574 1588 et
597 1530 853 1600 templum
882 1529 1029 1584 illius
1056 1537 1240 1584 sancta
1270 1537 1600 1595 sanctorum,
1625 1539 1677 1583 et
1695 1544 1816 1583 om-

233 1639 364 1679 nem
396 1632 594 1678 terram
616 1620 797 1675 ladem
821 1619 1198 1689 ﬂammamque
1220 1635 1341 1689 qum
1367 1620 1718 1675 combustura
1746 1618 1816 1673 sit

233 1714 437 1771 saltum
462 1712 686 1785 intelligi
717 1710 950 1782 gladium
980 1711 1346 1776 devorantem,
1374 1711 1465 1780 qui
1494 1711 1720 1767 eductus
1745 1711 1817 1766 sit

1917 546 1998 605 ut,
2018 540 2211 597 timore
2255 548 2501 612 cogente,
2547 549 2696 595 artus
2723 546 2777 595 et
2804 542 3012 597 viscera
3043 542 3406 598 dissolvantur
3439 554 3493 598 et

1920 628 2097 685 vesica
2124 630 2404 687 humorem
2445 639 2630 686 tenere
2666 647 2770 686 non
2796 632 2993 697 valeat,
3024 633 3095 687 ita
3126 640 3185 687 ut
3207 635 3361 688 urina
3398 651 3494 706 ge-

1916 734 2022 774 nua
2042 718 2377 790 polluantur;
2402 722 2648 776 naturale
2675 730 2759 777 est
2784 723 2927 777 enim
2956 731 3012 777 ut
3044 724 3239 779 timore
3271 734 3495 795 cogente

1917 811 2096 868 vesica
2127 811 2361 879 laxetur,
2390 821 2446 868 et
2479 813 2738 868 adversus
2762 814 2996 869 hominis
3035 814 3367 869 voluntatem
3398 817 3497 871 hu-

1916 915 2035 956 mor
2062 900 2275 956 delluat.
2305 901 2458 971 Quod
2486 903 2702 972 quidem
2724 910 2778 958 et
2803 903 2857 957 in
2887 905 3198 958 morborum
3230 905 3495 975 magnitu-

1917 990 2041 1047 dine
2080 992 2325 1049 accidere
2362 993 2538 1059 solet,
2579 1002 2639 1048 ut
2682 1002 2963 1063 postquam
3010 995 3156 1049 vires
3200 994 3495 1049 defecerint

1916 1083 2314 1152 mgrotantium,
2336 1097 2442 1137 non
2461 1083 2634 1138 solum
2657 1099 2849 1156 genua,
2870 1083 2964 1138 sed
2984 1083 3231 1138 etlectuli
3251 1084 3496 1153 polluan-

1918 1180 2025 1226 tur.
2060 1171 2221 1236 Ecce,
2249 1172 2443 1243 inquit,
2468 1173 2616 1228 venit
2639 1174 2779 1243 quod
2803 1188 2943 1242 sape
2969 1173 3213 1244 praedixi,
3243 1182 3298 1228 et
3328 1188 3495 1242 opere

1917 1262 2234 1333 completur,
2267 1277 2333 1318 ac
2357 1261 2467 1329 fiet,
2503 1266 2645 1333 quod
2674 1278 2779 1318 non
2826 1279 2944 1335 ego,
2992 1263 3087 1320 sed
3122 1263 3381 1318 Dominus
3412 1271 3499 1318 est

1917 1351 2146 1409 locutus.
2181 1351 2306 1409 Scio
2333 1354 2616 1423 quemdam
2649 1355 2702 1408 in
2736 1355 3057 1430 contritione
3081 1353 3405 1418 lumborum,
3442 1361 3498 1407 et

1916 1441 2203 1499 ﬂuentibus
2222 1443 2378 1513 aquis
2404 1444 2571 1498 multa
2599 1444 2911 1499 testimonia
2932 1444 3241 1513 replicasse,
3275 1452 3334 1497 ut
3360 1443 3496 1498 Pro-

1916 1531 2091 1601 pheta:
2119 1532 2344 1589 castitas
2364 1533 2699 1603 impleretur,
2729 1542 2785 1589 et
2806 1535 3106 1589 amaritudo
3135 1535 3295 1588 animi
3321 1542 3376 1589 et
3404 1534 3500 1588 do-

1916 1620 2002 1676 lor
2054 1623 2251 1677 mentis
2300 1623 2567 1684 internus.
2616 1624 2758 1694 quod
2807 1639 2960 1693 aquae
3006 1625 3272 1678 seminum
3323 1638 3495 1694 genua

1915 1709 2178 1778 polluant,
2219 1710 2312 1767 sed
2346 1711 2463 1766 hmo
2497 1712 2764 1781 expositio
2799 1712 2866 1767 ad
2894 1721 3213 1782 praesentem
3239 1727 3346 1767 non
3371 1727 3497 1783 per-

234 1810 303 1862 de
338 1805 534 1875 vagina
582 1817 680 1857 sua
710 1810 769 1855 ut
801 1801 1090 1857 interﬁciat
1117 1801 1338 1871 impium
1378 1809 1432 1856 et
1454 1802 1684 1873 justum,
1713 1802 1817 1856 hoc
1845 1809 1894 1869 B
1922 1804 2054 1858 tinet
2079 1803 2278 1857 locum.

232 1904 321 1951 est
341 1895 488 1950 enim
506 1894 711 1964 lignum
735 1893 905 1948 viride
930 1899 984 1947 et
1007 1893 1237 1947 aridum.
1262 1891 1415 1947 Unde
1439 1900 1494 1947 et
1515 1891 1774 1948 Dominus
1798 1911 1812 1947 :

239 2007 259 2037 σ
296 1986 358 2042 Si
390 1986 445 2040 in
471 1984 633 2056 ligno,
664 1985 759 2048 ait,
792 1983 950 2037 viridi
980 1991 1127 2038 tanta
1151 1982 1378 2047 faciunt,
1415 1984 1471 2038 in
1508 1984 1653 2039 sicco
1688 1985 1816 2053 quid

234 2074 478 2129 facienti
518 2076 545 2126 ἰ
580 2072 730 2145 (Luc.
759 2071 941 2145 unt.)
971 2072 1233 2143 Quodque
1277 2073 1349 2127 ibi
1382 2073 1603 2128 dixerat
1644 2090 1657 2127 :
1693 2091 1714 2125 α
1751 2074 1819 2128 Et

232 2167 441 2221 videbit
484 2165 736 2220 universa
778 2179 907 2219 caro
952 2165 1076 2233 quia
1118 2179 1217 2236 ego
1258 2165 1516 2219 Dominus
1566 2165 1816 2221 succendi

233 2270 358 2309 eam
375 2295 390 2320 ,
424 2274 446 2308 ι
470 2254 574 2311 hoc
601 2261 685 2309 est
709 2253 899 2309 silvam
924 2253 1039 2308 sive
1066 2252 1357 2318 ﬂammam,
1380 2267 1480 2308 nec
1508 2254 1820 2326 exstingue-

236 2354 356 2410 tur,
385 2345 513 2399 hinc
538 2344 660 2399 aliis
684 2344 866 2399 verbis
890 2343 1128 2413 loquitur
1157 2357 1172 2396 :
1206 2342 1274 2398 Ut
1299 2344 1436 2398 sciat
1462 2345 1640 2398 omnis
1667 2358 1815 2408 caro,

235 2436 367 2507 quia
393 2451 494 2507 ego
519 2435 777 2490 Dominus
815 2433 976 2489 eduxi
1016 2432 1247 2504 gladium
1288 2448 1465 2488 meum
1514 2435 1578 2488 de
1624 2433 1815 2503 vagina

238 2546 341 2585 sua
383 2529 808 2585 irrevocabilem.
857 2548 877 2581 ι
928 2528 1066 2583 Vere
1107 2528 1251 2582 enim
1293 2536 1480 2583 contra
1518 2528 1816 2583 Jerusalem

236 2637 349 2677 non
374 2630 458 2676 est
482 2619 692 2675 ﬂamma
719 2619 890 2690 sopita
911 2635 1011 2675 nec
1030 2620 1354 2674 exstinctum
1372 2620 1698 2686 incendium,
1716 2635 1817 2675 nec

239 2720 529 2768 revocatus
558 2712 785 2783 gladius,
817 2711 942 2781 quia
978 2710 1246 2765 modicum
1278 2720 1489 2781 tempus
1520 2712 1573 2765 in
1615 2711 1814 2776 medio,

239 2811 296 2857 et
333 2800 634 2857 Jerusalem
670 2816 792 2857 cum
824 2800 1024 2871 templo
1061 2816 1159 2856 suo
1199 2801 1493 2872 Babylonio
1538 2802 1659 2873 igne
1697 2817 1820 2856 suc-

242 2911 405 2949 censa
436 2901 538 2950 est.

319 3003 341 3036 ‹
374 2985 444 3040 Ει
464 2993 542 3050 ιιι,
583 2983 657 3038 fili
679 2983 931 3050 hominis,
950 2982 1244 3056 ingemisce
1267 2984 1320 3038 in
1342 2985 1663 3040 contritione
1684 2983 1822 3039 lum-

247 3099 266 3131 ι
298 3078 517 3143 borum,
542 3076 675 3131 etin
698 3075 1142 3131 amaritudinibus
1176 3075 1465 3146 ingemisce
1490 3089 1673 3130 coram
1716 3077 1815 3131 eis.

1997 1911 2017 1946 ι
2052 1892 2119 1947 Ει
2156 1892 2329 1948 factus
2353 1901 2435 1947 est
2461 1907 2641 1948 sermo
2662 1893 2873 1947 Domini
2897 1893 2962 1947 ad
2995 1908 3105 1958 me,
3134 1892 3321 1947 dicens
3352 1910 3364 1945 :
3396 1891 3497 1946 Fili

1924 2002 1945 2037 ο
1980 1984 2234 2048 hominis,
2279 1984 2538 2053 propheta
2584 1993 2639 2036 et
2679 1983 2824 2037 dices
2857 1999 2869 2036 :
2917 1981 3041 2037 Hmc
3076 1982 3204 2037 dicit
3241 1981 3500 2036 Dominus

1925 2092 1944 2125 ι
1982 2074 2126 2129 Deus
2148 2090 2162 2127 :
2187 2073 2453 2143 Loquere,
2484 2073 2710 2144 gladius,
2729 2073 2938 2143 gladius
2960 2081 3221 2126 exacutus
3245 2080 3350 2136 est,
3367 2070 3500 2124 etli-

1924 2186 1944 2221 ι
1980 2176 2176 2231 matus,
2193 2174 2253 2221 ut
2273 2167 2444 2221 czedat
2464 2166 2731 2231 victimas,
2756 2173 3014 2219 exacutus
3037 2174 3138 2229 est,
3162 2172 3292 2219 etut
3317 2165 3499 2234 splen-

1925 2277 1945 2312 ‹
1978 2258 2102 2312 deat
2138 2257 2355 2312 limatus
2397 2265 2501 2322 est,
2546 2258 2638 2326 qui
2686 2271 2869 2311 moves
2900 2262 3181 2324 sceptrum
3227 2255 3321 2309 ﬂlii
3369 2256 3498 2320 mei,

1925 2369 1942 2397 ι
1980 2348 2254 2403 succidisti
2274 2362 2434 2402 omne
2452 2347 2674 2417 lignum.
2701 2346 2768 2400 Et
2782 2347 2902 2400 dedi
2930 2362 3054 2401 eum
3074 2345 3141 2398 ad
3160 2344 3499 2415 leVigandum

1925 2459 1945 2492 ι
1980 2449 2040 2494 ιιι
2080 2448 2325 2495 teneatur
2348 2454 2528 2493 manu.
2556 2437 2659 2493 lste
2680 2449 2938 2492 exacutus
2965 2445 3050 2492 est
3069 2438 3299 2508 gladius,
3322 2445 3377 2491 et
3402 2436 3503 2489 iste

1925 2547 1945 2581 ι
1982 2528 2200 2584 limatus
2222 2536 2325 2593 est,
2351 2534 2411 2581 ut
2434 2528 2507 2582 sit
2530 2527 2585 2581 in
2610 2542 2772 2581 manu
2803 2527 3210 2591 interﬁcientis;
3238 2526 3412 2580 clama
3441 2533 3503 2579 et‘

1930 2634 1950 2670 ι
1984 2618 2148 2683 ulula,
2167 2616 2241 2671 ﬂli
2257 2616 2510 2679 hominis,
2534 2616 2657 2684 quia
2672 2615 2762 2669 hic
2783 2614 2959 2671 factus
2977 2616 3125 2670 estin
3146 2615 3341 2685 popqu
3355 2629 3498 2668 tneo.

1930 2727 1948 2759 ι
1985 2704 2081 2764 llic
2108 2708 2163 2763 in
2193 2708 2402 2763 cunctis
2429 2707 2653 2762 ducibus
2686 2706 2874 2771 lsrael,
2904 2708 2993 2775 qui
3040 2706 3288 2778 fugerant
3325 2706 3503 2777 gladio

1928 2819 1948 2852 ‹
1984 2801 2167 2855 traditi
2196 2808 2461 2854 suntcum
2496 2798 2693 2868 populo
2717 2812 2859 2853 meo.
2891 2798 3097 2853 Idcirco
3121 2798 3312 2868 plaude
3339 2812 3502 2867 super

1929 2908 1946 2941 ι
1984 2890 2179 2954 femur,
2195 2890 2320 2960 quia
2343 2890 2508 2960 proba
2518 2898 2601 2943 tus
2618 2898 2722 2952 est,
2739 2897 2793 2943 et
2809 2888 2934 2954 hoc,
2948 2901 3070 2942 cum
3090 2895 3359 2957 sceptrum
3378 2888 3507 2941 sub-

1928 2999 1947 3031 c
1983 2981 2204 3034 verterit
2224 2989 2278 3034 et
2300 2994 2404 3033 non
2423 2980 2547 3043 erit,
2563 2980 2691 3034 dicit
2711 2978 2973 3033 Dominus
2986 2979 3146 3034 Deus.
3163 2978 3243 3032 Tu
3264 2992 3412 3048 ergo,
3428 2977 3502 3031 ﬁli

1929 3090 1948 3123 ‹
1983 3072 2239 3136 hominis,
2262 3068 2543 3142 propheta,
2578 3079 2633 3125 et
2652 3074 2875 3140 percute
2898 3084 3059 3125 manu
3086 3070 3153 3124 ad
3182 3084 3423 3134 manum,
3449 3076 3505 3122 et

249 3188 267 3220 ι
302 3169 550 3238 Cumque
578 3167 809 3222 dixerint
838 3168 904 3220 ad
944 3174 996 3221 te
1027 3184 1040 3219 :
1075 3166 1255 3233 Quare
1293 3177 1348 3221 tu
1390 3167 1593 3235 gemis?
1625 3167 1773 3222 dices
1802 3186 1815 3221 :
1848 3164 1893 3227 C
1931 3180 1951 3213 ‹
1983 3161 2289 3233 duplicetur
2306 3161 2515 3233 gladius
2553 3176 2617 3216 ac
2639 3161 2938 3231 triplieetur
2965 3160 3172 3232 gladius
3198 3158 3508 3215 interfecto-

248 3279 267 3311 ι
303 3258 414 3312 Pro
449 3257 655 3321 auditu,
697 3255 822 3325 quia
855 3256 1005 3310 venit
1043 3264 1099 3310 et
1142 3257 1379 3311 tabescet
1415 3271 1578 3312 omne
1616 3272 1734 3322 cor,
1768 3267 1825 3313 et

248 3365 269 3397 ι
307 3345 668 3402 (lissolventur
726 3346 992 3401 universa:
1047 3361 1276 3411 manus,
1345 3356 1402 3400 et
1463 3348 1828 3403 inﬂrmabitur

248 3456 268 3489 α
303 3438 486 3492 omnis
517 3437 754 3506 spiritus,
797 3445 853 3491 et
889 3453 986 3507 per
1012 3445 1206 3492 cuneta
1246 3452 1416 3506 genua
1444 3438 1613 3493 ﬂuent
1640 3429 1822 3510 aquae;

251 3551 271 3583 ι
305 3546 436 3588 ecce
474 3529 622 3586 venit
664 3538 719 3584 et
764 3529 878 3595 ﬂet,
920 3530 998 3584 ait
1033 3529 1292 3586 Dominus
1333 3530 1497 3586 Deus.
1533 3550 1553 3582 ι
1587 3532 1826 3586 Primum

244 3626 497 3680 dixerat:
519 3642 537 3674 ι
559 3622 868 3679 Vaticinare
880 3620 963 3677 vel
981 3621 1120 3677 stilla
1139 3621 1205 3676 ad
1232 3632 1494 3687 austrum,
1520 3622 1745 3678 africum
1771 3632 1827 3679 et

245 3713 552 3777 meridiem,
592 3721 649 3768 et
682 3712 747 3766 ad
789 3711 986 3767 saltum
1019 3713 1396 3767 meridianum.
1436 3734 1455 3765 ι
1505 3715 1657 3782 Quod
1702 3717 1826 3784 quia

243 3801 535 3857 videbatur
568 3802 876 3867 obscurum,
902 3810 957 3857 et
978 3802 1121 3856 dicta
1154 3803 1428 3873 propheta:
1468 3804 1697 3875 p0pulus
1735 3823 1830 3861 ne—

243 3892 474 3956 sciebat,
518 3891 753 3946 secundo
779 3892 996 3960 ponitur
1040 3891 1401 3958 manifesﬁus,
1435 3894 1630 3949 saltum
1662 3897 1831 3950 meri-

244 3983 471 4037 dianum
492 3997 612 4037 esse
627 3981 947 4048 Jerusalem,
961 3989 1016 4037 et
1029 3998 1217 4037 omnes
1237 3983 1596 4040 infructuosas
1611 3987 1832 4042 arbores

244 4074 315 4128 ad
340 4088 571 4143 quarum
593 4073 802 4129 radices
829 4074 1226 4142 securis'posita
1254 4074 1344 4140 sit,
1374 4075 1595 4146 intelligi
1621 4076 1833 4132 habita—

244 4175 399 4220 tores
446 4165 564 4235 ejus
614 4165 960 4236 gladiumque
1012 4166 1353 4235 interpretari
1409 4183 1508 4237 pro
1559 4168 1827 4225 incendio.

245 4256 441 4312 Tertio
462 4256 684 4326 iubetur
715 4256 989 4327 prophetae
1009 4268 1069 4311 ut
1093 4258 1392 4313 tacentibus
1423 4259 1526 4314 illis
1545 4273 1646 4315 nec
1669 4260 1837 4315 inter-

245 4345 569 4418 rogantibus
604 4359 701 4400 cur
737 4346 838 4401 ista
872 4347 1195 4404 vaticinatus
1237 4349 1327 4414 sit,
1376 4348 1541 4405 faciat
1578 4365 1678 4421 per
1713 4366 1837 4422 quae

248 4438 633 4507 interrogetur,
656 4444 711 4491 et
736 4437 1059 4506 respondeat
1078 4452 1197 4509 quae
1222 4439 1477 4494 Dominus
1497 4448 1581 4495 est
1599 4441 1830 4496 locutus.

1932 3273 1951 3306 ι
1986 3268 2105 3309 rum
2138 3274 2152 3310 :
2183 3255 2272 3310 hic
2310 3263 2396 3309 est
2432 3255 2642 3326 gladius
2683 3254 2972 3309 occisionis
3012 3268 3240 3323 magnae,
3273 3252 3365 3322 qui
3410 3252 3508 3305 ob-

1933 3363 1952 3396 ι
1987 3354 2294 3415 stupescere
2331 3360 2425 3402 eos
2455 3344 2583 3398 facit
2621 3352 2677 3398 et
2722 3345 2884 3398 corde
2923 3345 3224 3407 tabescere,
3255 3353 3309 3396 et
3330 3341 3509 3395 multi—

1933 3455 1952 3487 ι
1987 3436 2152 3506 plicat
2177 3436 2380 3514 ruinas.
2406 3434 2465 3488 lu
2497 3434 2748 3489 omnibus
2789 3434 2960 3503 portis
2993 3447 3178 3486 eorum
3214 3431 3335 3486 dedi
3377 3448 3508 3487 con-

1933 3545 1954 3578 ‹
1990 3525 2352 3580 turbationem
2395 3525 2555 3594 gladii
2598 3524 2740 3579 acuti
2780 3534 2834 3577 et
2874 3522 3043 3576 limati
3075 3522 3141 3575 ad
3175 3520 3504 3591 fulgendum,

1935 3636 1954 3669 ι
1990 3616 2171 3672 amicti
2198 3615 2264 3671 ad
2291 3616 2511 3671 caedem.
2536 3615 2831 3676 Exacuere,
2857 3613 2990 3666 vade
3009 3612 3076 3666 ad
3103 3614 3377 3666 dexteram
3393 3614 3507 3667 sive

1934 3726 1954 3760 ι
1991 3709 2058 3763 ad
2094 3708 2372 3764 sinistram
2401 3720 2719 3776 quocunque
2764 3705 2919 3759 taciei
2952 3711 3057 3757 tua:
3095 3712 3181 3758 est
3217 3705 3504 3772 appetitus,

1935 3819 1956 3852 ‹
1989 3801 2119 3870 quin
2146 3808 2201 3855 et
2223 3815 2324 3870 ego
2360 3798 2608 3868 plaudam
2649 3813 2809 3851 manu
2841 3801 2908 3853 ad
2932 3813 3168 3859 manum,
3194 3804 3248 3852 et
3278 3796 3509 3865 implebo

1938 3911 1956 3944 ‹
1992 3892 2414 3962 indignationem
2438 3905 2637 3953 meam,
2667 3905 2766 3961 ego
2798 3890 3054 3946 Dominus
3076 3891 3286 3947 locutus
3310 3903 3450 3955 sum,
3484 3909 3502 3942 ι

1931 3989 2036 4037 etc.
2079 3980 2301 4034 Multum
2326 3988 2410 4034 est
2434 3980 2478 4033 si
2510 3988 2793 4049 utramque
2818 3992 3011 4050 ponam
3039 3981 3346 4047 editionem,
3370 3989 3425 4035 et
3448 3980 3512 4034 li-

1930 4073 2150 4127 brorum
2176 4071 2483 4125 extenditur
2504 4071 2804 4141 longitudo,
2837 4072 3071 4127 maxime
3105 4074 3196 4127 ubi
3245 4081 3340 4127 aut
3366 4072 3509 4127 nulla

1933 4169 2025 4216 aut
2047 4176 2214 4230 parva
2244 4161 2499 4215 distantia
2544 4171 2646 4225 est,
2679 4175 2875 4230 ponam
2901 4162 3067 4233 igitur
3105 4161 3360 4217 nonnulla
3392 4176 3512 4233 quae

1933 4253 2244 4322 discrepant
2268 4266 2368 4322 pro
2390 4267 2455 4307 eo
2479 4253 2623 4322 quod
2650 4266 2750 4306 nos
2771 4253 3041 4307 diximus:
3066 4252 3167 4318 Qui
3193 4267 3376 4307 moves
3398 4268 3513 4307 sce-

1933 4351 2112 4413 ptrum
2136 4343 2230 4396 lilii
2257 4343 2384 4408 mei,
2416 4342 2692 4398 succldisti
2732 4356 2892 4396 omne
2920 4342 3143 4411 lignum.
3178 4361 3198 4393 ι
3228 4341 3302 4395 illi
3332 4350 3509 4404 trans-

1935 4436 2227 4500 tulerunt,
2288 4451 2308 4486 ι
2368 4435 2647 4497 interfice,
2709 4444 3030 4499 contemne,
3099 4433 3296 4501 repelle
3351 4448 3514 4488 omne

249 4500 569 4594 lngemisbe,
597 4500 864 4593 inquit,et
885 4522 1021 4591 ejula
1096 4500 1212 4581 ἰιοη
1239 4525 1342 4582 levi
1372 4542 1504 4583 voce
1527 4542 1627 4583 nec
1650 4528 1834 4584 dolore
1865 4500 1911 4559 θ
1935 4526 2158 4597 lignum.
2198 4544 2219 4577 ι
2262 4526 2495 4580 Rursum
2522 4525 2612 4579 ubi
2644 4540 2743 4578 nos
2781 4525 3043 4588 diximus,
3084 4542 3102 4575 ι
3134 4500 3234 4589 Qui
3264 4522 3512 4596 fugerant

249 4617 557 4677 moderato.
602 4616 699 4671 sed
725 4615 781 4669 in
808 4616 1131 4671 contritione
1155 4616 1477 4686 lumborum,
1504 4627 1566 4674 ut
1604 4620 1834 4690 gemitus

251 4716 383 4763 tuus
407 4721 476 4761 ex
507 4707 630 4761 imis
654 4706 954 4762 visceribus
988 4715 1045 4762 et
1074 4709 1430 4764 amaritudine
1457 4710 1619 4764 animi
1652 4710 1834 4781 profe-

234 4805 432 4857 ratur.
472 4795 541 4849 Et
563 4796 666 4849 hoc
687 4793 852 4849 facies
878 4810 1061 4849 coram
1087 4796 1187 4861 eis,
1211 4804 1271 4850 ut
1302 4812 1422 4851 cum
1456 4806 1509 4853 te
1535 4798 1835 4869 interroga-

252 4887 436 4940 verint
468 4899 568 4939 cur
598 4892 753 4939 tanto
786 4886 986 4954 gemitu
1011 4888 1327 4951 conteraris,
1356 4896 1410 4943 et
1433 4888 1560 4958 quid
1588 4890 1680 4945 tibi
1706 4890 1831 4945 mali

254 4975 539 5039 acciderit,
585 4981 648 5029 ut
693 4974 773 5029 sic
821 4974 1172 5045 ingemescas,
1216 4983 1272 5029 tu
1311 4978 1390 5032 eis
1431 4993 1550 5033 meo
1586 4992 1839 5034 sermone

256 5064 628 5133 respondeas:
654 5063 859 5119 Idcirco
891 5064 1104 5136 plango,
1148 5073 1203 5119 et
1240 5066 1478 5122 dolorem
1518 5068 1696 5123 cordis
1727 5069 1832 5123 mei

257 5152 602 5208 dissimulare
623 5168 727 5208 non
754 5155 925 5219 valeo,
953 5156 1079 5224 quia
1104 5155 1315 5211 auditus
1339 5157 1429 5226 qui
1458 5171 1673 5226 semper
1701 5159 1835 5215 meis

256 5244 484 5297 auribus
503 5243 839 5310 insonuerat,
866 5260 1028 5314 opere
1052 5245 1371 5315 completur,
1393 5254 1446 5301 et
1470 5248 1617 5302 venit
1659 5248 1838 5303 immi-

259 5349 397 5390 nens
423 5335 673 5390 videlicct
703 5335 981 5408 Babylonii
1006 5334 1236 5391 furentis
1264 5337 1561 5402 exercitus;
1587 5336 1678 5407 qui
1711 5353 1835 5393 cum

258 5424 472 5479 venerit
501 5432 558 5480 et
588 5423 868 5479 vallaverit
892 5423 1214 5490 Jerusalem,
1240 5431 1368 5480 tunc
1400 5424 1639 5480 tabescet
1679 5440 1838 5481 omne

259 5529 379 5577 eor,
420 5521 478 5569 et
512 5514 875 5570 dissolventur
899 5515 1165 5570 universae
1199 5528 1408 5577 manus,
1447 5525 1505 5568 ut
1540 5523 1838 5585 oceupante

258 5617 462 5672 pavore
492 5611 702 5660 mentes
730 5605 1026 5668 hominum,
1059 5603 1236 5659 nullus
1277 5604 1471 5658 audeat
1514 5619 1835 5676 repugnare.

263 5696 628 5751 mtirmahitur
670 5697 814 5753 enim
857 5697 1098 5752 omnium
1141 5695 1456 5752 bellatorum
1498 5698 1738 5768 spirizus,
1786 5707 1839 5754 et

1939 4617 2115 4686 gladio
2170 4614 2350 4670 traditi
2394 4623 2542 4679 sunt,
2582 4633 2602 4666 ι
2640 4622 2696 4668 et
2736 4613 2808 4667 illi
2862 4622 2917 4667 et
2962 4613 3049 4667 alii
3103 4615 3509 4682 transtulerunt,

1946 4724 1966 4757 ι
1992 4705 2230 4775 hospites
2247 4704 2353 4758 mei
2376 4704 2490 4759 sive
2508 4702 2859 4757 habitatores.
2883 4722 2902 4756 ι
2925 4703 2989 4756 Ει
3009 4704 3099 4758 ubi
3120 4718 3217 4758 nos
3235 4704 3471 4762 diximus
3494 4725 3507 4761 :

1947 4813 1967 4848 ι
2002 4796 2202 4851 Plaude
2251 4809 2414 4865 super
2451 4793 2649 4858 femur,
2696 4813 2715 4845 ι
2749 4794 2823 4848 illi
2870 4804 3188 4862 posuerunt,
3236 4814 3256 4847 ι
3285 4795 3515 4853 Percute

1937 4903 2121 4942 manu.
2175 4905 2195 4938 ι
2231 4885 2300 4940 Ει
2336 4886 2426 4942 ubi
2466 4884 2836 4939 transtulimus
2871 4902 2884 4939 :
2923 4904 2942 4936 ‹
2979 4886 3048 4939 Ει
3088 4887 3191 4942 hoc
3236 4902 3360 4941 cum
3397 4903 3513 4943 scev

1934 4984 2113 5047 ptrum
2142 4974 2481 5039 subverterit,
2505 4994 2524 5026 ι
2553 4973 2762 5029 illorum
2786 4974 2947 5029 habet
2966 4975 3154 5042 editio,
3182 4994 3202 5027 ι
3225 4977 3397 5030 tribus
3425 4992 3516 5032 re-

1936 5067 2091 5139 pulsa
2114 5076 2217 5121 est.
2248 5086 2268 5119 ι
2308 5067 2571 5135 Loquitur
2597 5074 2779 5121 autem
2801 5067 2869 5121 ad
2904 5067 3138 5137 gladium
3167 5067 3518 5124 Nabuchodow

1938 5172 2124 5220 nosor,
2140 5164 2200 5210 ut
2222 5157 2401 5211 veniat
2421 5164 2608 5211 contra
2629 5155 2948 5221 Jerusalem,
2972 5166 3026 5212 et
3044 5167 3337 5213 exacuatur
3355 5166 3519 5226 atque

1939 5247 2172 5310 limetur,
2216 5244 2414 5301 multos
2454 5246 2599 5300 enim
2639 5260 2759 5301 esse
2791 5248 3102 5313 caedendos,
3139 5255 3194 5302 et
3234 5248 3303 5302 ad
3342 5248 3518 5317 ipsum

1941 5338 2321 5410 apostmpham
2349 5335 2480 5392 facit
2506 5355 2519 5390 :
2545 5337 2623 5390 Tu
2653 5352 2713 5392 es
2740 5338 2829 5407 qui
2856 5352 3038 5393 moves
3064 5347 3224 5408 atque
3252 5337 3519 5392 subvertis

1938 5438 2211 5499 sceptrum
2243 5428 2338 5483 lilii
2369 5428 2498 5495 mei,
2538 5428 2823 5499 imperium
2853 5429 3099 5485 videlicet
3123 5429 3300 5500 populi
3330 5428 3515 5496 Israel,

1940 5530 1994 5575 et
2013 5532 2170 5574 omne
2194 5519 2398 5590 lignum
2438 5518 2690 5586 succidis,
2720 5518 3024 5574 universam
3061 5517 3241 5587 populi
3275 5517 3516 5572 multitu-

1940 5611 2139 5664 dinem.
2174 5609 2324 5672 Dedi,
2346 5608 2542 5678 inquit,
2559 5608 2719 5663 istum
2745 5607 2977 5679 gladium
3002 5615 3062 5660 ut
3088 5614 3335 5661 teneatur
3359 5622 3520 5663 manu

1944 5699 2434 5755 Nabuchodonosor
2471 5708 2525 5755 et
2568 5699 2637 5755 sit
2671 5699 2723 5753 in
2772 5712 2935 5753 manu
2982 5696 3084 5750 viri
3133 5696 3518 5753 robustissimi.
