3954 6182
463 274 561 328 751

1108 268 1171 323 Β.
1212 264 1459 320 RABANI
1497 262 1714 319 MAURI
1749 260 2064 316 ARCIIEEP.
2106 257 2415 317 MOGUNT.
2453 253 2737 313 OPEBUM
2774 252 2955 307 PARS
2989 252 3053 306 ll.
3608 254 3711 311 75g

465 385 621 443 Unde
648 401 681 440 ο
710 383 967 456 propheta
996 381 1168 438 clama
1210 387 1268 433 et
1296 378 1435 431 uluia
1456 416 1472 440 ,
1505 385 1561 431 et
1602 374 1745 430 mala
1776 373 2033 429 instantia
2061 377 2109 436 Α
2139 382 2225 425 tur
2253 370 2382 425 illud
2421 368 2563 438 quod
2596 367 2856 439 scriptum
2886 375 3000 423 est:
3022 365 3162 433 Quid
3186 366 3354 436 paleis
3381 367 3452 422 ad
3478 363 3716 424 frmnen.

464 478 613 533 vocis
639 475 1018 532 lamentatione
1037 481 1255 527 testare.
1276 468 1376 524 llic
1399 468 1606 539 gladius
1623 465 1751 523 nulli
1771 464 2028 536 pepercit,

466 583 569 623 nec
600 568 827 637 aliquem
856 561 1248 619 imminentium
1288 558 1552 614 malorum
1587 555 1804 624 reliquit
1834 568 2029 623 exper-

466 666 607 720 tem;
642 654 812 708 factus
854 659 937 705 est
966 650 1018 704 in
1045 647 1257 721 populo,
1292 644 1464 702 factus
1503 645 1558 699 in
1586 643 1812 699 ducibus
1849 640 2031 705 lsrael,

462 746 640 799 factus
662 743 715 797 in
748 738 1047 809 hospitibus
1070 736 1210 792 meis
1235 750 1301 790 ac
1334 732 1720 796 sacerdotibus,
1759 730 1849 801 qui
1877 729 2033 785 habi-

463 838 646 895 tabant
678 834 734 887 in
758 830 955 901 templo
981 844 1121 884 meo.
1159 827 1367 884 Idcirco
1399 844 1417 877 ‹
1440 825 1666 881 Percute
1706 823 1882 877 femur
1924 820 2037 877 sive

460 940 700 989 manuni,
743 930 798 977 et
832 920 1072 976 habitum
1104 915 1404 987 plangentis
1436 928 1668 969 assume.
1709 932 1727 964 ι
1760 910 1861 967 llic
1893 909 2037 963 enim

463 1015 670 1084 gladius
688 1011 943 1082 probatus
962 1016 1044 1063 est
1059 1006 1210 1061 mihi.
1230 1006 1296 1059 Et
1315 1006 1414 1058 hoc
1433 1018 1555 1058 cum
1572 1012 1841 1071 sceptrum
1857 1012 2035 1053 meum

461 1119 791 1177 regnumque
820 1100 1168 1163 subvenerit,
1207 1097 1349 1167 quod
1389 1097 1527 1149 ultra
1573 1111 1677 1149 non
1718 1094 1843 1156 erit,
1868 1101 1937 1148 et
1983 1090 2037 1145 in

463 1198 684 1255 Sedecia
718 1210 842 1265 rege
870 1193 1101 1247 finietur.
1136 1189 1333 1245 lterum
1376 1188 1490 1251 tibi,
1520 1185 1808 1254 Propheta,
1847 1184 2033 1253 jubeo,

463 1291 633 1361 utqui
678 1288 855 1343 femur
888 1296 1252 1355 percusseras,
1284 1295 1381 1349 pro
1411 1287 1628 1351 stupore
1676 1284 1730 1332 et
1776 1276 2035 1331 miraculo

461 1378 735 1451 percutias
777 1385 834 1431 et
870 1389 1085 1436 manus,
1125 1381 1185 1426 ut
1226 1386 1331 1426 non
1381 1369 1553 1424 solum
1593 1366 1780 1429 semel,
1816 1365 1911 1421 sed
1952 1379 2037 1420 se-

463 1470 637 1527 cundo
684 1483 748 1522 ac
788 1466 948 1520 tertio
982 1463 1188 1532 gladius
1232 1460 1412 1513 veniat
1451 1460 1519 1513 ad
1564 1456 1990 1512 interﬁciendum
2017 1496 2032 1520 ,

462 1560 635 1629 primo
680 1557 824 1611 enim
860 1560 1083 1609 venerat
1119 1550 1631 1613 Nabuchodonosor,
1677 1547 1889 1625 quando
1918 1545 2038 1600 tulit

460 1648 724 1705 Joachim.
775 1646 843 1699 Et
888 1643 1123 1707 secundo
1180 1641 1396 1711 quando
1469 1641 1727 1709 regnabat
1767 1636 2028 1697 Joachim,

2136 473 2249 519 tum
2268 464 2292 516 ἲ
2321 463 2450 519 dicit
2479 461 2755 517 Dominus.

2211 581 2231 615 ι
2273 564 2339 618 Et
2373 561 2549 618 factus
2573 568 2657 615 est
2695 574 2874 616 sermo
2913 559 3124 614 Domini
3158 558 3227 613 ad
3264 572 3351 612 me
3388 558 3617 614 dicens:
3652 556 3719 614 Et

2142 672 2161 706 ι
2194 662 2273 720 ιιι,
2303 652 2376 709 fili
2414 651 2671 715 hominis,
2704 665 2845 720 pone
2874 650 2970 704 tibi
3005 650 3143 704 duas
3172 650 3287 703 vias
3312 656 3370 702 ut
3397 648 3583 702 veniat
3607 648 3718 719 gla-

2143 762 2162 794 ι
2194 744 2315 798 dius
2363 741 2506 812 regis
2549 740 2855 811 Babylonis.
2904 740 2981 795 De
3033 747 3176 793 terra
3224 754 3331 793 uua
3378 736 3722 808 egredientur

2142 852 2162 886 ‹
2194 833 2354 889 ambo
2383 850 2396 887 :
2426 842 2482 887 et
2508 846 2671 886 manu
2695 830 2872 901 capiet
2895 828 3259 899 conjecturam
3287 846 3299 880 :
3334 828 3386 883 in
3417 828 3595 896 capite
3623 826 3720 881 via:

2143 944 2167 977 ι
2194 924 2430 980 civitatis
2458 920 2739 990 conjiciet,
2764 921 2908 975 viam
2933 935 3101 990 pones
3128 928 3187 974 ut
3214 920 3394 975 veniat
3421 903 3632 987 gladius
3652 919 3720 973 ad

2143 1031 2161 1064 ι
2196 1012 2446 1068 Rabbath
2493 1010 2726 1066 ﬁliorum
2756 1010 2987 1064 Ammon
3017 1018 3073 1064 et
3099 1008 3163 1063 ad
3189 1008 3382 1065 Judam
3410 1009 3465 1063 in
3503 1007 3722 1063 Jerusa—

2143 1122 2161 1154 ε
2196 1103 2302 1158 lem
2335 1101 2773 1158 munitissimam.
2816 1098 2979 1155 Stetit
3027 1101 3172 1153 enim
3209 1113 3303 1155 rex
3347 1097 3635 1169 Babylonis
3665 1098 3719 1151 in

2142 1214 2161 1246 ι
2198 1195 2431 1260 bivio,in
2463 1194 2638 1264 capite
2662 1192 2889 1249 duarum
2919 1191 3130 1245 viarum
3160 1188 3547 1245 divinationem
3569 1203 3717 1256 qum-

2142 1306 2160 1338 ι
2197 1302 2340 1351 rens,
2356 1285 2713 1341 commisceus
2740 1283 2996 1353 sagittas;
3027 1280 3379 1352 interrogavit
3406 1279 3574 1343 idola,
3593 1288 3719 1333 exta

2141 1398 2159 1431 ς
2191 1378 2478 1434 consuluit.
2528 1376 2610 1432 Ad
2655 1377 2934 1431 dexteram
2982 1373 3100 1442 ejus
3145 1372 3284 1429 facta
3328 1381 3413 1428 est
3458 1372 3723 1427 divinatio

2140 1489 2159 1521 ι
2194 1485 2356 1540 super
2392 1467 2725 1532 Jerusalem,
2759 1477 2819 1523 ut
2860 1475 3027 1537 ponat
3063 1466 3286 1530 arietes,
3324 1473 3385 1519 ut
3418 1465 3632 1533 aperiat
3656 1478 3720 1520 os

2139 1580 2157 1613 ι
2195 1563 2247 1617 in
2292 1561 2463 1625 estde,
2511 1568 2571 1614 ut
2617 1559 2790 1614 elevet
2840 1572 3027 1613 vocem
3078 1556 3132 1611 in
3175 1554 3399 1620 ululatu,
3445 1564 3505 1608 ut
3551 1561 3721 1623 ponat

2144 1672 2162 1703 ι
2195 1654 2398 1708 arietes
2434 1660 2623 1707 contra
2668 1659 2875 1720 portas,
2918 1658 2978 1703 ut
3021 1655 3319 1718 conportet
3355 1662 3636 1719 aggerem,
3659 1656 3723 1702 ut

463 1740 645 1795 Tertio
691 1736 904 1806 quando
938 1733 1210 1788 Sedecias.
1263 1732 1330 1785 Et
1366 1730 1453 1784 hic
1493 1738 1577 1783 est
1617 1728 1823 1800 gladius
1866 1726 2035 1797 tripli-
2064 1718 2109 1779 Β
2145 1763 2163 1792 ,
2197 1718 2790 1799 πίηωιηηιηίιίοξιοε,
2827 1741 3050 1810 [gl-nque
3080 1728 3235 1810 quasi
3277 1718 3570 1794 consulens
3604 1738 3719 1793 fw-

459 1841 632 1895 catus,
666 1827 883 1898 quando
918 1826 1060 1881 facta
1093 1832 1178 1878 est
1200 1837 1394 1893 magna
1419 1820 1642 1883 occisia,
1670 1826 1725 1873 et
1767 1819 2031 1875 intantum

457 1921 829 1991 multiplicavit
848 1919 1050 1981 ruinas,
1068 1924 1126 1969 ut
1138 1916 1581 1983 obstupescerent
1602 1911 1782 1965 animo
1796 1919 1851 1965 et
1869 1909 2033 1966 corde

460 2014 815 2075 tabescerent,
840 2018 895 2063 et
933 2008 988 2061 in
1016 2004 1265 2060 omnibus
1302 2002 1473 2073 portis
1501 2016 1685 2057 eorum
1715 2001 1870 2055 daret
1898 2016 2031 2057 con-

459 2100 863 2163 turbationem;
912 2095 1224 2166 praecipitur
1269 2107 1399 2164 ergo
1445 2091 1544 2155 illi,
1573 2091 1676 2145 hoc
1723 2098 1827 2155 est,
1855 2090 2032 2161 gladio

456 2201 616 2249 acuto
632 2198 686 2245 et
710 2190 895 2245 limato
915 2188 981 2241 ad
1005 2185 1332 2256 fulgendum,
1369 2184 1673 2252 amictuque
1700 2191 1756 2237 et
1780 2183 2032 2252 expedito

454 2290 512 2338 et
537 2289 727 2352 parato
745 2279 817 2335 ad
843 2278 1065 2342 caulem,
1102 2285 1163 2331 ut
1194 2274 1353 2329 vadat
1390 2274 1503 2329 sive
1534 2274 1603 2327 ad
1631 2272 1915 2328 dexteram
1941 2289 2033 2329 vo-

454 2374 638 2439 luerit,
667 2372 783 2428 sive
806 2370 877 2425 ad
900 2369 1178 2424 sinistram
1201 2384 1214 2420 :
1238 2379 1599 2437 quocumque,
1620 2364 1714 2429 ait,
1737 2364 1893 2419 faciei
1927 2372 2031 2420 tum

450 2466 735 2539 placuerit,
758 2462 1015 2519 audacter
1037 2461 1343 2531 ingredere,
1366 2471 1453 2511 me
1474 2456 1678 2510 habens
1700 2455 1913 2521 ducem,
1943 2470 2031 2510 me

454 2558 754 2628 adiutorem
781 2572 795 2608 :
829 2572 849 2605 ι
881 2554 992 2623 Ego
1025 2549 1275 2622 plaudam
1322 2563 1486 2603 manu
1516 2546 1585 2602 ad
1620 2561 1860 2611 manum,
1910 2565 1929 2598 ι
1971 2553 2033 2601 ιιι

452 2648 763 2703 saevientem
793 2654 846 2701 te
874 2652 1062 2701 contra
1089 2640 1428 2696 adversarios
1454 2653 1620 2705 meos,
1652 2638 1809 2709 quasi
1850 2636 2031 2692 lautor

452 2748 578 2795 tuus
601 2748 657 2793 et
677 2739 992 2795 exhortator
1019 2733 1287 2805 instigem.
1304 2731 1383 2786 Ne
1409 2730 1640 2794 dubites,
1657 2744 1725 2785 ne
1749 2727 2027 2793 formidas,

444 2838 509 2885 et
552 2829 665 2900 pati
707 2829 904 2883 timeas
940 2825 1082 2895 quod
1124 2838 1316 2894 passus
1364 2831 1448 2877 est
1487 2821 1874 2877 Senuacherib.
1920 2821 2029 2893 Ego

456 2920 714 2979 Dominus
752 2933 870 2974 sum
911 2918 1139 2980 locutus,
1180 2929 1314 2970 mea:
1356 2914 1603 2967 minister
1628 2927 1689 2966 es
1712 2912 2026 2974 voluntatis.

452 3025 627 3065 meam
651 3007 863 3077 eomple
882 3003 1224 3067 sententiam,
1253 3017 1541 3071 possumus
1559 2999 1714 3069 juxta
1740 3001 2026 3074 Ἀναγωοιήν

452 3102 688 3173 gladium
734 3107 950 3156 acutum
1014 3104 1370 3168 paratumque
1436 3097 1503 3151 ad
1572 3094 1809 3161 eadem,
1884 3094 2026 3150 acci-
2053 3094 2096 3122 “

450 3206 584 3262 pere
626 3188 935 3254 diabolum,
990 3186 1058 3242 de
1116 3202 1223 3256 quo
1276 3186 1358 3240 ait
1405 3184 1690 3255 Apostolus
1743 3199 1757 3238 :
1823 3204 1841 3236 ι
1895 3185 2026 3240 Tra-

454 3284 582 3337 dere
624 3279 989 3350 hujuscemodi
1039 3277 1257 3332 Sataua:
1304 3277 1359 3332 in
1417 3277 1696 3331 interitum
1725 3277 1927 3340 carnis,
1968 3284 2030 3331 ut

452 3374 676 3444 spiritus
727 3371 906 3427 salvus
944 3369 1136 3440 tiat<v(l
1163 3369 1286 3424 Cor.
1331 3368 1425 3441 v).
1476 3388 1495 3420 ι
1537 3368 1603 3423 Et
1641 3368 1696 3423 in
1725 3368 1832 3423 alio
1862 3368 2022 3423 loco:

456 3486 478 3521 ε
515 3467 835 3540 Hymenaeus
853 3473 910 3520 et
949 3463 1275 3528 Alexander,
1306 3476 1444 3533 quos
1485 3462 1681 3516 tradidi
1702 3454 1936 3526 :Satana:
1969 3470 2033 3521 ut

451 3561 660 3616 discant
686 3574 792 3614 non
817 3558 1188 3628 blasphemare
1210 3556 1262 3629 (Ι
1289 3556 1424 3611 Tim.
1448 3555 1509 3621 ι).
1544 3576 1562 3609 ι
1596 3556 1663 3610 Ει
1711 3556 1765 3611 in
1806 3556 2029 3626 psalmis

449 3652 706 3722 scriptum
732 3660 846 3705 est:
869 3669 889 3700 ι
913 3649 1055 3705 Misit
1079 3648 1406 3713 furorem,et
1434 3648 1592 3712 iram,
1618 3656 1677 3702 et
1703 3648 2023 3718 angustiam,

451 3741 836 3797 immissionem
862 3756 961 3812 per
994 3740 1213 3810 angelos
1246 3737 1509 3809 pessimos
1537 3735 1710 3804 (Psal.
1736 3735 1965 3808 Lxxvn).
1998 3754 2017 3788 ι

453 3831 604 3887 llunc
626 3830 845 3900 quidam
873 3837 1061 3900 putant
1097 3828 1331 3898 gladium
1360 3836 1414 3882 et
1454 3827 1506 3880 in
1536 3842 1699 3880 manu
1726 3825 1892 3880 fuisse
1924 3840 2022 3879 an-

449 3922 596 3992 geli,
635 3921 848 3990 quando
911 3920 1009 3975 sub
1051 3919 1219 3974 David
1264 3918 1664 3989 percutiebatur
1706 3916 2022 3973 Jerusalem.

447 4012 553 4069 Alii
594 4018 772 4066 autem
801 4018 858 4067 et
880 4010 947 4065 de
973 4010 1063 4064 illo
1090 4011 1195 4065 dici
1231 4009 1409 4079 gladio
1436 4010 1795 4079 suspicantur,
1826 4009 1893 4062 de
1916 4022 2024 4078 quo

451 4104 505 4159 in
536 4101 825 4173 Evangelia
862 4102 1117 4170 scriptum
1144 4108 1231 4156 est
1264 4121 1276 4154 :
1317 4120 1335 4151 ι
1377 4101 1493 4155 Νοιι
1526 4101 1646 4155 veni
1680 4115 1869 4169 pacem
1902 4100 2026 4154 mit-

450 4202 564 4248 tere
593 4208 754 4262 super
781 4202 1012 4256 terram,
1044 4191 1140 4246 sed
1162 4190 1397 4261 gladium
1430 4190 1646 4261 (Matth.
1678 4191 1732 4259 χ)
1754 4229 1769 4254 ,
1806 4209 1826 4240 ι
1866 4199 1924 4247 et
1943 4191 2023 4249 di-

448 4284 633 4340 videre
659 4284 797 4340 inter
825 4300 884 4341 se
910 4298 1123 4339 omnem
1151 4282 1632 4352 consanguinitatis
1657 4281 1937 4347 allectum.
1965 4293 2025 4340 ut

2142 1852 2160 1885 ι
2196 1843 2307 1889 stra
2325 1833 2603 1889 oraculum
2630 1832 2684 1887 in
2704 1831 2875 1887 oculis
2894 1846 3081 1886 eorum
3101 1838 3158 1885 et
3176 1829 3523 1885 sabbatorum
3543 1829 3717 1883 otium

2141 1946 2159 1976 ‹
2197 1927 2413 1981 imitans
2456 1943 2467 1979 :
2515 1925 2629 1993 ipse
2674 1931 2855 1978 autem
2887 1921 3256 1977 recordabitur
3300 1920 3608 1990 iniquitatis
3650 1921 3719 1973 ad

2141 2034 2157 2065 ι
2193 2014 2534 2083 capiendum.
2576 2012 2785 2068 idcirco
2813 2012 2930 2067 hac
2957 2010 3090 2065 dicit
3124 2009 3384 2064 Dominus
3414 2008 3586 2071 Deus,
3617 2024 3721 2078 pro

2139 2123 2157 2155 ι
2190 2120 2256 2161 eo
2283 2103 2428 2173 quod
2474 2104 2530 2157 in
2576 2103 2895 2159 memoriam
2939 2100 3235 2157 revocastis
3275 2099 3595 2170 iniquitates
3624 2116 3718 2154 ve-

2138 2214 2156 2245 ι
2188 2203 2350 2257 atras,
2377 2200 2435 2248 et
2459 2192 2741 2249 revelastis
2767 2191 3242 2262 praevaricationes
3264 2201 3496 2256 vestras,
3525 2200 3583 2249 et
3617 2207 3720 2261 ap-

2138 2306 2155 2337 ι
2189 2294 2483 2355 paruerunt
2510 2294 2728 2356 peccata
2757 2292 2941 2341 vestra
2982 2286 3037 2341 in
3072 2287 3324 2342 omnibus
3368 2286 3718 2357 cogitationi-

2137 2394 2156 2426 ι
2192 2376 2293 2432 bus
2312 2377 2650 2447 vestris;pro
2667 2392 2757 2443 eo,
2775 2378 3174 2447 inquam,quod
3201 2377 3255 2433 in
3276 2378 3598 2435 meritoriam
3624 2394 3717 2434 re-

2136 2483 2155 2517 c
2192 2469 2443 2533 vocastis,
2481 2483 2640 2523 manu
2675 2469 2981 2538 capiamini.
3016 2486 3038 2521 ι
3074 2467 3342 2541 (Ηίενοη.)
3385 2468 3514 2524 Seio
3543 2485 3633 2524 me
3665 2471 3719 2524 in

2131 2557 2237 2613 hoc
2274 2556 2393 2614 loco
2424 2556 2578 2626 juxta
2605 2557 2748 2613 LXX
2778 2559 3097 2627 interpretes
3135 2557 3486 2628 multiplicem
3520 2558 3723 2628 legisse

2130 2648 2518 2718 expositionem
2546 2649 2788 2718 Bahbath
2815 2648 3044 2704 ﬁliorum
3070 2648 3303 2703 Ammon
3331 2646 3619 2704 referentis
3646 2649 3721 2706 ad

2130 2740 2368 2808 gentium
2392 2739 2667 2810 populum,
2693 2738 2885 2794 Judam
2914 2754 3043 2794 vero
3082 2747 3139 2793 et
3186 2737 3488 2794 Jerusalem
3523 2738 3595 2793 ad
3616 2751 3719 2795 eos

2130 2832 2222 2899 qui
2260 2831 2369 2886 sub
2387 2830 2588 2885 Christi
2618 2830 2833 2885 nomine
2859 2837 3273 2900 congregantur,
3312 2835 3369 2882 et
3396 2827 3553 2883 factis
3579 2828 3719 2884 dant

2130 2922 2362 2978 nominis
2395 2923 2730 2992 dignitatem,
2762 2936 3051 2992 regemque
3079 2919 3408 2977 confusionis
3437 2920 3716 2977 diabolum

2131 3024 2276 3070 stare
2305 3015 2361 3069 in
2387 3015 2534 3071 omni
2560 3014 2767 3068 viarum
2801 3014 2978 3083 capite
3012 3021 3072 3068 et
3109 3012 3350 3068 insidiari
3389 3012 3446 3066 in
3475 3011 3717 3077 occulto,

2128 3107 2446 3178 implerique
2481 3106 2630 3161 illum
2652 3105 2976 3161 versiculum
3005 3124 3018 3158 :
3052 3123 3072 3156 α
3098 3104 3260 3161 Juxta
3282 3104 3536 3161 semitam
3560 3119 3718 3159 sean-

2126 3196 2306 3251 dalum
2336 3204 2632 3266 posuerunt
2653 3195 2783 3250 mihi
2807 3192 2980 3266 (Paul.
2998 3194 3242 3265 cxxxtx).
3271 3212 3293 3248 ι
3320 3194 3385 3249 Et
3412 3203 3567 3249 stare
3590 3209 3717 3250 eum

2127 3286 2181 3341 in
2211 3287 2377 3351 bivio,
2405 3288 2488 3342 vel
2514 3302 2627 3350 eos,
2654 3286 2747 3355 qui
2776 3286 2861 3341 sui
2890 3294 3019 3341 sunt
3047 3294 3231 3342 tenere
3265 3286 3601 3355 cupientem,
3629 3286 3718 3340 vel

2128 3394 2328 3433 novum
2358 3378 2459 3433 sibi
2485 3370 2768 3447 acquirere
2803 3376 3118 3441 servitium,
3158 3384 3213 3432 et
3246 3390 3461 3445 scalper
3490 3375 3563 3429 ad
3592 3375 3717 3431 dero

2127 3477 2299 3524 teram
2337 3481 2582 3538 pergere,
2610 3468 2675 3521 ad
2704 3482 2799 3523 eos
2836 3466 3045 3523 scilicet
3069 3466 3161 3537 qui
3196 3467 3252 3521 in
3296 3466 3524 3521 dextera
3556 3476 3718 3535 parte

2125 3572 2253 3617 sunt
2284 3563 2463 3632 positi,
2497 3571 2557 3616 ut
2578 3569 2845 3633 expugnet
2869 3576 2986 3628 eos,
3014 3569 3075 3614 ut
3098 3559 3332 3616 exsultet
3366 3560 3419 3619 in
3450 3560 3625 3623 crede,
3654 3569 3718 3612 ut

2125 3653 2383 3707 arietibus
2412 3660 2468 3707 et
2509 3652 2858 3723 eongestione
2884 3665 3110 3719 operum
3147 3657 3491 3704 terrenarum
3534 3649 3716 3719 capiat

2124 3743 2377 3798 miseram
2423 3741 2747 3798 Jerusalem.
2795 3741 2864 3796 Et
2903 3740 3079 3810 primo
3108 3740 3324 3808 quidem
3355 3746 3416 3793 ut
3458 3739 3716 3795 videatur

2124 3835 2174 3890 ei
2212 3833 2346 3889 nihil
2371 3845 2531 3903 agere
2556 3839 2613 3887 et
2639 3830 2839 3886 frustra
2863 3830 3068 3887 conari.
3106 3829 3202 3884 ιιιο
3226 3843 3357 3883 vero
3385 3830 3717 3885 recordante

2124 3922 2436 3990 iniquitates
2469 3934 2676 3984 eorum,
2694 3919 2785 3989 qui
2809 3919 2863 3973 in
2897 3918 3125 3974 ecclesia
3151 3928 3584 3982 commorantur,
3606 3918 3715 3974 imo

2123 4012 2280 4069 malis
2316 4012 2570 4081 cperihus
2615 4010 2878 4067 reducunt
2924 4010 3259 4065 adversarias
3302 4019 3612 4079 potestates
3660 4012 3715 4064 in

2122 4102 2437 4157 memoriam
2484 4100 2747 4156 scelerum
2794 4100 3487 4170 pristinorumLpatetiunt
3526 4103 3713 4157 omnia

2120 4200 2342 4262 peccata
2369 4190 2548 4262 populi
2576 4200 2634 4246 et
2657 4189 3010 4260 cogitationes
3033 4203 3243 4251 eorum,
3270 4196 3325 4242 et
3377 4190 3591 4244 idcirco
3615 4205 3712 4245 C29

2122 4282 2361 4352 piantur,
2402 4282 2527 4351 quia
2558 4280 2714 4335 novis
2741 4289 2924 4335 vetera
2952 4278 3151 4334 delicta
3178 4278 3551 4335 cumularunt.
3586 4279 3717 4335 llaec

449 4374 572 4434 mali
597 4386 855 4432 corruant
891 4383 947 4429 et
983 4374 1156 4430 sancti
1191 4380 1489 4444 resurgant.
1522 4372 1627 4429 Sed
1664 4374 1766 4427 hoc
1800 4373 2021 4442 inminui
2046 4401 2098 4459 Β
2125 4373 2261 4431 alius
2309 4373 2506 4429 dixerit
2550 4372 2708 4428 nobis
2755 4379 2947 4441 empta:
2985 4370 3222 4426 historiae
3269 4372 3474 4426 veritas
3520 4387 3713 4441 prose-

445 4475 530 4522 est
573 4467 794 4521 credere
838 4466 905 4520 de
950 4464 1127 4537 gladio
1170 4463 1469 4520 Salvatoris
1506 4473 1563 4519 et
1601 4479 1706 4519 non
1734 4465 1911 4534 potius
1952 4466 2020 4521 de

447 4559 679 4623 diabolo,
709 4559 802 4629 qui
844 4558 1055 4614 Domini
1099 4558 1151 4613 in
1200 4557 1427 4613 ecclesia
1473 4565 1685 4626 sceptra
1733 4558 2018 4624 subvertit,

446 4648 539 4716 qui
570 4647 842 4702 interfecit
867 4656 1089 4704 euinctus
1118 4647 1170 4702 in
1194 4646 1412 4716 populo,
1438 4654 1495 4700 et
1518 4646 1682 4700 duces
1703 4653 1759 4701 et
1782 4646 2020 4714 hospites

448 4744 565 4799 Dei.
605 4743 673 4798 Et
710 4752 838 4799 tunc
864 4760 895 4798 a
921 4744 1149 4799 Domino
1171 4744 1553 4815 comprobatur
1574 4744 1788 4813 quando
1825 4744 2017 4799 Judam

446 4842 773 4915 proditorem
798 4850 854 4896 et
876 4843 1080 4899 similes
1106 4844 1223 4914 ejus
1243 4845 1589 4910 subvenerit,
1615 4845 1707 4914 qui
1737 4853 2019 4915 postquam

447 4940 681 4995 comedit
706 4941 1018 5006 buceellam,
1041 4961 1061 4995 ι
1082 4943 1303 4998 intravit
1326 4944 1378 4998 in
1408 4943 1555 4999 illum
1577 4941 1809 4999 Satanas
1835 4943 2015 5014 (Iesu.

448 5038 589 5109 xm).
624 5057 646 5090 ι
688 5038 1114 5109 Duplicaturque’
1154 5048 1209 5096 et
1251 5041 1556 5111 triplicatur
1598 5040 1809 5111 gladius
1854 5042 2022 5096 inter-

446 5136 709 5192 fectorum
759 5145 820 5193 ut
869 5138 1107 5192 solvatur
1170 5149 1447 5210 peccatum
1511 5138 1836 5203 Jerusalem,
1891 5140 2017 5209 quia

447 5235 687 5304 suscepit
710 5235 776 5290 de
800 5248 962 5288 manu
991 5233 1201 5289 Domini
1229 5235 1455 5306 duplicia
1483 5247 1703 5305 peccata
1735 5252 1850 5290 sua.
1875 5234 2016 5291 Gau-

448 5337 537 5390 det
567 5343 743 5392 autem
774 5336 1028 5391 Dominus
1056 5344 1111 5392 et
1135 5335 1367 5391 exsultat
1388 5346 1443 5392 et
1470 5337 1713 5392 hortator
1737 5344 1819 5391 est
1853 5333 2016 5406 gladii

445 5435 715 5490 saevientis
748 5444 808 5491 ut
844 5436 1006 5491 vadat
1043 5435 1156 5492 sive
1197 5436 1263 5491 ad
1290 5436 1585 5503 dexteram,
1616 5438 1730 5495 sive
1774 5438 1842 5493 ad
1889 5437 2019 5493 sini-

445 5536 640 5596 stram,
672 5540 727 5587 et
749 5549 1067 5603 quocunque
1093 5550 1217 5589 eum
1256 5534 1413 5590 faciei
1449 5551 1559 5592 sua:
1599 5537 1785 5592 tulerit
1815 5540 2019 5609 appeti.

440 5643 549 5701 tus,
578 5642 639 5689 ut
661 5634 959 5691 interiectis
988 5638 1141 5693 malis
1174 5647 1489 5694 remaneant
1521 5640 1676 5706 boni,
1713 5652 1767 5697 et
1799 5643 2018 5712 implea-

2124 4463 2334 4535 quenda
2369 4471 2473 4519 est.
2497 4461 2650 4527 Cum,
2683 4462 2874 4531 inquit,
2908 4461 3135 4517 dixisset
3167 4461 3297 4517 mihi
3340 4476 3526 4519 sermo
3570 4466 3715 4521 divi.

2124 4570 2227 4611 nus
2251 4573 2263 4608 :
2292 4572 2312 4606 ι
2342 4553 2629 4624 Propheta,
2655 4552 2727 4607 (ili
2753 4552 3004 4616 hotniuis,
3026 4560 3085 4606 et
3105 4552 3325 4621 loquere
3349 4553 3418 4607 ad
3440 4554 3707 4623 gladium.

2122 4654 2179 4703 et
2191 4647 2297 4701 dic:
2316 4645 2539 4700 Gladius
2552 4643 2779 4715 gladius,
2791 4663 2810 4695 ο
2828 4651 2883 4697 et
2900 4651 3095 4698 caetera
3106 4657 3226 4711 qua:
3239 4642 3525 4711 prophetia
3540 4644 3708 4715 gladii

2123 4738 2486 4795 continentur.
2522 4754 2540 4786 ι
2575 4734 2820 4790 Secundo
2849 4732 3024 4789 factus
3059 4742 3145 4788 est
3174 4733 3241 4788 ad
3269 4747 3356 4788 me
3381 4747 3571 4789 sermo
3599 4734 3712 4790 Do—

2124 4829 2279 4893 mini,
2300 4827 2523 4883 dieeus:
2556 4845 2577 4878 ι
2610 4823 2724 4886 Vis,
2750 4823 2824 4878 fili
2861 4823 3116 4888 hominis,
3145 4822 3288 4878 scire
3313 4823 3435 4892 quis
3484 4823 3593 4880 iste
3636 4825 3714 4880 sit

2119 4918 2349 4988 gladius,
2380 4925 2436 4971 et
2466 4914 2711 4986 apertius
2730 4927 3013 4982 personam
3042 4912 3251 4969 discere
3279 4911 3438 4982 gladii
3474 4915 3712 4969 saevien-

2118 5007 2220 5062 tis?
2263 5004 2519 5061 Ausculta
2542 5018 2664 5072 qua:
2688 5002 2850 5057 dico:
2875 5016 3013 5072 pone
3037 5001 3173 5056 duas
3199 5001 3337 5066 viss,
3362 5011 3424 5056 ut
3451 5018 3555 5072 per
3583 5004 3711 5059 illas

2118 5097 2327 5166 gladius
2344 5095 2527 5150 veniat
2549 5094 2694 5173 regis
2708 5091 3017 5163 Babylonis,
3036 5092 3128 5162 qui
3140 5092 3459 5162 egredietur
3475 5094 3707 5162 quidem

2117 5201 2227 5241 uno
2251 5186 2447 5241 itinere
2463 5184 2856 5249 Chaldmorum,
2882 5182 2979 5239 sed
2999 5198 3123 5237 cum
3149 5183 3358 5239 venerit
3382 5198 3479 5252 per
3506 5184 3707 5239 deser-

2118 5284 2231 5333 tum
2259 5284 2316 5331 et
2355 5275 2696 5333 solitudinem
2740 5274 2810 5330 ad
2850 5274 3053 5330 bivium
3092 5280 3254 5329 terrm
3294 5273 3530 5340 Arabiae,
3574 5291 3707 5345 qua:

2119 5366 2414 5438 appellatur
2436 5365 2669 5423 ﬁliorum
2697 5365 2948 5430 Ammon,
2974 5378 3204 5432 quarum
3256 5378 3367 5418 una
3406 5364 3496 5418 via
3531 5361 3705 5421 Jeni-

2119 5458 2283 5514 salem
2317 5457 2465 5511 ducit
2491 5454 2559 5509 ad
2602 5455 2853 5511 dextram
2893 5461 3105 5524 partem
3144 5468 3161 5508 ε
3202 5452 3423 5510 sinistra
3465 5469 3603 5509 vero
3634 5456 3711 5511 ad

2121 5548 2361 5604 Ralibath
2398 5546 2627 5603 filiorum
2657 5546 2912 5608 Ammon,
2939 5560 3059 5612 qum
3084 5552 3171 5600 est
3192 5543 3386 5599 civitas
3418 5552 3705 5614 metmpo—

2122 5644 2275 5708 lis,ct
2308 5639 2466 5695 hodie
2490 5635 2854 5709 Philadelphia
2886 5637 3211 5695 nominatur.
3237 5635 3463 5703 Memor.
3493 5636 3700 5706 inquit,
