3954 6182
271 312 380 369 733

1196 315 1548 372 COMMENT.
1589 315 1671 372 IN‘
1696 316 2152 372 EZECHIELEM.
2192 344 2260 356 -—
2301 318 2431 373 LIB.
2474 318 2569 373 ιχ.

3438 320 3541 375 73‘

264 422 656 482 internecionis
695 437 815 492 quae
852 423 1050 480 accidit
1076 425 1193 495 regi
1213 425 1453 496 Assyrio,
1483 429 1699 498 quando
1729 442 1860 484 ecu-
1883 430 1932 490 Α
1966 445 1986 478 ι
2020 425 2173 482 aufer
2194 426 2442 494 cidarim,
2472 429 2598 485 tolle
2621 445 2899 495 coronam,
2933 451 2954 483 ο
2980 430 3277 500 sabinum,
3313 453 3332 484 ι
3369 451 3544 507 neque

267 524 386 593 tum
418 513 691 584 octoginta
724 513 967 583 quinque
1008 513 1173 569 millia
1197 531 1305 569 una
1351 524 1506 571 nocte
1533 524 1661 572 sunt
1693 531 1854 583 caesa,

268 603 582 659 formidabit
621 603 692 658 ad
736 611 948 673 partem
995 604 1275 660 dexteram
1319 605 1616 672 declinare,
1672 616 1729 661 et
1777 608 1858 663 ire

265 703 459 750 contra
484 694 902 750 munitissimam
926 693 1294 757 Hierusalem,
1326 696 1422 751 sed
1455 697 1622 751 stabit
1657 697 1711 751 in
1739 696 1859 766 ipso

267 786 527 855 compito,
560 793 617 841 et
653 786 763 841 n'tu
800 786 978 856 gentis
1020 801 1133 841 suae
1173 786 1455 843 oraculum
1491 787 1767 853 consulet,
1796 798 1865 845 ut

267 881 455 935 mittat
478 879 705 951 sagittas
745 881 801 936 in
828 881 1164 952 pharetram,
1190 889 1248 937 et
1269 882 1622 937 commiscent
1649 897 1743 938 eas
1768 882 1855 937 in-

266 971 505 1041 scriptas
530 971 646 1026 sive
666 972 910 1041 signatas
936 971 1242 1027 nominibus
1265 971 1622 1043 singulorum,
1667 980 1730 1026 ut
1771 971 1856 1025 vi-

265 1061 395 1116 dent
427 1060 582 1131 cujus
621 1061 817 1130 sagitta
855 1070 1047 1124 exeat,
1088 1070 1145 1116 et
1185 1076 1348 1131 quam
1388 1060 1540 1130 prius
1578 1062 1855 1117 civitatem

265 1156 469 1212 debeat
510 1169 838 1226 oppugnare.
891 1153 1043 1210 Hanc
1088 1161 1267 1210 autem
1307 1152 1478 1209 Graeci
1526 1155 1857 1228 βσλομαντίαν

264 1249 384 1304 sive
406 1246 778 1322 ῥαϐδομαντίαν
800 1246 1097 1301 nominant.
1115 1245 1472 1316 Interrogavit
1499 1245 1665 1314 igitur
1689 1245 1851 1309 idola,

264 1347 394 1393 exta
422 1336 709 1393 consuluit.
740 1336 821 1390 Ad
852 1335 1126 1390 dexteram
1149 1334 1291 1390 facta
1316 1343 1399 1390 est
1429 1335 1689 1390 divinatio
1715 1335 1850 1407 ejus,

265 1436 329 1483 ut
362 1435 621 1499 pergeret
654 1433 842 1481 contra
881 1422 1184 1479 Jerusalem
1222 1431 1278 1478 et
1317 1430 1656 1493 oppugnaret
1707 1438 1850 1488 eam,

264 1532 496 1589 aggeres
517 1522 901 1586 comportarat,
924 1514 1122 1570 arietes
1148 1522 1392 1584 poneret,
1415 1504 1712 1569 aedificaret
1735 1530 1852 1569 mu-

264 1605 527 1671 nitiones,
556 1604 852 1674 urbemque
875 1603 1237 1659 concluderet.
1266 1603 1335 1657 Et
1363 1603 1416 1657 in
1444 1604 1589 1658 crede
1615 1604 1852 1673 aperiret

263 1714 331 1757 os
361 1715 547 1765 suum,
566 1708 623 1755 et
651 1698 927 1753 fremitum
949 1696 1271 1752 exsultantis
1298 1704 1352 1750 et
1370 1695 1625 1752 ululantis
1647 1697 1851 1751 exerci-

1960 517 2081 582 hoc,
2113 531 2287 587 neque
2312 518 2442 573 illud
2469 527 2573 584 est,
2595 540 2614 573 ι
2645 520 2700 574 id
2724 530 2827 587 est,
2853 537 3076 592 regnum
3104 524 3343 579 cessabit
3365 534 3422 579 et
3446 541 3545 581 sa-

1957 606 2276 661 cerdotium.
2326 606 2482 664 Unde
2526 609 2619 678 qui
2673 619 2858 678 postea
2913 626 3083 681 usque
3132 611 3199 667 ad
3250 613 3542 669 adventum

1957 695 2158 753 Christi
2198 712 2352 767 reges
2396 698 2615 754 fuerunt
2661 700 2866 769 pariter
2905 709 2962 757 et
3008 703 3336 760 sacerdotes.
3394 705 3542 771 Quo-

1958 799 2076 841 rum
2118 800 2260 841 uitus
2298 785 2584 856 Hyrcanus
2634 788 2883 845 Pontifex
2933 792 3179 849 diadema
3229 795 3395 863 capiti
3444 811 3545 851 suo

1957 873 2228 943 imposuit,
2273 874 2477 933 frustra
2517 878 2621 934 sibi
2660 887 2717 934 et
2756 880 2858 935 hoc
2894 888 2951 935 et
2988 881 3118 936 illud
3153 883 3325 939 voluit
3364 886 3544 942 vindi-

1956 979 2103 1029 care,
2128 979 2253 1020 cum
2293 979 2519 1037 regnum
2551 968 2603 1022 ei
2639 984 2746 1023 non
2774 969 3063 1025 deberetur
3082 981 3204 1041 post
3236 972 3541 1040 Sedeciam,

1956 1052 2050 1107 sed
2087 1053 2162 1107 illi
2204 1054 2293 1109 cui
2330 1056 2625 1125 repositum
2666 1065 2810 1122 erat,
2848 1066 2906 1113 et
2943 1059 3036 1125 qui
3075 1058 3177 1115 fuit
3212 1065 3546 1132 exspectatio

1956 1145 2192 1213 gentium
2214 1185 2229 1210 ,
2274 1146 2342 1201 de
2376 1147 2573 1215 quibus
2612 1146 2853 1216 loquitur
2889 1155 2948 1202 et
2983 1147 3273 1206 Malacliias
3311 1170 3325 1205 :
3370 1170 3388 1203 ι
3433 1152 3545 1209 Vos

1956 1234 2286 1301 sacerdotes,
2307 1237 2397 1306 qui
2431 1238 2815 1293 contaminatis
2844 1255 3043 1295 nomen
3079 1256 3257 1296 meum
3281 1242 3541 1312 (Maluit.

1956 1322 2018 1395 ι).
2069 1344 2090 1377 ι
2138 1325 2206 1380 Et
2243 1338 2364 1396 post
2401 1327 2675 1396 paululum
2723 1346 2737 1382 :
2793 1347 2813 1380 ε
2860 1329 2977 1385 Νοη
3017 1341 3103 1385 est
3136 1333 3386 1390 voluntas
3421 1349 3543 1391 mea

1956 1417 2010 1470 in
2059 1417 2243 1482 vobis,
2280 1427 2337 1472 et
2378 1419 2630 1474 victimas
2674 1435 2780 1474 non
2831 1421 3121 1490 suscipiam
3177 1422 3244 1477 de
3292 1426 3547 1480 manibus

1953 1511 2171 1566 vestris.
2215 1510 2297 1567 Ab
2325 1520 2448 1566 ortu
2481 1513 2627 1566 enim
2659 1512 2787 1567 solis
2821 1528 2994 1583 usque
3033 1514 3101 1567 ad
3138 1529 3390 1570 occasum
3429 1532 3549 1570 ma-

1954 1619 2116 1675 gnum
2155 1613 2239 1658 est
2285 1618 2481 1659 nomen
2533 1619 2712 1659 meum
2764 1605 2818 1657 in
2871 1604 3152 1674 gentibus,
3194 1614 3252 1661 et
3299 1607 3354 1662 in
3397 1608 3543 1664 omni

1955 1694 2073 1750 loco
2120 1696 2480 1760 sacriﬁcatur,
2536 1703 2592 1751 et
2637 1696 2865 1751 offertur
2911 1697 3116 1752 nomini
3167 1713 3290 1754 meo
3342 1699 3546 1756 oblatio

262 1801 356 1848 tus
380 1791 698 1847 concitaret.
729 1788 858 1853 Hoc,
894 1788 1085 1859 inquit,
1112 1787 1317 1842 faciens
1336 1786 1604 1841 videbitur
1642 1786 1852 1842 babita-
1879 1783 1928 1841 B
1953 1786 2173 1838 munda.
2204 1803 2222 1837 ι
2249 1785 2381 1852 Qua:
2418 1786 2615 1840 munda
2652 1786 2852 1840 oblatio
2890 1787 3008 1841 sine
3062 1789 3320 1861 sanguine
3361 1790 3542 1847 hirco-

265 1882 482 1937 toribus
509 1880 804 1936 Jerusalem
851 1878 1128 1934 oraculum
1183 1876 1380 1932 frustra
1428 1876 1740 1939 consulere,
1799 1886 1855 1931 et

263 1974 427 2045 quasi
457 1974 805 2029 sabbatorum
845 1971 1014 2037 otium
1052 1978 1268 2034 tenere,
1314 1970 1500 2024 ludere
1524 1970 1770 2025 videlicet
1797 1980 1853 2025 et

264 2065 408 2121 nihil
432 2066 612 2135 operis
634 2072 966 2134 perpetrare.
994 2063 1106 2117 [lex
1138 2069 1315 2116 autem
1343 2060 1633 2132 Babylonis
1659 2076 1766 2116 non
1795 2062 1853 2116 in

263 2170 367 2213 na
409 2153 745 2219 fortitudine,
768 2154 861 2208 sed
905 2152 963 2207 in
1007 2152 1293 2222 iniquitate
1327 2151 1508 2222 populi
1552 2151 1854 2208 coniisurus

263 2254 375 2313 est,
403 2259 512 2315 qua
539 2259 633 2300 eos
654 2243 760 2299 scit
781 2242 1065 2299 offendisse
1093 2243 1280 2309 Deum,
1307 2250 1364 2297 et
1395 2251 1613 2312 peccata
1638 2250 1855 2314 patrum

261 2335 426 2391 novis
459 2333 761 2389 enmulasse
789 2332 1030 2397 delictis,
1076 2340 1133 2387 et
1166 2332 1640 2403 praevaricationes
1666 2348 1854 2389 eorum

261 2426 522 2485 omnibus
559 2425 828 2495 patuisse,
872 2433 927 2479 et
973 2423 1172 2479 idcirco
1223 2439 1330 2479 non
1362 2425 1625 2480 dubitavit
1668 2425 1737 2480 de
1768 2425 1852 2480 vi-

260 2517 464 2582 ctoria,
490 2517 617 2585 quia
660 2514 894 2570 confidet
934 2515 1001 2570 de
1044 2515 1328 2583 iniquitate
1365 2513 1687 2570 Jerusalem.
1727 2513 1855 2572 Haec

254 2606 419 2676 juxta
461 2607 813 2671 llebraicum,
852 2621 884 2659 a
921 2621 1030 2675 quo
1054 2604 1199 2659 LXX
1228 2621 1332 2661 non
1362 2614 1468 2661 tam
1497 2621 1657 2662 sensu
1690 2623 1851 2678 quant

258 2697 450 2753 verbis
477 2698 531 2752 in
559 2697 827 2767 plerisque
849 2694 1177 2750 discordant.

336 2806 358 2839 ς
395 2787 475 2842 Tu
500 2795 701 2852 autem,
728 2785 972 2855 profane,
995 2787 1157 2857 impie
1185 2786 1293 2841 dux
1317 2785 1502 2852 Israel,
1530 2784 1684 2856 cujus
1705 2787 1854 2842 venit

263 2895 282 2926 ι
319 2877 445 2931 dies
483 2876 537 2930 in
572 2885 814 2945 tempore
854 2876 1156 2945 iniquitatis
1199 2875 1495 2945 praefinita,
1558 2877 1674 2931 haec
1719 2877 1854 2932 dicit

263 2985 282 3017 ι
321 2966 591 3021 Dominus
632 2966 775 3020 Deus
825 2982 839 3019 :
888 2963 1056 3019 Aufer
1102 2965 1351 3031 cidarim,
1395 2967 1526 3021 tolle
1567 2981 1847 3034 coronam,

260 3076 279 3109 ι
317 3072 506 3112 nonne
547 3056 663 3111 haec
692 3063 776 3111 est
801 3069 921 3125 quae
955 3055 1211 3110 humilem
1243 3056 1574 3123 sublevabit,
1605 3066 1661 3112 et
1686 3059 1849 3113 subli-

1958 1888 2098 1939 rum,
2128 1872 2362 1928 arietum
2409 1882 2572 1944 atque
2611 1882 2888 1929 taurorum
2928 1875 2981 1928 in
3008 1873 3207 1930 Christi
3243 1876 3546 1946 completur

1956 1963 2211 2029 adventu,
2234 1965 2490 2033 quoniam
2517 1952 2666 2019 venit
2689 1965 3027 2023 desideratus
3048 1968 3294 2037 gentibus
3314 1977 3372 2023 et
3390 1976 3545 2024 ortus

1955 2064 2041 2111 est
2067 2055 2148 2111 sol
2168 2056 2414 2127 justitize,
2442 2056 2496 2109 in
2524 2053 2677 2123 cujus
2704 2056 2896 2125 pennis
2919 2065 3005 2111 est
3030 2057 3256 2112 sanitas.

2030 2165 2051 2199 ι
2091 2148 2161 2202 Et
2186 2156 2242 2201 tu
2263 2188 2279 2214 ,
2318 2146 2394 2201 illi
2424 2147 2688 2213 hominis,
2720 2147 2981 2217 propheta
3009 2155 3067 2203 et
3092 2148 3219 2203 dic:
3263 2147 3390 2204 Haec
3416 2149 3547 2205 dicit

1962 2261 1983 2294 ι
2015 2242 2276 2299 Dominus
2305 2243 2450 2298 Deus
2488 2243 2556 2298 ad
2595 2241 2735 2298 filios
2761 2243 2993 2297 Ammon
3020 2249 3077 2298 et
3112 2239 3179 2296 ad
3198 2239 3550 2310 opprobrium

1962 2350 1981 2383 ι
2014 2347 2222 2388 eorum.
2267 2331 2333 2386 Et
2360 2331 2527 2396 dices,
2557 2331 2764 2398 Macro,
2790 2346 3000 2398 mucro,
3028 2331 3253 2403 evagiua
3283 2339 3341 2387 te
3361 2333 3429 2386 ad
3452 2346 3545 2386 oc-

1961 2442 1980 2476 ι
2015 2424 2330 2488 eidendum;
2375 2422 2500 2477 lima
2531 2430 2603 2488 te,
2630 2431 2692 2477 ut
2734 2422 3032 2479 interficias
3052 2431 3110 2478 et
3137 2422 3365 2493 fulgeas.
3406 2422 3544 2477 Cum

1959 2533 1979 2566 ς
2015 2514 2114 2569 tibi
2140 2511 2619 2568 viderenturvana
2646 2522 2706 2567 et
2729 2511 3104 2567 divinarentur
3145 2512 3446 2572 mendacia.
3483 2521 3544 2566 ut

1958 2625 1979 2659 α
2016 2607 2225 2662 dureris
2258 2620 2422 2676 super
2455 2605 2593 2660 colla
2619 2605 3024 2660 vulneratorum
3060 2604 3378 2673 impiorum,
3408 2618 3549 2673 quo-

1969 2714 2133 2753 irum
2168 2698 2318 2753 venit
2354 2698 2472 2753 dies
2518 2696 2572 2750 in
2620 2705 2862 2766 tempore
2906 2693 3210 2763 iniquitatis
3248 2692 3541 2763 praeﬁnita.

1957 2808 1978 2842 ε
2012 2789 2304 2844 Revertere
2326 2788 2394 2842 ad
2419 2788 2667 2857 vaginam
2696 2795 2866 2851 tuam,
2898 2784 2953 2839 in
2976 2784 3154 2838 lowm
3183 2784 3238 2838 in
3258 2797 3369 2853 quo
3393 2796 3546 2838 cica-

1957 2901 1977 2935 r
2011 2890 2100 2938 tus
2120 2898 2202 2947 es,
2227 2881 2281 2936 in
2308 2889 2448 2936 terra
2473 2879 2772 2934 nativitatis
2801 2886 2907 2932 tua:
2943 2877 3199 2947 judicabo
3223 2884 3277 2931 te
3297 2884 3351 2931 et
3373 2875 3545 2932 eiun-

1955 2993 1974 3025 ‹
2009 2974 2131 3028 dam
2173 2987 2335 3042 super
2362 2979 2415 3025 te
2438 2971 2862 3042 indignationem
2889 2983 3087 3032 meam,
3117 2967 3171 3021 in
3196 2967 3320 3038 igne
3346 2966 3546 3022 furoris

1960 3082 1979 3116 ‹
2014 3065 2122 3119 mei
2173 3062 2403 3120 sufﬂabo
2434 3063 2489 3116 in
2524 3070 2598 3126 te,
2628 3062 2873 3131 daboque
2903 3067 2954 3114 te
2995 3058 3051 3113 in
3080 3059 3332 3113 manibus
3372 3057 3546 3112 homi-

260 3167 280 3201 ι
316 3164 469 3204 mem
500 3147 836 3202 humiliabil?
866 3146 1236 3216 Iniquitatem.
1264 3147 1622 3217 iniquitatem,
1654 3148 1850 3217 iniqui-
1877 3132 1920 3193 Ο
1959 3175 1976 3209 ι
2012 3172 2141 3211 num
2162 3156 2450 3212 stultorum
2468 3163 2521 3210 et
2547 3152 2925 3208 fabricantium
2951 3151 3372 3219 corruptionem.
3399 3148 3544 3220 ignis

261 3257 283 3291 ι
320 3247 493 3294 tatem
520 3253 718 3308 ponam
758 3254 909 3303 eam,
954 3248 1012 3294 et
1055 3239 1158 3293 hoc
1202 3253 1309 3293 non
1340 3239 1431 3294 ﬁet
1460 3241 1631 3295 donec
1670 3241 1854 3294 veniat

259 3348 284 3384 ι
319 3329 484 3401 cujus
508 3338 595 3385 est
612 3328 875 3398 judicium
905 3340 961 3386 et
992 3330 1200 3385 tradam
1222 3331 1292 3384 ei.
1328 3349 1347 3383 ι
1388 3330 1519 3386 Post
1565 3331 1716 3386 urbis
1764 3330 1852 3385 Je~

253 3420 500 3476 msalem
542 3419 946 3474 subversionem
973 3425 1029 3474 et
1052 3419 1417 3489 captivitatem
1447 3419 1625 3488 populi
1663 3419 1731 3473 ad
1753 3418 1852 3473 du-

255 3530 379 3571 cem
408 3513 578 3569 lsrael
605 3527 784 3568 sermo
812 3512 1079 3583 dirigitur,
1111 3527 1272 3581 quem
1300 3511 1500 3567 nemini
1528 3511 1747 3565 dubium
1769 3519 1856 3565 est

257 3605 557 3677 significari
592 3604 871 3660 Sedeciam
912 3605 969 3659 in
1013 3619 1121 3674 quo
1170 3617 1356 3672 regum
1392 3601 1553 3657 Israel
1588 3599 1656 3656 de
1683 3602 1852 3670 stirpe

256 3696 434 3751 David
479 3695 762 3764 imperium
792 3694 1001 3749 finitum
1030 3704 1132 3750 est.
1161 3694 1338 3758 Venit,
1368 3692 1564 3762 inquit,
1589 3690 1684 3746 tibi
1714 3692 1848 3755 dies,

256 3801 383 3858 quae
414 3784 578 3855 longo
610 3792 850 3854 tempore
876 3783 1140 3854 praefinita
1169 3790 1254 3838 est
1284 3783 1338 3837 in
1370 3789 1440 3846 te,
1472 3789 1528 3837 et
1552 3788 1772 3851 propter
1799 3789 1853 3834 te

256 3878 632 3935 sacerdotium
681 3883 737 3931 et
779 3890 1005 3946 regnum
1052 3874 1257 3930 interiit
1296 3873 1478 3944 populi
1521 3871 1845 3927 Judaeorum.

254 3968 477 4025 Cidaris
509 3966 652 4020 enim
691 3964 900 4035 insigne
925 3962 1199 4033 pontificis
1227 3971 1310 4018 est
1336 3980 1351 4016 :
1381 3975 1606 4025 corona,
1637 3961 1739 4017 hoc
1767 3967 1853 4014 est

255 4059 536 4121 diadema,
582 4055 723 4125 regis
748 4054 1023 4116 indicium»,
1065 4068 1244 4107 nonne
1287 4052 1402 4107 haec
1438 4058 1522 4106 est
1560 4049 1760 4105 cidaris
1797 4055 1853 4103 et

254 4149 378 4203 haec
405 4161 632 4210 corona,
662 4161 784 4214 qum
808 4143 942 4199 nihil
967 4143 1096 4199 feeit
1114 4142 1339 4211 judicio,
1366 4141 1463 4197 sed
1490 4141 1558 4195 ad
1587 4139 1850 4194 imitatio-

256 4254 386 4293 nem
416 4238 563 4307 regis
586 4234 888 4306 Babylonii,
916 4247 1053 4303 quos
1076 4232 1291 4286 volebat
1322 4231 1612 4292 exaltabat,
1640 4238 1853 4298 etquos

253 4329 483 4385 volebat
507 4324 866 4381 humiliabat?
890 4323 1182 4393 Propterea
1213 4336 1322 4377 non
1358 4320 1550 4385 semel,
1580 4334 1681 4375 nec
1694 4319 1850 4390 juxta

252 4420 409 4477 LXX
446 4420 556 4485 bis,
587 4419 682 4475 sed
709 4418 872 4473 tertio
900 4417 1241 4487 iniquitatem
1270 4429 1464 4485 ponam
1494 4414 1587 4469 tibi
1626 4414 1681 4467 in
1721 4426 1849 4483 per-

1958 3266 1976 3298 ‹
2011 3249 2121 3303 eris
2150 3249 2327 3313 cibus,
2354 3247 2574 3318 sanguis
2612 3255 2735 3300 tuus
2762 3246 2867 3299 erit
2906 3244 2960 3297 in
2992 3245 3171 3297 medio
3201 3254 3379 3307 terrai,
3408 3241 3544 3296 obli-

1958 3356 1978 3389 ε
2012 3337 2159 3392 vioni
2204 3337 2455 3400 traderis,
2497 3335 2624 3404 quia
2668 3349 2768 3404 ego
2796 3334 3053 3389 Dominus
3086 3333 3295 3388 locutus
3336 3347 3477 3387 sum.
3518 3348 3541 3383 ν

1951 3427 2200 3483 Gladium
2230 3427 2376 3497 regis
2420 3424 2711 3495 Babylonis
2738 3422 2957 3478 stetisse
2999 3424 3052 3477 in
3098 3423 3277 3493 capite
3312 3422 3546 3478 duarum

1952 3518 2185 3583 viarum,
2203 3518 2258 3571 in
2290 3516 2528 3586 compito
2557 3515 2793 3570 dextera:
2817 3522 2875 3568 et
2909 3513 3173 3577 sinistras,
3206 3526 3436 3582 ψιωτιιη
3464 3511 3547 3565 al—

1952 3615 2067 3663 tera
2096 3607 2325 3662 ducebat
2371 3604 2688 3669 Jerusalem,
2745 3603 2912 3658 altera
2940 3603 3007 3657 ad
3031 3602 3277 3656 Rabbath
3309 3600 3543 3657 filiorum

1950 3703 2206 3766 Ammon,
2246 3709 2303 3757 et
2330 3701 2509 3756 exisse
2549 3707 2749 3755 sortem
2786 3707 2848 3752 ut
2886 3705 3133 3768 pergeret
3171 3696 3322 3766 prius
3351 3703 3541 3751 contra

1949 3792 2247 3849 Jerusalem
2270 3833 2284 3858 ,
2329 3805 2491 3860 supra
2533 3789 2782 3860 legimus,
2814 3789 2940 3858 quia
2969 3794 3272 3858 expugnata
3304 3793 3358 3841 et
3384 3795 3539 3855 capta

1952 3897 2176 3956 regnum
2217 3895 2432 3952 quoque
2454 3888 2510 3934 et
2537 3879 2896 3934 sacerdotium
2922 3877 3038 3947 ejus
3066 3877 3121 3931 in
3161 3885 3421 3931 aeternum
3448 3890 3541 3946 pe-

1952 3977 2089 4031 risse
2109 3973 2452 4046 praenuntiat.
2474 3969 2767 4026 Residuum
2789 3978 2906 4024 erat
2928 3968 3052 4024 filiis
3072 3967 3321 4033 Ammon,
3339 3976 3395 4022 et
3426 3967 3540 4037 ipse

1953 4062 2229 4119 divisionis
2265 4061 2398 4115 ordo
2422 4058 2703 4130 poscebat,
2733 4057 2864 4128 quid
2894 4057 2961 4112 de
2988 4056 3207 4111 sinistra
3237 4056 3322 4111 via
3338 4056 3538 4111 factum

1951 4161 2113 4210 esset.
2143 4152 2294 4207 [inde
2316 4152 2621 4220 imperatur
2640 4149 2916 4219 propheta
2938 4156 3000 4201 ut
3028 4147 3278 4217 loquatur
3309 4147 3376 4200 ad
3404 4146 3540 4205 illius

1954 4244 2184 4299 Ammon
2210 4249 2267 4297 et
2292 4242 2358 4296 ad
2403 4240 2752 4311 opprobrium
2793 4253 3003 4302 eorum,
3040 4236 3182 4306 quod
3223 4245 3277 4291 et
3322 4237 3423 4306 ipsi
3451 4251 3543 4292 επις

1951 4334 2133 4406 piendi
2161 4334 2290 4398 sint,
2315 4339 2371 4388 et
2395 4333 2461 4387 ad
2488 4332 2737 4386 eumdem
2759 4330 2994 4401 gladium
3011 4342 3315 4384 serrnonem
3338 4327 3537 4397 dirigit.

1953 4424 1999 4480 Ο
2027 4438 2233 4488 mucro,
2257 4422 2572 4492 mucro,qui
2596 4428 2816 4491 paratus
2843 4434 2903 4473 es
2932 4420 2997 4472 ad
3023 4418 3242 4479 aedem,
3270 4417 3361 4486 qui
3392 4417 3537 4475 lima-

252 4521 512 4582 Paulum:
538 4524 661 4578 (lim
684 4522 791 4562 “0"
815 4508 1002 4562 suum
1030 4506 1127 4562 ίίδί
1154 4514 1399 4577 νθρυωιδ
1426 4512 1532 4570 εει,
1562 4506 1658 4560 sed
1682 4505 1853 4560 donec
1876 4489 1930 4548 D
1956 4524 2042 4569 tus
2069 4521 2129 4567 ut
2153 4512 2356 4584 fulgeas
2381 4522 2435 4567 et
2464 4489 2761 4566 inter-licius
2780 4510 2806 4562 ?
2827 4507 2979 4562 Licet
3001 4507 3095 4561 tibi
3138 4506 3277 4560 idola
3319 4522 3536 4577 respon-

252 4603 448 4658 veniat
470 4600 722 4656 Christus
749 4600 903 4671 cujus
923 4607 1007 4655 est
1028 4598 1307 4668 judicium,
1325 4606 1382 4654 et
1406 4598 1583 4652 tradat
1609 4597 1658 4652 ei
1688 4597 1853 4653 Pater

251 4709 492 4766 nguina
531 4700 589 4747 et
629 4691 1016 4755 saeculotlum,
1059 4689 1145 4745 vel
1180 4688 1463 4744 ecclesiam
1502 4688 1570 4741 de
1603 4686 1852 4757 gentibus

251 4797 650 4861 congregatum
674 4801 690 4841 :
723 4805 744 4839 ι
779 4786 897 4842 Non
921 4787 1066 4843 enim
1093 4785 1256 4841 Pater
1277 4784 1485 4856 iudicat
1503 4798 1848 4854 quemquam,

251 4881 357 4938 sed
381 4892 548 4933 omne
571 4877 831 4949 judicium
857 4877 1001 4933 dedit
1032 4875 1167 4931 Filio
1195 4875 1376 4947 (Joan.
1405 4873 1483 4946 v).
1521 4894 1540 4926 ι
1576 4873 1642 4928 Et
1668 4874 1721 4928 in
1745 4873 1855 4929 alio

250 4971 420 5025 loco:
445 4987 467 5018 ς
498 4966 657 5033 Deus,
683 4967 776 5030 ait,
795 4965 1053 5035 judicium
1083 4973 1232 5019 tuum
1257 4964 1372 5035 regi
1393 4962 1483 5027 da,
1511 4971 1561 5018 et
1583 4962 1851 5031 justitiam

250 5070 417 5116 tuam
452 5056 567 5110 illic
589 5057 730 5128 regis
759 5056 929 5127 (Paul.
956 5054 1126 5128 Lxxt).
1157 5075 1175 5107 ι
1207 5055 1313 5111 iste
1337 5064 1422 5109 est
1449 5055 1534 5110 cui
1559 5055 1854 5125 repositum

251 5157 348 5205 est
384 5146 677 5216 imperium
704 5153 759 5201 et
786 5145 1148 5201 sacerdotium
1191 5145 1599 5214 sempiternum.
1645 5144 1722 5198 De
1748 5157 1856 5212 quo

253 5239 592 5310 loquebatur
611 5245 666 5292 et
685 5236 851 5291 Jaeob
880 5255 892 5290 :
926 5256 945 5287 α
972 5234 1087 5291 Non
1110 5234 1321 5291 deﬁciet
1340 5234 1588 5305 princeps
1607 5249 1674 5289 ex
1694 5231 1849 5299 Juda,

255 5343 450 5400 neque
483 5330 591 5383 dux
623 5329 691 5383 de
723 5328 1016 5384 femoribus
1044 5326 1178 5396 ejus,
1216 5327 1385 5382 donec
1408 5327 1591 5382 veniat
1631 5326 1716 5381 cui
1760 5341 1849 5380 re-

254 5420 510 5491 positum
544 5426 659 5482 est,
695 5426 753 5471 et
784 5418 899 5487 ipse
927 5418 1035 5472 erit
1066 5416 1397 5485 exspectatio
1421 5417 1658 5487 gentium
1697 5414 1853 5490 (Gen.

255 5508 445 5580 χιιι).
502 5527 520 5561 ι
581 5507 637 5562 In
684 5521 752 5562 eo
802 5508 919 5563 loco
961 5508 1052 5562 ubi
1108 5522 1205 5562 nos
1257 5506 1598 5577 interpretati
1645 5521 1853 5572 sumus,

264 5621 286 5653 σ
321 5600 521 5655 Nonne
556 5599 671 5654 inec
695 5606 807 5660 est,
846 5619 864 5651 ι
906 5598 1129 5669 pulchre
1164 5597 1439 5653 transtulit
1475 5596 1850 5667 Symmachus.

271 5714 296 5750 ι
332 5708 516 5765 neque
561 5691 696 5757 hoc,
748 5706 919 5765 neque
961 5691 1111 5746 illud.
1166 5711 1182 5742 ›
1245 5690 1380 5761 Quia
1425 5689 1570 5745 cnitn
1614 5689 1854 5760 dixerat,

1954 4606 2133 4661 derint
2149 4612 2204 4659 et
2222 4618 2421 4658 vanum
2443 4603 2516 4656 sit
2544 4615 2704 4656 omne
2743 4599 2886 4668 quod
2907 4614 2938 4652 a
2963 4597 3294 4652 daemonibus
3319 4612 3548 4668 rcspon.

1953 4699 2131 4761 detur,
2144 4704 2204 4749 ut
2216 4693 2463 4748 videlicet
2471 4691 2874 4746 vulneratorum
2892 4687 3191 4744 cervicibus
3204 4687 3547 4756 immineres,

1952 4796 2007 4844 et
2028 4802 2126 4860 per
2154 4795 2208 4841 te
2238 4784 2601 4854 compleretur
2644 4781 2789 4850 quod
2816 4779 2985 4835 multo
3010 4778 3268 4834 Dominus
3300 4785 3551 4849 tempore

1952 4879 2129 4935 fuerat
2158 4876 2540 4937 comminatus,
2580 4880 2761 4926 tamen
2801 4870 3016 4941 expleto
3057 4883 3221 4939 opere
3262 4878 3374 4933 tuo,
3396 4871 3544 4940 quod

1958 4971 2113 5043 egisti
2158 4977 2347 5024 contra
2392 4964 2532 5020 ﬁlios
2578 4963 2828 5027 Ammon,
2861 4971 3132 5017 revertere
3179 4961 3247 5016 ad
3290 4962 3545 5032 vaginam

1962 5070 2129 5125 tuam,
2159 5059 2213 5114 id
2244 5065 2328 5112 est
2358 5057 2411 5111 in
2440 5053 2787 5125 Babylonem,
2821 5052 2888 5107 ad
2917 5051 3094 5106 locum
3140 5052 3193 5105 in
3233 5067 3340 5122 quo
3364 5050 3541 5108 factus

1961 5165 2021 5206 es
2047 5158 2102 5204 et
2129 5156 2364 5212 creatus,
2402 5153 2462 5199 ut
2490 5146 2544 5200 in
2582 5153 2725 5198 terra
2754 5144 3054 5199 nativitatis
3089 5153 3192 5199 tua:
3221 5143 3454 5213 judieem
3484 5152 3543 5198 te

1960 5249 2016 5296 et
2042 5239 2310 5295 effundam
2337 5254 2501 5308 super
2525 5246 2577 5293 te
2606 5238 3023 5309 indignationem
3052 5249 3247 5299 meam,
3279 5241 3334 5288 et
3361 5232 3539 5287 Medo-

1956 5346 2075 5384 rum
2114 5339 2273 5399 atque
2318 5328 2607 5383 Persarum
2632 5328 2833 5382 virtute
2859 5325 3108 5396 capiaris.
3137 5322 3286 5390 Quod
3326 5321 3539 5390 plenius

1957 5421 2012 5474 in
2039 5419 2190 5474 Isaiae
2225 5419 2494 5474 volumine
2527 5419 2742 5482 dicitur,
2777 5418 2830 5472 in
2860 5416 3065 5472 visione
3087 5423 3273 5470 contra
3304 5411 3538 5481 Babylo-

1958 5523 2112 5564 iaetu:
2135 5527 2154 5559 ε
2176 5508 2315 5565 Ecce
2339 5523 2439 5580 ego
2463 5508 2736 5565 suscitabo
2764 5520 2925 5577 super
2948 5521 3041 5561 eos
3064 5503 3295 5557 Medos.»
3327 5501 3394 5556 Et
3420 5511 3539 5570 post

1958 5602 2228 5672 paululmn
2250 5619 2262 5654 :
2285 5602 2381 5657 «Et
2402 5602 2506 5656 erit
2520 5598 2752 5671 Babylon
2783 5596 2869 5652 illa
2896 5596 3127 5669 gloriosa
3153 5593 3205 5647 in
3232 5591 3429 5663 regnis,
3454 5593 3536 5646 in-

1961 5691 2103 5765 clyta
2135 5691 2185 5745 in
2218 5691 2464 5763 superbia
2490 5690 2888 5754 Chaldaeorum,
2929 5686 3065 5742 sicut
3090 5684 3352 5739 subvertit
3396 5682 3535 5740 Dcrs
