3954 6182
429 310 533 363 755

1112 306 1171 359 Β.
1213 303 1462 358 [MBAN]
1499 302 1712 357 MAURI
1749 296 2063 354 ARCHIEP.
2106 294 2415 351 MOGUNT.
2453 291 2736 348 OPERUM
2773 290 2950 344 PARS
2989 289 3052 342 ll.

3575 279 3682 339 735

430 426 718 480 Sodomam
759 430 814 476 et
839 418 1175 482 Gomorram,
1222 433 1327 471 non
1375 417 1704 470 habitabitur
1734 428 1900 482 usque
1946 413 1998 464 in
2028 415 2075 472 Α
2103 426 2180 474 es,
2209 418 2266 464 et
2293 408 2525 463 adorasti
2565 421 2726 475 epera
2754 420 3006 459 manuum
3044 412 3277 466 tuarum,
3308 412 3364 456 et
3390 405 3680 473 appropin-

435 515 593 569 liuem
623 513 754 584 (Isa.
787 511 928 580 xm).
965 528 983 559 ι
1023 508 1085 560 Ει
1111 506 1235 574 quia
1267 505 1432 558 semel
1460 504 1559 556 sub
1585 517 1810 572 persona
1838 499 1999 570 gladii

437 606 500 658 de
532 618 653 672 rege
680 643 694 665 ,
731 602 838 654 imo
873 613 1035 667 regno
1081 595 1369 665 Babylonis
1418 594 1764 661 loquebatur,
1821 596 2002 644 servat

433 696 728 768 μεταφορὰν.
777 693 832 744 In
859 692 997 760 igne,
1031 689 1222 756 inquit,
1253 687 1448 740 furoris
1470 686 1571 740 mei
1599 683 1823 738 sufflabo
1850 683 1904 736 in
1927 690 2000 745 te,

431 795 489 838 ut
533 785 723 838 faciam
757 791 807 835 te
843 783 963 851 igne
992 779 1258 842 consumi,
1305 787 1360 831 et
1406 777 1608 830 tradam
1660 777 1710 827 in
1760 773 2005 827 manibus

433 873 705 925 hominum
733 871 1016 924 stultorum
1044 877 1098 921 et
1142 867 1534 935 imperitorum,
1560 866 1652 933 qui
1680 872 1852 917 artem
1896 875 2001 915 non

434 963 630 1016 habent
653 962 880 1015 cudendi
901 961 1107 1030 gladios
1128 968 1182 1012 et
1210 958 1456 1021 acuendi,
1475 967 1534 1011 ut
1561 972 1895 1025 nequaquam
1919 954 2002 1008 ul-

433 1065 512 1105 tra
539 1053 769 1116 acnaris,
801 1052 1004 1104 timeris
1029 1058 1083 1103 et
1110 1049 1312 1119 fulgeas
1334 1049 1399 1101 ad
1424 1047 1796 1109 occidendum,
1817 1045 1910 1099 sed
1931 1044 2006 1098 sis

433 1142 588 1210 ignis,
615 1141 766 1194 cibus
813 1139 1136 1209 sanguisque
1181 1147 1327 1201 tuus,
1371 1151 1528 1204 quem
1572 1134 1752 1189 fudisti
1799 1134 2006 1188 cunctis

432 1232 820 1299 spectantibus,
838 1231 889 1283 in
914 1240 964 1283 te
979 1229 1156 1298 potius
1179 1228 1457 1290 redundet,
1474 1234 1530 1280 et
1549 1225 1777 1279 tradaris
1791 1232 2006 1277 internae

431 1321 706 1383 oblivioni,
736 1331 789 1374 et
822 1334 1011 1387 pereas
1040 1319 1090 1371 in
1123 1325 1457 1386 perpetuum,
1487 1316 1611 1384 quia
1635 1331 1727 1382 ego
1755 1313 2003 1365 Dominus

431 1409 633 1461 locutus
661 1425 794 1473 sum,
827 1405 978 1473 cujus
1002 1407 1201 1460 dixisse
1229 1405 1418 1460 fecisse
1443 1411 1544 1458 est.

1010 1515 1236 1570 CAPUT
1275 1513 1437 1568 XXII.

435 1607 616 1661 Sermo
647 1603 740 1661 Dei
777 1615 956 1658 contra
991 1603 1284 1659 Jerusalem
1314 1621 1407 1673 pro
1436 1604 1686 1672 e/fusione
1715 1603 2002 1673 sanguinis,

503 1687 548 1729 et
563 1680 757 1728 caeteris
778 1674 930 1727 molis
945 1689 963 1725 :
980 1675 1043 1727 de
1062 1673 1249 1743 populo
1264 1670 1538 1743 conflando
1560 1673 1690 1725 sicut
1715 1670 2002 1734 metallum,

2102 517 2268 571 quare
2307 500 2478 555 fecisti
2525 511 2735 568 tempus
2763 512 3028 552 annorum
3071 505 3308 560 tuorum,
3337 495 3481 563 quod
3511 493 3682 546 multo

2103 600 2341 659 tempore
2379 590 2656 644 dicebatur
2699 598 2757 642 et
2802 585 3147 642 differebatur
3183 593 3238 639 ut
3286 599 3477 654 ageres
3506 586 3684 652 pmui-

2103 681 2326 734 tentiam
2373 697 2388 732 :
2440 696 2459 730 ι
2506 678 2583 731 Τιι
2628 687 2804 732 autem
2849 677 3144 731 secundum
3189 676 3538 744 impmnitens
3585 690 3685 729 cor

2106 776 2252 822 tuum
2280 767 2616 822 thesaurizas
2650 767 2742 821 tibi
2776 767 2911 820 iram
2958 766 3010 819 in
3040 766 3179 819 diem
3211 766 3301 820 ira:
3330 763 3502 835 (Rom.
3534 765 3617 834 ιι).
3658 786 3677 817 ι

2103 856 2307 910 Idcirco
2354 855 2472 910 dedi
2520 865 2571 909 te
2598 856 2946 924 opprobrium
2991 857 3240 926 gentibus
3285 864 3339 909 et
3376 856 3680 910 illusionem

2103 947 2368 1000 universis
2393 946 2574 1011 terris,
2601 962 2720 1015 quae
2758 946 2810 999 in
2835 946 3062 1000 circuitu
3094 954 3184 998 tuo
3210 953 3365 1008 sunt,
3396 954 3506 997 tam
3529 943 3681 1010 juxta

2105 1051 2264 1106 quam
2293 1036 2512 1105 procul,
2541 1051 2660 1104 quae
2688 1034 3096 1104 triumphabunt
3120 1035 3187 1087 de
3223 1044 3275 1088 te
3317 1036 3432 1089 sive
3459 1035 3683 1088 illudent

2107 1125 2222 1179 tibi.
2258 1143 2275 1174 ι
2311 1123 2537 1178 Sordida
2579 1124 2791 1188 nobilis,
2825 1124 3042 1194 grandis
3086 1124 3325 1177 interitu.
3365 1144 3383 1176 ι
3427 1125 3683 1188 Sordida,

2105 1215 2230 1284 quia
2258 1214 2451 1268 munda
2487 1229 2607 1268 esse
2647 1214 2869 1278 desisti;
2914 1232 2934 1264 ι
2974 1214 3168 1269 nobilis
3199 1235 3217 1265 ι
3266 1214 3318 1268 in
3359 1214 3524 1277 malo,
3565 1231 3688 1284 qua:

2105 1304 2374 1372 quondam
2409 1303 2462 1356 in
2508 1304 2650 1358 bono
2695 1312 2917 1357 cunctas
2959 1303 3118 1357 urbes
3147 1304 3424 1357 nobilitate
3455 1321 3681 1373 supera-

2106 1392 2231 1457 bas;
2268 1411 2285 1443 ι
2317 1393 2534 1461 grandis
2565 1392 2807 1456 interitu,
2843 1412 2861 1443 ι
2894 1401 2956 1445 ιιι
2986 1401 3189 1460 quanto
3225 1393 3508 1448 sublimior
3537 1408 3682 1455 eras,

2109 1493 2255 1538 tanto
2298 1482 2491 1538 fortius
2536 1499 2742 1538 rueres.
2789 1484 2858 1537 Et
2899 1483 3114 1538 interim
3160 1493 3215 1536 nt
3244 1491 3434 1538 uetera
3465 1495 3685 1553 [meter-

2107 1577 2337 1642 tnittam,
2363 1591 2534 1646 pauca
2560 1577 2853 1630 numerabo
2875 1591 2994 1646 qua:
3018 1577 3071 1630 in
3097 1585 3148 1631 te
3175 1577 3390 1642 fuerint,
3417 1579 3686 1648 principes

2109 1667 2183 1720 tui
2213 1682 2320 1721 non
2344 1665 2555 1734 justitia
2587 1667 2680 1722 sed
2711 1667 2921 1722 roboris
2945 1677 3000 1722 et
3025 1669 3229 1722 brachii
3258 1668 3572 1723 fortitudine
3599 1668 3686 1736 ju-

505 1745 590 1798 ubi
615 1762 639 1798 ε
663 1755 682 1797 t
709 1747 796 1808 qui
827 1740 1335 1812 interponot'sepem,
1358 1740 1421 1795 de
1446 1740 1590 1795 leone
1621 1743 1870 1810 rugieule,
1896 1750 2000 1793 etc.

2109 1754 2370 1819 dicantes,
2414 1753 2666 1809 fuderunt
2713 1756 2767 1809 in
2797 1763 2849 1816 te
2895 1757 3167 1811 innoxium
3208 1759 3543 1828 sanguinem.
3585 1759 3686 1812 Alii

508 1877 526 1907 ι
560 1857 628 1911 Ει
651 1855 849 1910 factum
876 1863 959 1910 est
983 1857 1204 1909 verbum
1237 1853 1446 1906 Domini
1476 1854 1542 1906 ad
1574 1868 1660 1907 me
1687 1852 1873 1905 dicens
1901 1868 1913 1903 :
1944 1851 2009 1904 Et

438 1965 456 1997 ι
495 1956 574 2010 ιιι,
605 1946 676 1999 fili
718 1946 972 2008 hominis,
1019 1960 1192 1999 nonne
1231 1945 1440 2013 judicas
1480 1944 1752 1997 civitatem
1793 1941 2009 2012 sangui-

440 2055 458 2086 ι
495 2052 622 2090 num
639 2036 664 2089 ἲ
683 2037 751 2090 Ει
777 2037 1026 2091 ostendes
1047 2036 1094 2089 ei
1121 2050 1309 2090 omnes
1333 2035 1760 2089 abominationes
1784 2047 1931 2097 suas,
1956 2041 2010 2086 et

441 2144 461 2177 ι
497 2128 680 2182 dices:
710 2127 836 2180 Hmc
851 2127 980 2181 dicit
1009 2126 1266 2181 Dominus
1292 2127 1434 2180 Deus
1461 2144 1474 2179 :
1505 2126 1706 2179 Civitas
1733 2123 2010 2179 effundens

440 2236 460 2269 ι
497 2217 808 2288 sanguinem
847 2218 901 2270 in
941 2217 1116 2272 medio
1143 2217 1225 2270 sui
1256 2224 1316 2270 ut
1341 2216 1521 2269 veniat
1550 2224 1760 2285 tempus
1787 2213 1922 2282 ejus,
1954 2222 2011 2268 et

441 2329 460 2362 ι
493 2327 613 2380 qum
638 2310 765 2366 fecit
789 2310 929 2364 idola
960 2319 1146 2365 contra
1175 2310 1539 2378 semetipsam,
1568 2317 1628 2362 ut
1658 2309 2007 2378 pollueretur.

438 2420 457 2454 ι
492 2403 550 2456 ln
571 2403 827 2470 sanguine
848 2409 958 2466 tuo,
983 2402 1127 2470 quia
1151 2409 1204 2456 te
1219 2400 1418 2456 effusus
1439 2409 1543 2464 est,
1567 2400 1855 2469 deliquisti,
1878 2409 1931 2454 et
1957 2401 2008 2454 in

438 2510 458 2543 ι
495 2492 649 2546 idolis
671 2492 781 2546 tuis
798 2507 919 2562 quze
947 2489 1124 2546 fecisti
1153 2491 1354 2560 polluta
1387 2505 1477 2554 es,
1509 2500 1561 2543 et
1583 2491 2012 2560 appropinquare

437 2598 457 2631 ι
495 2579 669 2636 fecisti
697 2581 812 2636 dies
841 2591 979 2646 tuos,
1001 2589 1056 2636 et
1073 2580 1340 2635 adduxisti
1371 2587 1579 2649 tempus
1608 2596 1871 2633 annorum
1897 2590 2012 2633 tuo-

438 2688 458 2722 ι
494 2687 648 2736 rum;
676 2680 961 2740 propterea
989 2671 1112 2726 dedi
1139 2681 1189 2725 te
1216 2669 1557 2741 opprobrium
1583 2669 1831 2740 gentibus
1859 2678 1913 2723 et
1941 2670 2011 2722 ir-

439 2777 458 2809 ι
495 2760 752 2814 risionem
782 2761 1047 2815 universis
1073 2760 1263 2826 terris;
1301 2776 1420 2829 qua:
1450 2759 1602 2828 juxta
1648 2769 1774 2813 sunt
1801 2769 1855 2814 et
1893 2775 2012 2828 quae

436 2866 454 2898 ι
489 2848 678 2917 procul
693 2863 724 2901 a
739 2857 791 2902 te
817 2850 1220 2917 triumphabant
1236 2850 1301 2904 de
1315 2857 1384 2913 te,
1401 2849 1614 2904 sordida
1631 2849 1840 2913 nobilis,
1857 2864 2013 2916 gran-

435 2955 455 2988 ι
491 2937 574 2992 dis
595 2938 834 2992 interitu.
852 2938 990 2992 Ecce
1008 2937 1277 3008 principes
1295 2937 1480 3002 Israel,
1497 2937 1688 3008 singuli
1713 2938 1768 2991 in
1790 2937 2012 2992 brachio

435 3045 454 3078 ι
491 3042 589 3082 suo
617 3029 833 3082 fuerunt
861 3029 914 3082 in
941 3037 994 3082 te
1031 3029 1099 3082 ad
1131 3027 1509 3083 effundendum
1544 3028 1876 3096 sanguinem,
1913 3045 2009 3098 pa-

437 3135 456 3170 ι
496 3126 634 3172 trem
663 3126 720 3172 et
749 3126 972 3172 matrem
997 3118 1338 3173 contumeliis
1358 3118 1650 3173 affecerunt
1676 3119 1728 3172 in
1753 3128 1826 3185 te,
1853 3121 2012 3176 adve-

440 3225 460 3259 ι
496 3222 622 3261 nam
651 3207 961 3263 calumniati
985 3216 1110 3262 sunt
1150 3208 1203 3261 in
1231 3208 1406 3262 medio
1433 3209 1543 3272 tui,
1570 3209 1827 3278 pupillum
1857 3221 1912 3265 et
1937 3212 2014 3265 vi-

443 3318 462 3351 ι
499 3299 660 3354 duam
708 3299 1162 3354 contristaverunt
1208 3299 1346 3368 apud
1395 3308 1444 3354 te
1483 3318 1496 3354 :
1547 3302 1856 3355 sanctuaria
1895 3317 2013 3356 mea

441 3406 460 3440 ι
495 3388 770 3458 sprevistis
788 3429 804 3455 ,
840 3390 1060 3444 sabbata
1088 3404 1206 3443 mea
1231 3390 1514 3459 polluistis.
1544 3390 1658 3445 Viri
1683 3391 2014 3448 detractores

440 3495 460 3529 ι
496 3476 712 3533 fuerunt
738 3478 792 3532 in
821 3489 872 3534 te
900 3480 967 3534 ad
993 3479 1370 3535 effundendum
1405 3483 1742 3552 sanguinem,
1772 3492 1827 3537 et
1854 3500 2014 3553 super

438 3586 459 3620 ι
495 3577 704 3624 montes
731 3572 1078 3626 comederunt
1119 3571 1173 3626 in
1214 3582 1285 3626 te.
1336 3571 1522 3630 Scelus
1553 3576 1758 3644 operati
1805 3585 1929 3631 sunt
1957 3578 2011 3631 in

438 3677 458 3711 ι
496 3660 671 3714 medio
700 3661 796 3715 tui.
828 3661 1225 3717 Verecundiora
1253 3663 1421 3732 patris
1449 3664 1926 3734 discoopernerunt
1956 3668 2010 3723 in

441 3768 460 3801 ι
499 3760 572 3816 te,
601 3759 656 3804 et
684 3747 1082 3806 immunditiam
1110 3762 1456 3808 menstrualaa
1502 3755 1920 3810 bumiliaverunt
1956 3758 2010 3812 in

440 3856 460 3890 ι
499 3848 570 3892 te.
600 3839 1063 3911 Etunusquisqne
1111 3843 1165 3896 in
1195 3858 1420 3898 uxorem
1446 3845 1678 3914 proximi
1707 3846 1786 3900 sui
1816 3861 2010 3915 opera-

439 3945 458 3980 ι
498 3937 584 3982 tus
609 3936 695 3984 est
719 3929 1192 3998 abominationem,
1220 3943 1275 3988 et
1309 3948 1465 3988 socer
1491 3949 1689 3989 nurum
1713 3951 1863 3990 suam
1891 3937 2008 4006 pol-

443 4037 461 4069 ι
500 4018 622 4082 luit,
649 4017 854 4072 nefarie
884 4019 1054 4074 frater
1077 4037 1317 4078 sororem
1352 4040 1505 4078 suam
1535 4025 1698 4080 filiam
1728 4027 1896 4096 patris
1926 4028 2009 4082 sui

443 4124 462 4156 ι
497 4106 764 4174 oppressit
807 4107 863 4161 in
907 4115 978 4162 te.
1027 4109 1247 4166 Munera
1295 4123 1618 4184 acceperunt
1659 4117 1800 4184 apud
1848 4126 1899 4171 te
1941 4119 2010 4171 ad

442 4214 460 4247 ι
497 4195 872 4251 effundendum
897 4199 1230 4268 sanguinem,
1256 4215 1472 4255 usuram
1496 4211 1552 4257 et
1572 4204 2011 4272 superabundan-

439 4305 458 4337 ι
497 4286 626 4339 tiam
661 4287 912 4356 accepisti
942 4295 998 4342 et
1032 4303 1195 4343 avare
1231 4291 1503 4359 proximos
1541 4301 1660 4347 tuos
1684 4293 2008 4350 calumniata

441 4394 459 4426 ι
493 4391 574 4440 es,
601 4378 810 4448 meique
832 4377 998 4433 oblita
1025 4395 1108 4443 es,
1132 4379 1208 4433 ait
1235 4381 1493 4436 Dominus
1521 4383 1678 4438 Deus.
1692 4383 1833 4438 Ecce
1862 4400 2009 4440 com-

441 4487 460 4520 ι
496 4468 630 4538 plosi
672 4485 863 4525 manus
906 4487 1055 4527 meas
1095 4488 1255 4541 super
1301 4474 1526 4528 avaritia
1567 4483 1690 4540 tua,
1729 4491 1890 4545 quam
1930 4476 2008 4530 fe-

439 4578 458 4612 ι
497 4561 639 4626 cisti,
668 4571 724 4615 et
750 4577 912 4632 super
937 4563 1252 4634 sanguinem
1281 4564 1372 4632 qui
1402 4562 1601 4621 effusus
1627 4575 1712 4621 est
1752 4566 1806 4620 in
1834 4568 2008 4623 medio

438 4667 458 4699 ι
499 4651 593 4703 tui.
626 4649 873 4720 Nunquid
900 4653 1184 4707 sustinebit
1212 4669 1306 4708 cor
1331 4661 1503 4718 tuum,
1529 4662 1621 4708 aut
1647 4654 2010 4724 praevalebunt

441 4755 461 4790 ι
497 4753 688 4794 manus
727 4748 830 4794 tum
877 4741 930 4795 in
965 4741 1153 4798 diebus
1187 4758 1320 4813 quos
1358 4758 1458 4815 ego
1499 4745 1690 4800 faciam
1733 4745 1867 4800 tibi?
1909 4761 2009 4816 ego

440 4847 461 4880 ι
495 4827 753 4884 Dominus
778 4829 989 4891 loeutus
1023 4847 1142 4886 sum
1171 4841 1226 4888 et
1261 4832 1490 4897 faciam,
1531 4843 1586 4888 et
1624 4835 1925 4905 dispergam
1957 4844 2009 4889 te

440 4937 459 4970 ι
494 4918 549 4973 in
577 4919 838 4982 nationes,
869 4929 923 4973 et
960 4922 1230 4977 ventilabo
1259 4930 1309 4978 te
1344 4924 1400 4978 in
1443 4933 1633 4986 terras,
1677 4934 1732 4978 et
1773 4925 2006 4980 deficere

441 5028 458 5060 ι
496 5008 686 5064 faciam
724 5009 1112 5064 immunditiam
1145 5021 1289 5066 tuam
1316 5029 1343 5066 a
1374 5023 1443 5078 te,
1476 5023 1530 5067 et
1557 5014 1839 5084 possidebo
1868 5023 1918 5069 te
1952 5015 2006 5070 in

441 5119 457 5150 ι
495 5108 781 5169 conspectu
805 5102 1041 5170 gentium
1061 5141 1075 5166 ,
1118 5112 1174 5156 et
1217 5105 1354 5158 scies
1379 5107 1502 5174 quia
1531 5121 1630 5174 ego
1658 5107 1942 5169 Dominus,
1983 5127 2001 5159 ι

434 5203 536 5247 etc.
564 5191 832 5265 (Ηίενοη.)
886 5191 952 5246 Et
977 5201 1054 5258 tu,
1077 5195 1171 5258 ait,
1197 5195 1270 5248 fili
1297 5197 1546 5262 hominis,
1572 5207 1692 5251 utar
1715 5199 1857 5253 enim
1882 5215 2010 5253 con-

434 5290 586 5336 sueto
616 5283 683 5336 ad
722 5289 773 5336 te
815 5282 1091 5348 vocabulo,
1135 5282 1314 5352 judica
1362 5287 1632 5340 civitatem
1664 5289 2006 5357 sanguinum,

432 5380 488 5426 et
513 5373 738 5428 ostende
767 5370 841 5425 illi
867 5387 1055 5426 omnes
1076 5372 1498 5430 abominationes
1524 5392 1672 5442 suas,
1700 5385 1759 5430 ut
1787 5377 1923 5432 sciat
1951 5393 2009 5432 se

434 5461 805 5515 imminentem
847 5461 1217 5530 captivitatem
1265 5463 1460 5518 merito
1506 5465 1806 5529 sustinere,
1857 5473 1911 5520 et
1956 5466 2007 5520 in

437 5549 620 5604 multis
666 5549 1012 5620 sanguinibus
1065 5550 1355 5606 adduxisse
1397 5561 1608 5622 tempus
1657 5555 1826 5609 ruina:
1875 5571 2005 5618 suae,

434 5635 665 5703 primunt
704 5638 942 5694 omnium
985 5639 1245 5695 scelerum
1285 5656 1382 5710 pro
1425 5642 1531 5696 Deo
1575 5643 1712 5696 idola
1757 5653 2008 5697 venerata

2039 3095 2082 3155 C

2033 4435 2084 4494 D

2107 1854 2315 1911 patrem
2343 1852 2397 1897 et
2424 1853 2649 1898 matrem
2678 1845 3016 1900 contumeliis
3043 1846 3338 1900 affecerunt
3373 1848 3486 1900 sive
3517 1848 3684 1902 male-

2109 1936 2352 1989 dixerunt
2379 1936 2708 2004 parentibus,
2745 1935 3021 2006 Scriptura
3049 1937 3261 1991 dicente
3291 1955 3304 1990 :
3335 1957 3351 1987 ι
3384 1937 3486 2002 Qui
3512 1939 3678 1992 male-

2109 2027 2304 2080 dixerit
2327 2027 2466 2095 patri
2493 2035 2546 2079 et
2567 2026 2744 2089 matri,
2773 2037 2948 2082 morte
2977 2027 3254 2081 morietur.
3280 2047 3298 2078 ι
3321 2026 3598 2080 Advenam
3631 2041 3686 2080 ct

2109 2118 2447 2187 peregrinum
2473 2127 2858 2187 oppresserunt
2879 2119 2932 2172 in
2958 2119 3135 2173 medio
3161 2120 3255 2183 tui,
3279 2119 3434 2187 quasi
3458 2133 3561 2171 non
3587 2119 3692 2172 illis

2111 2205 2376 2260 sufﬁceret
2403 2221 2502 2275 pro
2529 2207 2675 2261 omni
2699 2207 2944 2277 angustia
2974 2207 3335 2276 peregrinatio
3353 2215 3409 2259 et
3437 2208 3688 2260 exsilium

2109 2297 2318 2365 patriae,
2353 2297 2610 2366 pupillum
2645 2305 2700 2352 et
2725 2297 2940 2352 viduam
2965 2298 3420 2352 eontristavernnt
3452 2298 3567 2350 sive
3593 2313 3688 2365 op-

2109 2396 2424 2454 presserunt
2451 2387 2594 2456 apud
2620 2395 2693 2451 te,
2721 2395 2783 2441 ut
2820 2402 3049 2456 quorum
3085 2401 3242 2440 omne
3271 2387 3581 2456 prmsidium
3611 2398 3692 2440 est

2113 2479 2166 2530 in
2191 2479 2364 2548 legum
2387 2478 2619 2548 justitia,
2651 2494 2757 2533 non
2785 2477 2955 2532 solum
2977 2477 3446 2539 contristarentur,
3471 2477 3564 2528 sed
3592 2490 3685 2544 0p-

2111 2571 2471 2639 primerentur
2499 2587 2529 2626 a
2571 2581 2644 2626 te.
2684 2570 3001 2626 Sanctuaria
3048 2586 3163 2624 mea
3196 2571 3306 2623 sive
3336 2579 3523 2623 sancta
3558 2585 3686 2624 con-

2114 2661 2426 2730 tempsistis,
2453 2671 2507 2715 et
2533 2661 2754 2715 sabbata
2786 2677 2903 2714 mea
2943 2660 3225 2730 polluistis.
3259 2669 3318 2712 ut
3343 2676 3450 2713 non
3483 2661 3683 2713 discer-

2114 2751 2314 2805 neretis
2330 2751 2470 2805 inter
2495 2761 2737 2806 sanetum
2755 2759 2809 2805 et
2831 2751 3106 2821 pollutum,
3137 2751 3276 2803 inter
3300 2750 3575 2804 decretum
3603 2765 3690 2802 re-

2112 2841 2294 2912 ligioni
2324 2841 2486 2905 diem,
2517 2843 2790 2911 otiumque
2827 2842 3057 2906 sabbati,
3088 2843 3153 2895 ad
3190 2841 3455 2894 culturam
3485 2842 3598 2903 Dei,
3638 2851 3688 2893 et

2113 2941 2334 2988 caeteros
2359 2933 2495 2998 dies,
2529 2934 2723 3002 quibus
2749 2934 2964 3002 operari
2989 2942 3044 2987 et
3069 2933 3272 2987 servire
3299 2933 3482 2986 carnis
3504 2947 3689 2985 neces-

2114 3024 2364 3079 sitatibus
2407 3023 2522 3094 lege
2567 3025 2885 3093 permissum
2927 3031 3027 3078 est.
3063 3040 3082 3074 ι
3118 3023 3229 3075 Viri
3267 3021 3622 3083 detractor-es,
3666 3041 3682 3070 ι

2115 3115 2227 3170 sive
2251 3115 2403 3182 juxta
2432 3113 2812 3185 Symmachum
2839 3123 2894 3167 et
2918 3113 3338 3168 Theodotionem
3371 3132 3390 3162 ι
3425 3111 3631 3176 dolosi,
3665 3132 3680 3162 ι

2113 3205 2256 3274 quod
2285 3205 2337 3258 in
2368 3203 2594 3259 Hebrteo
2621 3204 2820 3260 dicitur
2848 3203 3034 3263 rachii.
3055 3213 3111 3259 et
3129 3204 3412 3258 homicida:
3450 3213 3609 3257 erant
3636 3205 3685 3256 in

2113 3301 2186 3358 te,
2214 3301 2272 3346 ut
2299 3293 2733 3363 blasphemarent
2758 3293 2945 3358 Deum,
2969 3296 3083 3348 sive
3107 3302 3301 3348 cuncta
3321 3292 3446 3347 dolo
3471 3305 3686 3362 agerent

2113 3393 2206 3439 aut
2240 3385 2511 3440 violentia.
2565 3385 2630 3440 Et
2673 3387 3021 3441 comederunt
3060 3385 3116 3439 in
3157 3385 3433 3440 montibus
3461 3385 3571 3439 alta
3602 3402 3686 3439 sa-

2112 3477 2340 3546 pientes,
2368 3485 2423 3530 et
2443 3477 2636 3532 elevati
2663 3484 2847 3531 contra
2879 3477 3044 3530 Deum
3070 3475 3342 3545 superbia,
3370 3475 3553 3530 scelus
3580 3475 3686 3528 sive

2113 3567 2377 3621 incestum
2406 3567 2613 3636 operati
2643 3575 2770 3620 sunt
2799 3567 2853 3620 in
2885 3566 3061 3622 medio
3091 3567 3200 3630 tui,
3233 3573 3293 3617 ut
3325 3564 3471 3632 quod
3503 3565 3558 3616 in
3591 3577 3686 3616 au-

2111 3659 2248 3729 gulis
2290 3673 2502 3728 quoque
2548 3666 2601 3713 et
2648 3666 2856 3712 secreto
2898 3671 3020 3711 rare
3061 3656 3142 3720 fit,
3189 3655 3403 3723 quando
3451 3669 3481 3706 a
3536 3652 3686 3706 malis

2111 3747 2452 3802 conscientiae
2493 3747 2769 3802 hominum
2800 3747 3124 3808 devitantur,
3154 3745 3256 3798 hoc
3297 3752 3353 3796 tu
3401 3744 3452 3796 in
3500 3757 3687 3813 propa-

2111 3835 2223 3890 tulo
2251 3835 2460 3890 feceris.
2489 3835 2627 3902 Quid
2652 3837 2722 3890 sit
2749 3845 2930 3890 autem
2957 3835 3220 3889 incestmn
3254 3848 3489 3901 sequens
3515 3847 3689 3887 sermo

2111 3925 2410 3995 significat:
2442 3944 2460 3977 ι
2507 3924 2898 3982 Verecundiora
2926 3925 3094 3994 patris
3115 3924 3454 3978 nudaverunt
3481 3923 3536 3976 in
3565 3933 3638 3986 te,
3667 3941 3684 3974 ι

2111 4032 2356 4073 noverca:
2381 4027 2568 4072 contra
2597 4017 2678 4072 fas
2701 4026 2754 4072 et
2785 4017 2987 4072 licitum
3012 4017 3278 4087 copulati,
3315 4035 3333 4068 ι
3366 4027 3424 4071 et
3454 4018 3688 4070 immun-

2109 4110 2298 4164 ditiam
2329 4119 2674 4166 menstruatze
2701 4111 3121 4167 bumiliaverunt
3157 4112 3210 4166 in
3239 4120 3321 4176 te,
3368 4131 3385 4162 ι
3423 4128 3533 4166 non
3566 4128 3684 4181 par-

2109 4210 2296 4256 centes
2319 4211 2524 4256 natura:
2550 4217 2651 4256 nec
2685 4201 2929 4256 inducias
2957 4202 3148 4256 dantes
3171 4201 3510 4270 turpitudini,
3544 4211 3598 4256 et
3626 4203 3688 4254 ad

2110 4308 2334 4347 uxorem
2357 4293 2588 4362 proximi
2609 4293 2690 4348 sui
2723 4293 3120 4349 adhinnientes.
3147 4293 3410 4363 Quodque
3438 4294 3546 4348 hoc
3574 4309 3686 4350 sce-

2111 4383 2332 4437 leratius
2356 4392 2458 4448 est,
2479 4397 2633 4439 socer
2656 4384 2862 4440 exarsit
2887 4386 2942 4438 in
2967 4401 3180 4449 nurum,
3211 4392 3266 4440 et
3290 4384 3461 4439 frater
3489 4385 3686 4440 sororis

2105 4473 2226 4541 jura
2256 4473 2509 4538 nescivit,
2541 4483 2603 4528 ut
2629 4489 2736 4529 non
2762 4475 3026 4529 uterinam
3045 4514 3061 4540 ,
3101 4475 3194 4529 sed
3222 4475 3287 4529 de
3312 4475 3506 4529 eodem
3542 4485 3686 4546 patre

2111 4561 2334 4616 violaret
2362 4575 2624 4618 sororem.
2650 4563 2986 4631 Acceperunt
3011 4578 3235 4617 munera
3261 4570 3322 4618 ut
3347 4563 3684 4618 innocentem

2110 4651 2424 4720 sanguinem
2452 4650 2756 4716 funderent,
2785 4653 3159 4707 necessitatem
3189 4667 3486 4722 pauperum
3522 4661 3686 4707 verte.

2111 4746 2235 4792 rtmt
2257 4739 2311 4792 in
2338 4738 2569 4803 lucrum,
2595 4748 2654 4794 ut
2684 4755 2900 4794 usuram
2923 4740 3233 4810 acciperent
3259 4749 3315 4794 et
3355 4743 3684 4809 superabun-

2112 4829 2369 4896 dantiam,
2398 4840 2454 4885 et
2504 4839 2724 4900 propter
2777 4833 3059 4885 avaritiam
3116 4832 3320 4886 amicos
3377 4831 3682 4886 ralumniati

2107 4930 2251 4974 sunt.
2282 4920 2393 4975 Hoc
2421 4931 2620 4986 autem,
2648 4922 2839 4991 inquit,
2862 4921 3057 4986 fecisti,
3096 4939 3130 4977 ο
3175 4921 3540 4989 Hierusalem,
3572 4923 3681 4993 quia

2108 5013 2212 5064 mei
2254 5010 2419 5066 oblita
2457 5027 2556 5066 es:
2587 5013 2844 5066 memoria
2887 5013 3033 5066 enim
3075 5012 3168 5066 Dei
3217 5013 3456 5067 excludit
3499 5023 3680 5068 cuncta

2109 5100 2328 5172 ﬂagitia.
2377 5103 2526 5157 Unde
2570 5103 2807 5157 habitum
2834 5104 3044 5157 Domini
3081 5105 3361 5159 irascentis
3399 5108 3676 5176 assumpsi,

2111 5199 2164 5242 et
2191 5190 2448 5260 complosi
2495 5206 2686 5245 manus
2729 5207 2878 5246 meas
2905 5201 3093 5245 contra
3123 5193 3405 5247 avaritiam
3439 5205 3603 5258 tuam,
3632 5203 3681 5246 et.

2115 5288 2300 5333 contra
2324 5280 2665 5350 sanguinem,
2696 5282 2784 5350 qui
2816 5281 3016 5336 effusus
3058 5291 3141 5338 est
3183 5283 3239 5337 in
3285 5285 3465 5340 medio
3497 5286 3601 5348 tui,
3630 5294 3679 5335 ut

2116 5372 2379 5441 intelligas
2404 5381 2459 5426 et
2501 5382 2678 5427 mente
2720 5388 3015 5444 cognoscas
3049 5385 3228 5428 utrum
3271 5375 3357 5429 vel
3403 5378 3580 5430 animo
3606 5374 3678 5426 \‘t‘l

2115 5463 2362 5517 manibus
2405 5464 2581 5533 possis
2623 5479 2797 5519 meam
2839 5465 3172 5520 iracundiam
3199 5466 3486 5520 sustinere.
3522 5487 3537 5515 ‹
3576 5465 3680 5531 Ego

2113 5553 2255 5606 enim
2298 5553 2551 5610 Dominus
2584 5553 2796 5608 locutus
2842 5569 2996 5618 sum,
3041 5565 3096 5608 et
3137 5570 3236 5624 ego
3281 5553 3508 5616 faciam,
3559 5572 3574 5604 ι
3625 5561 3679 5602 ιιι

2117 5651 2395 5712 postquam
2424 5653 2572 5715 capta
2618 5644 2775 5699 fuerit
2816 5643 3138 5708 Jerusalem,
3190 5644 3490 5712 dispergam
3533 5650 3580 5694 tc
3626 5639 3672 5692 iu
