  <div class='ocr_page' id='page_1' title='image "/cluster/home/n/w/nwhite01/storage/ocr_20150623/110/hvd.32044054759758/374.png"; bbox 0 0 3954 6182; ppageno 0'>
   <div class='ocr_carea' id='block_1_1' title="bbox 241 313 342 370">
    <p class='ocr_par' dir='ltr' id='par_1_1' title="bbox 241 313 342 370">
     <span class='ocr_line' id='line_1_1' title="bbox 241 313 342 370; baseline 0.069 -6"><span class='ocrx_word' id='word_1_1' title='bbox 241 313 342 370; x_wconf 73' lang='grc'><strong>757</strong></span> 
     </span>
    </p>
   </div>
   <div class='ocr_carea' id='block_1_2' title="bbox 1199 312 2554 372">
    <p class='ocr_par' dir='ltr' id='par_1_2' title="bbox 1199 312 2554 372">
     <span class='ocr_line' id='line_1_2' title="bbox 1199 312 2554 372; baseline -0.001 -1"><span class='ocrx_word' id='word_1_2' title='bbox 1199 315 1552 372; x_wconf 78' lang='lat' dir='ltr'><strong>COMMENT.</strong></span> <span class='ocrx_word' id='word_1_3' title='bbox 1595 315 1661 369; x_wconf 83' lang='lat' dir='ltr'><strong>IN</strong></span> <span class='ocrx_word' id='word_1_4' title='bbox 1701 312 2151 369; x_wconf 82' lang='lat' dir='ltr'><strong>EZECIIIELEM.</strong></span> <span class='ocrx_word' id='word_1_5' title='bbox 2189 343 2258 352; x_wconf 89' lang='lat'><strong>—-</strong></span> <span class='ocrx_word' id='word_1_6' title='bbox 2295 314 2421 368; x_wconf 86' lang='lat' dir='ltr'><strong>LIB.</strong></span> <span class='ocrx_word' id='word_1_7' title='bbox 2464 314 2554 369; x_wconf 76' lang='lat' dir='ltr'><strong>IX.</strong></span> 
     </span>
    </p>
   </div>
   <div class='ocr_carea' id='block_1_3' title="bbox 3398 315 3500 368">
    <p class='ocr_par' dir='ltr' id='par_1_3' title="bbox 3398 315 3500 368">
     <span class='ocr_line' id='line_1_3' title="bbox 3398 315 3500 368; baseline 0.02 -2"><span class='ocrx_word' id='word_1_8' title='bbox 3398 315 3500 368; x_wconf 72' lang='lat'><strong>738</strong></span> 
     </span>
    </p>
   </div>
   <div class='ocr_carea' id='block_1_4' title="bbox 237 400 3499 496">
    <p class='ocr_par' dir='ltr' id='par_1_4' title="bbox 237 400 3499 496">
     <span class='ocr_line' id='line_1_4' title="bbox 237 400 3499 496; baseline -0.002 -15"><span class='ocrx_word' id='word_1_9' title='bbox 237 430 508 489; x_wconf 83' lang='lat' dir='ltr'><strong>nationes,</strong></span> <span class='ocrx_word' id='word_1_10' title='bbox 539 437 594 481; x_wconf 91' lang='lat' dir='ltr'><strong>et</strong></span> <span class='ocrx_word' id='word_1_11' title='bbox 621 427 876 481; x_wconf 85' lang='lat' dir='ltr'><strong>ventilem</strong></span> <span class='ocrx_word' id='word_1_12' title='bbox 923 426 978 480; x_wconf 89' lang='lat' dir='ltr'><strong>in</strong></span> <span class='ocrx_word' id='word_1_13' title='bbox 1007 441 1186 481; x_wconf 86' lang='lat' dir='ltr'><strong>aerem</strong></span> <span class='ocrx_word' id='word_1_14' title='bbox 1215 427 1367 496; x_wconf 86' lang='lat' dir='ltr'><strong>quasi</strong></span> <span class='ocrx_word' id='word_1_15' title='bbox 1404 425 1617 480; x_wconf 85' lang='lat' dir='ltr'><strong>inutiles</strong></span> <span class='ocrx_word' id='word_1_16' title='bbox 1648 424 1828 494; x_wconf 89' lang='lat' dir='ltr'><strong>paleas</strong></span> <span class='ocrx_word' id='word_1_17' title='bbox 1857 429 1902 484; x_wconf 75' lang='grc' dir='ltr'><strong>Α</strong></span> <span class='ocrx_word' id='word_1_18' title='bbox 1933 400 2182 476; x_wconf 82' lang='lat' dir='ltr'><strong>sermone</strong></span> <span class='ocrx_word' id='word_1_19' title='bbox 2222 431 2382 492; x_wconf 87' lang='lat' dir='ltr'><strong>atque</strong></span> <span class='ocrx_word' id='word_1_20' title='bbox 2409 424 2621 492; x_wconf 87' lang='lat' dir='ltr'><strong>eloquio</strong></span> <span class='ocrx_word' id='word_1_21' title='bbox 2647 430 3018 492; x_wconf 78' lang='lat' dir='ltr'><strong>susceperunt,</strong></span> <span class='ocrx_word' id='word_1_22' title='bbox 3047 429 3108 477; x_wconf 89' lang='lat' dir='ltr'><strong>ut</strong></span> <span class='ocrx_word' id='word_1_23' title='bbox 3137 422 3280 492; x_wconf 86' lang='lat' dir='ltr'><strong>quod</strong></span> <span class='ocrx_word' id='word_1_24' title='bbox 3320 435 3499 478; x_wconf 85' lang='lat' dir='ltr'><strong>meme</strong></span> 
     </span>
    </p>
   </div>
   <div class='ocr_carea' id='block_1_5' title="bbox 241 514 1826 587">
    <p class='ocr_par' dir='ltr' id='par_1_5' title="bbox 241 514 1826 587">
     <span class='ocr_line' id='line_1_5' title="bbox 241 514 1826 587; baseline -0.004 -15"><span class='ocrx_word' id='word_1_25' title='bbox 241 522 350 572; x_wconf 87' lang='lat' dir='ltr'><strong>huc</strong></span> <span class='ocrx_word' id='word_1_26' title='bbox 396 519 626 587; x_wconf 83' lang='lat' dir='ltr'><strong>illucque</strong></span> <span class='ocrx_word' id='word_1_27' title='bbox 670 517 973 587; x_wconf 89' lang='lat' dir='ltr'><strong>rapiendas.</strong></span> <span class='ocrx_word' id='word_1_28' title='bbox 1021 517 1312 585; x_wconf 72' lang='lat' dir='ltr'><strong>Tantzeque</strong></span> <span class='ocrx_word' id='word_1_29' title='bbox 1355 514 1654 570; x_wconf 62' lang='lat' dir='ltr'><strong>clementiae</strong></span> <span class='ocrx_word' id='word_1_30' title='bbox 1685 528 1826 578; x_wconf 86' lang='lat' dir='ltr'><strong>sum,</strong></span> 
     </span>
    </p>
   </div>
   <div class='ocr_carea' id='block_1_6' title="bbox 239 604 1828 663">
    <p class='ocr_par' dir='ltr' id='par_1_6' title="bbox 239 604 1828 663">
     <span class='ocr_line' id='line_1_6' title="bbox 239 604 1828 663; baseline -0.003 -3"><span class='ocrx_word' id='word_1_31' title='bbox 239 620 298 662; x_wconf 87' lang='lat' dir='ltr'><strong>ut</strong></span> <span class='ocrx_word' id='word_1_32' title='bbox 316 609 522 663; x_wconf 64' lang='lat' dir='ltr'><strong>sa&#39;vitia</strong></span> <span class='ocrx_word' id='word_1_33' title='bbox 546 622 665 661; x_wconf 89' lang='lat' dir='ltr'><strong>mea</strong></span> <span class='ocrx_word' id='word_1_34' title='bbox 687 615 931 661; x_wconf 90' lang='lat' dir='ltr'><strong>vertatur</strong></span> <span class='ocrx_word' id='word_1_35' title='bbox 948 607 999 660; x_wconf 93' lang='lat' dir='ltr'><strong>in</strong></span> <span class='ocrx_word' id='word_1_36' title='bbox 1017 606 1462 660; x_wconf 87' lang='lat' dir='ltr'><strong>misericordiam.</strong></span> <span class='ocrx_word' id='word_1_37' title='bbox 1479 604 1668 659; x_wconf 86' lang='lat' dir='ltr'><strong>Omnia</strong></span> <span class='ocrx_word' id='word_1_38' title='bbox 1683 604 1828 658; x_wconf 90' lang='lat' dir='ltr'><strong>enim</strong></span> 
     </span>
    </p>
   </div>
   <div class='ocr_carea' id='block_1_7' title="bbox 240 694 1828 763">
    <p class='ocr_par' dir='ltr' id='par_1_7' title="bbox 240 694 1828 763">
     <span class='ocr_line' id='line_1_7' title="bbox 240 694 1828 763; baseline 0.001 -16"><span class='ocrx_word' id='word_1_39' title='bbox 240 699 442 750; x_wconf 85' lang='lat' dir='ltr'><strong>faciam</strong></span> <span class='ocrx_word' id='word_1_40' title='bbox 473 707 531 749; x_wconf 85' lang='grc' dir='ltr'><strong>ιιι</strong></span> <span class='ocrx_word' id='word_1_41' title='bbox 568 695 784 749; x_wconf 85' lang='lat' dir='ltr'><strong>deficiat</strong></span> <span class='ocrx_word' id='word_1_42' title='bbox 823 695 1160 748; x_wconf 90' lang='lat' dir='ltr'><strong>immunditia</strong></span> <span class='ocrx_word' id='word_1_43' title='bbox 1190 705 1278 748; x_wconf 90' lang='lat' dir='ltr'><strong>tua</strong></span> <span class='ocrx_word' id='word_1_44' title='bbox 1310 711 1340 749; x_wconf 90' lang='lat' dir='ltr'><strong>a</strong></span> <span class='ocrx_word' id='word_1_45' title='bbox 1385 704 1466 756; x_wconf 91' lang='lat' dir='ltr'><strong>te,</strong></span> <span class='ocrx_word' id='word_1_46' title='bbox 1514 703 1568 748; x_wconf 91' lang='lat' dir='ltr'><strong>et</strong></span> <span class='ocrx_word' id='word_1_47' title='bbox 1599 694 1828 763; x_wconf 82' lang='lat' dir='ltr'><strong>recipias</strong></span> 
     </span>
    </p>
   </div>
   <div class='ocr_carea' id='block_1_8' title="bbox 237 785 1828 856">
    <p class='ocr_par' dir='ltr' id='par_1_8' title="bbox 237 785 1828 856">
     <span class='ocr_line' id='line_1_8' title="bbox 237 785 1828 856; baseline 0 -16"><span class='ocrx_word' id='word_1_48' title='bbox 237 789 527 856; x_wconf 75' lang='lat' dir='ltr'><strong>pristinam</strong></span> <span class='ocrx_word' id='word_1_49' title='bbox 555 787 863 856; x_wconf 83' lang='lat' dir='ltr'><strong>puritatem,</strong></span> <span class='ocrx_word' id='word_1_50' title='bbox 888 801 1048 855; x_wconf 88' lang='lat' dir='ltr'><strong>quam</strong></span> <span class='ocrx_word' id='word_1_51' title='bbox 1077 803 1198 840; x_wconf 89' lang='lat' dir='ltr'><strong>cum</strong></span> <span class='ocrx_word' id='word_1_52' title='bbox 1231 788 1519 855; x_wconf 87' lang='lat' dir='ltr'><strong>receperis,</strong></span> <span class='ocrx_word' id='word_1_53' title='bbox 1548 785 1828 856; x_wconf 85' lang='lat' dir='ltr'><strong>possidebo</strong></span> 
     </span>
    </p>
   </div>
   <div class='ocr_carea' id='block_1_9' title="bbox 241 877 1830 948">
    <p class='ocr_par' dir='ltr' id='par_1_9' title="bbox 241 877 1830 948">
     <span class='ocr_line' id='line_1_9' title="bbox 241 877 1830 948; baseline 0.003 -19"><span class='ocrx_word' id='word_1_54' title='bbox 241 888 294 929; x_wconf 82' lang='lat' dir='ltr'><strong>te</strong></span> <span class='ocrx_word' id='word_1_55' title='bbox 327 877 380 928; x_wconf 89' lang='lat' dir='ltr'><strong>in</strong></span> <span class='ocrx_word' id='word_1_56' title='bbox 406 885 697 943; x_wconf 85' lang='lat' dir='ltr'><strong>conspectu</strong></span> <span class='ocrx_word' id='word_1_57' title='bbox 725 877 963 930; x_wconf 90' lang='lat' dir='ltr'><strong>omnium</strong></span> <span class='ocrx_word' id='word_1_58' title='bbox 992 879 1250 947; x_wconf 76' lang='lat' dir='ltr'><strong>gentium,</strong></span> <span class='ocrx_word' id='word_1_59' title='bbox 1297 886 1356 931; x_wconf 92' lang='lat' dir='ltr'><strong>ut</strong></span> <span class='ocrx_word' id='word_1_60' title='bbox 1384 894 1507 932; x_wconf 90' lang='lat' dir='ltr'><strong>cum</strong></span> <span class='ocrx_word' id='word_1_61' title='bbox 1531 894 1558 930; x_wconf 91' lang='lat' dir='ltr'><strong>a</strong></span> <span class='ocrx_word' id='word_1_62' title='bbox 1592 894 1677 932; x_wconf 90' lang='lat' dir='ltr'><strong>me</strong></span> <span class='ocrx_word' id='word_1_63' title='bbox 1705 894 1830 948; x_wconf 86' lang='lat' dir='ltr'><strong>pos-</strong></span> 
     </span>
    </p>
   </div>
   <div class='ocr_carea' id='block_1_10' title="bbox 238 955 1825 1038">
    <p class='ocr_par' dir='ltr' id='par_1_10' title="bbox 238 955 1825 1038">
     <span class='ocr_line' id='line_1_10' title="bbox 238 955 1825 1038; baseline 0.001 -16"><span class='ocrx_word' id='word_1_64' title='bbox 238 985 393 1022; x_wconf 83' lang='lat' dir='ltr'><strong>sessa</strong></span> <span class='ocrx_word' id='word_1_65' title='bbox 430 968 614 1030; x_wconf 86' lang='lat' dir='ltr'><strong>fueris,</strong></span> <span class='ocrx_word' id='word_1_66' title='bbox 650 975 776 1022; x_wconf 90' lang='lat' dir='ltr'><strong>tunc</strong></span> <span class='ocrx_word' id='word_1_67' title='bbox 805 955 1072 1038; x_wconf 67' lang='lat' dir='ltr'><strong>intelligas</strong></span> <span class='ocrx_word' id='word_1_68' title='bbox 1100 970 1242 1037; x_wconf 92' lang='lat' dir='ltr'><strong>quod</strong></span> <span class='ocrx_word' id='word_1_69' title='bbox 1277 970 1389 1038; x_wconf 88' lang='lat' dir='ltr'><strong>ipse</strong></span> <span class='ocrx_word' id='word_1_70' title='bbox 1417 971 1516 1024; x_wconf 89' lang='lat' dir='ltr'><strong>sim</strong></span> <span class='ocrx_word' id='word_1_71' title='bbox 1550 969 1825 1023; x_wconf 82' lang='lat' dir='ltr'><strong>Dominus.</strong></span> 
     </span>
    </p>
   </div>
   <div class='ocr_carea' id='block_1_11' title="bbox 319 1059 1824 1126">
    <p class='ocr_par' dir='ltr' id='par_1_11' title="bbox 319 1059 1824 1126">
     <span class='ocr_line' id='line_1_11' title="bbox 319 1059 1824 1126; baseline 0.001 -16"><span class='ocrx_word' id='word_1_72' title='bbox 319 1081 336 1110; x_wconf 84' lang='grc' dir='ltr'><strong>ι</strong></span> <span class='ocrx_word' id='word_1_73' title='bbox 385 1062 451 1114; x_wconf 80' lang='lat' dir='ltr'><strong>Et</strong></span> <span class='ocrx_word' id='word_1_74' title='bbox 482 1061 679 1114; x_wconf 87' lang='lat' dir='ltr'><strong>factum</strong></span> <span class='ocrx_word' id='word_1_75' title='bbox 709 1069 794 1114; x_wconf 91' lang='lat' dir='ltr'><strong>est</strong></span> <span class='ocrx_word' id='word_1_76' title='bbox 831 1060 1050 1112; x_wconf 88' lang='lat' dir='ltr'><strong>verbum</strong></span> <span class='ocrx_word' id='word_1_77' title='bbox 1100 1059 1312 1113; x_wconf 91' lang='lat' dir='ltr'><strong>Domini</strong></span> <span class='ocrx_word' id='word_1_78' title='bbox 1344 1061 1410 1113; x_wconf 88' lang='lat' dir='ltr'><strong>ad</strong></span> <span class='ocrx_word' id='word_1_79' title='bbox 1440 1075 1546 1126; x_wconf 91' lang='lat' dir='ltr'><strong>me,</strong></span> <span class='ocrx_word' id='word_1_80' title='bbox 1589 1060 1778 1114; x_wconf 88' lang='lat' dir='ltr'><strong>dicens</strong></span> <span class='ocrx_word' id='word_1_81' title='bbox 1811 1077 1824 1112; x_wconf 90' lang='lat'><strong>:</strong></span> 
     </span>
    </p>
   </div>
   <div class='ocr_carea' id='block_1_12' title="bbox 245 1151 1830 1214">
    <p class='ocr_par' dir='ltr' id='par_1_12' title="bbox 245 1151 1830 1214">
     <span class='ocr_line' id='line_1_12' title="bbox 245 1151 1830 1214; baseline 0.003 -11"><span class='ocrx_word' id='word_1_82' title='bbox 245 1172 264 1203; x_wconf 82' lang='grc' dir='ltr'><strong>ι</strong></span> <span class='ocrx_word' id='word_1_83' title='bbox 302 1153 406 1206; x_wconf 85' lang='lat' dir='ltr'><strong>Fili</strong></span> <span class='ocrx_word' id='word_1_84' title='bbox 437 1152 692 1214; x_wconf 87' lang='lat' dir='ltr'><strong>hominis,</strong></span> <span class='ocrx_word' id='word_1_85' title='bbox 736 1166 891 1205; x_wconf 90' lang='lat' dir='ltr'><strong>versa</strong></span> <span class='ocrx_word' id='word_1_86' title='bbox 931 1162 1011 1204; x_wconf 90' lang='lat' dir='ltr'><strong>est</strong></span> <span class='ocrx_word' id='word_1_87' title='bbox 1044 1151 1174 1204; x_wconf 89' lang='lat' dir='ltr'><strong>mihi</strong></span> <span class='ocrx_word' id='word_1_88' title='bbox 1217 1153 1405 1206; x_wconf 86' lang='lat' dir='ltr'><strong>domus</strong></span> <span class='ocrx_word' id='word_1_89' title='bbox 1433 1152 1595 1207; x_wconf 85' lang='lat' dir='ltr'><strong>Israel</strong></span> <span class='ocrx_word' id='word_1_90' title='bbox 1625 1154 1676 1206; x_wconf 91' lang='lat' dir='ltr'><strong>in</strong></span> <span class='ocrx_word' id='word_1_91' title='bbox 1710 1168 1830 1207; x_wconf 90' lang='lat' dir='ltr'><strong>sco-</strong></span> 
     </span>
    </p>
   </div>
   <div class='ocr_carea' id='block_1_13' title="bbox 245 1243 1830 1314">
    <p class='ocr_par' dir='ltr' id='par_1_13' title="bbox 245 1243 1830 1314">
     <span class='ocr_line' id='line_1_13' title="bbox 245 1243 1830 1314; baseline 0.003 -20"><span class='ocrx_word' id='word_1_92' title='bbox 245 1265 262 1294; x_wconf 83' lang='grc' dir='ltr'><strong>ι</strong></span> <span class='ocrx_word' id='word_1_93' title='bbox 302 1249 464 1299; x_wconf 85' lang='lat' dir='ltr'><strong>riam.</strong></span> <span class='ocrx_word' id='word_1_94' title='bbox 490 1244 688 1300; x_wconf 87' lang='lat' dir='ltr'><strong>Omnes</strong></span> <span class='ocrx_word' id='word_1_95' title='bbox 714 1244 797 1298; x_wconf 89' lang='lat' dir='ltr'><strong>isti</strong></span> <span class='ocrx_word' id='word_1_96' title='bbox 825 1258 898 1297; x_wconf 69' lang='lat' dir='ltr'><strong>ms</strong></span> <span class='ocrx_word' id='word_1_97' title='bbox 919 1253 971 1296; x_wconf 91' lang='lat' dir='ltr'><strong>et</strong></span> <span class='ocrx_word' id='word_1_98' title='bbox 999 1253 1247 1298; x_wconf 89' lang='lat' dir='ltr'><strong>stannum</strong></span> <span class='ocrx_word' id='word_1_99' title='bbox 1273 1251 1326 1297; x_wconf 90' lang='lat' dir='ltr'><strong>et</strong></span> <span class='ocrx_word' id='word_1_100' title='bbox 1349 1243 1548 1298; x_wconf 89' lang='lat' dir='ltr'><strong>ferrum</strong></span> <span class='ocrx_word' id='word_1_101' title='bbox 1575 1253 1631 1298; x_wconf 90' lang='lat' dir='ltr'><strong>et</strong></span> <span class='ocrx_word' id='word_1_102' title='bbox 1657 1244 1830 1314; x_wconf 91' lang='lat' dir='ltr'><strong>plum-</strong></span> 
     </span>
    </p>
   </div>
   <div class='ocr_carea' id='block_1_14' title="bbox 244 1335 1825 1406">
    <p class='ocr_par' dir='ltr' id='par_1_14' title="bbox 244 1335 1825 1406">
     <span class='ocr_line' id='line_1_14' title="bbox 244 1335 1825 1406; baseline 0.001 -19"><span class='ocrx_word' id='word_1_103' title='bbox 244 1358 262 1387; x_wconf 83' lang='grc' dir='ltr'><strong>ι</strong></span> <span class='ocrx_word' id='word_1_104' title='bbox 304 1339 434 1391; x_wconf 87' lang='lat' dir='ltr'><strong>bum</strong></span> <span class='ocrx_word' id='word_1_105' title='bbox 483 1339 535 1390; x_wconf 92' lang='lat' dir='ltr'><strong>in</strong></span> <span class='ocrx_word' id='word_1_106' title='bbox 569 1336 744 1390; x_wconf 91' lang='lat' dir='ltr'><strong>medio</strong></span> <span class='ocrx_word' id='word_1_107' title='bbox 775 1335 1032 1398; x_wconf 78' lang='lat' dir='ltr'><strong>fornacis,</strong></span> <span class='ocrx_word' id='word_1_108' title='bbox 1071 1336 1244 1389; x_wconf 91' lang='lat' dir='ltr'><strong>seoria</strong></span> <span class='ocrx_word' id='word_1_109' title='bbox 1269 1336 1474 1406; x_wconf 78' lang='lat' dir='ltr'><strong>argenti</strong></span> <span class='ocrx_word' id='word_1_110' title='bbox 1515 1335 1642 1390; x_wconf 91' lang='lat' dir='ltr'><strong>facti</strong></span> <span class='ocrx_word' id='word_1_111' title='bbox 1682 1343 1825 1390; x_wconf 90' lang='lat' dir='ltr'><strong>sunt.</strong></span> 
     </span>
    </p>
   </div>
   <div class='ocr_carea' id='block_1_15' title="bbox 245 1423 1827 1495">
    <p class='ocr_par' dir='ltr' id='par_1_15' title="bbox 245 1423 1827 1495">
     <span class='ocr_line' id='line_1_15' title="bbox 245 1423 1827 1495; baseline 0.002 -21"><span class='ocrx_word' id='word_1_112' title='bbox 245 1446 262 1474; x_wconf 80' lang='grc' dir='ltr'><strong>ι</strong></span> <span class='ocrx_word' id='word_1_113' title='bbox 302 1425 599 1495; x_wconf 82' lang='lat' dir='ltr'><strong>Propterea</strong></span> <span class='ocrx_word' id='word_1_114' title='bbox 632 1441 745 1480; x_wconf 68' lang='lat' dir='ltr'><strong>nam</strong></span> <span class='ocrx_word' id='word_1_115' title='bbox 775 1425 904 1478; x_wconf 87' lang='lat' dir='ltr'><strong>dicit</strong></span> <span class='ocrx_word' id='word_1_116' title='bbox 932 1425 1188 1477; x_wconf 88' lang='lat' dir='ltr'><strong>Dominus</strong></span> <span class='ocrx_word' id='word_1_117' title='bbox 1217 1425 1377 1486; x_wconf 91' lang='lat' dir='ltr'><strong>Deus,</strong></span> <span class='ocrx_word' id='word_1_118' title='bbox 1418 1440 1484 1478; x_wconf 92' lang='lat' dir='ltr'><strong>eo</strong></span> <span class='ocrx_word' id='word_1_119' title='bbox 1507 1425 1649 1494; x_wconf 92' lang='lat' dir='ltr'><strong>quod</strong></span> <span class='ocrx_word' id='word_1_120' title='bbox 1685 1423 1827 1478; x_wconf 84' lang='lat' dir='ltr'><strong>versi</strong></span> 
     </span>
    </p>
   </div>
   <div class='ocr_carea' id='block_1_16' title="bbox 245 1516 1830 1587">
    <p class='ocr_par' dir='ltr' id='par_1_16' title="bbox 245 1516 1830 1587">
     <span class='ocr_line' id='line_1_16' title="bbox 245 1516 1830 1587; baseline 0.004 -23"><span class='ocrx_word' id='word_1_121' title='bbox 245 1537 262 1564; x_wconf 80' lang='grc' dir='ltr'><strong>ι</strong></span> <span class='ocrx_word' id='word_1_122' title='bbox 299 1518 437 1570; x_wconf 86' lang='lat' dir='ltr'><strong>estis</strong></span> <span class='ocrx_word' id='word_1_123' title='bbox 466 1531 652 1570; x_wconf 91' lang='lat' dir='ltr'><strong>omnes</strong></span> <span class='ocrx_word' id='word_1_124' title='bbox 691 1518 744 1568; x_wconf 91' lang='lat' dir='ltr'><strong>in</strong></span> <span class='ocrx_word' id='word_1_125' title='bbox 777 1517 1040 1576; x_wconf 90' lang='lat' dir='ltr'><strong>scoriam,</strong></span> <span class='ocrx_word' id='word_1_126' title='bbox 1085 1516 1288 1569; x_wconf 89' lang='lat' dir='ltr'><strong>idcirco</strong></span> <span class='ocrx_word' id='word_1_127' title='bbox 1323 1531 1449 1570; x_wconf 91' lang='lat' dir='ltr'><strong>ecce</strong></span> <span class='ocrx_word' id='word_1_128' title='bbox 1475 1531 1574 1587; x_wconf 92' lang='lat' dir='ltr'><strong>ego</strong></span> <span class='ocrx_word' id='word_1_129' title='bbox 1607 1531 1830 1587; x_wconf 86' lang='lat' dir='ltr'><strong>congre-</strong></span> 
     </span>
    </p>
   </div>
   <div class='ocr_carea' id='block_1_17' title="bbox 245 1605 1829 1678">
    <p class='ocr_par' dir='ltr' id='par_1_17' title="bbox 245 1605 1829 1678">
     <span class='ocr_line' id='line_1_17' title="bbox 245 1605 1829 1678; baseline 0.003 -22"><span class='ocrx_word' id='word_1_130' title='bbox 245 1626 262 1656; x_wconf 83' lang='grc' dir='ltr'><strong>ι</strong></span> <span class='ocrx_word' id='word_1_131' title='bbox 303 1609 447 1678; x_wconf 84' lang='lat' dir='ltr'><strong>gabo</strong></span> <span class='ocrx_word' id='word_1_132' title='bbox 476 1623 580 1661; x_wconf 79' lang='lat' dir='ltr'><strong>vos~</strong></span> <span class='ocrx_word' id='word_1_133' title='bbox 611 1608 665 1660; x_wconf 92' lang='lat' dir='ltr'><strong>in</strong></span> <span class='ocrx_word' id='word_1_134' title='bbox 713 1607 889 1660; x_wconf 90' lang='lat' dir='ltr'><strong>medio</strong></span> <span class='ocrx_word' id='word_1_135' title='bbox 930 1605 1229 1659; x_wconf 82' lang='lat' dir='ltr'><strong>Jerusalem</strong></span> <span class='ocrx_word' id='word_1_136' title='bbox 1275 1607 1690 1676; x_wconf 80' lang='lat' dir='ltr'><strong>congregatione</strong></span> <span class='ocrx_word' id='word_1_137' title='bbox 1740 1622 1829 1660; x_wconf 89' lang='lat' dir='ltr'><strong>ar-</strong></span> 
     </span>
    </p>
   </div>
   <div class='ocr_carea' id='block_1_18' title="bbox 246 1697 1828 1768">
    <p class='ocr_par' dir='ltr' id='par_1_18' title="bbox 246 1697 1828 1768">
     <span class='ocr_line' id='line_1_18' title="bbox 246 1697 1828 1768; baseline 0.003 -21"><span class='ocrx_word' id='word_1_138' title='bbox 246 1719 264 1747; x_wconf 77' lang='grc' dir='ltr'><strong>ι</strong></span> <span class='ocrx_word' id='word_1_139' title='bbox 305 1699 452 1768; x_wconf 85' lang='lat' dir='ltr'><strong>genti</strong></span> <span class='ocrx_word' id='word_1_140' title='bbox 481 1706 534 1752; x_wconf 90' lang='lat' dir='ltr'><strong>et</strong></span> <span class='ocrx_word' id='word_1_141' title='bbox 571 1699 692 1753; x_wconf 72' lang='lat' dir='ltr'><strong>teris</strong></span> <span class='ocrx_word' id='word_1_142' title='bbox 721 1707 773 1752; x_wconf 90' lang='lat' dir='ltr'><strong>et</strong></span> <span class='ocrx_word' id='word_1_143' title='bbox 817 1697 942 1752; x_wconf 88' lang='lat' dir='ltr'><strong>ferri</strong></span> <span class='ocrx_word' id='word_1_144' title='bbox 982 1706 1034 1752; x_wconf 91' lang='lat' dir='ltr'><strong>et</strong></span> <span class='ocrx_word' id='word_1_145' title='bbox 1075 1698 1274 1761; x_wconf 89' lang='lat' dir='ltr'><strong>stanni,</strong></span> <span class='ocrx_word' id='word_1_146' title='bbox 1305 1705 1359 1751; x_wconf 90' lang='lat' dir='ltr'><strong>et</strong></span> <span class='ocrx_word' id='word_1_147' title='bbox 1385 1697 1586 1766; x_wconf 89' lang='lat' dir='ltr'><strong>plumbi</strong></span> <span class='ocrx_word' id='word_1_148' title='bbox 1633 1698 1685 1752; x_wconf 90' lang='lat' dir='ltr'><strong>in</strong></span> <span class='ocrx_word' id='word_1_149' title='bbox 1716 1713 1828 1752; x_wconf 85' lang='lat' dir='ltr'><strong>me-</strong></span> 
     </span>
    </p>
   </div>
   <div class='ocr_carea' id='block_1_19' title="bbox 1929 512 3501 584">
    <p class='ocr_par' dir='ltr' id='par_1_19' title="bbox 1929 512 3501 584">
     <span class='ocr_line' id='line_1_19' title="bbox 1929 512 3501 584; baseline 0.001 -19"><span class='ocrx_word' id='word_1_150' title='bbox 1929 513 2312 580; x_wconf 91' lang='lat' dir='ltr'><strong>conceperint,</strong></span> <span class='ocrx_word' id='word_1_151' title='bbox 2377 513 2559 568; x_wconf 82' lang='lat' dir='ltr'><strong>verbis</strong></span> <span class='ocrx_word' id='word_1_152' title='bbox 2615 513 2902 583; x_wconf 76' lang='lat' dir='ltr'><strong>explicent.</strong></span> <span class='ocrx_word' id='word_1_153' title='bbox 2963 513 3039 567; x_wconf 89' lang='lat' dir='ltr'><strong>De</strong></span> <span class='ocrx_word' id='word_1_154' title='bbox 3083 520 3306 584; x_wconf 85' lang='lat' dir='ltr'><strong>argento</strong></span> <span class='ocrx_word' id='word_1_155' title='bbox 3366 512 3501 582; x_wconf 88' lang='lat' dir='ltr'><strong>legi-</strong></span> 
     </span>
    </p>
   </div>
   <div class='ocr_carea' id='block_1_20' title="bbox 1929 601 3498 674">
    <p class='ocr_par' dir='ltr' id='par_1_20' title="bbox 1929 601 3498 674">
     <span class='ocr_line' id='line_1_20' title="bbox 1929 601 3498 674; baseline 0 -20"><span class='ocrx_word' id='word_1_156' title='bbox 1929 616 2080 665; x_wconf 87' lang='lat' dir='ltr'><strong>mus,</strong></span> <span class='ocrx_word' id='word_1_157' title='bbox 2124 620 2142 651; x_wconf 82' lang='grc' dir='ltr'><strong>ι</strong></span> <span class='ocrx_word' id='word_1_158' title='bbox 2179 601 2399 670; x_wconf 86' lang='lat' dir='ltr'><strong>Eloquia</strong></span> <span class='ocrx_word' id='word_1_159' title='bbox 2447 603 2696 666; x_wconf 88' lang='lat' dir='ltr'><strong>Domini,</strong></span> <span class='ocrx_word' id='word_1_160' title='bbox 2735 602 2944 670; x_wconf 80' lang='lat' dir='ltr'><strong>eloquia</strong></span> <span class='ocrx_word' id='word_1_161' title='bbox 2995 609 3178 664; x_wconf 87' lang='lat' dir='ltr'><strong>casta,</strong></span> <span class='ocrx_word' id='word_1_162' title='bbox 3217 610 3498 674; x_wconf 79' lang='lat' dir='ltr'><strong>argentum</strong></span> 
     </span>
    </p>
   </div>
   <div class='ocr_carea' id='block_1_21' title="bbox 1929 689 3505 760">
    <p class='ocr_par' dir='ltr' id='par_1_21' title="bbox 1929 689 3505 760">
     <span class='ocr_line' id='line_1_21' title="bbox 1929 689 3505 760; baseline -0.001 -17"><span class='ocrx_word' id='word_1_163' title='bbox 1929 689 2052 758; x_wconf 83' lang='lat' dir='ltr'><strong>igne</strong></span> <span class='ocrx_word' id='word_1_164' title='bbox 2097 690 2484 756; x_wconf 79' lang='lat' dir='ltr'><strong>examinatum,</strong></span> <span class='ocrx_word' id='word_1_165' title='bbox 2531 692 2812 759; x_wconf 88' lang='lat' dir='ltr'><strong>probatum</strong></span> <span class='ocrx_word' id='word_1_166' title='bbox 2863 701 3041 754; x_wconf 69' lang='lat' dir='ltr'><strong>terrae,</strong></span> <span class='ocrx_word' id='word_1_167' title='bbox 3087 697 3371 760; x_wconf 86' lang='lat' dir='ltr'><strong>purgatum</strong></span> <span class='ocrx_word' id='word_1_168' title='bbox 3417 703 3505 743; x_wconf 87' lang='lat' dir='ltr'><strong>se—</strong></span> 
     </span>
    </p>
   </div>
   <div class='ocr_carea' id='block_1_22' title="bbox 1927 776 3498 850">
    <p class='ocr_par' dir='ltr' id='par_1_22' title="bbox 1927 776 3498 850">
     <span class='ocr_line' id='line_1_22' title="bbox 1927 776 3498 850; baseline 0.001 -19"><span class='ocrx_word' id='word_1_169' title='bbox 1927 777 2173 848; x_wconf 90' lang='lat' dir='ltr'><strong>ptuplum</strong></span> <span class='ocrx_word' id='word_1_170' title='bbox 2202 795 2253 843; x_wconf 71' lang='lat' dir='ltr'><strong>;i</strong></span> <span class='ocrx_word' id='word_1_171' title='bbox 2282 776 2350 832; x_wconf 89' lang='lat' dir='ltr'><strong>de</strong></span> <span class='ocrx_word' id='word_1_172' title='bbox 2371 794 2502 832; x_wconf 84' lang='lat' dir='ltr'><strong>auro</strong></span> <span class='ocrx_word' id='word_1_173' title='bbox 2560 779 2809 834; x_wconf 84' lang='lat' dir='ltr'><strong>similiter</strong></span> <span class='ocrx_word' id='word_1_174' title='bbox 2863 787 2917 832; x_wconf 93' lang='lat' dir='ltr'><strong>et</strong></span> <span class='ocrx_word' id='word_1_175' title='bbox 2963 789 3184 850; x_wconf 90' lang='lat' dir='ltr'><strong>argento</strong></span> <span class='ocrx_word' id='word_1_176' title='bbox 3230 779 3498 850; x_wconf 78' lang='lat' dir='ltr'><strong>sexagesi-</strong></span> 
     </span>
    </p>
   </div>
   <div class='ocr_carea' id='block_1_23' title="bbox 1928 867 3498 937">
    <p class='ocr_par' dir='ltr' id='par_1_23' title="bbox 1928 867 3498 937">
     <span class='ocr_line' id='line_1_23' title="bbox 1928 867 3498 937; baseline 0.003 -19"><span class='ocrx_word' id='word_1_177' title='bbox 1928 881 2049 922; x_wconf 85' lang='lat' dir='ltr'><strong>mus</strong></span> <span class='ocrx_word' id='word_1_178' title='bbox 2099 868 2358 936; x_wconf 90' lang='lat' dir='ltr'><strong>septimus</strong></span> <span class='ocrx_word' id='word_1_179' title='bbox 2408 869 2648 923; x_wconf 89' lang='lat' dir='ltr'><strong>continet</strong></span> <span class='ocrx_word' id='word_1_180' title='bbox 2692 867 2936 922; x_wconf 88' lang='lat' dir='ltr'><strong>Psalmus</strong></span> <span class='ocrx_word' id='word_1_181' title='bbox 2981 869 3031 922; x_wconf 91' lang='lat' dir='ltr'><strong>in</strong></span> <span class='ocrx_word' id='word_1_182' title='bbox 3079 883 3185 936; x_wconf 91' lang='lat' dir='ltr'><strong>quo</strong></span> <span class='ocrx_word' id='word_1_183' title='bbox 3239 869 3498 937; x_wconf 86' lang='lat' dir='ltr'><strong>scriptum</strong></span> 
     </span>
    </p>
   </div>
   <div class='ocr_carea' id='block_1_24' title="bbox 1928 955 3502 1025">
    <p class='ocr_par' dir='ltr' id='par_1_24' title="bbox 1928 955 3502 1025">
     <span class='ocr_line' id='line_1_24' title="bbox 1928 955 3502 1025; baseline 0.001 -17"><span class='ocrx_word' id='word_1_184' title='bbox 1928 965 2010 1010; x_wconf 89' lang='lat' dir='ltr'><strong>est</strong></span> <span class='ocrx_word' id='word_1_185' title='bbox 2043 970 2058 1008; x_wconf 88' lang='lat'><strong>:</strong></span> <span class='ocrx_word' id='word_1_186' title='bbox 2087 955 2144 1010; x_wconf 88' lang='lat' dir='ltr'><strong>Si</strong></span> <span class='ocrx_word' id='word_1_187' title='bbox 2183 956 2514 1011; x_wconf 88' lang='lat' dir='ltr'><strong>dormieritis</strong></span> <span class='ocrx_word' id='word_1_188' title='bbox 2553 957 2694 1010; x_wconf 86' lang='lat' dir='ltr'><strong>inter</strong></span> <span class='ocrx_word' id='word_1_189' title='bbox 2731 957 2936 1010; x_wconf 90' lang='lat' dir='ltr'><strong>medios</strong></span> <span class='ocrx_word' id='word_1_190' title='bbox 2974 956 3148 1011; x_wconf 84' lang='lat' dir='ltr'><strong>cteros</strong></span> <span class='ocrx_word' id='word_1_191' title='bbox 3187 972 3377 1025; x_wconf 79' lang='lat' dir='ltr'><strong>pennae</strong></span> <span class='ocrx_word' id='word_1_192' title='bbox 3411 972 3502 1010; x_wconf 91' lang='lat' dir='ltr'><strong>co-</strong></span> 
     </span>
    </p>
   </div>
   <div class='ocr_carea' id='block_1_25' title="bbox 1927 1043 3501 1114">
    <p class='ocr_par' dir='ltr' id='par_1_25' title="bbox 1927 1043 3501 1114">
     <span class='ocr_line' id='line_1_25' title="bbox 1927 1043 3501 1114; baseline 0.003 -18"><span class='ocrx_word' id='word_1_193' title='bbox 1927 1043 2122 1098; x_wconf 60' lang='lat' dir='ltr'><strong>lumbae</strong></span> <span class='ocrx_word' id='word_1_194' title='bbox 2182 1045 2563 1114; x_wconf 76' lang='lat' dir='ltr'><strong>deargentatm,</strong></span> <span class='ocrx_word' id='word_1_195' title='bbox 2621 1053 2675 1099; x_wconf 89' lang='lat' dir='ltr'><strong>et</strong></span> <span class='ocrx_word' id='word_1_196' title='bbox 2720 1046 3020 1113; x_wconf 86' lang='lat' dir='ltr'><strong>posteriora</strong></span> <span class='ocrx_word' id='word_1_197' title='bbox 3075 1047 3188 1099; x_wconf 87' lang='lat' dir='ltr'><strong>sive</strong></span> <span class='ocrx_word' id='word_1_198' title='bbox 3243 1047 3501 1101; x_wconf 86' lang='lat' dir='ltr'><strong>interiora</strong></span> 
     </span>
    </p>
   </div>
   <div class='ocr_carea' id='block_1_26' title="bbox 1928 1131 3500 1202">
    <p class='ocr_par' dir='ltr' id='par_1_26' title="bbox 1928 1131 3500 1202">
     <span class='ocr_line' id='line_1_26' title="bbox 1928 1131 3500 1202; baseline 0.001 -16"><span class='ocrx_word' id='word_1_199' title='bbox 1928 1133 2070 1186; x_wconf 81' lang='lat' dir='ltr'><strong>dorsi</strong></span> <span class='ocrx_word' id='word_1_200' title='bbox 2103 1131 2220 1200; x_wconf 86' lang='lat' dir='ltr'><strong>ejus</strong></span> <span class='ocrx_word' id='word_1_201' title='bbox 2271 1134 2325 1186; x_wconf 91' lang='lat' dir='ltr'><strong>in</strong></span> <span class='ocrx_word' id='word_1_202' title='bbox 2369 1134 2549 1187; x_wconf 91' lang='lat' dir='ltr'><strong>virore</strong></span> <span class='ocrx_word' id='word_1_203' title='bbox 2597 1143 2687 1186; x_wconf 89' lang='lat' dir='ltr'><strong>aut</strong></span> <span class='ocrx_word' id='word_1_204' title='bbox 2719 1133 2921 1202; x_wconf 87' lang='lat' dir='ltr'><strong>pallore</strong></span> <span class='ocrx_word' id='word_1_205' title='bbox 2963 1135 3099 1188; x_wconf 88' lang='lat' dir='ltr'><strong>auri.</strong></span> <span class='ocrx_word' id='word_1_206' title='bbox 3137 1135 3323 1189; x_wconf 88' lang='lat' dir='ltr'><strong>Omnis</strong></span> <span class='ocrx_word' id='word_1_207' title='bbox 3357 1136 3500 1189; x_wconf 88' lang='lat' dir='ltr'><strong>enim</strong></span> 
     </span>
    </p>
   </div>
   <div class='ocr_carea' id='block_1_27' title="bbox 1926 1221 3498 1292">
    <p class='ocr_par' dir='ltr' id='par_1_27' title="bbox 1926 1221 3498 1292">
     <span class='ocr_line' id='line_1_27' title="bbox 1926 1221 3498 1292; baseline 0.002 -18"><span class='ocrx_word' id='word_1_208' title='bbox 1926 1221 2099 1290; x_wconf 88' lang='lat' dir='ltr'><strong>gloria</strong></span> <span class='ocrx_word' id='word_1_209' title='bbox 2122 1221 2244 1276; x_wconf 80' lang='lat' dir='ltr'><strong>filiae</strong></span> <span class='ocrx_word' id='word_1_210' title='bbox 2281 1223 2423 1292; x_wconf 90' lang='lat' dir='ltr'><strong>regis</strong></span> <span class='ocrx_word' id='word_1_211' title='bbox 2468 1222 2810 1284; x_wconf 88' lang='lat' dir='ltr'><strong>intrinsecus,</strong></span> <span class='ocrx_word' id='word_1_212' title='bbox 2847 1237 2966 1290; x_wconf 70' lang='lat' dir='ltr'><strong>quae</strong></span> <span class='ocrx_word' id='word_1_213' title='bbox 3007 1222 3246 1291; x_wconf 90' lang='lat' dir='ltr'><strong>loquitur</strong></span> <span class='ocrx_word' id='word_1_214' title='bbox 3274 1223 3325 1276; x_wconf 90' lang='lat' dir='ltr'><strong>in</strong></span> <span class='ocrx_word' id='word_1_215' title='bbox 3356 1224 3498 1278; x_wconf 89' lang='lat' dir='ltr'><strong>Can—</strong></span> 
     </span>
    </p>
   </div>
   <div class='ocr_carea' id='block_1_28' title="bbox 1929 1313 3500 1368">
    <p class='ocr_par' dir='ltr' id='par_1_28' title="bbox 1929 1313 3500 1368">
     <span class='ocr_line' id='line_1_28' title="bbox 1929 1313 3500 1368; baseline 0.001 -2"><span class='ocrx_word' id='word_1_216' title='bbox 1929 1313 2036 1367; x_wconf 91' lang='lat' dir='ltr'><strong>tico</strong></span> <span class='ocrx_word' id='word_1_217' title='bbox 2068 1313 2400 1367; x_wconf 86' lang='lat' dir='ltr'><strong>canticorum</strong></span> <span class='ocrx_word' id='word_1_218' title='bbox 2443 1330 2456 1365; x_wconf 89' lang='lat'><strong>:</strong></span> <span class='ocrx_word' id='word_1_219' title='bbox 2494 1331 2512 1363; x_wconf 82' lang='grc' dir='ltr'><strong>ι</strong></span> <span class='ocrx_word' id='word_1_220' title='bbox 2550 1313 2850 1367; x_wconf 81' lang='lat' dir='ltr'><strong>Introduxit</strong></span> <span class='ocrx_word' id='word_1_221' title='bbox 2878 1329 2960 1367; x_wconf 92' lang='lat' dir='ltr'><strong>me</strong></span> <span class='ocrx_word' id='word_1_222' title='bbox 2991 1329 3081 1367; x_wconf 86' lang='lat' dir='ltr'><strong>rex</strong></span> <span class='ocrx_word' id='word_1_223' title='bbox 3115 1315 3165 1367; x_wconf 92' lang='lat' dir='ltr'><strong>in</strong></span> <span class='ocrx_word' id='word_1_224' title='bbox 3198 1315 3500 1368; x_wconf 86' lang='lat' dir='ltr'><strong>cubiculum</strong></span> 
     </span>
    </p>
   </div>
   <div class='ocr_carea' id='block_1_29' title="bbox 1928 1402 3503 1472">
    <p class='ocr_par' dir='ltr' id='par_1_29' title="bbox 1928 1402 3503 1472">
     <span class='ocr_line' id='line_1_29' title="bbox 1928 1402 3503 1472; baseline 0.002 -16"><span class='ocrx_word' id='word_1_225' title='bbox 1928 1417 2103 1456; x_wconf 87' lang='lat' dir='ltr'><strong>suum.</strong></span> <span class='ocrx_word' id='word_1_226' title='bbox 2136 1421 2156 1454; x_wconf 84' lang='grc'>›</span> <span class='ocrx_word' id='word_1_227' title='bbox 2188 1402 2288 1469; x_wconf 86' lang='lat' dir='ltr'><strong>Qui</strong></span> <span class='ocrx_word' id='word_1_228' title='bbox 2318 1404 2459 1457; x_wconf 92' lang='lat' dir='ltr'><strong>inter</strong></span> <span class='ocrx_word' id='word_1_229' title='bbox 2482 1404 2586 1457; x_wconf 90' lang='lat' dir='ltr'><strong>duo</strong></span> <span class='ocrx_word' id='word_1_230' title='bbox 2606 1404 2892 1457; x_wconf 89' lang='lat' dir='ltr'><strong>&#39;dormierit</strong></span> <span class='ocrx_word' id='word_1_231' title='bbox 2910 1413 2965 1458; x_wconf 92' lang='lat' dir='ltr'><strong>et</strong></span> <span class='ocrx_word' id='word_1_232' title='bbox 2988 1405 3313 1472; x_wconf 86' lang='lat' dir='ltr'><strong>requieverit</strong></span> <span class='ocrx_word' id='word_1_233' title='bbox 3341 1414 3503 1460; x_wconf 87' lang='lat' dir='ltr'><strong>testa-</strong></span> 
     </span>
    </p>
   </div>
   <div class='ocr_carea' id='block_1_30' title="bbox 1928 1492 3505 1564">
    <p class='ocr_par' dir='ltr' id='par_1_30' title="bbox 1928 1492 3505 1564">
     <span class='ocr_line' id='line_1_30' title="bbox 1928 1492 3505 1564; baseline 0.001 -17"><span class='ocrx_word' id='word_1_234' title='bbox 1928 1501 2140 1557; x_wconf 89' lang='lat' dir='ltr'><strong>menta,</strong></span> <span class='ocrx_word' id='word_1_235' title='bbox 2167 1493 2348 1547; x_wconf 89' lang='lat' dir='ltr'><strong>statim</strong></span> <span class='ocrx_word' id='word_1_236' title='bbox 2378 1492 2667 1560; x_wconf 87' lang='lat' dir='ltr'><strong>assumpsit</strong></span> <span class='ocrx_word' id='word_1_237' title='bbox 2707 1507 2908 1561; x_wconf 85' lang='lat' dir='ltr'><strong>pennas</strong></span> <span class='ocrx_word' id='word_1_238' title='bbox 2955 1494 3213 1546; x_wconf 69' lang='lat' dir='ltr'><strong>columbae</strong></span> <span class='ocrx_word' id='word_1_239' title='bbox 3248 1495 3505 1564; x_wconf 82' lang='lat' dir='ltr'><strong>deargen—</strong></span> 
     </span>
    </p>
   </div>
   <div class='ocr_carea' id='block_1_31' title="bbox 1929 1581 3504 1652">
    <p class='ocr_par' dir='ltr' id='par_1_31' title="bbox 1929 1581 3504 1652">
     <span class='ocr_line' id='line_1_31' title="bbox 1929 1581 3504 1652; baseline 0.001 -16"><span class='ocrx_word' id='word_1_240' title='bbox 1929 1589 2054 1636; x_wconf 63' lang='lat' dir='ltr'><strong>tata:</strong></span> <span class='ocrx_word' id='word_1_241' title='bbox 2079 1582 2303 1651; x_wconf 87' lang='lat' dir='ltr'><strong>aurique</strong></span> <span class='ocrx_word' id='word_1_242' title='bbox 2328 1581 2382 1634; x_wconf 90' lang='lat' dir='ltr'><strong>in</strong></span> <span class='ocrx_word' id='word_1_243' title='bbox 2417 1582 2595 1636; x_wconf 88' lang='lat' dir='ltr'><strong>cordis</strong></span> <span class='ocrx_word' id='word_1_244' title='bbox 2625 1583 2879 1636; x_wconf 89' lang='lat' dir='ltr'><strong>thesauro</strong></span> <span class='ocrx_word' id='word_1_245' title='bbox 2912 1582 3115 1652; x_wconf 90' lang='lat' dir='ltr'><strong>fulgore</strong></span> <span class='ocrx_word' id='word_1_246' title='bbox 3141 1583 3388 1638; x_wconf 88' lang='lat' dir='ltr'><strong>radiabit.</strong></span> <span class='ocrx_word' id='word_1_247' title='bbox 3422 1584 3504 1638; x_wconf 89' lang='lat' dir='ltr'><strong>Ad</strong></span> 
     </span>
    </p>
   </div>
   <div class='ocr_carea' id='block_1_32' title="bbox 1929 1670 3502 1742">
    <p class='ocr_par' dir='ltr' id='par_1_32' title="bbox 1929 1670 3502 1742">
     <span class='ocr_line' id='line_1_32' title="bbox 1929 1670 3502 1742; baseline 0.003 -19"><span class='ocrx_word' id='word_1_248' title='bbox 1929 1670 2069 1725; x_wconf 92' lang='lat' dir='ltr'><strong>hunc</strong></span> <span class='ocrx_word' id='word_1_249' title='bbox 2096 1687 2312 1726; x_wconf 89' lang='lat' dir='ltr'><strong>sensum</strong></span> <span class='ocrx_word' id='word_1_250' title='bbox 2347 1686 2470 1726; x_wconf 89' lang='lat' dir='ltr'><strong>reor</strong></span> <span class='ocrx_word' id='word_1_251' title='bbox 2502 1678 2558 1725; x_wconf 92' lang='lat' dir='ltr'><strong>et</strong></span> <span class='ocrx_word' id='word_1_252' title='bbox 2592 1670 2680 1724; x_wconf 88' lang='lat' dir='ltr'><strong>illa</strong></span> <span class='ocrx_word' id='word_1_253' title='bbox 2726 1686 2845 1725; x_wconf 89' lang='lat' dir='ltr'><strong>esse</strong></span> <span class='ocrx_word' id='word_1_254' title='bbox 2879 1671 3156 1726; x_wconf 88' lang='lat' dir='ltr'><strong>referenda</strong></span> <span class='ocrx_word' id='word_1_255' title='bbox 3201 1675 3341 1742; x_wconf 90' lang='lat' dir='ltr'><strong>quod</strong></span> <span class='ocrx_word' id='word_1_256' title='bbox 3379 1689 3502 1742; x_wconf 88' lang='lat' dir='ltr'><strong>pec-</strong></span> 
     </span>
    </p>
   </div>
   <div class='ocr_carea' id='block_1_33' title="bbox 247 1761 1829 1854">
    <p class='ocr_par' dir='ltr' id='par_1_33' title="bbox 247 1785 1827 1854">
     <span class='ocr_line' id='line_1_33' title="bbox 247 1785 1827 1854; baseline 0.003 -19"><span class='ocrx_word' id='word_1_257' title='bbox 247 1807 265 1835; x_wconf 83' lang='grc' dir='ltr'><strong>ι</strong></span> <span class='ocrx_word' id='word_1_258' title='bbox 306 1787 456 1840; x_wconf 86' lang='lat' dir='ltr'><strong>dium</strong></span> <span class='ocrx_word' id='word_1_259' title='bbox 490 1785 740 1850; x_wconf 89' lang='lat' dir='ltr'><strong>fornacis,</strong></span> <span class='ocrx_word' id='word_1_260' title='bbox 773 1795 830 1840; x_wconf 88' lang='lat' dir='ltr'><strong>ut</strong></span> <span class='ocrx_word' id='word_1_261' title='bbox 860 1787 1179 1840; x_wconf 86' lang='lat' dir='ltr'><strong>succendam</strong></span> <span class='ocrx_word' id='word_1_262' title='bbox 1217 1787 1268 1840; x_wconf 94' lang='lat' dir='ltr'><strong>in</strong></span> <span class='ocrx_word' id='word_1_263' title='bbox 1297 1802 1360 1840; x_wconf 92' lang='lat' dir='ltr'><strong>ea</strong></span> <span class='ocrx_word' id='word_1_264' title='bbox 1391 1787 1566 1854; x_wconf 83' lang='lat' dir='ltr'><strong>ignem</strong></span> <span class='ocrx_word' id='word_1_265' title='bbox 1596 1786 1662 1840; x_wconf 90' lang='lat' dir='ltr'><strong>ad</strong></span> <span class='ocrx_word' id='word_1_266' title='bbox 1699 1801 1827 1840; x_wconf 89' lang='lat' dir='ltr'><strong>con-</strong></span> 
     </span>
    </p>
   </div>
   <div class='ocr_carea' id='block_1_34' title="bbox 1930 1761 3500 1854">
    <p class='ocr_par' dir='ltr' id='par_1_34' title="bbox 1930 1761 3500 1830">
     <span class='ocr_line' id='line_1_34' title="bbox 1930 1761 3500 1830; baseline 0 -14"><span class='ocrx_word' id='word_1_267' title='bbox 1930 1762 2201 1817; x_wconf 85' lang='lat' dir='ltr'><strong>eatoribus</strong></span> <span class='ocrx_word' id='word_1_268' title='bbox 2246 1771 2302 1815; x_wconf 91' lang='lat' dir='ltr'><strong>et</strong></span> <span class='ocrx_word' id='word_1_269' title='bbox 2349 1762 2439 1830; x_wconf 88' lang='lat' dir='ltr'><strong>qui</strong></span> <span class='ocrx_word' id='word_1_270' title='bbox 2492 1772 2802 1816; x_wconf 89' lang='lat' dir='ltr'><strong>meruerunt</strong></span> <span class='ocrx_word' id='word_1_271' title='bbox 2856 1761 3114 1816; x_wconf 77' lang='lat' dir='ltr'><strong>offensare</strong></span> <span class='ocrx_word' id='word_1_272' title='bbox 3163 1763 3278 1827; x_wconf 87' lang='lat' dir='ltr'><strong>Dei,</strong></span> <span class='ocrx_word' id='word_1_273' title='bbox 3305 1765 3500 1816; x_wconf 82' lang='lat' dir='ltr'><strong>coelum</strong></span> 
     </span>
    </p>
   </div>
   <div class='ocr_carea' id='block_1_35' title="bbox 248 1875 1829 1950">
    <p class='ocr_par' dir='ltr' id='par_1_35' title="bbox 248 1875 1829 1950">
     <span class='ocr_line' id='line_1_35' title="bbox 248 1875 1829 1950; baseline 0.004 -26"><span class='ocrx_word' id='word_1_274' title='bbox 248 1896 265 1924; x_wconf 81' lang='grc' dir='ltr'><strong>ι</strong></span> <span class='ocrx_word' id='word_1_275' title='bbox 307 1876 569 1940; x_wconf 74' lang='lat' dir='ltr'><strong>ﬂendum,</strong></span> <span class='ocrx_word' id='word_1_276' title='bbox 609 1877 688 1930; x_wconf 90' lang='lat' dir='ltr'><strong>sic</strong></span> <span class='ocrx_word' id='word_1_277' title='bbox 733 1877 1070 1950; x_wconf 79' lang='lat' dir='ltr'><strong>congregabo</strong></span> <span class='ocrx_word' id='word_1_278' title='bbox 1114 1877 1166 1930; x_wconf 88' lang='lat' dir='ltr'><strong>in</strong></span> <span class='ocrx_word' id='word_1_279' title='bbox 1199 1875 1377 1930; x_wconf 90' lang='lat' dir='ltr'><strong>furore</strong></span> <span class='ocrx_word' id='word_1_280' title='bbox 1418 1893 1536 1931; x_wconf 89' lang='lat' dir='ltr'><strong>meo</strong></span> <span class='ocrx_word' id='word_1_281' title='bbox 1566 1887 1620 1931; x_wconf 90' lang='lat' dir='ltr'><strong>et</strong></span> <span class='ocrx_word' id='word_1_282' title='bbox 1663 1879 1715 1931; x_wconf 91' lang='lat' dir='ltr'><strong>in</strong></span> <span class='ocrx_word' id='word_1_283' title='bbox 1747 1877 1829 1930; x_wconf 92' lang='lat' dir='ltr'><strong>ira</strong></span> 
     </span>
    </p>
   </div>
   <div class='ocr_carea' id='block_1_36' title="bbox 248 1967 1829 2036">
    <p class='ocr_par' dir='ltr' id='par_1_36' title="bbox 248 1967 1829 2036">
     <span class='ocr_line' id='line_1_36' title="bbox 248 1967 1829 2036; baseline 0.002 -18"><span class='ocrx_word' id='word_1_284' title='bbox 248 1986 266 2018; x_wconf 84' lang='grc' dir='ltr'><strong>ι</strong></span> <span class='ocrx_word' id='word_1_285' title='bbox 307 1983 449 2032; x_wconf 86' lang='lat' dir='ltr'><strong>mea,</strong></span> <span class='ocrx_word' id='word_1_286' title='bbox 481 1978 534 2022; x_wconf 90' lang='lat' dir='ltr'><strong>et</strong></span> <span class='ocrx_word' id='word_1_287' title='bbox 560 1969 916 2036; x_wconf 86' lang='lat' dir='ltr'><strong>requiescam,</strong></span> <span class='ocrx_word' id='word_1_288' title='bbox 941 1977 995 2021; x_wconf 92' lang='lat' dir='ltr'><strong>et</strong></span> <span class='ocrx_word' id='word_1_289' title='bbox 1017 1967 1258 2021; x_wconf 73' lang='lat' dir='ltr'><strong>conflabo</strong></span> <span class='ocrx_word' id='word_1_290' title='bbox 1287 1983 1400 2031; x_wconf 88' lang='lat' dir='ltr'><strong>vos,</strong></span> <span class='ocrx_word' id='word_1_291' title='bbox 1429 1977 1483 2022; x_wconf 92' lang='lat' dir='ltr'><strong>et</strong></span> <span class='ocrx_word' id='word_1_292' title='bbox 1508 1969 1829 2022; x_wconf 89' lang='lat' dir='ltr'><strong>succendam</strong></span> 
     </span>
    </p>
   </div>
   <div class='ocr_carea' id='block_1_37' title="bbox 249 2056 1830 2127">
    <p class='ocr_par' dir='ltr' id='par_1_37' title="bbox 249 2056 1830 2127">
     <span class='ocr_line' id='line_1_37' title="bbox 249 2056 1830 2127; baseline 0.003 -21"><span class='ocrx_word' id='word_1_293' title='bbox 249 2075 270 2106; x_wconf 80' lang='grc' dir='ltr'><strong>ι</strong></span> <span class='ocrx_word' id='word_1_294' title='bbox 311 2073 408 2111; x_wconf 84' lang='lat' dir='ltr'><strong>vos</strong></span> <span class='ocrx_word' id='word_1_295' title='bbox 445 2059 495 2110; x_wconf 91' lang='lat' dir='ltr'><strong>in</strong></span> <span class='ocrx_word' id='word_1_296' title='bbox 529 2059 649 2127; x_wconf 84' lang='lat' dir='ltr'><strong>igne</strong></span> <span class='ocrx_word' id='word_1_297' title='bbox 688 2057 884 2110; x_wconf 90' lang='lat' dir='ltr'><strong>furoris</strong></span> <span class='ocrx_word' id='word_1_298' title='bbox 930 2057 1052 2118; x_wconf 90' lang='lat' dir='ltr'><strong>mei,</strong></span> <span class='ocrx_word' id='word_1_299' title='bbox 1084 2065 1134 2110; x_wconf 89' lang='lat' dir='ltr'><strong>et</strong></span> <span class='ocrx_word' id='word_1_300' title='bbox 1163 2056 1525 2111; x_wconf 85' lang='lat' dir='ltr'><strong>conflabimini</strong></span> <span class='ocrx_word' id='word_1_301' title='bbox 1570 2057 1622 2110; x_wconf 92' lang='lat' dir='ltr'><strong>in</strong></span> <span class='ocrx_word' id='word_1_302' title='bbox 1655 2058 1830 2111; x_wconf 91' lang='lat' dir='ltr'><strong>medio</strong></span> 
     </span>
    </p>
   </div>
   <div class='ocr_carea' id='block_1_38' title="bbox 249 2144 1832 2214">
    <p class='ocr_par' dir='ltr' id='par_1_38' title="bbox 249 2144 1832 2214">
     <span class='ocr_line' id='line_1_38' title="bbox 249 2144 1832 2214; baseline 0.001 -18"><span class='ocrx_word' id='word_1_303' title='bbox 249 2164 268 2196; x_wconf 85' lang='grc' dir='ltr'><strong>ι</strong></span> <span class='ocrx_word' id='word_1_304' title='bbox 307 2146 447 2212; x_wconf 78' lang='lat' dir='ltr'><strong>ejus,</strong></span> <span class='ocrx_word' id='word_1_305' title='bbox 473 2155 531 2199; x_wconf 92' lang='lat' dir='ltr'><strong>ut</strong></span> <span class='ocrx_word' id='word_1_306' title='bbox 563 2145 824 2200; x_wconf 86' lang='lat' dir='ltr'><strong>conflatur</strong></span> <span class='ocrx_word' id='word_1_307' title='bbox 855 2154 1133 2214; x_wconf 85' lang='lat' dir='ltr'><strong>argentum</strong></span> <span class='ocrx_word' id='word_1_308' title='bbox 1167 2146 1219 2198; x_wconf 93' lang='lat' dir='ltr'><strong>in</strong></span> <span class='ocrx_word' id='word_1_309' title='bbox 1253 2145 1429 2199; x_wconf 85' lang='lat' dir='ltr'><strong>medio</strong></span> <span class='ocrx_word' id='word_1_310' title='bbox 1466 2144 1720 2206; x_wconf 81' lang='lat' dir='ltr'><strong>fornacis,</strong></span> <span class='ocrx_word' id='word_1_311' title='bbox 1753 2146 1832 2198; x_wconf 91' lang='lat' dir='ltr'><strong>sic</strong></span> 
     </span>
    </p>
   </div>
   <div class='ocr_carea' id='block_1_39' title="bbox 250 2235 1832 2305">
    <p class='ocr_par' dir='ltr' id='par_1_39' title="bbox 250 2235 1832 2305">
     <span class='ocr_line' id='line_1_39' title="bbox 250 2235 1832 2305; baseline 0.002 -19"><span class='ocrx_word' id='word_1_312' title='bbox 250 2255 268 2286; x_wconf 85' lang='grc' dir='ltr'><strong>ι</strong></span> <span class='ocrx_word' id='word_1_313' title='bbox 305 2236 463 2289; x_wconf 89' lang='lat' dir='ltr'><strong>eritis</strong></span> <span class='ocrx_word' id='word_1_314' title='bbox 491 2236 543 2288; x_wconf 92' lang='lat' dir='ltr'><strong>in</strong></span> <span class='ocrx_word' id='word_1_315' title='bbox 587 2236 765 2289; x_wconf 91' lang='lat' dir='ltr'><strong>medio</strong></span> <span class='ocrx_word' id='word_1_316' title='bbox 791 2237 926 2304; x_wconf 71' lang='lat' dir='ltr'><strong>ejus.</strong></span> <span class='ocrx_word' id='word_1_317' title='bbox 967 2235 1033 2288; x_wconf 86' lang='lat' dir='ltr'><strong>Et</strong></span> <span class='ocrx_word' id='word_1_318' title='bbox 1067 2235 1249 2289; x_wconf 86' lang='lat' dir='ltr'><strong>scietis</strong></span> <span class='ocrx_word' id='word_1_319' title='bbox 1276 2235 1399 2303; x_wconf 87' lang='lat' dir='ltr'><strong>quia</strong></span> <span class='ocrx_word' id='word_1_320' title='bbox 1437 2249 1538 2305; x_wconf 88' lang='lat' dir='ltr'><strong>ego</strong></span> <span class='ocrx_word' id='word_1_321' title='bbox 1577 2235 1832 2289; x_wconf 91' lang='lat' dir='ltr'><strong>Dominus</strong></span> 
     </span>
    </p>
   </div>
   <div class='ocr_carea' id='block_1_40' title="bbox 252 2325 1832 2396">
    <p class='ocr_par' dir='ltr' id='par_1_40' title="bbox 252 2325 1832 2396">
     <span class='ocr_line' id='line_1_40' title="bbox 252 2325 1832 2396; baseline 0 -19"><span class='ocrx_word' id='word_1_322' title='bbox 252 2348 269 2377; x_wconf 80' lang='grc' dir='ltr'><strong>ι</strong></span> <span class='ocrx_word' id='word_1_323' title='bbox 307 2326 588 2381; x_wconf 78' lang='lat' dir='ltr'><strong>effuderim</strong></span> <span class='ocrx_word' id='word_1_324' title='bbox 625 2327 1041 2396; x_wconf 82' lang='lat' dir='ltr'><strong>indignationem</strong></span> <span class='ocrx_word' id='word_1_325' title='bbox 1078 2341 1249 2378; x_wconf 88' lang='lat' dir='ltr'><strong>meam</strong></span> <span class='ocrx_word' id='word_1_326' title='bbox 1290 2340 1451 2394; x_wconf 84' lang='lat' dir='ltr'><strong>super</strong></span> <span class='ocrx_word' id='word_1_327' title='bbox 1471 2340 1585 2380; x_wconf 90' lang='lat' dir='ltr'><strong>vos.</strong></span> <span class='ocrx_word' id='word_1_328' title='bbox 1618 2344 1636 2376; x_wconf 75' lang='grc' dir='ltr'><strong>ι</strong></span> <span class='ocrx_word' id='word_1_329' title='bbox 1663 2325 1832 2378; x_wconf 86' lang='lat' dir='ltr'><strong>Porro</strong></span> 
     </span>
    </p>
   </div>
   <div class='ocr_carea' id='block_1_41' title="bbox 245 2413 1832 2486">
    <p class='ocr_par' dir='ltr' id='par_1_41' title="bbox 245 2413 1832 2486">
     <span class='ocr_line' id='line_1_41' title="bbox 245 2413 1832 2486; baseline -0.003 -15"><span class='ocrx_word' id='word_1_330' title='bbox 245 2417 457 2480; x_wconf 88' lang='lat' dir='ltr'><strong>scoria,</strong></span> <span class='ocrx_word' id='word_1_331' title='bbox 489 2417 675 2471; x_wconf 86' lang='lat' dir='ltr'><strong>sordes</strong></span> <span class='ocrx_word' id='word_1_332' title='bbox 699 2426 755 2471; x_wconf 92' lang='lat' dir='ltr'><strong>et</strong></span> <span class='ocrx_word' id='word_1_333' title='bbox 783 2424 1130 2486; x_wconf 85' lang='lat' dir='ltr'><strong>purgamenta</strong></span> <span class='ocrx_word' id='word_1_334' title='bbox 1171 2415 1505 2468; x_wconf 87' lang='lat' dir='ltr'><strong>metallorum</strong></span> <span class='ocrx_word' id='word_1_335' title='bbox 1545 2422 1720 2468; x_wconf 88' lang='lat' dir='ltr'><strong>sonat.</strong></span> <span class='ocrx_word' id='word_1_336' title='bbox 1765 2413 1832 2467; x_wconf 89' lang='lat' dir='ltr'><strong>Et</strong></span> 
     </span>
    </p>
   </div>
   <div class='ocr_carea' id='block_1_42' title="bbox 247 2505 1828 2576">
    <p class='ocr_par' dir='ltr' id='par_1_42' title="bbox 247 2505 1828 2576">
     <span class='ocr_line' id='line_1_42' title="bbox 247 2505 1828 2576; baseline -0.003 -13"><span class='ocrx_word' id='word_1_337' title='bbox 247 2517 642 2576; x_wconf 81' lang='lat' dir='ltr'><strong>consequenter</strong></span> <span class='ocrx_word' id='word_1_338' title='bbox 672 2507 978 2575; x_wconf 88' lang='lat' dir='ltr'><strong>captivitate</strong></span> <span class='ocrx_word' id='word_1_339' title='bbox 1003 2505 1210 2566; x_wconf 90' lang='lat' dir='ltr'><strong>vicina,</strong></span> <span class='ocrx_word' id='word_1_340' title='bbox 1252 2505 1360 2558; x_wconf 88' lang='lat' dir='ltr'><strong>imo</strong></span> <span class='ocrx_word' id='word_1_341' title='bbox 1391 2505 1703 2559; x_wconf 91' lang='lat' dir='ltr'><strong>imminente</strong></span> <span class='ocrx_word' id='word_1_342' title='bbox 1744 2521 1828 2558; x_wconf 87' lang='lat' dir='ltr'><strong>nr—</strong></span> 
     </span>
    </p>
   </div>
   <div class='ocr_carea' id='block_1_43' title="bbox 246 2597 1830 2670">
    <p class='ocr_par' dir='ltr' id='par_1_43' title="bbox 246 2597 1830 2670">
     <span class='ocr_line' id='line_1_43' title="bbox 246 2597 1830 2670; baseline -0.003 -16"><span class='ocrx_word' id='word_1_343' title='bbox 246 2603 332 2656; x_wconf 89' lang='lat' dir='ltr'><strong>bis</strong></span> <span class='ocrx_word' id='word_1_344' title='bbox 352 2601 584 2666; x_wconf 78' lang='lat' dir='ltr'><strong>excidio,</strong></span> <span class='ocrx_word' id='word_1_345' title='bbox 607 2600 746 2670; x_wconf 87' lang='lat' dir='ltr'><strong>ignis</strong></span> <span class='ocrx_word' id='word_1_346' title='bbox 774 2599 1079 2662; x_wconf 85' lang='lat' dir='ltr'><strong>adhibetur,</strong></span> <span class='ocrx_word' id='word_1_347' title='bbox 1110 2605 1168 2650; x_wconf 91' lang='lat' dir='ltr'><strong>ut</strong></span> <span class='ocrx_word' id='word_1_348' title='bbox 1195 2598 1294 2651; x_wconf 90' lang='lat' dir='ltr'><strong>sub</strong></span> <span class='ocrx_word' id='word_1_349' title='bbox 1325 2597 1674 2650; x_wconf 87' lang='lat' dir='ltr'><strong>translatione</strong></span> <span class='ocrx_word' id='word_1_350' title='bbox 1699 2611 1830 2650; x_wconf 91' lang='lat' dir='ltr'><strong>con-</strong></span> 
     </span>
    </p>
   </div>
   <div class='ocr_carea' id='block_1_44' title="bbox 248 2691 1827 2763">
    <p class='ocr_par' dir='ltr' id='par_1_44' title="bbox 248 2691 1827 2763">
     <span class='ocr_line' id='line_1_44' title="bbox 248 2691 1827 2763; baseline -0.003 -17"><span class='ocrx_word' id='word_1_351' title='bbox 248 2694 482 2747; x_wconf 85' lang='lat' dir='ltr'><strong>flationis</strong></span> <span class='ocrx_word' id='word_1_352' title='bbox 538 2709 729 2763; x_wconf 91' lang='lat' dir='ltr'><strong>purum</strong></span> <span class='ocrx_word' id='word_1_353' title='bbox 787 2699 1068 2763; x_wconf 83' lang='lat' dir='ltr'><strong>argentum</strong></span> <span class='ocrx_word' id='word_1_354' title='bbox 1120 2701 1432 2754; x_wconf 86' lang='lat' dir='ltr'><strong>remaneat,</strong></span> <span class='ocrx_word' id='word_1_355' title='bbox 1486 2691 1628 2758; x_wconf 90' lang='lat' dir='ltr'><strong>quod</strong></span> <span class='ocrx_word' id='word_1_356' title='bbox 1683 2704 1827 2752; x_wconf 73' lang='lat' dir='ltr'><strong>mre,</strong></span> 
     </span>
    </p>
   </div>
   <div class='ocr_carea' id='block_1_45' title="bbox 247 2778 1833 2851">
    <p class='ocr_par' dir='ltr' id='par_1_45' title="bbox 247 2778 1833 2851">
     <span class='ocr_line' id='line_1_45' title="bbox 247 2778 1833 2851; baseline -0.004 -15"><span class='ocrx_word' id='word_1_357' title='bbox 247 2793 464 2844; x_wconf 89' lang='lat' dir='ltr'><strong>stanno,</strong></span> <span class='ocrx_word' id='word_1_358' title='bbox 489 2783 650 2847; x_wconf 89' lang='lat' dir='ltr'><strong>ferro,</strong></span> <span class='ocrx_word' id='word_1_359' title='bbox 677 2781 1002 2851; x_wconf 88' lang='lat' dir='ltr'><strong>plumboque</strong></span> <span class='ocrx_word' id='word_1_360' title='bbox 1029 2779 1245 2834; x_wconf 89' lang='lat' dir='ltr'><strong>mistum</strong></span> <span class='ocrx_word' id='word_1_361' title='bbox 1288 2778 1462 2832; x_wconf 80' lang='lat' dir='ltr'><strong>fuerat</strong></span> <span class='ocrx_word' id='word_1_362' title='bbox 1488 2789 1648 2847; x_wconf 91' lang='lat' dir='ltr'><strong>atque</strong></span> <span class='ocrx_word' id='word_1_363' title='bbox 1668 2779 1833 2831; x_wconf 89' lang='lat' dir='ltr'><strong>viola-</strong></span> 
     </span>
    </p>
   </div>
   <div class='ocr_carea' id='block_1_46' title="bbox 247 2867 1830 2938">
    <p class='ocr_par' dir='ltr' id='par_1_46' title="bbox 247 2867 1830 2938">
     <span class='ocr_line' id='line_1_46' title="bbox 247 2867 1830 2938; baseline -0.004 -13"><span class='ocrx_word' id='word_1_364' title='bbox 247 2882 384 2926; x_wconf 90' lang='lat' dir='ltr'><strong>tum.</strong></span> <span class='ocrx_word' id='word_1_365' title='bbox 416 2872 654 2938; x_wconf 89' lang='lat' dir='ltr'><strong>Quorum</strong></span> <span class='ocrx_word' id='word_1_366' title='bbox 684 2871 786 2925; x_wconf 89' lang='lat' dir='ltr'><strong>tria</strong></span> <span class='ocrx_word' id='word_1_367' title='bbox 826 2885 918 2932; x_wconf 67' lang='lat' dir='ltr'><strong>tes,</strong></span> <span class='ocrx_word' id='word_1_368' title='bbox 960 2879 1213 2923; x_wconf 79' lang='lat' dir='ltr'><strong>stantium</strong></span> <span class='ocrx_word' id='word_1_369' title='bbox 1238 2876 1292 2922; x_wconf 92' lang='lat' dir='ltr'><strong>et</strong></span> <span class='ocrx_word' id='word_1_370' title='bbox 1317 2867 1592 2936; x_wconf 90' lang='lat' dir='ltr'><strong>plumbum</strong></span> <span class='ocrx_word' id='word_1_371' title='bbox 1612 2908 1626 2931; x_wconf 91' lang='lat'><strong>,</strong></span> <span class='ocrx_word' id='word_1_372' title='bbox 1660 2867 1830 2920; x_wconf 82' lang='lat' dir='ltr'><strong>fusilis</strong></span> 
     </span>
    </p>
   </div>
   <div class='ocr_carea' id='block_1_47' title="bbox 247 2961 1832 3034">
    <p class='ocr_par' dir='ltr' id='par_1_47' title="bbox 247 2961 1832 3034">
     <span class='ocr_line' id='line_1_47' title="bbox 247 2961 1832 3034; baseline -0.003 -16"><span class='ocrx_word' id='word_1_373' title='bbox 247 2964 492 3019; x_wconf 73' lang='lat' dir='ltr'><strong>materiae</strong></span> <span class='ocrx_word' id='word_1_374' title='bbox 521 2971 666 3029; x_wconf 86' lang='lat' dir='ltr'><strong>sunt,</strong></span> <span class='ocrx_word' id='word_1_375' title='bbox 698 2971 754 3018; x_wconf 89' lang='lat' dir='ltr'><strong>et</strong></span> <span class='ocrx_word' id='word_1_376' title='bbox 798 2963 904 3034; x_wconf 88' lang='lat' dir='ltr'><strong>igni</strong></span> <span class='ocrx_word' id='word_1_377' title='bbox 942 2961 1257 3028; x_wconf 84' lang='lat' dir='ltr'><strong>solvuntur;</strong></span> <span class='ocrx_word' id='word_1_378' title='bbox 1288 2961 1489 3016; x_wconf 88' lang='lat' dir='ltr'><strong>ferrum</strong></span> <span class='ocrx_word' id='word_1_379' title='bbox 1537 2973 1664 3016; x_wconf 87' lang='lat' dir='ltr'><strong>vero</strong></span> <span class='ocrx_word' id='word_1_380' title='bbox 1694 2961 1832 3016; x_wconf 88' lang='lat' dir='ltr'><strong>inter</strong></span> 
     </span>
    </p>
   </div>
   <div class='ocr_carea' id='block_1_48' title="bbox 247 3053 1829 3122">
    <p class='ocr_par' dir='ltr' id='par_1_48' title="bbox 247 3053 1829 3122">
     <span class='ocr_line' id='line_1_48' title="bbox 247 3053 1829 3122; baseline -0.002 -13"><span class='ocrx_word' id='word_1_381' title='bbox 247 3057 498 3111; x_wconf 91' lang='lat' dir='ltr'><strong>incudem</strong></span> <span class='ocrx_word' id='word_1_382' title='bbox 529 3065 582 3110; x_wconf 91' lang='lat' dir='ltr'><strong>et</strong></span> <span class='ocrx_word' id='word_1_383' title='bbox 615 3055 862 3110; x_wconf 88' lang='lat' dir='ltr'><strong>malleum</strong></span> <span class='ocrx_word' id='word_1_384' title='bbox 892 3053 1156 3108; x_wconf 90' lang='lat' dir='ltr'><strong>mollescit</strong></span> <span class='ocrx_word' id='word_1_385' title='bbox 1183 3062 1345 3122; x_wconf 89' lang='lat' dir='ltr'><strong>atque</strong></span> <span class='ocrx_word' id='word_1_386' title='bbox 1374 3062 1641 3116; x_wconf 88' lang='lat' dir='ltr'><strong>tenuatur,</strong></span> <span class='ocrx_word' id='word_1_387' title='bbox 1668 3062 1723 3106; x_wconf 91' lang='lat' dir='ltr'><strong>et</strong></span> <span class='ocrx_word' id='word_1_388' title='bbox 1747 3054 1829 3107; x_wconf 89' lang='lat' dir='ltr'><strong>di-</strong></span> 
     </span>
    </p>
   </div>
   <div class='ocr_carea' id='block_1_49' title="bbox 1929 1851 3504 1923">
    <p class='ocr_par' dir='ltr' id='par_1_49' title="bbox 1929 1851 3504 1923">
     <span class='ocr_line' id='line_1_49' title="bbox 1929 1851 3504 1923; baseline 0.001 -17"><span class='ocrx_word' id='word_1_389' title='bbox 1929 1867 2158 1917; x_wconf 68' lang='lat' dir='ltr'><strong>azneum,</strong></span> <span class='ocrx_word' id='word_1_390' title='bbox 2192 1859 2332 1906; x_wconf 88' lang='lat' dir='ltr'><strong>terra</strong></span> <span class='ocrx_word' id='word_1_391' title='bbox 2355 1852 2426 1906; x_wconf 89' lang='lat' dir='ltr'><strong>sit</strong></span> <span class='ocrx_word' id='word_1_392' title='bbox 2453 1851 2648 1914; x_wconf 89' lang='lat' dir='ltr'><strong>ferrea,</strong></span> <span class='ocrx_word' id='word_1_393' title='bbox 2675 1862 2728 1906; x_wconf 92' lang='lat' dir='ltr'><strong>et</strong></span> <span class='ocrx_word' id='word_1_394' title='bbox 2763 1853 2992 1906; x_wconf 80' lang='lat' dir='ltr'><strong>maxime</strong></span> <span class='ocrx_word' id='word_1_395' title='bbox 3021 1862 3162 1906; x_wconf 90' lang='lat' dir='ltr'><strong>terra</strong></span> <span class='ocrx_word' id='word_1_396' title='bbox 3194 1853 3408 1923; x_wconf 65' lang='lat' dir='ltr'><strong>[Egypti</strong></span> <span class='ocrx_word' id='word_1_397' title='bbox 3439 1855 3504 1908; x_wconf 80' lang='lat' dir='ltr'><strong>de</strong></span> 
     </span>
    </p>
   </div>
   <div class='ocr_carea' id='block_1_50' title="bbox 1930 1942 3499 2011">
    <p class='ocr_par' dir='ltr' id='par_1_50' title="bbox 1930 1942 3499 2011">
     <span class='ocr_line' id='line_1_50' title="bbox 1930 1942 3499 2011; baseline 0.001 -16"><span class='ocrx_word' id='word_1_398' title='bbox 1930 1957 2034 2011; x_wconf 90' lang='lat' dir='ltr'><strong>qua</strong></span> <span class='ocrx_word' id='word_1_399' title='bbox 2059 1943 2242 1996; x_wconf 74' lang='lat' dir='ltr'><strong>eduxit</strong></span> <span class='ocrx_word' id='word_1_400' title='bbox 2267 1942 2524 1997; x_wconf 90' lang='lat' dir='ltr'><strong>Dominus</strong></span> <span class='ocrx_word' id='word_1_401' title='bbox 2548 1942 2733 2006; x_wconf 88' lang='lat' dir='ltr'><strong>Israel,</strong></span> <span class='ocrx_word' id='word_1_402' title='bbox 2784 1943 2937 2010; x_wconf 90' lang='lat' dir='ltr'><strong>quasi</strong></span> <span class='ocrx_word' id='word_1_403' title='bbox 2969 1943 3035 1997; x_wconf 93' lang='lat' dir='ltr'><strong>de</strong></span> <span class='ocrx_word' id='word_1_404' title='bbox 3063 1943 3279 1998; x_wconf 90' lang='lat' dir='ltr'><strong>fornace</strong></span> <span class='ocrx_word' id='word_1_405' title='bbox 3307 1945 3499 1999; x_wconf 86' lang='lat' dir='ltr'><strong>ferrea.</strong></span> 
     </span>
    </p>
   </div>
   <div class='ocr_carea' id='block_1_51' title="bbox 1931 2033 3500 2106">
    <p class='ocr_par' dir='ltr' id='par_1_51' title="bbox 1931 2033 3500 2106">
     <span class='ocr_line' id='line_1_51' title="bbox 1931 2033 3500 2106; baseline 0.003 -19"><span class='ocrx_word' id='word_1_406' title='bbox 1931 2033 1987 2087; x_wconf 91' lang='lat' dir='ltr'><strong>In</strong></span> <span class='ocrx_word' id='word_1_407' title='bbox 2019 2035 2276 2088; x_wconf 79' lang='lat' dir='ltr'><strong>Zacharia</strong></span> <span class='ocrx_word' id='word_1_408' title='bbox 2303 2051 2516 2104; x_wconf 90' lang='lat' dir='ltr'><strong>quoque</strong></span> <span class='ocrx_word' id='word_1_409' title='bbox 2559 2036 2814 2104; x_wconf 89' lang='lat' dir='ltr'><strong>iniquitas</strong></span> <span class='ocrx_word' id='word_1_410' title='bbox 2853 2037 3003 2091; x_wconf 89' lang='lat' dir='ltr'><strong>sedet</strong></span> <span class='ocrx_word' id='word_1_411' title='bbox 3037 2051 3199 2106; x_wconf 90' lang='lat' dir='ltr'><strong>super</strong></span> <span class='ocrx_word' id='word_1_412' title='bbox 3242 2038 3500 2093; x_wconf 89' lang='lat' dir='ltr'><strong>talentum</strong></span> 
     </span>
    </p>
   </div>
   <div class='ocr_carea' id='block_1_52' title="bbox 1931 2124 3503 2194">
    <p class='ocr_par' dir='ltr' id='par_1_52' title="bbox 1931 2124 3503 2194">
     <span class='ocr_line' id='line_1_52' title="bbox 1931 2124 3503 2194; baseline 0.004 -18"><span class='ocrx_word' id='word_1_413' title='bbox 1931 2124 2156 2194; x_wconf 91' lang='lat' dir='ltr'><strong>plumbi.</strong></span> <span class='ocrx_word' id='word_1_414' title='bbox 2183 2126 2248 2178; x_wconf 89' lang='lat' dir='ltr'><strong>Et</strong></span> <span class='ocrx_word' id='word_1_415' title='bbox 2281 2126 2334 2179; x_wconf 92' lang='lat' dir='ltr'><strong>in</strong></span> <span class='ocrx_word' id='word_1_416' title='bbox 2361 2126 2530 2180; x_wconf 77' lang='lat' dir='ltr'><strong>Exodi</strong></span> <span class='ocrx_word' id='word_1_417' title='bbox 2557 2127 2767 2180; x_wconf 86' lang='lat' dir='ltr'><strong>cantico</strong></span> <span class='ocrx_word' id='word_1_418' title='bbox 2794 2127 3006 2190; x_wconf 90' lang='lat' dir='ltr'><strong>dicitur,</strong></span> <span class='ocrx_word' id='word_1_419' title='bbox 3042 2144 3060 2176; x_wconf 80' lang='grc' dir='ltr'><strong>ι</strong></span> <span class='ocrx_word' id='word_1_420' title='bbox 3093 2128 3331 2182; x_wconf 90' lang='lat' dir='ltr'><strong>Demersi</strong></span> <span class='ocrx_word' id='word_1_421' title='bbox 3376 2140 3503 2184; x_wconf 89' lang='lat' dir='ltr'><strong>sunt</strong></span> 
     </span>
    </p>
   </div>
   <div class='ocr_carea' id='block_1_53' title="bbox 1931 2214 3500 2285">
    <p class='ocr_par' dir='ltr' id='par_1_53' title="bbox 1931 2214 3500 2285">
     <span class='ocr_line' id='line_1_53' title="bbox 1931 2214 3500 2285; baseline 0.004 -18"><span class='ocrx_word' id='word_1_422' title='bbox 1931 2215 2084 2284; x_wconf 90' lang='lat' dir='ltr'><strong>quasi</strong></span> <span class='ocrx_word' id='word_1_423' title='bbox 2119 2214 2394 2283; x_wconf 88' lang='lat' dir='ltr'><strong>plumbum</strong></span> <span class='ocrx_word' id='word_1_424' title='bbox 2420 2217 2473 2270; x_wconf 88' lang='lat' dir='ltr'><strong>in</strong></span> <span class='ocrx_word' id='word_1_425' title='bbox 2503 2232 2639 2285; x_wconf 89' lang='lat' dir='ltr'><strong>aqua</strong></span> <span class='ocrx_word' id='word_1_426' title='bbox 2663 2217 3068 2271; x_wconf 90' lang='lat' dir='ltr'><strong>violentissima.</strong></span> <span class='ocrx_word' id='word_1_427' title='bbox 3111 2237 3129 2269; x_wconf 75' lang='grc' dir='ltr'><strong>ι</strong></span> <span class='ocrx_word' id='word_1_428' title='bbox 3163 2217 3323 2273; x_wconf 90' lang='lat' dir='ltr'><strong>Gravi</strong></span> <span class='ocrx_word' id='word_1_429' title='bbox 3356 2222 3500 2274; x_wconf 90' lang='lat' dir='ltr'><strong>enim</strong></span> 
     </span>
    </p>
   </div>
   <div class='ocr_carea' id='block_1_54' title="bbox 1930 2309 3500 2381">
    <p class='ocr_par' dir='ltr' id='par_1_54' title="bbox 1930 2309 3500 2381">
     <span class='ocr_line' id='line_1_54' title="bbox 1930 2309 3500 2381; baseline 0.005 -22"><span class='ocrx_word' id='word_1_430' title='bbox 1930 2317 2273 2376; x_wconf 88' lang='lat' dir='ltr'><strong>peccatorum</strong></span> <span class='ocrx_word' id='word_1_431' title='bbox 2299 2309 2533 2376; x_wconf 89' lang='lat' dir='ltr'><strong>pondere</strong></span> <span class='ocrx_word' id='word_1_432' title='bbox 2567 2311 2950 2378; x_wconf 87' lang='lat' dir='ltr'><strong>premebantur</strong></span> <span class='ocrx_word' id='word_1_433' title='bbox 2978 2320 3034 2364; x_wconf 91' lang='lat' dir='ltr'><strong>et</strong></span> <span class='ocrx_word' id='word_1_434' title='bbox 3059 2311 3202 2378; x_wconf 84' lang='lat' dir='ltr'><strong>loqui</strong></span> <span class='ocrx_word' id='word_1_435' title='bbox 3233 2321 3500 2381; x_wconf 87' lang='lat' dir='ltr'><strong>poterant,</strong></span> 
     </span>
    </p>
   </div>
   <div class='ocr_carea' id='block_1_55' title="bbox 1937 2396 3505 2468">
    <p class='ocr_par' dir='ltr' id='par_1_55' title="bbox 1937 2396 3505 2468">
     <span class='ocr_line' id='line_1_55' title="bbox 1937 2396 3505 2468; baseline 0.008 -24"><span class='ocrx_word' id='word_1_436' title='bbox 1937 2414 1955 2444; x_wconf 77' lang='grc' dir='ltr'><strong>ι</strong></span> <span class='ocrx_word' id='word_1_437' title='bbox 1977 2396 2138 2462; x_wconf 88' lang='lat' dir='ltr'><strong>Quasi</strong></span> <span class='ocrx_word' id='word_1_438' title='bbox 2163 2413 2298 2451; x_wconf 89' lang='lat' dir='ltr'><strong>onus</strong></span> <span class='ocrx_word' id='word_1_439' title='bbox 2311 2413 2473 2467; x_wconf 85' lang='lat' dir='ltr'><strong>grave</strong></span> <span class='ocrx_word' id='word_1_440' title='bbox 2494 2408 2726 2466; x_wconf 68' lang='lat' dir='ltr'><strong>gravata:</strong></span> <span class='ocrx_word' id='word_1_441' title='bbox 2743 2407 2866 2452; x_wconf 86' lang='lat' dir='ltr'><strong>sunt</strong></span> <span class='ocrx_word' id='word_1_442' title='bbox 2887 2415 3048 2468; x_wconf 88' lang='lat' dir='ltr'><strong>super</strong></span> <span class='ocrx_word' id='word_1_443' title='bbox 3062 2416 3166 2455; x_wconf 89' lang='lat' dir='ltr'><strong>me.</strong></span> <span class='ocrx_word' id='word_1_444' title='bbox 3191 2421 3208 2452; x_wconf 85' lang='grc'><strong>›</strong></span> <span class='ocrx_word' id='word_1_445' title='bbox 3227 2402 3505 2468; x_wconf 84' lang='lat' dir='ltr'><strong>Quomodo</strong></span> 
     </span>
    </p>
   </div>
   <div class='ocr_carea' id='block_1_56' title="bbox 1932 2489 3504 2557">
    <p class='ocr_par' dir='ltr' id='par_1_56' title="bbox 1932 2489 3504 2557">
     <span class='ocr_line' id='line_1_56' title="bbox 1932 2489 3504 2557; baseline 0.004 -17"><span class='ocrx_word' id='word_1_446' title='bbox 1932 2497 2108 2540; x_wconf 90' lang='lat' dir='ltr'><strong>autem</strong></span> <span class='ocrx_word' id='word_1_447' title='bbox 2135 2489 2250 2541; x_wconf 89' lang='lat' dir='ltr'><strong>auri</strong></span> <span class='ocrx_word' id='word_1_448' title='bbox 2282 2489 2516 2557; x_wconf 88' lang='lat' dir='ltr'><strong>speciem</strong></span> <span class='ocrx_word' id='word_1_449' title='bbox 2549 2489 2848 2543; x_wconf 90' lang='lat' dir='ltr'><strong>adulterina</strong></span> <span class='ocrx_word' id='word_1_450' title='bbox 2881 2491 3006 2544; x_wconf 75' lang='lat' dir='ltr'><strong>teris</strong></span> <span class='ocrx_word' id='word_1_451' title='bbox 3035 2490 3328 2545; x_wconf 88' lang='lat' dir='ltr'><strong>similitudo</strong></span> <span class='ocrx_word' id='word_1_452' title='bbox 3357 2507 3504 2546; x_wconf 81' lang='lat' dir='ltr'><strong>men-</strong></span> 
     </span>
    </p>
   </div>
   <div class='ocr_carea' id='block_1_57' title="bbox 1931 2577 3501 2650">
    <p class='ocr_par' dir='ltr' id='par_1_57' title="bbox 1931 2577 3501 2650">
     <span class='ocr_line' id='line_1_57' title="bbox 1931 2577 3501 2650; baseline 0.004 -21"><span class='ocrx_word' id='word_1_453' title='bbox 1931 2577 2082 2641; x_wconf 90' lang='lat' dir='ltr'><strong>titur,</strong></span> <span class='ocrx_word' id='word_1_454' title='bbox 2111 2578 2189 2631; x_wconf 86' lang='lat' dir='ltr'><strong>sie</strong></span> <span class='ocrx_word' id='word_1_455' title='bbox 2229 2579 2438 2646; x_wconf 86' lang='lat' dir='ltr'><strong>argenti</strong></span> <span class='ocrx_word' id='word_1_456' title='bbox 2474 2579 2762 2632; x_wconf 81' lang='lat' dir='ltr'><strong>candorem</strong></span> <span class='ocrx_word' id='word_1_457' title='bbox 2797 2587 3044 2632; x_wconf 85' lang='lat' dir='ltr'><strong>stannum</strong></span> <span class='ocrx_word' id='word_1_458' title='bbox 3075 2581 3312 2646; x_wconf 88' lang='lat' dir='ltr'><strong>simulat,</strong></span> <span class='ocrx_word' id='word_1_459' title='bbox 3361 2583 3501 2650; x_wconf 90' lang='lat' dir='ltr'><strong>quod</strong></span> 
     </span>
    </p>
   </div>
   <div class='ocr_carea' id='block_1_58' title="bbox 1931 2667 3501 2741">
    <p class='ocr_par' dir='ltr' id='par_1_58' title="bbox 1931 2667 3501 2741">
     <span class='ocr_line' id='line_1_58' title="bbox 1931 2667 3501 2741; baseline 0.004 -21"><span class='ocrx_word' id='word_1_460' title='bbox 1931 2667 2154 2736; x_wconf 76' lang='lat' dir='ltr'><strong>simplex</strong></span> <span class='ocrx_word' id='word_1_461' title='bbox 2185 2676 2238 2722; x_wconf 92' lang='lat' dir='ltr'><strong>et</strong></span> <span class='ocrx_word' id='word_1_462' title='bbox 2269 2669 2502 2722; x_wconf 89' lang='lat' dir='ltr'><strong>rusticus</strong></span> <span class='ocrx_word' id='word_1_463' title='bbox 2526 2684 2629 2722; x_wconf 91' lang='lat' dir='ltr'><strong>non</strong></span> <span class='ocrx_word' id='word_1_464' title='bbox 2658 2668 2813 2723; x_wconf 83' lang='lat' dir='ltr'><strong>facile</strong></span> <span class='ocrx_word' id='word_1_465' title='bbox 2843 2670 3125 2739; x_wconf 88' lang='lat' dir='ltr'><strong>dignoscit.</strong></span> <span class='ocrx_word' id='word_1_466' title='bbox 3153 2673 3214 2724; x_wconf 85' lang='lat' dir='ltr'><strong>Et</strong></span> <span class='ocrx_word' id='word_1_467' title='bbox 3236 2688 3378 2741; x_wconf 59' lang='lat' dir='ltr'><strong>scepe</strong></span> <span class='ocrx_word' id='word_1_468' title='bbox 3407 2688 3501 2728; x_wconf 87' lang='lat' dir='ltr'><strong>ac-</strong></span> 
     </span>
    </p>
   </div>
   <div class='ocr_carea' id='block_1_59' title="bbox 1930 2755 3498 2828">
    <p class='ocr_par' dir='ltr' id='par_1_59' title="bbox 1930 2755 3498 2828">
     <span class='ocr_line' id='line_1_59' title="bbox 1930 2755 3498 2828; baseline 0.004 -19"><span class='ocrx_word' id='word_1_469' title='bbox 1930 2755 2059 2810; x_wconf 90' lang='lat' dir='ltr'><strong>cidit</strong></span> <span class='ocrx_word' id='word_1_470' title='bbox 2082 2765 2138 2808; x_wconf 88' lang='lat' dir='ltr'><strong>ut</strong></span> <span class='ocrx_word' id='word_1_471' title='bbox 2161 2772 2349 2810; x_wconf 89' lang='lat' dir='ltr'><strong>aurum</strong></span> <span class='ocrx_word' id='word_1_472' title='bbox 2381 2766 2434 2810; x_wconf 92' lang='lat' dir='ltr'><strong>et</strong></span> <span class='ocrx_word' id='word_1_473' title='bbox 2463 2767 2744 2827; x_wconf 87' lang='lat' dir='ltr'><strong>argentum</strong></span> <span class='ocrx_word' id='word_1_474' title='bbox 2775 2759 3025 2812; x_wconf 74' lang='lat' dir='ltr'><strong>btet-elice</strong></span> <span class='ocrx_word' id='word_1_475' title='bbox 3055 2761 3318 2828; x_wconf 86' lang='lat' dir='ltr'><strong>pravitate</strong></span> <span class='ocrx_word' id='word_1_476' title='bbox 3348 2777 3498 2816; x_wconf 87' lang='lat' dir='ltr'><strong>com-</strong></span> 
     </span>
    </p>
   </div>
   <div class='ocr_carea' id='block_1_60' title="bbox 1931 2845 3501 2918">
    <p class='ocr_par' dir='ltr' id='par_1_60' title="bbox 1931 2845 3501 2918">
     <span class='ocr_line' id='line_1_60' title="bbox 1931 2845 3501 2918; baseline 0.004 -20"><span class='ocrx_word' id='word_1_477' title='bbox 1931 2845 2168 2908; x_wconf 89' lang='lat' dir='ltr'><strong>mistum,</strong></span> <span class='ocrx_word' id='word_1_478' title='bbox 2205 2847 2324 2916; x_wconf 89' lang='lat' dir='ltr'><strong>igne</strong></span> <span class='ocrx_word' id='word_1_479' title='bbox 2365 2847 2597 2914; x_wconf 84' lang='lat' dir='ltr'><strong>Spiritus</strong></span> <span class='ocrx_word' id='word_1_480' title='bbox 2627 2847 2798 2901; x_wconf 89' lang='lat' dir='ltr'><strong>sancti</strong></span> <span class='ocrx_word' id='word_1_481' title='bbox 2837 2856 2892 2900; x_wconf 90' lang='lat' dir='ltr'><strong>et</strong></span> <span class='ocrx_word' id='word_1_482' title='bbox 2930 2847 3139 2901; x_wconf 91' lang='lat' dir='ltr'><strong>Domini</strong></span> <span class='ocrx_word' id='word_1_483' title='bbox 3181 2850 3384 2918; x_wconf 88' lang='lat' dir='ltr'><strong>judicio</strong></span> <span class='ocrx_word' id='word_1_484' title='bbox 3411 2866 3501 2905; x_wconf 86' lang='lat' dir='ltr'><strong>se-</strong></span> 
     </span>
    </p>
   </div>
   <div class='ocr_carea' id='block_1_61' title="bbox 1930 2943 3499 3009">
    <p class='ocr_par' dir='ltr' id='par_1_61' title="bbox 1930 2943 3499 3009">
     <span class='ocr_line' id='line_1_61' title="bbox 1930 2943 3499 3009; baseline 0.003 -20"><span class='ocrx_word' id='word_1_485' title='bbox 1930 2944 2171 3006; x_wconf 88' lang='lat' dir='ltr'><strong>paretur,</strong></span> <span class='ocrx_word' id='word_1_486' title='bbox 2201 2943 2254 2990; x_wconf 70' lang='grc' dir='ltr'><strong>Εἰ</strong></span> <span class='ocrx_word' id='word_1_487' title='bbox 2297 2950 2488 3005; x_wconf 87' lang='lat' dir='ltr'><strong>purum</strong></span> <span class='ocrx_word' id='word_1_488' title='bbox 2518 2950 2707 2989; x_wconf 83' lang='lat' dir='ltr'><strong>aurum</strong></span> <span class='ocrx_word' id='word_1_489' title='bbox 2753 2945 3058 3002; x_wconf 86' lang='lat' dir='ltr'><strong>remaneat,</strong></span> <span class='ocrx_word' id='word_1_490' title='bbox 3107 2946 3161 2993; x_wconf 65' lang='lat' dir='ltr'><strong>Ct</strong></span> <span class='ocrx_word' id='word_1_491' title='bbox 3196 2947 3499 3009; x_wconf 75' lang='lat' dir='ltr'><strong>argentum,</strong></span> 
     </span>
    </p>
   </div>
   <div class='ocr_carea' id='block_1_62' title="bbox 1931 3028 3500 3103">
    <p class='ocr_par' dir='ltr' id='par_1_62' title="bbox 1931 3028 3500 3103">
     <span class='ocr_line' id='line_1_62' title="bbox 1931 3028 3500 3103; baseline 0.005 -22"><span class='ocrx_word' id='word_1_492' title='bbox 1931 3028 1995 3081; x_wconf 92' lang='lat' dir='ltr'><strong>de</strong></span> <span class='ocrx_word' id='word_1_493' title='bbox 2015 3041 2121 3095; x_wconf 91' lang='lat' dir='ltr'><strong>quo</strong></span> <span class='ocrx_word' id='word_1_494' title='bbox 2143 3028 2270 3082; x_wconf 88' lang='lat' dir='ltr'><strong>dicit</strong></span> <span class='ocrx_word' id='word_1_495' title='bbox 2293 3029 2550 3097; x_wconf 88' lang='lat' dir='ltr'><strong>propheta</strong></span> <span class='ocrx_word' id='word_1_496' title='bbox 2578 3046 2589 3081; x_wconf 92' lang='lat'><strong>:</strong></span> <span class='ocrx_word' id='word_1_497' title='bbox 2615 3047 2632 3079; x_wconf 85' lang='grc' dir='ltr'><strong>ι</strong></span> <span class='ocrx_word' id='word_1_498' title='bbox 2664 3028 2790 3082; x_wconf 87' lang='lat' dir='ltr'><strong>Dedi</strong></span> <span class='ocrx_word' id='word_1_499' title='bbox 2815 3028 2894 3082; x_wconf 92' lang='lat' dir='ltr'><strong>eis</strong></span> <span class='ocrx_word' id='word_1_500' title='bbox 2917 3044 3106 3084; x_wconf 88' lang='lat' dir='ltr'><strong>aurum</strong></span> <span class='ocrx_word' id='word_1_501' title='bbox 3129 3043 3184 3085; x_wconf 85' lang='lat' dir='ltr'><strong>et</strong></span> <span class='ocrx_word' id='word_1_502' title='bbox 3201 3042 3500 3103; x_wconf 87' lang='lat' dir='ltr'><strong>argentum,</strong></span> 
     </span>
    </p>
   </div>
   <div class='ocr_carea' id='block_1_63' title="bbox 245 3119 3501 3214">
    <p class='ocr_par' dir='ltr' id='par_1_63' title="bbox 245 3119 3501 3214">
     <span class='ocr_line' id='line_1_63' title="bbox 245 3119 3501 3214; baseline -0.001 -18"><span class='ocrx_word' id='word_1_503' title='bbox 245 3160 436 3199; x_wconf 84' lang='lat' dir='ltr'><strong>versas</strong></span> <span class='ocrx_word' id='word_1_504' title='bbox 462 3145 658 3214; x_wconf 91' lang='lat' dir='ltr'><strong>accipit</strong></span> <span class='ocrx_word' id='word_1_505' title='bbox 677 3144 897 3208; x_wconf 84' lang='lat' dir='ltr'><strong>formas,</strong></span> <span class='ocrx_word' id='word_1_506' title='bbox 929 3152 1089 3212; x_wconf 90' lang='lat' dir='ltr'><strong>prout</strong></span> <span class='ocrx_word' id='word_1_507' title='bbox 1116 3119 1366 3196; x_wconf 78' lang='lat' dir='ltr'><strong>voluntas</strong></span> <span class='ocrx_word' id='word_1_508' title='bbox 1387 3141 1612 3197; x_wconf 86' lang='lat' dir='ltr'><strong>artiﬁcis</strong></span> <span class='ocrx_word' id='word_1_509' title='bbox 1640 3141 1824 3196; x_wconf 90' lang='lat' dir='ltr'><strong>fuerit.</strong></span> <span class='ocrx_word' id='word_1_510' title='bbox 1855 3120 1900 3180; x_wconf 62' lang='grc' dir='ltr'><strong>(ἶ</strong></span> <span class='ocrx_word' id='word_1_511' title='bbox 1931 3119 2032 3214; x_wconf 53' lang='grc' dir='ltr'><strong>Ῥῗί</strong></span> <span class='ocrx_word' id='word_1_512' title='bbox 2061 3129 2253 3214; x_wconf 23' lang='grc' dir='ltr'><strong>θμυίοῖη-</strong></span> <span class='ocrx_word' id='word_1_513' title='bbox 2281 3120 2521 3174; x_wconf 56' lang='grc' dir='ltr'><strong>[θεθτυηῑ</strong></span> <span class='ocrx_word' id='word_1_514' title='bbox 2563 3136 2626 3175; x_wconf 63' lang='grc' dir='ltr'><strong>θ’(</strong></span> <span class='ocrx_word' id='word_1_515' title='bbox 2664 3122 2742 3175; x_wconf 71' lang='lat' dir='ltr'><strong>eis</strong></span> <span class='ocrx_word' id='word_1_516' title='bbox 2783 3120 2929 3175; x_wconf 65' lang='grc'><strong>⁸³³1·</strong></span> <span class='ocrx_word' id='word_1_517' title='bbox 2970 3143 2987 3174; x_wconf 66' lang='grc' dir='ltr'><strong>ν</strong></span> <span class='ocrx_word' id='word_1_518' title='bbox 3023 3123 3119 3178; x_wconf 64' lang='lat' dir='ltr'><strong>CUI</strong></span> <span class='ocrx_word' id='word_1_519' title='bbox 3161 3125 3334 3182; x_wconf 67' lang='lat' dir='ltr'><strong>Simile</strong></span> <span class='ocrx_word' id='word_1_520' title='bbox 3381 3138 3460 3183; x_wconf 63' lang='lat' dir='ltr'><strong>est</strong></span> <span class='ocrx_word' id='word_1_521' title='bbox 3485 3171 3501 3194; x_wconf 76' lang='grc' dir='ltr'><strong>ν</strong></span> 
     </span>
    </p>
   </div>
   <div class='ocr_carea' id='block_1_64' title="bbox 250 3230 1826 3305">
    <p class='ocr_par' dir='ltr' id='par_1_64' title="bbox 250 3230 1826 3305">
     <span class='ocr_line' id='line_1_64' title="bbox 250 3230 1826 3305; baseline -0.004 -16"><span class='ocrx_word' id='word_1_522' title='bbox 250 3235 405 3290; x_wconf 91' lang='lat' dir='ltr'><strong>Sicut</strong></span> <span class='ocrx_word' id='word_1_523' title='bbox 433 3235 598 3305; x_wconf 85' lang='lat' dir='ltr'><strong>igitur</strong></span> <span class='ocrx_word' id='word_1_524' title='bbox 623 3241 924 3303; x_wconf 79' lang='lat' dir='ltr'><strong>argentum,</strong></span> <span class='ocrx_word' id='word_1_525' title='bbox 955 3233 1097 3301; x_wconf 90' lang='lat' dir='ltr'><strong>quod</strong></span> <span class='ocrx_word' id='word_1_526' title='bbox 1133 3231 1437 3301; x_wconf 90' lang='lat' dir='ltr'><strong>supradicta</strong></span> <span class='ocrx_word' id='word_1_527' title='bbox 1465 3230 1680 3284; x_wconf 91' lang='lat' dir='ltr'><strong>metalla</strong></span> <span class='ocrx_word' id='word_1_528' title='bbox 1710 3231 1826 3284; x_wconf 87' lang='lat' dir='ltr'><strong>vio-</strong></span> 
     </span>
    </p>
   </div>
   <div class='ocr_carea' id='block_1_65' title="bbox 245 3322 1830 3393">
    <p class='ocr_par' dir='ltr' id='par_1_65' title="bbox 245 3322 1830 3393">
     <span class='ocr_line' id='line_1_65' title="bbox 245 3322 1830 3393; baseline -0.006 -10"><span class='ocrx_word' id='word_1_529' title='bbox 245 3330 452 3393; x_wconf 85' lang='lat' dir='ltr'><strong>larunt,</strong></span> <span class='ocrx_word' id='word_1_530' title='bbox 486 3329 541 3381; x_wconf 90' lang='lat' dir='ltr'><strong>in</strong></span> <span class='ocrx_word' id='word_1_531' title='bbox 571 3327 843 3381; x_wconf 87' lang='lat' dir='ltr'><strong>fornacem</strong></span> <span class='ocrx_word' id='word_1_532' title='bbox 886 3325 1154 3389; x_wconf 90' lang='lat' dir='ltr'><strong>mittetur,</strong></span> <span class='ocrx_word' id='word_1_533' title='bbox 1182 3332 1243 3378; x_wconf 89' lang='lat' dir='ltr'><strong>ut</strong></span> <span class='ocrx_word' id='word_1_534' title='bbox 1285 3322 1477 3377; x_wconf 89' lang='lat' dir='ltr'><strong>ablatis</strong></span> <span class='ocrx_word' id='word_1_535' title='bbox 1501 3322 1748 3377; x_wconf 90' lang='lat' dir='ltr'><strong>sordibus</strong></span> <span class='ocrx_word' id='word_1_536' title='bbox 1774 3329 1830 3374; x_wconf 91' lang='lat' dir='ltr'><strong>et</strong></span> 
     </span>
    </p>
   </div>
   <div class='ocr_carea' id='block_1_66' title="bbox 246 3411 1825 3484">
    <p class='ocr_par' dir='ltr' id='par_1_66' title="bbox 246 3411 1825 3484">
     <span class='ocr_line' id='line_1_66' title="bbox 246 3411 1825 3484; baseline -0.005 -12"><span class='ocrx_word' id='word_1_537' title='bbox 246 3417 566 3472; x_wconf 84' lang='lat' dir='ltr'><strong>adulterinis</strong></span> <span class='ocrx_word' id='word_1_538' title='bbox 613 3415 855 3470; x_wconf 89' lang='lat' dir='ltr'><strong>materiis</strong></span> <span class='ocrx_word' id='word_1_539' title='bbox 894 3429 1085 3484; x_wconf 89' lang='lat' dir='ltr'><strong>purum</strong></span> <span class='ocrx_word' id='word_1_540' title='bbox 1139 3421 1444 3476; x_wconf 88' lang='lat' dir='ltr'><strong>remaneat,</strong></span> <span class='ocrx_word' id='word_1_541' title='bbox 1497 3413 1600 3476; x_wconf 88' lang='lat' dir='ltr'><strong>ita,</strong></span> <span class='ocrx_word' id='word_1_542' title='bbox 1635 3411 1825 3480; x_wconf 92' lang='lat' dir='ltr'><strong>inquit,</strong></span> 
     </span>
    </p>
   </div>
   <div class='ocr_carea' id='block_1_67' title="bbox 247 3500 1828 3576">
    <p class='ocr_par' dir='ltr' id='par_1_67' title="bbox 247 3500 1828 3576">
     <span class='ocr_line' id='line_1_67' title="bbox 247 3500 1828 3576; baseline -0.004 -17"><span class='ocrx_word' id='word_1_543' title='bbox 247 3505 588 3576; x_wconf 85' lang='lat' dir='ltr'><strong>congregabo</strong></span> <span class='ocrx_word' id='word_1_544' title='bbox 615 3519 709 3559; x_wconf 88' lang='lat' dir='ltr'><strong>vos</strong></span> <span class='ocrx_word' id='word_1_545' title='bbox 752 3504 804 3558; x_wconf 90' lang='lat' dir='ltr'><strong>in</strong></span> <span class='ocrx_word' id='word_1_546' title='bbox 842 3503 1079 3557; x_wconf 89' lang='lat' dir='ltr'><strong>medium</strong></span> <span class='ocrx_word' id='word_1_547' title='bbox 1117 3500 1412 3556; x_wconf 87' lang='lat' dir='ltr'><strong>Jerusalem</strong></span> <span class='ocrx_word' id='word_1_548' title='bbox 1457 3510 1512 3555; x_wconf 91' lang='lat' dir='ltr'><strong>et</strong></span> <span class='ocrx_word' id='word_1_549' title='bbox 1540 3500 1828 3569; x_wconf 86' lang='lat' dir='ltr'><strong>Babylonia</strong></span> 
     </span>
    </p>
   </div>
   <div class='ocr_carea' id='block_1_68' title="bbox 248 3591 1828 3661">
    <p class='ocr_par' dir='ltr' id='par_1_68' title="bbox 248 3591 1828 3661">
     <span class='ocr_line' id='line_1_68' title="bbox 248 3591 1828 3661; baseline -0.003 -12"><span class='ocrx_word' id='word_1_550' title='bbox 248 3597 531 3650; x_wconf 87' lang='lat' dir='ltr'><strong>obsidione</strong></span> <span class='ocrx_word' id='word_1_551' title='bbox 558 3594 922 3657; x_wconf 86' lang='lat' dir='ltr'><strong>circumdabo,</strong></span> <span class='ocrx_word' id='word_1_552' title='bbox 951 3602 1010 3646; x_wconf 90' lang='lat' dir='ltr'><strong>ut</strong></span> <span class='ocrx_word' id='word_1_553' title='bbox 1039 3593 1359 3646; x_wconf 89' lang='lat' dir='ltr'><strong>succendam</strong></span> <span class='ocrx_word' id='word_1_554' title='bbox 1392 3592 1444 3645; x_wconf 92' lang='lat' dir='ltr'><strong>in</strong></span> <span class='ocrx_word' id='word_1_555' title='bbox 1473 3591 1624 3645; x_wconf 88' lang='lat' dir='ltr'><strong>vobis</strong></span> <span class='ocrx_word' id='word_1_556' title='bbox 1652 3592 1828 3661; x_wconf 89' lang='lat' dir='ltr'><strong>ignem</strong></span> 
     </span>
    </p>
   </div>
   <div class='ocr_carea' id='block_1_69' title="bbox 249 3668 1831 3752">
    <p class='ocr_par' dir='ltr' id='par_1_69' title="bbox 249 3668 1831 3752">
     <span class='ocr_line' id='line_1_69' title="bbox 249 3668 1831 3752; baseline -0.003 -14"><span class='ocrx_word' id='word_1_557' title='bbox 249 3687 315 3739; x_wconf 90' lang='lat' dir='ltr'><strong>ad</strong></span> <span class='ocrx_word' id='word_1_558' title='bbox 339 3684 699 3738; x_wconf 85' lang='lat' dir='ltr'><strong>eonflandum.</strong></span> <span class='ocrx_word' id='word_1_559' title='bbox 732 3682 992 3752; x_wconf 86' lang='lat' dir='ltr'><strong>Quodque</strong></span> <span class='ocrx_word' id='word_1_560' title='bbox 1028 3683 1098 3736; x_wconf 88' lang='lat' dir='ltr'><strong>ibi</strong></span> <span class='ocrx_word' id='word_1_561' title='bbox 1136 3681 1264 3736; x_wconf 88' lang='lat' dir='ltr'><strong>facit</strong></span> <span class='ocrx_word' id='word_1_562' title='bbox 1295 3681 1633 3735; x_wconf 85' lang='lat' dir='ltr'><strong>flammarum</strong></span> <span class='ocrx_word' id='word_1_563' title='bbox 1654 3668 1831 3734; x_wconf 41' lang='lat' dir='ltr'><strong>‘ardor</strong></span> 
     </span>
    </p>
   </div>
   <div class='ocr_carea' id='block_1_70' title="bbox 251 3771 1832 3842">
    <p class='ocr_par' dir='ltr' id='par_1_70' title="bbox 251 3771 1832 3842">
     <span class='ocr_line' id='line_1_70' title="bbox 251 3771 1832 3842; baseline -0.002 -14"><span class='ocrx_word' id='word_1_564' title='bbox 251 3776 569 3838; x_wconf 90' lang='lat' dir='ltr'><strong>immensus,</strong></span> <span class='ocrx_word' id='word_1_565' title='bbox 615 3774 704 3828; x_wconf 87' lang='lat' dir='ltr'><strong>hic</strong></span> <span class='ocrx_word' id='word_1_566' title='bbox 751 3772 921 3828; x_wconf 90' lang='lat' dir='ltr'><strong>fames</strong></span> <span class='ocrx_word' id='word_1_567' title='bbox 941 3781 996 3826; x_wconf 90' lang='lat' dir='ltr'><strong>et</strong></span> <span class='ocrx_word' id='word_1_568' title='bbox 1019 3772 1325 3842; x_wconf 87' lang='lat' dir='ltr'><strong>pestilentia</strong></span> <span class='ocrx_word' id='word_1_569' title='bbox 1352 3771 1534 3834; x_wconf 87' lang='lat' dir='ltr'><strong>faciet,</strong></span> <span class='ocrx_word' id='word_1_570' title='bbox 1581 3778 1640 3823; x_wconf 94' lang='lat' dir='ltr'><strong>ut</strong></span> <span class='ocrx_word' id='word_1_571' title='bbox 1684 3782 1832 3839; x_wconf 88' lang='lat' dir='ltr'><strong>post-</strong></span> 
     </span>
    </p>
   </div>
   <div class='ocr_carea' id='block_1_71' title="bbox 248 3860 1831 3934">
    <p class='ocr_par' dir='ltr' id='par_1_71' title="bbox 248 3860 1831 3934">
     <span class='ocr_line' id='line_1_71' title="bbox 248 3860 1831 3934; baseline -0.001 -17"><span class='ocrx_word' id='word_1_572' title='bbox 248 3881 409 3932; x_wconf 88' lang='lat' dir='ltr'><strong>quam</strong></span> <span class='ocrx_word' id='word_1_573' title='bbox 451 3878 848 3934; x_wconf 83' lang='lat' dir='ltr'><strong>congregavero</strong></span> <span class='ocrx_word' id='word_1_574' title='bbox 887 3879 984 3916; x_wconf 91' lang='lat' dir='ltr'><strong>vos</strong></span> <span class='ocrx_word' id='word_1_575' title='bbox 1025 3871 1186 3930; x_wconf 88' lang='lat' dir='ltr'><strong>atque</strong></span> <span class='ocrx_word' id='word_1_576' title='bbox 1230 3860 1559 3916; x_wconf 87' lang='lat' dir='ltr'><strong>succendere</strong></span> <span class='ocrx_word' id='word_1_577' title='bbox 1609 3860 1662 3914; x_wconf 90' lang='lat' dir='ltr'><strong>in</strong></span> <span class='ocrx_word' id='word_1_578' title='bbox 1710 3861 1831 3929; x_wconf 84' lang='lat' dir='ltr'><strong>igne</strong></span> 
     </span>
    </p>
   </div>
   <div class='ocr_carea' id='block_1_72' title="bbox 249 3954 1831 4025">
    <p class='ocr_par' dir='ltr' id='par_1_72' title="bbox 249 3954 1831 4025">
     <span class='ocr_line' id='line_1_72' title="bbox 249 3954 1831 4025; baseline -0.002 -15"><span class='ocrx_word' id='word_1_579' title='bbox 249 3957 469 4020; x_wconf 88' lang='lat' dir='ltr'><strong>furoris,</strong></span> <span class='ocrx_word' id='word_1_580' title='bbox 498 3967 624 4011; x_wconf 91' lang='lat' dir='ltr'><strong>tunc</strong></span> <span class='ocrx_word' id='word_1_581' title='bbox 646 3957 1004 4025; x_wconf 91' lang='lat' dir='ltr'><strong>requiescam,</strong></span> <span class='ocrx_word' id='word_1_582' title='bbox 1041 3963 1094 4010; x_wconf 93' lang='lat' dir='ltr'><strong>et</strong></span> <span class='ocrx_word' id='word_1_583' title='bbox 1123 3963 1407 4010; x_wconf 89' lang='lat' dir='ltr'><strong>contentus</strong></span> <span class='ocrx_word' id='word_1_584' title='bbox 1445 3954 1680 4008; x_wconf 89' lang='lat' dir='ltr'><strong>dolorem</strong></span> <span class='ocrx_word' id='word_1_585' title='bbox 1718 3968 1831 4023; x_wconf 73' lang='lat' dir='ltr'><strong>pm-</strong></span> 
     </span>
    </p>
   </div>
   <div class='ocr_carea' id='block_1_73' title="bbox 249 4047 1831 4116">
    <p class='ocr_par' dir='ltr' id='par_1_73' title="bbox 249 4047 1831 4116">
     <span class='ocr_line' id='line_1_73' title="bbox 249 4047 1831 4116; baseline -0.001 -14"><span class='ocrx_word' id='word_1_586' title='bbox 249 4065 443 4102; x_wconf 88' lang='lat' dir='ltr'><strong>narum</strong></span> <span class='ocrx_word' id='word_1_587' title='bbox 476 4057 776 4103; x_wconf 90' lang='lat' dir='ltr'><strong>vestrarum</strong></span> <span class='ocrx_word' id='word_1_588' title='bbox 808 4049 1010 4102; x_wconf 91' lang='lat' dir='ltr'><strong>ultione</strong></span> <span class='ocrx_word' id='word_1_589' title='bbox 1031 4063 1389 4116; x_wconf 89' lang='lat' dir='ltr'><strong>compescam.</strong></span> <span class='ocrx_word' id='word_1_590' title='bbox 1419 4047 1485 4100; x_wconf 89' lang='lat' dir='ltr'><strong>Et</strong></span> <span class='ocrx_word' id='word_1_591' title='bbox 1520 4049 1623 4102; x_wconf 90' lang='lat' dir='ltr'><strong>hoc</strong></span> <span class='ocrx_word' id='word_1_592' title='bbox 1659 4056 1831 4101; x_wconf 91' lang='lat' dir='ltr'><strong>totum</strong></span> 
     </span>
    </p>
   </div>
   <div class='ocr_carea' id='block_1_74' title="bbox 249 4138 1830 4209">
    <p class='ocr_par' dir='ltr' id='par_1_74' title="bbox 249 4138 1830 4209">
     <span class='ocr_line' id='line_1_74' title="bbox 249 4138 1830 4209; baseline 0.001 -17"><span class='ocrx_word' id='word_1_593' title='bbox 249 4139 447 4193; x_wconf 77' lang='lat' dir='ltr'><strong>faciant</strong></span> <span class='ocrx_word' id='word_1_594' title='bbox 483 4149 544 4192; x_wconf 92' lang='lat' dir='ltr'><strong>ut</strong></span> <span class='ocrx_word' id='word_1_595' title='bbox 583 4149 865 4209; x_wconf 85' lang='lat' dir='ltr'><strong>postquam</strong></span> <span class='ocrx_word' id='word_1_596' title='bbox 909 4138 1145 4194; x_wconf 79' lang='lat' dir='ltr'><strong>eﬂudero</strong></span> <span class='ocrx_word' id='word_1_597' title='bbox 1184 4139 1604 4209; x_wconf 89' lang='lat' dir='ltr'><strong>indignationem</strong></span> <span class='ocrx_word' id='word_1_598' title='bbox 1654 4155 1830 4194; x_wconf 90' lang='lat' dir='ltr'><strong>meam</strong></span> 
     </span>
    </p>
   </div>
   <div class='ocr_carea' id='block_1_75' title="bbox 248 4228 1826 4297">
    <p class='ocr_par' dir='ltr' id='par_1_75' title="bbox 248 4228 1826 4297">
     <span class='ocr_line' id='line_1_75' title="bbox 248 4228 1826 4297; baseline 0.003 -18"><span class='ocrx_word' id='word_1_599' title='bbox 248 4244 414 4297; x_wconf 85' lang='lat' dir='ltr'><strong>super</strong></span> <span class='ocrx_word' id='word_1_600' title='bbox 453 4243 580 4291; x_wconf 89' lang='lat' dir='ltr'><strong>vos,</strong></span> <span class='ocrx_word' id='word_1_601' title='bbox 635 4229 758 4283; x_wconf 88' lang='lat' dir='ltr'><strong>finis</strong></span> <span class='ocrx_word' id='word_1_602' title='bbox 812 4229 975 4284; x_wconf 87' lang='lat' dir='ltr'><strong>vestri</strong></span> <span class='ocrx_word' id='word_1_603' title='bbox 1025 4229 1295 4283; x_wconf 91' lang='lat' dir='ltr'><strong>cruciatus</strong></span> <span class='ocrx_word' id='word_1_604' title='bbox 1346 4228 1449 4283; x_wconf 91' lang='lat' dir='ltr'><strong>mei</strong></span> <span class='ocrx_word' id='word_1_605' title='bbox 1501 4229 1689 4282; x_wconf 90' lang='lat' dir='ltr'><strong>notitia</strong></span> <span class='ocrx_word' id='word_1_606' title='bbox 1737 4229 1826 4283; x_wconf 92' lang='lat' dir='ltr'><strong>sit.</strong></span> 
     </span>
    </p>
   </div>
   <div class='ocr_carea' id='block_1_76' title="bbox 250 4316 1831 4390">
    <p class='ocr_par' dir='ltr' id='par_1_76' title="bbox 250 4316 1831 4390">
     <span class='ocr_line' id='line_1_76' title="bbox 250 4316 1831 4390; baseline 0.001 -19"><span class='ocrx_word' id='word_1_607' title='bbox 250 4318 316 4371; x_wconf 89' lang='lat' dir='ltr'><strong>Et</strong></span> <span class='ocrx_word' id='word_1_608' title='bbox 341 4319 531 4372; x_wconf 88' lang='lat' dir='ltr'><strong>sciatis</strong></span> <span class='ocrx_word' id='word_1_609' title='bbox 564 4319 688 4388; x_wconf 91' lang='lat' dir='ltr'><strong>quia</strong></span> <span class='ocrx_word' id='word_1_610' title='bbox 722 4335 820 4390; x_wconf 90' lang='lat' dir='ltr'><strong>ego</strong></span> <span class='ocrx_word' id='word_1_611' title='bbox 857 4335 974 4373; x_wconf 90' lang='lat' dir='ltr'><strong>sum</strong></span> <span class='ocrx_word' id='word_1_612' title='bbox 1006 4318 1268 4373; x_wconf 90' lang='lat' dir='ltr'><strong>Dominus</strong></span> <span class='ocrx_word' id='word_1_613' title='bbox 1299 4316 1461 4385; x_wconf 78' lang='lat' dir='ltr'><strong>judex</strong></span> <span class='ocrx_word' id='word_1_614' title='bbox 1499 4318 1738 4372; x_wconf 91' lang='lat' dir='ltr'><strong>omnium</strong></span> <span class='ocrx_word' id='word_1_615' title='bbox 1776 4327 1831 4373; x_wconf 89' lang='lat' dir='ltr'><strong>et</strong></span> 
     </span>
    </p>
   </div>
   <div class='ocr_carea' id='block_1_77' title="bbox 252 4405 1828 4475">
    <p class='ocr_par' dir='ltr' id='par_1_77' title="bbox 252 4405 1828 4475">
     <span class='ocr_line' id='line_1_77' title="bbox 252 4405 1828 4475; baseline 0.002 -15"><span class='ocrx_word' id='word_1_616' title='bbox 252 4409 566 4461; x_wconf 88' lang='lat' dir='ltr'><strong>retributor.</strong></span> <span class='ocrx_word' id='word_1_617' title='bbox 612 4408 763 4475; x_wconf 91' lang='lat' dir='ltr'><strong>Quod</strong></span> <span class='ocrx_word' id='word_1_618' title='bbox 793 4417 972 4462; x_wconf 91' lang='lat' dir='ltr'><strong>autem</strong></span> <span class='ocrx_word' id='word_1_619' title='bbox 997 4409 1211 4463; x_wconf 89' lang='lat' dir='ltr'><strong>dicatur</strong></span> <span class='ocrx_word' id='word_1_620' title='bbox 1233 4422 1352 4462; x_wconf 91' lang='lat' dir='ltr'><strong>esse</strong></span> <span class='ocrx_word' id='word_1_621' title='bbox 1377 4405 1658 4471; x_wconf 88' lang='lat' dir='ltr'><strong>conflator,</strong></span> <span class='ocrx_word' id='word_1_622' title='bbox 1691 4416 1748 4462; x_wconf 91' lang='lat' dir='ltr'><strong>et</strong></span> <span class='ocrx_word' id='word_1_623' title='bbox 1775 4408 1828 4463; x_wconf 93' lang='lat' dir='ltr'><strong>in</strong></span> 
     </span>
    </p>
   </div>
   <div class='ocr_carea' id='block_1_78' title="bbox 253 4496 1829 4566">
    <p class='ocr_par' dir='ltr' id='par_1_78' title="bbox 253 4496 1829 4566">
     <span class='ocr_line' id='line_1_78' title="bbox 253 4496 1829 4566; baseline 0 -17"><span class='ocrx_word' id='word_1_624' title='bbox 253 4497 438 4550; x_wconf 89' lang='lat' dir='ltr'><strong>multis</strong></span> <span class='ocrx_word' id='word_1_625' title='bbox 467 4499 682 4566; x_wconf 89' lang='lat' dir='ltr'><strong>quidem</strong></span> <span class='ocrx_word' id='word_1_626' title='bbox 713 4500 832 4553; x_wconf 89' lang='lat' dir='ltr'><strong>aliis</strong></span> <span class='ocrx_word' id='word_1_627' title='bbox 869 4498 998 4552; x_wconf 88' lang='lat' dir='ltr'><strong>locis</strong></span> <span class='ocrx_word' id='word_1_628' title='bbox 1025 4538 1040 4562; x_wconf 97' lang='lat'><strong>,</strong></span> <span class='ocrx_word' id='word_1_629' title='bbox 1092 4497 1183 4552; x_wconf 89' lang='lat' dir='ltr'><strong>sed</strong></span> <span class='ocrx_word' id='word_1_630' title='bbox 1213 4496 1446 4551; x_wconf 84' lang='lat' dir='ltr'><strong>maxime</strong></span> <span class='ocrx_word' id='word_1_631' title='bbox 1485 4497 1538 4550; x_wconf 94' lang='lat' dir='ltr'><strong>in</strong></span> <span class='ocrx_word' id='word_1_632' title='bbox 1568 4496 1829 4549; x_wconf 84' lang='lat' dir='ltr'><strong>Malachia</strong></span> 
     </span>
    </p>
   </div>
   <div class='ocr_carea' id='block_1_79' title="bbox 251 4585 1833 4659">
    <p class='ocr_par' dir='ltr' id='par_1_79' title="bbox 251 4585 1833 4659">
     <span class='ocr_line' id='line_1_79' title="bbox 251 4585 1833 4659; baseline -0.003 -17"><span class='ocrx_word' id='word_1_633' title='bbox 251 4598 304 4643; x_wconf 90' lang='lat' dir='ltr'><strong>et</strong></span> <span class='ocrx_word' id='word_1_634' title='bbox 332 4589 470 4641; x_wconf 90' lang='lat' dir='ltr'><strong>Isaia</strong></span> <span class='ocrx_word' id='word_1_635' title='bbox 493 4589 740 4659; x_wconf 88' lang='lat' dir='ltr'><strong>legimus,</strong></span> <span class='ocrx_word' id='word_1_636' title='bbox 760 4604 986 4658; x_wconf 85' lang='lat' dir='ltr'><strong>quorum</strong></span> <span class='ocrx_word' id='word_1_637' title='bbox 1017 4587 1186 4642; x_wconf 87' lang='lat' dir='ltr'><strong>alter:</strong></span> <span class='ocrx_word' id='word_1_638' title='bbox 1209 4607 1227 4637; x_wconf 83' lang='grc'><strong><em>‹</em></strong></span> <span class='ocrx_word' id='word_1_639' title='bbox 1254 4587 1413 4651; x_wconf 92' lang='lat' dir='ltr'><strong>Ecce,</strong></span> <span class='ocrx_word' id='word_1_640' title='bbox 1433 4587 1626 4656; x_wconf 91' lang='lat' dir='ltr'><strong>inquit,</strong></span> <span class='ocrx_word' id='word_1_641' title='bbox 1653 4585 1833 4638; x_wconf 89' lang='lat' dir='ltr'><strong>Domi-</strong></span> 
     </span>
    </p>
   </div>
   <div class='ocr_carea' id='block_1_80' title="bbox 251 4673 1830 4748">
    <p class='ocr_par' dir='ltr' id='par_1_80' title="bbox 251 4673 1830 4748">
     <span class='ocr_line' id='line_1_80' title="bbox 251 4673 1830 4748; baseline -0.001 -18"><span class='ocrx_word' id='word_1_642' title='bbox 251 4694 355 4732; x_wconf 89' lang='lat' dir='ltr'><strong>nus</strong></span> <span class='ocrx_word' id='word_1_643' title='bbox 385 4679 659 4747; x_wconf 87' lang='lat' dir='ltr'><strong>egreditur</strong></span> <span class='ocrx_word' id='word_1_644' title='bbox 706 4679 856 4746; x_wconf 87' lang='lat' dir='ltr'><strong>quasi</strong></span> <span class='ocrx_word' id='word_1_645' title='bbox 890 4679 1027 4748; x_wconf 88' lang='lat' dir='ltr'><strong>ignis</strong></span> <span class='ocrx_word' id='word_1_646' title='bbox 1057 4675 1377 4741; x_wconf 88' lang='lat' dir='ltr'><strong>conflatorii,</strong></span> <span class='ocrx_word' id='word_1_647' title='bbox 1404 4685 1458 4730; x_wconf 91' lang='lat' dir='ltr'><strong>et</strong></span> <span class='ocrx_word' id='word_1_648' title='bbox 1482 4677 1622 4730; x_wconf 90' lang='lat' dir='ltr'><strong>sicut</strong></span> <span class='ocrx_word' id='word_1_649' title='bbox 1664 4673 1830 4729; x_wconf 88' lang='lat' dir='ltr'><strong>herba</strong></span> 
     </span>
    </p>
   </div>
   <div class='ocr_carea' id='block_1_81' title="bbox 252 4765 1832 4834">
    <p class='ocr_par' dir='ltr' id='par_1_81' title="bbox 252 4765 1832 4834">
     <span class='ocr_line' id='line_1_81' title="bbox 252 4765 1832 4834; baseline -0.001 -16"><span class='ocrx_word' id='word_1_650' title='bbox 252 4766 572 4831; x_wconf 88' lang='lat' dir='ltr'><strong>lavantium,</strong></span> <span class='ocrx_word' id='word_1_651' title='bbox 622 4777 675 4820; x_wconf 89' lang='lat' dir='ltr'><strong>et</strong></span> <span class='ocrx_word' id='word_1_652' title='bbox 706 4768 910 4821; x_wconf 84' lang='lat' dir='ltr'><strong>sedebit</strong></span> <span class='ocrx_word' id='word_1_653' title='bbox 950 4765 1188 4821; x_wconf 85' lang='lat' dir='ltr'><strong>conflans</strong></span> <span class='ocrx_word' id='word_1_654' title='bbox 1219 4765 1374 4834; x_wconf 90' lang='lat' dir='ltr'><strong>quasi</strong></span> <span class='ocrx_word' id='word_1_655' title='bbox 1415 4779 1606 4819; x_wconf 88' lang='lat' dir='ltr'><strong>aurum</strong></span> <span class='ocrx_word' id='word_1_656' title='bbox 1651 4771 1707 4817; x_wconf 89' lang='lat' dir='ltr'><strong>et</strong></span> <span class='ocrx_word' id='word_1_657' title='bbox 1745 4779 1832 4818; x_wconf 88' lang='lat' dir='ltr'><strong>ar-</strong></span> 
     </span>
    </p>
   </div>
   <div class='ocr_carea' id='block_1_82' title="bbox 251 4853 1832 4922">
    <p class='ocr_par' dir='ltr' id='par_1_82' title="bbox 251 4853 1832 4922">
     <span class='ocr_line' id='line_1_82' title="bbox 251 4853 1832 4922; baseline -0.001 -14"><span class='ocrx_word' id='word_1_658' title='bbox 251 4865 504 4922; x_wconf 78' lang='lat' dir='ltr'><strong>genium,</strong></span> <span class='ocrx_word' id='word_1_659' title='bbox 529 4865 583 4910; x_wconf 89' lang='lat' dir='ltr'><strong>et</strong></span> <span class='ocrx_word' id='word_1_660' title='bbox 605 4856 860 4912; x_wconf 85' lang='lat' dir='ltr'><strong>conﬂabit</strong></span> <span class='ocrx_word' id='word_1_661' title='bbox 888 4856 1024 4911; x_wconf 87' lang='lat' dir='ltr'><strong>filios</strong></span> <span class='ocrx_word' id='word_1_662' title='bbox 1048 4855 1196 4910; x_wconf 90' lang='lat' dir='ltr'><strong>Levi.</strong></span> <span class='ocrx_word' id='word_1_663' title='bbox 1223 4875 1242 4906; x_wconf 75' lang='grc' dir='ltr'><strong>ι</strong></span> <span class='ocrx_word' id='word_1_664' title='bbox 1271 4855 1418 4908; x_wconf 85' lang='lat' dir='ltr'><strong>Alter</strong></span> <span class='ocrx_word' id='word_1_665' title='bbox 1443 4872 1455 4907; x_wconf 95' lang='lat'>:</span> <span class='ocrx_word' id='word_1_666' title='bbox 1490 4872 1509 4905; x_wconf 84' lang='grc' dir='ltr'><strong>ι</strong></span> <span class='ocrx_word' id='word_1_667' title='bbox 1537 4855 1604 4908; x_wconf 89' lang='grc' dir='ltr'>Ει</span> <span class='ocrx_word' id='word_1_668' title='bbox 1631 4853 1832 4907; x_wconf 89' lang='lat' dir='ltr'><strong>lavabit</strong></span> 
     </span>
    </p>
   </div>
   <div class='ocr_carea' id='block_1_83' title="bbox 255 4943 1832 5014">
    <p class='ocr_par' dir='ltr' id='par_1_83' title="bbox 255 4943 1832 5014">
     <span class='ocr_line' id='line_1_83' title="bbox 255 4943 1832 5014; baseline 0 -16"><span class='ocrx_word' id='word_1_669' title='bbox 255 4947 514 4999; x_wconf 90' lang='lat' dir='ltr'><strong>Dominus</strong></span> <span class='ocrx_word' id='word_1_670' title='bbox 536 4947 722 5001; x_wconf 88' lang='lat' dir='ltr'><strong>sordes</strong></span> <span class='ocrx_word' id='word_1_671' title='bbox 749 4945 979 5000; x_wconf 87' lang='lat' dir='ltr'><strong>ﬁliorum</strong></span> <span class='ocrx_word' id='word_1_672' title='bbox 1007 4955 1062 4999; x_wconf 90' lang='lat' dir='ltr'><strong>et</strong></span> <span class='ocrx_word' id='word_1_673' title='bbox 1085 4945 1312 5000; x_wconf 83' lang='lat' dir='ltr'><strong>filiarum</strong></span> <span class='ocrx_word' id='word_1_674' title='bbox 1337 4943 1466 4998; x_wconf 90' lang='lat' dir='ltr'><strong>Sion</strong></span> <span class='ocrx_word' id='word_1_675' title='bbox 1485 4985 1500 5009; x_wconf 94' lang='lat'><strong>,</strong></span> <span class='ocrx_word' id='word_1_676' title='bbox 1531 4953 1585 4997; x_wconf 90' lang='lat' dir='ltr'><strong>et</strong></span> <span class='ocrx_word' id='word_1_677' title='bbox 1619 4945 1832 5014; x_wconf 88' lang='lat' dir='ltr'><strong>sangui-</strong></span> 
     </span>
    </p>
   </div>
   <div class='ocr_carea' id='block_1_84' title="bbox 253 5034 1833 5105">
    <p class='ocr_par' dir='ltr' id='par_1_84' title="bbox 253 5034 1833 5105">
     <span class='ocr_line' id='line_1_84' title="bbox 253 5034 1833 5105; baseline -0.003 -15"><span class='ocrx_word' id='word_1_678' title='bbox 253 5051 378 5090; x_wconf 85' lang='lat' dir='ltr'><strong>nem</strong></span> <span class='ocrx_word' id='word_1_679' title='bbox 404 5036 681 5090; x_wconf 86' lang='lat' dir='ltr'><strong>mundabit</strong></span> <span class='ocrx_word' id='word_1_680' title='bbox 703 5037 770 5090; x_wconf 90' lang='lat' dir='ltr'><strong>de</strong></span> <span class='ocrx_word' id='word_1_681' title='bbox 803 5037 977 5090; x_wconf 91' lang='lat' dir='ltr'><strong>medio</strong></span> <span class='ocrx_word' id='word_1_682' title='bbox 999 5051 1183 5091; x_wconf 91' lang='lat' dir='ltr'><strong>eorum</strong></span> <span class='ocrx_word' id='word_1_683' title='bbox 1217 5035 1408 5105; x_wconf 92' lang='lat' dir='ltr'><strong>spiritu</strong></span> <span class='ocrx_word' id='word_1_684' title='bbox 1427 5034 1614 5104; x_wconf 90' lang='lat' dir='ltr'><strong>judicii</strong></span> <span class='ocrx_word' id='word_1_685' title='bbox 1645 5043 1700 5088; x_wconf 89' lang='lat' dir='ltr'><strong>et</strong></span> <span class='ocrx_word' id='word_1_686' title='bbox 1724 5034 1833 5102; x_wconf 89' lang='lat' dir='ltr'><strong>spi-</strong></span> 
     </span>
    </p>
   </div>
   <div class='ocr_carea' id='block_1_85' title="bbox 257 5124 1830 5196">
    <p class='ocr_par' dir='ltr' id='par_1_85' title="bbox 257 5124 1830 5196">
     <span class='ocr_line' id='line_1_85' title="bbox 257 5124 1830 5196; baseline -0.001 -17"><span class='ocrx_word' id='word_1_687' title='bbox 257 5128 364 5181; x_wconf 90' lang='lat' dir='ltr'><strong>ritu</strong></span> <span class='ocrx_word' id='word_1_688' title='bbox 387 5126 793 5181; x_wconf 85' lang='lat' dir='ltr'><strong>eombustionis.</strong></span> <span class='ocrx_word' id='word_1_689' title='bbox 822 5126 888 5180; x_wconf 89' lang='lat' dir='ltr'><strong>Et</strong></span> <span class='ocrx_word' id='word_1_690' title='bbox 909 5135 1039 5196; x_wconf 92' lang='lat' dir='ltr'><strong>puto</strong></span> <span class='ocrx_word' id='word_1_691' title='bbox 1061 5125 1186 5180; x_wconf 90' lang='lat' dir='ltr'><strong>illud</strong></span> <span class='ocrx_word' id='word_1_692' title='bbox 1216 5139 1410 5180; x_wconf 87' lang='lat' dir='ltr'><strong>sonare</strong></span> <span class='ocrx_word' id='word_1_693' title='bbox 1435 5125 1576 5194; x_wconf 90' lang='lat' dir='ltr'><strong>quod</strong></span> <span class='ocrx_word' id='word_1_694' title='bbox 1603 5125 1655 5178; x_wconf 92' lang='lat' dir='ltr'><strong>in</strong></span> <span class='ocrx_word' id='word_1_695' title='bbox 1683 5124 1830 5194; x_wconf 88' lang='lat' dir='ltr'><strong>psal-</strong></span> 
     </span>
    </p>
   </div>
   <div class='ocr_carea' id='block_1_86' title="bbox 256 5217 1835 5286">
    <p class='ocr_par' dir='ltr' id='par_1_86' title="bbox 256 5217 1835 5286">
     <span class='ocr_line' id='line_1_86' title="bbox 256 5217 1835 5286; baseline -0.002 -15"><span class='ocrx_word' id='word_1_696' title='bbox 256 5219 360 5272; x_wconf 91' lang='lat' dir='ltr'><strong>mis</strong></span> <span class='ocrx_word' id='word_1_697' title='bbox 384 5219 579 5273; x_wconf 89' lang='lat' dir='ltr'><strong>dicitur</strong></span> <span class='ocrx_word' id='word_1_698' title='bbox 602 5236 614 5271; x_wconf 92' lang='lat'><strong>:</strong></span> <span class='ocrx_word' id='word_1_699' title='bbox 645 5237 662 5268; x_wconf 85' lang='grc' dir='ltr'><strong>ι</strong></span> <span class='ocrx_word' id='word_1_700' title='bbox 680 5217 853 5272; x_wconf 89' lang='lat' dir='ltr'><strong>Proba</strong></span> <span class='ocrx_word' id='word_1_701' title='bbox 876 5235 983 5283; x_wconf 90' lang='lat' dir='ltr'><strong>me,</strong></span> <span class='ocrx_word' id='word_1_702' title='bbox 1011 5218 1252 5281; x_wconf 81' lang='lat' dir='ltr'><strong>Domine,</strong></span> <span class='ocrx_word' id='word_1_703' title='bbox 1277 5227 1331 5272; x_wconf 92' lang='lat' dir='ltr'><strong>et</strong></span> <span class='ocrx_word' id='word_1_704' title='bbox 1359 5225 1505 5271; x_wconf 87' lang='lat' dir='ltr'><strong>tenta</strong></span> <span class='ocrx_word' id='word_1_705' title='bbox 1529 5232 1644 5280; x_wconf 90' lang='lat' dir='ltr'><strong>me;</strong></span> <span class='ocrx_word' id='word_1_706' title='bbox 1668 5235 1688 5268; x_wconf 72' lang='grc' dir='ltr'><strong>ι</strong></span> <span class='ocrx_word' id='word_1_707' title='bbox 1713 5223 1835 5286; x_wconf 86' lang='lat' dir='ltr'><strong>post</strong></span> 
     </span>
    </p>
   </div>
   <div class='ocr_carea' id='block_1_87' title="bbox 257 5307 1833 5377">
    <p class='ocr_par' dir='ltr' id='par_1_87' title="bbox 257 5307 1833 5377">
     <span class='ocr_line' id='line_1_87' title="bbox 257 5307 1833 5377; baseline -0.001 -17"><span class='ocrx_word' id='word_1_708' title='bbox 257 5309 399 5377; x_wconf 90' lang='lat' dir='ltr'><strong>quod</strong></span> <span class='ocrx_word' id='word_1_709' title='bbox 430 5307 674 5372; x_wconf 89' lang='lat' dir='ltr'><strong>infertur,</strong></span> <span class='ocrx_word' id='word_1_710' title='bbox 720 5326 739 5358; x_wconf 85' lang='grc' dir='ltr'><strong>ι</strong></span> <span class='ocrx_word' id='word_1_711' title='bbox 778 5307 886 5363; x_wconf 90' lang='lat' dir='ltr'><strong>Ure</strong></span> <span class='ocrx_word' id='word_1_712' title='bbox 912 5323 1068 5363; x_wconf 87' lang='lat' dir='ltr'><strong>renes</strong></span> <span class='ocrx_word' id='word_1_713' title='bbox 1096 5321 1246 5361; x_wconf 91' lang='lat' dir='ltr'><strong>meos</strong></span> <span class='ocrx_word' id='word_1_714' title='bbox 1273 5315 1328 5360; x_wconf 91' lang='lat' dir='ltr'><strong>et</strong></span> <span class='ocrx_word' id='word_1_715' title='bbox 1355 5321 1450 5360; x_wconf 91' lang='lat' dir='ltr'><strong>cor</strong></span> <span class='ocrx_word' id='word_1_716' title='bbox 1484 5320 1684 5370; x_wconf 91' lang='lat' dir='ltr'><strong>meum,</strong></span> <span class='ocrx_word' id='word_1_717' title='bbox 1721 5322 1740 5356; x_wconf 72' lang='grc' dir='ltr'><strong>ι</strong></span> <span class='ocrx_word' id='word_1_718' title='bbox 1774 5313 1833 5358; x_wconf 91' lang='lat' dir='ltr'><strong>ut</strong></span> 
     </span>
    </p>
   </div>
   <div class='ocr_carea' id='block_1_88' title="bbox 259 5398 1834 5469">
    <p class='ocr_par' dir='ltr' id='par_1_88' title="bbox 259 5398 1834 5469">
     <span class='ocr_line' id='line_1_88' title="bbox 259 5398 1834 5469; baseline -0.002 -14"><span class='ocrx_word' id='word_1_719' title='bbox 259 5402 508 5456; x_wconf 86' lang='lat' dir='ltr'><strong>universa</strong></span> <span class='ocrx_word' id='word_1_720' title='bbox 539 5401 839 5456; x_wconf 87' lang='lat' dir='ltr'><strong>lumborum</strong></span> <span class='ocrx_word' id='word_1_721' title='bbox 870 5404 1013 5456; x_wconf 82' lang='lat' dir='ltr'><strong>noxii</strong></span> <span class='ocrx_word' id='word_1_722' title='bbox 1040 5403 1090 5454; x_wconf 92' lang='lat' dir='ltr'><strong>in</strong></span> <span class='ocrx_word' id='word_1_723' title='bbox 1122 5416 1206 5454; x_wconf 89' lang='lat' dir='ltr'><strong>me</strong></span> <span class='ocrx_word' id='word_1_724' title='bbox 1241 5399 1482 5455; x_wconf 91' lang='lat' dir='ltr'><strong>humoris</strong></span> <span class='ocrx_word' id='word_1_725' title='bbox 1504 5399 1693 5469; x_wconf 91' lang='lat' dir='ltr'><strong>pituita</strong></span> <span class='ocrx_word' id='word_1_726' title='bbox 1729 5398 1834 5452; x_wconf 84' lang='lat' dir='ltr'><strong>sic-</strong></span> 
     </span>
    </p>
   </div>
   <div class='ocr_carea' id='block_1_89' title="bbox 261 5489 1834 5559">
    <p class='ocr_par' dir='ltr' id='par_1_89' title="bbox 261 5489 1834 5559">
     <span class='ocr_line' id='line_1_89' title="bbox 261 5489 1834 5559; baseline -0.003 -11"><span class='ocrx_word' id='word_1_727' title='bbox 261 5501 433 5548; x_wconf 86' lang='lat' dir='ltr'><strong>eetur.</strong></span> <span class='ocrx_word' id='word_1_728' title='bbox 473 5491 626 5559; x_wconf 85' lang='lat' dir='ltr'><strong>Quod</strong></span> <span class='ocrx_word' id='word_1_729' title='bbox 653 5493 718 5546; x_wconf 89' lang='lat' dir='ltr'><strong>de</strong></span> <span class='ocrx_word' id='word_1_730' title='bbox 743 5491 1038 5546; x_wconf 85' lang='lat' dir='ltr'><strong>Jerusalem</strong></span> <span class='ocrx_word' id='word_1_731' title='bbox 1065 5491 1448 5554; x_wconf 82' lang='lat' dir='ltr'><strong>intelleximus,</strong></span> <span class='ocrx_word' id='word_1_732' title='bbox 1474 5489 1834 5559; x_wconf 87' lang='lat' dir='ltr'><strong>intelligamus</strong></span> 
     </span>
    </p>
   </div>
   <div class='ocr_carea' id='block_1_90' title="bbox 264 5579 1830 5651">
    <p class='ocr_par' dir='ltr' id='par_1_90' title="bbox 264 5579 1830 5651">
     <span class='ocr_line' id='line_1_90' title="bbox 264 5579 1830 5651; baseline -0.003 -14"><span class='ocrx_word' id='word_1_733' title='bbox 264 5582 330 5636; x_wconf 86' lang='lat' dir='ltr'><strong>de</strong></span> <span class='ocrx_word' id='word_1_734' title='bbox 356 5582 658 5637; x_wconf 87' lang='lat' dir='ltr'><strong>animarum</strong></span> <span class='ocrx_word' id='word_1_735' title='bbox 681 5591 823 5636; x_wconf 88' lang='lat' dir='ltr'><strong>statu</strong></span> <span class='ocrx_word' id='word_1_736' title='bbox 842 5622 856 5645; x_wconf 89' lang='lat'><strong>,</strong></span> <span class='ocrx_word' id='word_1_737' title='bbox 904 5596 1024 5651; x_wconf 60' lang='lat' dir='ltr'><strong>qua:</strong></span> <span class='ocrx_word' id='word_1_738' title='bbox 1051 5596 1198 5651; x_wconf 62' lang='lat' dir='ltr'><strong>purae</strong></span> <span class='ocrx_word' id='word_1_739' title='bbox 1223 5596 1251 5634; x_wconf 92' lang='lat' dir='ltr'><strong>a</strong></span> <span class='ocrx_word' id='word_1_740' title='bbox 1283 5581 1392 5634; x_wconf 92' lang='lat' dir='ltr'><strong>Deo</strong></span> <span class='ocrx_word' id='word_1_741' title='bbox 1427 5579 1655 5634; x_wconf 72' lang='lat' dir='ltr'><strong>conditae</strong></span> <span class='ocrx_word' id='word_1_742' title='bbox 1682 5588 1830 5645; x_wconf 90' lang='lat' dir='ltr'><strong>sunt,</strong></span> 
     </span>
    </p>
   </div>
   <div class='ocr_carea' id='block_1_91' title="bbox 268 5671 1829 5743">
    <p class='ocr_par' dir='ltr' id='par_1_91' title="bbox 268 5671 1829 5743">
     <span class='ocr_line' id='line_1_91' title="bbox 268 5671 1829 5743; baseline -0.002 -16"><span class='ocrx_word' id='word_1_743' title='bbox 268 5688 564 5743; x_wconf 81' lang='lat' dir='ltr'><strong>aurumque</strong></span> <span class='ocrx_word' id='word_1_744' title='bbox 594 5673 644 5726; x_wconf 93' lang='lat' dir='ltr'><strong>in</strong></span> <span class='ocrx_word' id='word_1_745' title='bbox 674 5688 832 5728; x_wconf 88' lang='lat' dir='ltr'><strong>sensu</strong></span> <span class='ocrx_word' id='word_1_746' title='bbox 862 5681 1022 5742; x_wconf 89' lang='lat' dir='ltr'><strong>atque</strong></span> <span class='ocrx_word' id='word_1_747' title='bbox 1050 5673 1334 5742; x_wconf 88' lang='lat' dir='ltr'><strong>sapientia,</strong></span> <span class='ocrx_word' id='word_1_748' title='bbox 1380 5679 1435 5725; x_wconf 91' lang='lat' dir='ltr'><strong>ct</strong></span> <span class='ocrx_word' id='word_1_749' title='bbox 1466 5680 1744 5742; x_wconf 81' lang='lat' dir='ltr'><strong>argentum</strong></span> <span class='ocrx_word' id='word_1_750' title='bbox 1777 5671 1829 5724; x_wconf 91' lang='lat' dir='ltr'><strong>in</strong></span> 
     </span>
    </p>
   </div>
   <div class='ocr_carea' id='block_1_92' title="bbox 1929 3209 3507 3281">
    <p class='ocr_par' dir='ltr' id='par_1_92' title="bbox 1929 3209 3507 3281">
     <span class='ocr_line' id='line_1_92' title="bbox 1929 3209 3507 3281; baseline 0.006 -19"><span class='ocrx_word' id='word_1_751' title='bbox 1929 3209 2098 3263; x_wconf 86' lang='lat' dir='ltr'><strong>Eduxi</strong></span> <span class='ocrx_word' id='word_1_752' title='bbox 2121 3224 2215 3265; x_wconf 90' lang='lat' dir='ltr'><strong>eos</strong></span> <span class='ocrx_word' id='word_1_753' title='bbox 2241 3211 2294 3263; x_wconf 92' lang='lat' dir='ltr'><strong>in</strong></span> <span class='ocrx_word' id='word_1_754' title='bbox 2320 3220 2544 3281; x_wconf 89' lang='lat' dir='ltr'><strong>argento</strong></span> <span class='ocrx_word' id='word_1_755' title='bbox 2571 3220 2626 3264; x_wconf 91' lang='lat' dir='ltr'><strong>et</strong></span> <span class='ocrx_word' id='word_1_756' title='bbox 2651 3226 2803 3276; x_wconf 91' lang='lat' dir='ltr'><strong>auro,</strong></span> <span class='ocrx_word' id='word_1_757' title='bbox 2828 3221 2883 3266; x_wconf 92' lang='lat' dir='ltr'><strong>et</strong></span> <span class='ocrx_word' id='word_1_758' title='bbox 2913 3230 3017 3267; x_wconf 90' lang='lat' dir='ltr'><strong>non</strong></span> <span class='ocrx_word' id='word_1_759' title='bbox 3039 3225 3156 3269; x_wconf 89' lang='lat' dir='ltr'><strong>erat</strong></span> <span class='ocrx_word' id='word_1_760' title='bbox 3187 3217 3238 3269; x_wconf 92' lang='lat' dir='ltr'><strong>in</strong></span> <span class='ocrx_word' id='word_1_761' title='bbox 3262 3217 3507 3274; x_wconf 88' lang='lat' dir='ltr'><strong>tribubus</strong></span> 
     </span>
    </p>
   </div>
   <div class='ocr_carea' id='block_1_93' title="bbox 1928 3300 3508 3372">
    <p class='ocr_par' dir='ltr' id='par_1_93' title="bbox 1928 3300 3508 3372">
     <span class='ocr_line' id='line_1_93' title="bbox 1928 3300 3508 3372; baseline 0.006 -17"><span class='ocrx_word' id='word_1_762' title='bbox 1928 3315 2115 3355; x_wconf 90' lang='lat' dir='ltr'><strong>eorum</strong></span> <span class='ocrx_word' id='word_1_763' title='bbox 2178 3300 2440 3355; x_wconf 86' lang='lat' dir='ltr'><strong>infirmus.</strong></span> <span class='ocrx_word' id='word_1_764' title='bbox 2498 3301 2752 3370; x_wconf 87' lang='lat' dir='ltr'><strong>Finisque</strong></span> <span class='ocrx_word' id='word_1_765' title='bbox 2809 3318 3092 3372; x_wconf 67' lang='lat' dir='ltr'><strong>pmnarum</strong></span> <span class='ocrx_word' id='word_1_766' title='bbox 3149 3309 3387 3362; x_wconf 90' lang='lat' dir='ltr'><strong>omnium</strong></span> <span class='ocrx_word' id='word_1_767' title='bbox 3435 3313 3508 3366; x_wconf 92' lang='lat' dir='ltr'><strong>sit</strong></span> 
     </span>
    </p>
   </div>
   <div class='ocr_carea' id='block_1_94' title="bbox 1928 3389 3502 3467">
    <p class='ocr_par' dir='ltr' id='par_1_94' title="bbox 1928 3389 3502 3467">
     <span class='ocr_line' id='line_1_94' title="bbox 1928 3389 3502 3467; baseline 0.007 -25"><span class='ocrx_word' id='word_1_768' title='bbox 1928 3404 2088 3443; x_wconf 91' lang='lat' dir='ltr'><strong>nosse</strong></span> <span class='ocrx_word' id='word_1_769' title='bbox 2109 3389 2249 3457; x_wconf 90' lang='lat' dir='ltr'><strong>quod</strong></span> <span class='ocrx_word' id='word_1_770' title='bbox 2279 3390 2393 3459; x_wconf 90' lang='lat' dir='ltr'><strong>ipse</strong></span> <span class='ocrx_word' id='word_1_771' title='bbox 2424 3391 2494 3445; x_wconf 89' lang='lat' dir='ltr'><strong>sit</strong></span> <span class='ocrx_word' id='word_1_772' title='bbox 2513 3390 2790 3444; x_wconf 91' lang='lat' dir='ltr'><strong>Dominus.</strong></span> <span class='ocrx_word' id='word_1_773' title='bbox 2813 3391 2989 3462; x_wconf 72' lang='lat' dir='ltr'><strong>(Ci-eg.</strong></span> <span class='ocrx_word' id='word_1_774' title='bbox 3021 3395 3096 3448; x_wconf 87' lang='lat' dir='ltr'><strong>De</strong></span> <span class='ocrx_word' id='word_1_775' title='bbox 3121 3396 3248 3449; x_wconf 77' lang='lat' dir='ltr'><strong>Cur.</strong></span> <span class='ocrx_word' id='word_1_776' title='bbox 3281 3411 3502 3467; x_wconf 57' lang='lat' dir='ltr'><strong>pastum,</strong></span> 
     </span>
    </p>
   </div>
   <div class='ocr_carea' id='block_1_95' title="bbox 1927 3477 3506 3558">
    <p class='ocr_par' dir='ltr' id='par_1_95' title="bbox 1927 3477 3506 3558">
     <span class='ocr_line' id='line_1_95' title="bbox 1927 3477 3506 3558; baseline 0.008 -26"><span class='ocrx_word' id='word_1_777' title='bbox 1927 3496 1974 3532; x_wconf 88' lang='lat' dir='ltr'><strong>c.</strong></span> <span class='ocrx_word' id='word_1_778' title='bbox 1995 3478 2103 3548; x_wconf 77' lang='grc'><strong>14.)</strong></span> <span class='ocrx_word' id='word_1_779' title='bbox 2124 3497 2139 3529; x_wconf 86' lang='grc' dir='ltr'><strong>ι</strong></span> <span class='ocrx_word' id='word_1_780' title='bbox 2164 3477 2384 3542; x_wconf 90' lang='lat' dir='ltr'><strong>Omnes,</strong></span> <span class='ocrx_word' id='word_1_781' title='bbox 2402 3479 2592 3548; x_wconf 89' lang='lat' dir='ltr'><strong>inquit,</strong></span> <span class='ocrx_word' id='word_1_782' title='bbox 2616 3481 2704 3534; x_wconf 91' lang='lat' dir='ltr'><strong>isti</strong></span> <span class='ocrx_word' id='word_1_783' title='bbox 2725 3489 2848 3558; x_wconf 71' lang='lat' dir='ltr'><strong>stmt</strong></span> <span class='ocrx_word' id='word_1_784' title='bbox 2876 3484 3026 3548; x_wconf 91' lang='lat' dir='ltr'><strong>mihi,</strong></span> <span class='ocrx_word' id='word_1_785' title='bbox 3044 3499 3137 3547; x_wconf 69' lang='grc' dir='ltr'><strong>ωε,</strong></span> <span class='ocrx_word' id='word_1_786' title='bbox 3154 3495 3423 3554; x_wconf 90' lang='lat' dir='ltr'><strong>stannum,</strong></span> <span class='ocrx_word' id='word_1_787' title='bbox 3453 3505 3506 3545; x_wconf 84' lang='lat' dir='ltr'><strong>et</strong></span> 
     </span>
    </p>
   </div>
   <div class='ocr_carea' id='block_1_96' title="bbox 1929 3567 3505 3644">
    <p class='ocr_par' dir='ltr' id='par_1_96' title="bbox 1929 3567 3505 3644">
     <span class='ocr_line' id='line_1_96' title="bbox 1929 3567 3505 3644; baseline 0.006 -23"><span class='ocrx_word' id='word_1_788' title='bbox 1929 3567 2154 3632; x_wconf 87' lang='lat' dir='ltr'><strong>ferrum,</strong></span> <span class='ocrx_word' id='word_1_789' title='bbox 2178 3579 2233 3623; x_wconf 91' lang='lat' dir='ltr'><strong>et</strong></span> <span class='ocrx_word' id='word_1_790' title='bbox 2252 3569 2523 3638; x_wconf 90' lang='lat' dir='ltr'><strong>plumbum</strong></span> <span class='ocrx_word' id='word_1_791' title='bbox 2552 3569 2603 3623; x_wconf 91' lang='lat' dir='ltr'><strong>in</strong></span> <span class='ocrx_word' id='word_1_792' title='bbox 2627 3571 2803 3624; x_wconf 91' lang='lat' dir='ltr'><strong>medio</strong></span> <span class='ocrx_word' id='word_1_793' title='bbox 2829 3569 3080 3627; x_wconf 89' lang='lat' dir='ltr'><strong>fornacis.</strong></span> <span class='ocrx_word' id='word_1_794' title='bbox 3103 3574 3217 3627; x_wconf 76' lang='grc' dir='ltr'><strong>»Αο</strong></span> <span class='ocrx_word' id='word_1_795' title='bbox 3245 3578 3290 3629; x_wconf 88' lang='lat' dir='ltr'><strong>si</strong></span> <span class='ocrx_word' id='word_1_796' title='bbox 3321 3590 3505 3644; x_wconf 86' lang='lat' dir='ltr'><strong>aperte</strong></span> 
     </span>
    </p>
   </div>
   <div class='ocr_carea' id='block_1_97' title="bbox 1929 3657 3506 3729">
    <p class='ocr_par' dir='ltr' id='par_1_97' title="bbox 1929 3657 3506 3729">
     <span class='ocr_line' id='line_1_97' title="bbox 1929 3657 3506 3729; baseline 0.006 -19"><span class='ocrx_word' id='word_1_797' title='bbox 1929 3658 2109 3712; x_wconf 89' lang='lat' dir='ltr'><strong>dicat:</strong></span> <span class='ocrx_word' id='word_1_798' title='bbox 2134 3657 2372 3726; x_wconf 82' lang='lat' dir='ltr'><strong>Purgare</strong></span> <span class='ocrx_word' id='word_1_799' title='bbox 2405 3673 2498 3712; x_wconf 90' lang='lat' dir='ltr'><strong>eos</strong></span> <span class='ocrx_word' id='word_1_800' title='bbox 2524 3674 2621 3728; x_wconf 93' lang='lat' dir='ltr'><strong>per</strong></span> <span class='ocrx_word' id='word_1_801' title='bbox 2648 3659 2823 3729; x_wconf 90' lang='lat' dir='ltr'><strong>ignem</strong></span> <span class='ocrx_word' id='word_1_802' title='bbox 2864 3660 3224 3716; x_wconf 86' lang='lat' dir='ltr'><strong>tribulationis</strong></span> <span class='ocrx_word' id='word_1_803' title='bbox 3260 3665 3422 3729; x_wconf 86' lang='lat' dir='ltr'><strong>volui,</strong></span> <span class='ocrx_word' id='word_1_804' title='bbox 3451 3678 3506 3720; x_wconf 87' lang='lat' dir='ltr'><strong>et</strong></span> 
     </span>
    </p>
   </div>
   <div class='ocr_carea' id='block_1_98' title="bbox 1930 3747 3476 3818">
    <p class='ocr_par' dir='ltr' id='par_1_98' title="bbox 1930 3747 3476 3818">
     <span class='ocr_line' id='line_1_98' title="bbox 1930 3747 3476 3818; baseline 0.006 -18"><span class='ocrx_word' id='word_1_805' title='bbox 1930 3755 2210 3816; x_wconf 85' lang='lat' dir='ltr'><strong>argentum</strong></span> <span class='ocrx_word' id='word_1_806' title='bbox 2241 3747 2360 3801; x_wconf 94' lang='lat' dir='ltr'><strong>illos</strong></span> <span class='ocrx_word' id='word_1_807' title='bbox 2400 3747 2480 3801; x_wconf 88' lang='lat' dir='ltr'><strong>vel</strong></span> <span class='ocrx_word' id='word_1_808' title='bbox 2511 3763 2700 3800; x_wconf 89' lang='lat' dir='ltr'><strong>aurum</strong></span> <span class='ocrx_word' id='word_1_809' title='bbox 2747 3747 2862 3801; x_wconf 86' lang='lat' dir='ltr'><strong>fieri</strong></span> <span class='ocrx_word' id='word_1_810' title='bbox 2905 3751 3146 3818; x_wconf 68' lang='lat' dir='ltr'><strong>quarsivi,</strong></span> <span class='ocrx_word' id='word_1_811' title='bbox 3188 3753 3281 3806; x_wconf 90' lang='lat' dir='ltr'><strong>sed</strong></span> <span class='ocrx_word' id='word_1_812' title='bbox 3310 3753 3362 3806; x_wconf 91' lang='lat' dir='ltr'><strong>in</strong></span> <span class='ocrx_word' id='word_1_813' title='bbox 3394 3755 3476 3809; x_wconf 89' lang='lat' dir='ltr'><strong>for</strong></span> 
     </span>
    </p>
   </div>
   <div class='ocr_carea' id='block_1_99' title="bbox 1929 3838 3502 3911">
    <p class='ocr_par' dir='ltr' id='par_1_99' title="bbox 1929 3838 3502 3911">
     <span class='ocr_line' id='line_1_99' title="bbox 1929 3838 3502 3911; baseline 0.007 -20"><span class='ocrx_word' id='word_1_814' title='bbox 1929 3853 2062 3892; x_wconf 86' lang='lat' dir='ltr'><strong>nace</strong></span> <span class='ocrx_word' id='word_1_815' title='bbox 2089 3838 2216 3891; x_wconf 91' lang='lat' dir='ltr'><strong>mihi</strong></span> <span class='ocrx_word' id='word_1_816' title='bbox 2240 3838 2293 3891; x_wconf 91' lang='lat' dir='ltr'><strong>in</strong></span> <span class='ocrx_word' id='word_1_817' title='bbox 2321 3853 2412 3900; x_wconf 72' lang='lat' dir='ltr'><strong>ms,</strong></span> <span class='ocrx_word' id='word_1_818' title='bbox 2449 3847 2718 3903; x_wconf 89' lang='lat' dir='ltr'><strong>stannum,</strong></span> <span class='ocrx_word' id='word_1_819' title='bbox 2751 3839 2952 3894; x_wconf 88' lang='lat' dir='ltr'><strong>ferrum</strong></span> <span class='ocrx_word' id='word_1_820' title='bbox 2976 3850 3027 3895; x_wconf 88' lang='lat' dir='ltr'><strong>et</strong></span> <span class='ocrx_word' id='word_1_821' title='bbox 3062 3842 3332 3911; x_wconf 85' lang='lat' dir='ltr'><strong>plumbum</strong></span> <span class='ocrx_word' id='word_1_822' title='bbox 3364 3850 3502 3902; x_wconf 86' lang='lat' dir='ltr'><strong>versi</strong></span> 
     </span>
    </p>
   </div>
   <div class='ocr_carea' id='block_1_100' title="bbox 1931 3927 3498 3997">
    <p class='ocr_par' dir='ltr' id='par_1_100' title="bbox 1931 3927 3498 3997">
     <span class='ocr_line' id='line_1_100' title="bbox 1931 3927 3498 3997; baseline 0.008 -17"><span class='ocrx_word' id='word_1_823' title='bbox 1931 3936 2075 3991; x_wconf 90' lang='lat' dir='ltr'><strong>sunt,</strong></span> <span class='ocrx_word' id='word_1_824' title='bbox 2124 3928 2246 3997; x_wconf 88' lang='lat' dir='ltr'><strong>quia</strong></span> <span class='ocrx_word' id='word_1_825' title='bbox 2277 3942 2382 3981; x_wconf 93' lang='lat' dir='ltr'><strong>non</strong></span> <span class='ocrx_word' id='word_1_826' title='bbox 2425 3927 2491 3980; x_wconf 89' lang='lat' dir='ltr'><strong>ad</strong></span> <span class='ocrx_word' id='word_1_827' title='bbox 2521 3929 2792 3993; x_wconf 90' lang='lat' dir='ltr'><strong>virtutem,</strong></span> <span class='ocrx_word' id='word_1_828' title='bbox 2841 3931 2932 3986; x_wconf 91' lang='lat' dir='ltr'><strong>sed</strong></span> <span class='ocrx_word' id='word_1_829' title='bbox 2979 3931 3047 3985; x_wconf 87' lang='lat' dir='ltr'><strong>ad</strong></span> <span class='ocrx_word' id='word_1_830' title='bbox 3085 3933 3214 3986; x_wconf 89' lang='lat' dir='ltr'><strong>vitia</strong></span> <span class='ocrx_word' id='word_1_831' title='bbox 3247 3935 3410 3990; x_wconf 91' lang='lat' dir='ltr'><strong>etiam</strong></span> <span class='ocrx_word' id='word_1_832' title='bbox 3445 3939 3498 3992; x_wconf 93' lang='lat' dir='ltr'><strong>in</strong></span> 
     </span>
    </p>
   </div>
   <div class='ocr_carea' id='block_1_101' title="bbox 1933 4016 3504 4092">
    <p class='ocr_par' dir='ltr' id='par_1_101' title="bbox 1933 4016 3504 4092">
     <span class='ocr_line' id='line_1_101' title="bbox 1933 4016 3504 4092; baseline 0.007 -23"><span class='ocrx_word' id='word_1_833' title='bbox 1933 4016 2273 4070; x_wconf 90' lang='lat' dir='ltr'><strong>tribulatione</strong></span> <span class='ocrx_word' id='word_1_834' title='bbox 2291 4027 2673 4086; x_wconf 89' lang='lat' dir='ltr'><strong>proruperunt.</strong></span> <span class='ocrx_word' id='word_1_835' title='bbox 2698 4017 2797 4073; x_wconf 58' lang='lat' dir='ltr'><strong>(Es</strong></span> <span class='ocrx_word' id='word_1_836' title='bbox 2814 4021 3010 4089; x_wconf 90' lang='lat' dir='ltr'><strong>quippe</strong></span> <span class='ocrx_word' id='word_1_837' title='bbox 3033 4021 3159 4074; x_wconf 89' lang='lat' dir='ltr'><strong>dum</strong></span> <span class='ocrx_word' id='word_1_838' title='bbox 3183 4026 3504 4092; x_wconf 84' lang='lat' dir='ltr'><strong>percutitur,</strong></span> 
     </span>
    </p>
   </div>
   <div class='ocr_carea' id='block_1_102' title="bbox 1932 4105 3508 4183">
    <p class='ocr_par' dir='ltr' id='par_1_102' title="bbox 1932 4105 3508 4183">
     <span class='ocr_line' id='line_1_102' title="bbox 1932 4105 3508 4183; baseline 0.006 -25"><span class='ocrx_word' id='word_1_839' title='bbox 1932 4105 2161 4174; x_wconf 88' lang='lat' dir='ltr'><strong>amplius</strong></span> <span class='ocrx_word' id='word_1_840' title='bbox 2202 4105 2430 4160; x_wconf 90' lang='lat' dir='ltr'><strong>metallis</strong></span> <span class='ocrx_word' id='word_1_841' title='bbox 2472 4107 2683 4160; x_wconf 71' lang='lat' dir='ltr'><strong>caateris</strong></span> <span class='ocrx_word' id='word_1_842' title='bbox 2711 4109 2944 4162; x_wconf 90' lang='lat' dir='ltr'><strong>sonitum</strong></span> <span class='ocrx_word' id='word_1_843' title='bbox 2987 4109 3177 4164; x_wconf 89' lang='lat' dir='ltr'><strong>reddit.</strong></span> <span class='ocrx_word' id='word_1_844' title='bbox 3211 4110 3313 4176; x_wconf 89' lang='lat' dir='ltr'><strong>Qui</strong></span> <span class='ocrx_word' id='word_1_845' title='bbox 3343 4113 3508 4183; x_wconf 89' lang='lat' dir='ltr'><strong>igitur</strong></span> 
     </span>
    </p>
   </div>
   <div class='ocr_carea' id='block_1_103' title="bbox 1932 4196 3503 4269">
    <p class='ocr_par' dir='ltr' id='par_1_103' title="bbox 1932 4196 3503 4269">
     <span class='ocr_line' id='line_1_103' title="bbox 1932 4196 3503 4269; baseline 0.006 -19"><span class='ocrx_word' id='word_1_846' title='bbox 1932 4196 1984 4250; x_wconf 91' lang='lat' dir='ltr'><strong>in</strong></span> <span class='ocrx_word' id='word_1_847' title='bbox 2010 4198 2356 4265; x_wconf 88' lang='lat' dir='ltr'><strong>percussione</strong></span> <span class='ocrx_word' id='word_1_848' title='bbox 2385 4199 2591 4267; x_wconf 88' lang='lat' dir='ltr'><strong>positus</strong></span> <span class='ocrx_word' id='word_1_849' title='bbox 2621 4200 2854 4269; x_wconf 91' lang='lat' dir='ltr'><strong>erumpit</strong></span> <span class='ocrx_word' id='word_1_850' title='bbox 2881 4199 2946 4254; x_wconf 88' lang='lat' dir='ltr'><strong>ad</strong></span> <span class='ocrx_word' id='word_1_851' title='bbox 2975 4202 3210 4255; x_wconf 86' lang='lat' dir='ltr'><strong>sonitum</strong></span> <span class='ocrx_word' id='word_1_852' title='bbox 3257 4219 3503 4259; x_wconf 88' lang='lat' dir='ltr'><strong>murmu-</strong></span> 
     </span>
    </p>
   </div>
   <div class='ocr_carea' id='block_1_104' title="bbox 1931 4287 3503 4357">
    <p class='ocr_par' dir='ltr' id='par_1_104' title="bbox 1931 4287 3503 4357">
     <span class='ocr_line' id='line_1_104' title="bbox 1931 4287 3503 4357; baseline 0.006 -17"><span class='ocrx_word' id='word_1_853' title='bbox 1931 4287 2178 4352; x_wconf 91' lang='lat' dir='ltr'><strong>rationis,</strong></span> <span class='ocrx_word' id='word_1_854' title='bbox 2202 4288 2257 4341; x_wconf 92' lang='lat' dir='ltr'><strong>in</strong></span> <span class='ocrx_word' id='word_1_855' title='bbox 2279 4303 2352 4343; x_wconf 73' lang='lat' dir='ltr'><strong>ass</strong></span> <span class='ocrx_word' id='word_1_856' title='bbox 2374 4304 2561 4343; x_wconf 89' lang='lat' dir='ltr'><strong>versus</strong></span> <span class='ocrx_word' id='word_1_857' title='bbox 2581 4298 2659 4344; x_wconf 90' lang='lat' dir='ltr'><strong>est</strong></span> <span class='ocrx_word' id='word_1_858' title='bbox 2683 4290 2735 4343; x_wconf 89' lang='lat' dir='ltr'><strong>in</strong></span> <span class='ocrx_word' id='word_1_859' title='bbox 2765 4291 2940 4345; x_wconf 89' lang='lat' dir='ltr'><strong>medio</strong></span> <span class='ocrx_word' id='word_1_860' title='bbox 2965 4289 3228 4357; x_wconf 90' lang='lat' dir='ltr'><strong>fornacis;</strong></span> <span class='ocrx_word' id='word_1_861' title='bbox 3254 4302 3503 4350; x_wconf 87' lang='lat' dir='ltr'><strong>stannum</strong></span> 
     </span>
    </p>
   </div>
   <div class='ocr_carea' id='block_1_105' title="bbox 1933 4381 3509 4451">
    <p class='ocr_par' dir='ltr' id='par_1_105' title="bbox 1933 4381 3509 4451">
     <span class='ocr_line' id='line_1_105' title="bbox 1933 4381 3509 4451; baseline 0.005 -19"><span class='ocrx_word' id='word_1_862' title='bbox 1933 4394 2062 4434; x_wconf 91' lang='lat' dir='ltr'><strong>vero</strong></span> <span class='ocrx_word' id='word_1_863' title='bbox 2089 4395 2212 4433; x_wconf 92' lang='lat' dir='ltr'><strong>cum</strong></span> <span class='ocrx_word' id='word_1_864' title='bbox 2233 4385 2302 4434; x_wconf 83' lang='lat' dir='ltr'><strong>ex‘</strong></span> <span class='ocrx_word' id='word_1_865' title='bbox 2331 4389 2446 4435; x_wconf 90' lang='lat' dir='ltr'><strong>arte</strong></span> <span class='ocrx_word' id='word_1_866' title='bbox 2475 4381 2831 4448; x_wconf 87' lang='lat' dir='ltr'><strong>componitur,</strong></span> <span class='ocrx_word' id='word_1_867' title='bbox 2859 4383 3067 4448; x_wconf 78' lang='lat' dir='ltr'><strong>argenti</strong></span> <span class='ocrx_word' id='word_1_868' title='bbox 3093 4384 3324 4451; x_wconf 88' lang='lat' dir='ltr'><strong>speciem</strong></span> <span class='ocrx_word' id='word_1_869' title='bbox 3356 4399 3509 4440; x_wconf 84' lang='lat' dir='ltr'><strong>men—</strong></span> 
     </span>
    </p>
   </div>
   <div class='ocr_carea' id='block_1_106' title="bbox 1857 4457 3504 4540">
    <p class='ocr_par' dir='ltr' id='par_1_106' title="bbox 1857 4457 3504 4540">
     <span class='ocr_line' id='line_1_106' title="bbox 1857 4457 3504 4540; baseline 0.004 -16"><span class='ocrx_word' id='word_1_870' title='bbox 1857 4457 1908 4516; x_wconf 82' lang='lat' dir='ltr'><strong>D</strong></span> <span class='ocrx_word' id='word_1_871' title='bbox 1935 4471 2082 4525; x_wconf 90' lang='lat' dir='ltr'><strong>titur.</strong></span> <span class='ocrx_word' id='word_1_872' title='bbox 2111 4470 2210 4537; x_wconf 88' lang='lat' dir='ltr'><strong>Qui</strong></span> <span class='ocrx_word' id='word_1_873' title='bbox 2237 4486 2365 4540; x_wconf 87' lang='lat' dir='ltr'><strong>ergo</strong></span> <span class='ocrx_word' id='word_1_874' title='bbox 2395 4471 2750 4526; x_wconf 87' lang='lat' dir='ltr'><strong>simulationis</strong></span> <span class='ocrx_word' id='word_1_875' title='bbox 2778 4470 2906 4523; x_wconf 81' lang='lat' dir='ltr'><strong>vitio</strong></span> <span class='ocrx_word' id='word_1_876' title='bbox 2935 4485 3040 4524; x_wconf 89' lang='lat' dir='ltr'><strong>non</strong></span> <span class='ocrx_word' id='word_1_877' title='bbox 3070 4481 3218 4526; x_wconf 89' lang='lat' dir='ltr'><strong>caret</strong></span> <span class='ocrx_word' id='word_1_878' title='bbox 3246 4472 3302 4526; x_wconf 89' lang='lat' dir='ltr'><strong>in</strong></span> <span class='ocrx_word' id='word_1_879' title='bbox 3333 4475 3504 4530; x_wconf 87' lang='lat' dir='ltr'><strong>tribu-</strong></span> 
     </span>
    </p>
   </div>
   <div class='ocr_carea' id='block_1_107' title="bbox 1934 4560 3501 4626">
    <p class='ocr_par' dir='ltr' id='par_1_107' title="bbox 1934 4560 3501 4626">
     <span class='ocr_line' id='line_1_107' title="bbox 1934 4560 3501 4626; baseline 0.006 -12"><span class='ocrx_word' id='word_1_880' title='bbox 1934 4561 2151 4626; x_wconf 89' lang='lat' dir='ltr'><strong>latione,</strong></span> <span class='ocrx_word' id='word_1_881' title='bbox 2184 4571 2432 4616; x_wconf 90' lang='lat' dir='ltr'><strong>stannnm</strong></span> <span class='ocrx_word' id='word_1_882' title='bbox 2459 4561 2632 4615; x_wconf 88' lang='lat' dir='ltr'><strong>factus</strong></span> <span class='ocrx_word' id='word_1_883' title='bbox 2659 4569 2743 4616; x_wconf 90' lang='lat' dir='ltr'><strong>est</strong></span> <span class='ocrx_word' id='word_1_884' title='bbox 2769 4561 2820 4613; x_wconf 91' lang='lat' dir='ltr'><strong>in</strong></span> <span class='ocrx_word' id='word_1_885' title='bbox 2853 4560 3088 4617; x_wconf 90' lang='lat' dir='ltr'><strong>fornace.</strong></span> <span class='ocrx_word' id='word_1_886' title='bbox 3121 4563 3290 4619; x_wconf 88' lang='lat' dir='ltr'><strong>Ferro</strong></span> <span class='ocrx_word' id='word_1_887' title='bbox 3323 4576 3501 4623; x_wconf 87' lang='lat' dir='ltr'><strong>autem</strong></span> 
     </span>
    </p>
   </div>
   <div class='ocr_carea' id='block_1_108' title="bbox 1935 4655 3504 4732">
    <p class='ocr_par' dir='ltr' id='par_1_108' title="bbox 1935 4655 3504 4732">
     <span class='ocr_line' id='line_1_108' title="bbox 1935 4655 3504 4732; baseline 0.006 -23"><span class='ocrx_word' id='word_1_888' title='bbox 1935 4656 2122 4720; x_wconf 90' lang='lat' dir='ltr'><strong>utitur,</strong></span> <span class='ocrx_word' id='word_1_889' title='bbox 2171 4656 2260 4724; x_wconf 88' lang='lat' dir='ltr'><strong>qui</strong></span> <span class='ocrx_word' id='word_1_890' title='bbox 2305 4655 2429 4708; x_wconf 65' lang='lat' dir='ltr'><strong>vita:</strong></span> <span class='ocrx_word' id='word_1_891' title='bbox 2456 4655 2687 4723; x_wconf 81' lang='lat' dir='ltr'><strong>proximi</strong></span> <span class='ocrx_word' id='word_1_892' title='bbox 2731 4655 3032 4710; x_wconf 90' lang='lat' dir='ltr'><strong>insidiatur.</strong></span> <span class='ocrx_word' id='word_1_893' title='bbox 3071 4657 3294 4713; x_wconf 88' lang='lat' dir='ltr'><strong>Ferrum</strong></span> <span class='ocrx_word' id='word_1_894' title='bbox 3325 4661 3504 4732; x_wconf 87' lang='lat' dir='ltr'><strong>itaque</strong></span> 
     </span>
    </p>
   </div>
   <div class='ocr_carea' id='block_1_109' title="bbox 1934 4745 3503 4816">
    <p class='ocr_par' dir='ltr' id='par_1_109' title="bbox 1934 4745 3503 4816">
     <span class='ocr_line' id='line_1_109' title="bbox 1934 4745 3503 4816; baseline 0.004 -15"><span class='ocrx_word' id='word_1_895' title='bbox 1934 4747 1988 4801; x_wconf 91' lang='lat' dir='ltr'><strong>in</strong></span> <span class='ocrx_word' id='word_1_896' title='bbox 2026 4747 2242 4801; x_wconf 90' lang='lat' dir='ltr'><strong>fornace</strong></span> <span class='ocrx_word' id='word_1_897' title='bbox 2275 4755 2359 4800; x_wconf 88' lang='lat' dir='ltr'><strong>est</strong></span> <span class='ocrx_word' id='word_1_898' title='bbox 2396 4747 2485 4816; x_wconf 91' lang='lat' dir='ltr'><strong>qui</strong></span> <span class='ocrx_word' id='word_1_899' title='bbox 2524 4745 2750 4799; x_wconf 89' lang='lat' dir='ltr'><strong>nocendi</strong></span> <span class='ocrx_word' id='word_1_900' title='bbox 2799 4746 3055 4801; x_wconf 87' lang='lat' dir='ltr'><strong>malitiam</strong></span> <span class='ocrx_word' id='word_1_901' title='bbox 3085 4764 3191 4803; x_wconf 89' lang='lat' dir='ltr'><strong>non</strong></span> <span class='ocrx_word' id='word_1_902' title='bbox 3221 4751 3418 4807; x_wconf 90' lang='lat' dir='ltr'><strong>amittit</strong></span> <span class='ocrx_word' id='word_1_903' title='bbox 3449 4755 3503 4808; x_wconf 92' lang='lat' dir='ltr'><strong>in</strong></span> 
     </span>
    </p>
   </div>
   <div class='ocr_carea' id='block_1_110' title="bbox 1936 4834 3505 4905">
    <p class='ocr_par' dir='ltr' id='par_1_110' title="bbox 1936 4834 3505 4905">
     <span class='ocr_line' id='line_1_110' title="bbox 1936 4834 3505 4905; baseline 0.005 -15"><span class='ocrx_word' id='word_1_904' title='bbox 1936 4835 2300 4890; x_wconf 87' lang='lat' dir='ltr'><strong>tribulatione.</strong></span> <span class='ocrx_word' id='word_1_905' title='bbox 2337 4834 2616 4889; x_wconf 90' lang='lat' dir='ltr'><strong>Plumbnm</strong></span> <span class='ocrx_word' id='word_1_906' title='bbox 2656 4850 2868 4905; x_wconf 90' lang='lat' dir='ltr'><strong>quoque</strong></span> <span class='ocrx_word' id='word_1_907' title='bbox 2907 4837 3120 4891; x_wconf 65' lang='lat' dir='ltr'><strong>caeteris</strong></span> <span class='ocrx_word' id='word_1_908' title='bbox 3156 4840 3386 4896; x_wconf 85' lang='lat' dir='ltr'><strong>metallis</strong></span> <span class='ocrx_word' id='word_1_909' title='bbox 3423 4852 3505 4898; x_wconf 88' lang='lat' dir='ltr'><strong>est</strong></span> 
     </span>
    </p>
   </div>
   <div class='ocr_carea' id='block_1_111' title="bbox 1934 4923 3502 5000">
    <p class='ocr_par' dir='ltr' id='par_1_111' title="bbox 1934 4923 3502 5000">
     <span class='ocr_line' id='line_1_111' title="bbox 1934 4923 3502 5000; baseline 0.008 -24"><span class='ocrx_word' id='word_1_910' title='bbox 1934 4925 2168 4994; x_wconf 78' lang='lat' dir='ltr'><strong>gravius.</strong></span> <span class='ocrx_word' id='word_1_911' title='bbox 2203 4924 2256 4976; x_wconf 86' lang='lat' dir='ltr'><strong>In</strong></span> <span class='ocrx_word' id='word_1_912' title='bbox 2284 4923 2500 4978; x_wconf 87' lang='lat' dir='ltr'><strong>fornace</strong></span> <span class='ocrx_word' id='word_1_913' title='bbox 2529 4939 2656 4994; x_wconf 81' lang='lat' dir='ltr'><strong>ergo</strong></span> <span class='ocrx_word' id='word_1_914' title='bbox 2682 4925 2956 4993; x_wconf 89' lang='lat' dir='ltr'><strong>plumbum</strong></span> <span class='ocrx_word' id='word_1_915' title='bbox 2988 4926 3281 4994; x_wconf 88' lang='lat' dir='ltr'><strong>invenitur,</strong></span> <span class='ocrx_word' id='word_1_916' title='bbox 3307 4931 3398 5000; x_wconf 90' lang='lat' dir='ltr'><strong>qui</strong></span> <span class='ocrx_word' id='word_1_917' title='bbox 3423 4933 3502 4988; x_wconf 87' lang='lat' dir='ltr'><strong>sic</strong></span> 
     </span>
    </p>
   </div>
   <div class='ocr_carea' id='block_1_112' title="bbox 1933 5015 3506 5086">
    <p class='ocr_par' dir='ltr' id='par_1_112' title="bbox 1933 5015 3506 5086">
     <span class='ocr_line' id='line_1_112' title="bbox 1933 5015 3506 5086; baseline 0.004 -17"><span class='ocrx_word' id='word_1_918' title='bbox 1933 5016 2138 5086; x_wconf 89' lang='lat' dir='ltr'><strong>peccati</strong></span> <span class='ocrx_word' id='word_1_919' title='bbox 2185 5016 2264 5070; x_wconf 89' lang='lat' dir='ltr'><strong>sui</strong></span> <span class='ocrx_word' id='word_1_920' title='bbox 2307 5015 2540 5084; x_wconf 88' lang='lat' dir='ltr'><strong>pondere</strong></span> <span class='ocrx_word' id='word_1_921' title='bbox 2582 5015 2876 5084; x_wconf 87' lang='lat' dir='ltr'><strong>premitur,</strong></span> <span class='ocrx_word' id='word_1_922' title='bbox 2910 5024 2970 5070; x_wconf 92' lang='lat' dir='ltr'><strong>ut</strong></span> <span class='ocrx_word' id='word_1_923' title='bbox 2997 5017 3160 5071; x_wconf 89' lang='lat' dir='ltr'><strong>etiam</strong></span> <span class='ocrx_word' id='word_1_924' title='bbox 3188 5018 3242 5072; x_wconf 89' lang='lat' dir='ltr'><strong>in</strong></span> <span class='ocrx_word' id='word_1_925' title='bbox 3285 5021 3506 5076; x_wconf 88' lang='lat' dir='ltr'><strong>tribula-</strong></span> 
     </span>
    </p>
   </div>
   <div class='ocr_carea' id='block_1_113' title="bbox 1934 5106 3501 5175">
    <p class='ocr_par' dir='ltr' id='par_1_113' title="bbox 1934 5106 3501 5175">
     <span class='ocr_line' id='line_1_113' title="bbox 1934 5106 3501 5175; baseline 0.004 -15"><span class='ocrx_word' id='word_1_926' title='bbox 1934 5107 2079 5160; x_wconf 90' lang='lat' dir='ltr'><strong>tione</strong></span> <span class='ocrx_word' id='word_1_927' title='bbox 2129 5107 2367 5175; x_wconf 88' lang='lat' dir='ltr'><strong>positus,</strong></span> <span class='ocrx_word' id='word_1_928' title='bbox 2424 5122 2454 5160; x_wconf 91' lang='lat' dir='ltr'><strong>a</strong></span> <span class='ocrx_word' id='word_1_929' title='bbox 2510 5106 2738 5161; x_wconf 89' lang='lat' dir='ltr'><strong>terrenis</strong></span> <span class='ocrx_word' id='word_1_930' title='bbox 2795 5107 3074 5164; x_wconf 86' lang='lat' dir='ltr'><strong>desideriis</strong></span> <span class='ocrx_word' id='word_1_931' title='bbox 3118 5125 3224 5164; x_wconf 90' lang='lat' dir='ltr'><strong>non</strong></span> <span class='ocrx_word' id='word_1_932' title='bbox 3276 5111 3501 5167; x_wconf 87' lang='lat' dir='ltr'><strong>levetur.</strong></span> 
     </span>
    </p>
   </div>
   <div class='ocr_carea' id='block_1_114' title="bbox 1934 5195 3502 5264">
    <p class='ocr_par' dir='ltr' id='par_1_114' title="bbox 1934 5195 3502 5264">
     <span class='ocr_line' id='line_1_114' title="bbox 1934 5195 3502 5264; baseline 0.005 -15"><span class='ocrx_word' id='word_1_933' title='bbox 1934 5195 2072 5250; x_wconf 88' lang='lat' dir='ltr'><strong>IIine</strong></span> <span class='ocrx_word' id='word_1_934' title='bbox 2099 5211 2312 5249; x_wconf 88' lang='lat' dir='ltr'><strong>rursum</strong></span> <span class='ocrx_word' id='word_1_935' title='bbox 2339 5195 2594 5264; x_wconf 90' lang='lat' dir='ltr'><strong>scriptum</strong></span> <span class='ocrx_word' id='word_1_936' title='bbox 2623 5204 2704 5250; x_wconf 92' lang='lat' dir='ltr'><strong>est</strong></span> <span class='ocrx_word' id='word_1_937' title='bbox 2738 5213 2751 5249; x_wconf 89' lang='lat'><strong>:</strong></span> <span class='ocrx_word' id='word_1_938' title='bbox 2785 5214 2805 5247; x_wconf 79' lang='grc' dir='ltr'><strong>ι</strong></span> <span class='ocrx_word' id='word_1_939' title='bbox 2847 5195 3010 5252; x_wconf 83' lang='grc' dir='ltr'>ΜιιΙιο</span> <span class='ocrx_word' id='word_1_940' title='bbox 3040 5198 3222 5254; x_wconf 91' lang='lat' dir='ltr'><strong>labore</strong></span> <span class='ocrx_word' id='word_1_941' title='bbox 3257 5203 3502 5257; x_wconf 91' lang='lat' dir='ltr'><strong>sudatum</strong></span> 
     </span>
    </p>
   </div>
   <div class='ocr_carea' id='block_1_115' title="bbox 1935 5285 3504 5360">
    <p class='ocr_par' dir='ltr' id='par_1_115' title="bbox 1935 5285 3504 5360">
     <span class='ocr_line' id='line_1_115' title="bbox 1935 5285 3504 5360; baseline 0.004 -20"><span class='ocrx_word' id='word_1_942' title='bbox 1935 5295 2049 5349; x_wconf 89' lang='lat' dir='ltr'><strong>est,</strong></span> <span class='ocrx_word' id='word_1_943' title='bbox 2076 5294 2131 5339; x_wconf 92' lang='lat' dir='ltr'><strong>et</strong></span> <span class='ocrx_word' id='word_1_944' title='bbox 2153 5300 2257 5339; x_wconf 92' lang='lat' dir='ltr'><strong>non</strong></span> <span class='ocrx_word' id='word_1_945' title='bbox 2292 5285 2457 5339; x_wconf 83' lang='lat' dir='ltr'><strong>exivit</strong></span> <span class='ocrx_word' id='word_1_946' title='bbox 2482 5287 2548 5340; x_wconf 91' lang='lat' dir='ltr'><strong>de</strong></span> <span class='ocrx_word' id='word_1_947' title='bbox 2575 5301 2640 5340; x_wconf 92' lang='lat' dir='ltr'><strong>eo</strong></span> <span class='ocrx_word' id='word_1_948' title='bbox 2667 5286 2832 5341; x_wconf 89' lang='lat' dir='ltr'><strong>nimia</strong></span> <span class='ocrx_word' id='word_1_949' title='bbox 2857 5288 3045 5358; x_wconf 88' lang='lat' dir='ltr'><strong>rubigo</strong></span> <span class='ocrx_word' id='word_1_950' title='bbox 3078 5289 3196 5358; x_wconf 82' lang='lat' dir='ltr'><strong>ejus</strong></span> <span class='ocrx_word' id='word_1_951' title='bbox 3217 5305 3386 5358; x_wconf 90' lang='lat' dir='ltr'><strong>neque</strong></span> <span class='ocrx_word' id='word_1_952' title='bbox 3407 5307 3504 5360; x_wconf 89' lang='lat' dir='ltr'><strong>per</strong></span> 
     </span>
    </p>
   </div>
   <div class='ocr_carea' id='block_1_116' title="bbox 1934 5377 3499 5449">
    <p class='ocr_par' dir='ltr' id='par_1_116' title="bbox 1934 5377 3499 5449">
     <span class='ocr_line' id='line_1_116' title="bbox 1934 5377 3499 5449; baseline 0.002 -16"><span class='ocrx_word' id='word_1_953' title='bbox 1934 5379 2140 5449; x_wconf 84' lang='lat' dir='ltr'><strong>ignem;</strong></span> <span class='ocrx_word' id='word_1_954' title='bbox 2179 5397 2198 5428; x_wconf 71' lang='grc' dir='ltr'><strong>ι</strong></span> <span class='ocrx_word' id='word_1_955' title='bbox 2230 5378 2407 5448; x_wconf 85' lang='lat' dir='ltr'><strong>ignem</strong></span> <span class='ocrx_word' id='word_1_956' title='bbox 2436 5377 2630 5448; x_wconf 91' lang='lat' dir='ltr'><strong>quippe</strong></span> <span class='ocrx_word' id='word_1_957' title='bbox 2668 5378 2824 5432; x_wconf 90' lang='lat' dir='ltr'><strong>nobis</strong></span> <span class='ocrx_word' id='word_1_958' title='bbox 2850 5378 3206 5433; x_wconf 85' lang='lat' dir='ltr'><strong>tribulationis</strong></span> <span class='ocrx_word' id='word_1_959' title='bbox 3235 5380 3499 5444; x_wconf 86' lang='lat' dir='ltr'><strong>admovet,</strong></span> 
     </span>
    </p>
   </div>
   <div class='ocr_carea' id='block_1_117' title="bbox 1936 5467 3504 5538">
    <p class='ocr_par' dir='ltr' id='par_1_117' title="bbox 1936 5467 3504 5538">
     <span class='ocr_line' id='line_1_117' title="bbox 1936 5467 3504 5538; baseline 0.001 -16"><span class='ocrx_word' id='word_1_960' title='bbox 1936 5479 1995 5523; x_wconf 91' lang='lat' dir='ltr'><strong>ut</strong></span> <span class='ocrx_word' id='word_1_961' title='bbox 2022 5469 2075 5522; x_wconf 91' lang='lat' dir='ltr'><strong>in</strong></span> <span class='ocrx_word' id='word_1_962' title='bbox 2103 5468 2259 5522; x_wconf 89' lang='lat' dir='ltr'><strong>nobis</strong></span> <span class='ocrx_word' id='word_1_963' title='bbox 2297 5467 2598 5538; x_wconf 84' lang='lat' dir='ltr'><strong>rubiginem</strong></span> <span class='ocrx_word' id='word_1_964' title='bbox 2627 5469 2877 5522; x_wconf 91' lang='lat' dir='ltr'><strong>vitiorum</strong></span> <span class='ocrx_word' id='word_1_965' title='bbox 2904 5476 3116 5536; x_wconf 86' lang='lat' dir='ltr'><strong>purget,</strong></span> <span class='ocrx_word' id='word_1_966' title='bbox 3155 5467 3246 5521; x_wconf 89' lang='lat' dir='ltr'><strong>sed</strong></span> <span class='ocrx_word' id='word_1_967' title='bbox 3279 5482 3376 5522; x_wconf 90' lang='lat' dir='ltr'><strong>nec</strong></span> <span class='ocrx_word' id='word_1_968' title='bbox 3405 5483 3504 5537; x_wconf 85' lang='lat' dir='ltr'><strong>per</strong></span> 
     </span>
    </p>
   </div>
   <div class='ocr_carea' id='block_1_118' title="bbox 1932 5555 3505 5628">
    <p class='ocr_par' dir='ltr' id='par_1_118' title="bbox 1932 5555 3505 5628">
     <span class='ocr_line' id='line_1_118' title="bbox 1932 5555 3505 5628; baseline -0.001 -16"><span class='ocrx_word' id='word_1_969' title='bbox 1932 5558 2110 5628; x_wconf 87' lang='lat' dir='ltr'><strong>ignem</strong></span> <span class='ocrx_word' id='word_1_970' title='bbox 2162 5557 2463 5628; x_wconf 88' lang='lat' dir='ltr'><strong>rubiginem</strong></span> <span class='ocrx_word' id='word_1_971' title='bbox 2521 5558 2834 5617; x_wconf 90' lang='lat' dir='ltr'><strong>amittimus,</strong></span> <span class='ocrx_word' id='word_1_972' title='bbox 2879 5556 3094 5624; x_wconf 88' lang='lat' dir='ltr'><strong>quando</strong></span> <span class='ocrx_word' id='word_1_973' title='bbox 3127 5564 3180 5608; x_wconf 93' lang='lat' dir='ltr'><strong>et</strong></span> <span class='ocrx_word' id='word_1_974' title='bbox 3224 5555 3364 5609; x_wconf 90' lang='lat' dir='ltr'><strong>inter</strong></span> <span class='ocrx_word' id='word_1_975' title='bbox 3408 5557 3505 5611; x_wconf 82' lang='lat' dir='ltr'><strong>lla-</strong></span> 
     </span>
    </p>
   </div>
   <div class='ocr_carea' id='block_1_119' title="bbox 1933 5643 3502 5719">
    <p class='ocr_par' dir='ltr' id='par_1_119' title="bbox 1933 5643 3502 5719">
     <span class='ocr_line' id='line_1_119' title="bbox 1933 5643 3502 5719; baseline 0 -18"><span class='ocrx_word' id='word_1_976' title='bbox 1933 5646 2067 5719; x_wconf 86' lang='lat' dir='ltr'><strong>gella</strong></span> <span class='ocrx_word' id='word_1_977' title='bbox 2096 5647 2227 5703; x_wconf 90' lang='lat' dir='ltr'><strong>vitio</strong></span> <span class='ocrx_word' id='word_1_978' title='bbox 2257 5662 2364 5702; x_wconf 92' lang='lat' dir='ltr'><strong>non</strong></span> <span class='ocrx_word' id='word_1_979' title='bbox 2391 5662 2656 5702; x_wconf 87' lang='lat' dir='ltr'><strong>caremus.</strong></span> <span class='ocrx_word' id='word_1_980' title='bbox 2686 5647 2820 5700; x_wconf 75' lang='lat' dir='ltr'><strong>liinc</strong></span> <span class='ocrx_word' id='word_1_981' title='bbox 2840 5643 3098 5714; x_wconf 86' lang='lat' dir='ltr'><strong>propheta</strong></span> <span class='ocrx_word' id='word_1_982' title='bbox 3125 5643 3288 5698; x_wconf 87' lang='lat' dir='ltr'><strong>dicit:</strong></span> <span class='ocrx_word' id='word_1_983' title='bbox 3320 5663 3335 5694; x_wconf 92' lang='grc' dir='ltr'><strong>ι</strong></span> <span class='ocrx_word' id='word_1_984' title='bbox 3366 5644 3502 5701; x_wconf 82' lang='lat' dir='ltr'><strong>Fru-</strong></span> 
     </span>
    </p>
   </div>
  </div>
