3954 6182
457 304 558 361 739

1118 302 1177 354 Β.
1221 298 1471 352 [MBAN
1513 297 1728 352 MAURI
1769 296 2083 352 ARCHIEP.
2127 295 2434 352 MOGUNT.
2473 295 2756 352 OPERUM
2798 295 2974 349 PARS
3014 294 3074 347 ll.

3607 296 3705 350 7w

451 430 564 475 stra
613 415 864 472 conﬂavit
911 411 1196 474 conﬂatur,
1251 410 1470 464 malitia:
1511 423 1698 464 eorum
1753 423 1858 463 non
1903 417 2027 463 sunt
2055 414 2101 472 Α
2132 417 2282 462 mant
2321 422 2418 463 nec
2457 407 2731 478 patientire
2778 407 3148 461 moderamina
3189 422 3288 475 per
3325 407 3529 462 mentis
3569 417 3710 465 tran-

451 516 802 576 consumptae.

525 618 543 648 α
577 599 641 650 Et
688 596 889 649 factum
927 599 1010 645 est
1037 590 1256 644 verbum
1297 589 1508 643 Domini
1537 589 1602 644 ad
1650 603 1758 652 me,
1799 588 2022 642 dicens:

456 709 474 740 ι
503 688 601 740 Fili
627 684 880 746 hominis,
907 682 993 735 dic
1015 680 1085 743 ei,
1115 679 1192 732 Tu
1230 695 1290 733 es
1319 687 1462 732 terra
1502 679 1795 741 immunda,
1842 686 1897 731 et
1921 692 2026 731 non

457 800 474 827 ε
508 774 777 842 compluta
799 772 853 824 in
893 771 978 824 die
1017 768 1232 822 furoris.
1283 767 1596 836 Conjuratio
1642 769 2026 836 prophetarum

453 887 475 918 ί
510 869 560 920 in
604 866 778 920 medio
805 864 921 933 ejus
943 904 956 925 ,
1003 864 1142 916 sicut
1177 862 1260 915 leo
1293 863 1510 931 rugiens
1541 862 1861 930 rapiensque
1893 875 2029 929 prae-

455 977 475 1009 ‹
505 961 647 1019 dam,
687 955 896 1009 animas
933 954 1361 1007 devoraverunt:
1394 965 1525 1020 opes
1569 961 1624 1006 et
1661 952 1892 1020 pretium
1939 965 2029 1004 ac-

453 1069 474 1100 ‹
511 1053 786 1117 ceperunt,
826 1045 1015 1098 viduas
1058 1043 1174 1110 ejus
1222 1043 1712 1111 multiplicaverunt
1755 1042 1809 1094 in
1851 1041 2028 1094 inedia

455 1159 473 1188 ‹
504 1138 662 1192 illius.
694 1135 1014 1190 Sacerdotes
1035 1132 1149 1200 ejus
1165 1139 1606 1200 contempserunt
1628 1132 1798 1200 legem
1826 1146 2023 1194 meam,

455 1246 473 1276 ι
509 1236 564 1280 et
611 1225 916 1294 polluerunt
962 1221 1266 1276 sanctuaria
1319 1235 1454 1273 mea.
1499 1221 1644 1274 lnter
1690 1230 1933 1274 sanctum
1972 1229 2027 1274 et

455 1337 474 1367 ε
510 1316 791 1387 profanum
836 1329 941 1368 non
994 1311 1230 1365 habuere
1252 1311 1579 1375 distantiam,
1607 1311 1746 1364 inter
1767 1311 2026 1380 pollutum

458 1427 474 1458 ε
506 1415 562 1462 et
585 1407 842 1460 mundum
886 1418 990 1456 non
1027 1397 1424 1463 intellexerunt,
1454 1407 1507 1454 et
1544 1415 1574 1452 a
1618 1401 1856 1454 sabbatis
1894 1400 2029 1454 meis

457 1519 474 1545 ‹
506 1503 814 1551 averterunt
841 1493 1024 1547 oculos
1053 1505 1196 1554 suos,
1241 1497 1294 1544 et
1329 1491 1720 1559 coinquinabar
1757 1491 1810 1544 in
1852 1491 2028 1544 medio

459 1604 476 1634 ‹
514 1598 721 1639 eorum.
768 1582 1044 1649 Principes
1074 1581 1191 1650 ejus
1232 1581 1284 1632 in
1319 1581 1493 1634 medio
1527 1580 1666 1634 illius
1715 1581 1867 1650 quasi
1917 1580 2026 1650 lupi

459 1695 476 1724 ‹
514 1675 784 1743 rapientes
816 1671 1048 1742 praedam
1089 1672 1153 1724 ad
1182 1670 1560 1724 ell‘undendum
1593 1671 1929 1738 sanguinem,
1972 1680 2028 1724 et

2129 499 2448 569 quillitatem
2484 508 2720 554 servant.
2749 498 2816 552 Et
2857 513 2998 567 ssepe
3038 497 3128 551 alii
3168 497 3562 553 exhortationis
3595 516 3704 555 ver.

2131 592 2255 644 bum
2286 591 2339 644 in
2366 591 2672 660 semetipsis
2695 591 3017 659 suscipiunt,
3061 590 3244 644 carnis
3269 588 3381 656 jam
3419 591 3692 648 immundi-

2133 679 2262 733 tiam
2310 681 2553 742 vincunt,
2604 693 2800 747 corpus
2837 679 2890 732 in
2926 679 3178 733 castitate
3228 680 3571 744 custodiunt;
3616 698 3710 737 nec

2130 778 2312 823 tamen
2359 768 2535 824 adhuc
2577 768 2789 822 animos
2835 768 2976 822 sicut
2999 768 3201 822 debent
3239 769 3294 822 in
3333 769 3612 838 proximos
3635 771 3709 824 in-

2131 857 2348 921 clinant,
2392 858 2486 913 sed
2516 872 2613 927 per
2641 857 2878 927 rigorem
2922 856 3190 926 superbia:
3216 858 3268 912 in
3299 859 3628 927 cogitatione
3657 876 3709 915 se

2131 947 2360 1001 elevant.
2411 947 2469 1000 In
2503 947 2624 1000 istis
2658 961 2784 1014 pars
2827 961 2934 1000 una
2969 947 3240 1014 compluta
3280 957 3382 1011 est,
3433 965 3561 1018 qua:
3607 950 3710 1003 fru-

2131 1046 2277 1090 ctum
2303 1036 2452 1101 fecit,
2469 1044 2524 1090 et
2549 1051 2675 1106 pars
2694 1051 2814 1104 qua:
2844 1035 3114 1104 compluta
3144 1052 3248 1090 non
3277 1047 3362 1092 est
3381 1040 3559 1104 aruit;
3591 1041 3709 1109 quia

2132 1127 2524 1182 exhortationis
2559 1126 2786 1180 verbum
2815 1141 2921 1181 non
2962 1126 3118 1195 plene
3158 1129 3482 1197 suscipiens,
3514 1146 3546 1182 a
3571 1132 3705 1184 bono

2131 1229 2293 1284 opere
2325 1216 2528 1269 sterilis
2552 1215 2832 1269 remansit.
2864 1215 3161 1287 (Ηίενοη.)
3199 1218 3323 1272 Dies
3347 1229 3533 1274 autem
3565 1219 3707 1276 furo-

2132 1307 2208 1360 ris
2231 1314 2334 1370 est,
2365 1320 2525 1374 quem
2558 1305 2660 1360 sibi
2687 1307 3058 1376 unusquisque
3084 1309 3337 1363 conciliat
3367 1312 3711 1369 multitudine

2129 1405 2496 1466 peccatorum.
2549 1395 2702 1451 Scire
2744 1398 2989 1466 cupimus
3039 1400 3273 1468 (μικρὴ
3316 1401 3471 1456 urbis
3519 1405 3707 1466 scoria,

2131 1503 2250 1556 qua;
2281 1496 2436 1540 terra:
2461 1487 2768 1541 durissima:
2809 1495 2864 1541 et
2901 1487 3074 1557 plenae
3099 1487 3348 1558 veprium
3372 1493 3710 1562 sentiumque

2129 1577 2368 1645 squalor.
2392 1576 2722 1647 Conjuratio,
2747 1577 2951 1646 inquit,
2979 1578 3383 1647 prophetarum,
3423 1583 3540 1637 sive
3562 1582 3710 1650 juxta

2133 1665 2510 1736 Septuaginta,
2539 1665 2737 1720 ducum
2759 1665 2812 1718 in
2841 1665 3017 1719 medio
3045 1667 3162 1736 ejus
3187 1668 3500 1724 habentium
3530 1670 3714 1724 s‘mili-

459 1783 476 1813 ε
508 1762 808 1832 perdendus
845 1761 1076 1825 animas,
1122 1767 1176 1813 et
1207 1774 1366 1813 avare
1404 1759 1655 1814 sectanda
1686 1759 1854 1814 lucra.
1892 1759 2025 1814 Pro-
2059 1776 2104 1834 Β
2132 1760 2372 1814 tudinem
2396 1759 2587 1824 leonis,
2631 1759 2698 1813 de
2730 1773 2837 1826 quo
2864 1759 3085 1828 scripsit
3109 1768 3164 1814 et
3189 1761 3382 1816 Petrus
3414 1780 3428 1815 :
3465 1783 3483 1813 ι
3513 1763 3712 1818 Adver-

457 1875 474 1902 ι
510 1855 683 1922 phetae
712 1861 888 1906 autem
926 1851 1042 1919 ejus
1082 1851 1343 1905 liniebant
1378 1866 1471 1905 eos
1516 1852 1720 1920 absque
1763 1861 2031 1922 tempera-

459 1960 477 1990 ς
515 1947 714 2003 mento,
741 1940 985 1993 videntes
1009 1955 1144 1992 vana
1166 1948 1220 1993 et
1241 1939 1542 1992 divinantes
1567 1939 1648 1992 eis
1669 1940 2025 2003 mendacium,

465 2049 483 2079 ι
524 2030 782 2093 dicentes,
817 2028 938 2082 Haec
975 2029 1102 2082 dicit
1143 2029 1400 2082 Dominus
1426 2029 1589 2092 Deus,
1617 2043 1740 2083 cum
1776 2030 2032 2085 Dominus

461 2139 481 2172 ι
517 2135 623 2174 non
668 2120 737 2174 sit
785 2119 996 2172 locutus
1024 2137 1035 2172 :
1067 2119 1324 2187 Populum
1375 2126 1531 2172 terra:
1566 2119 2031 2173 calumniabantur

457 2229 481 2264 ι
513 2211 804 2273 calumnia,
835 2219 889 2264 et
921 2211 1201 2279 rapiebant
1245 2209 1530 2273 violenter,
1559 2225 1790 2280 egenum
1813 2220 1869 2266 et
1901 2227 2031 2281 pau-

458 2325 480 2359 ‹
507 2321 689 2376 perem
741 2305 1078 2376 aflligebant,
1127 2313 1184 2359 et
1220 2304 1481 2358 advenam
1528 2305 1906 2373 opprimebant
1943 2319 2033 2358 ca-

457 2415 482 2448 ‹
517 2396 719 2450 lumnia
759 2396 960 2462 absque
993 2393 1217 2462 judicio.
1266 2393 1330 2446 Et
1369 2393 1590 2462 quaesivi
1639 2396 1706 2448 de
1748 2395 1828 2449 eis
1857 2395 2029 2448 virum

453 2504 478 2535 ί
512 2485 604 2554 qui
644 2485 1008 2552 interponeret
1034 2498 1236 2551 sepem,
1264 2491 1316 2536 et
1353 2493 1520 2537 staret
1539 2484 1816 2553 oppositus
1844 2496 2028 2538 contra

458 2595 476 2626 ι
510 2591 598 2629 me
623 2591 720 2646 pro
753 2583 915 2639 terra,
956 2588 1022 2628 ne
1058 2575 1373 2643 dissiparem
1416 2589 1554 2637 eam,
1595 2582 1649 2628 et
1687 2591 1790 2628 non
1826 2575 2026 2630 inveni.

459 2684 478 2716 ‹
513 2666 579 2719 Et
614 2665 771 2720 etl‘udi
810 2681 972 2734 super
998 2681 1092 2720 eos
1121 2665 1538 2734 indignationem
1574 2679 1784 2730 meam,
1825 2667 1878 2719 in
1909 2667 2030 2736 igne

460 2773 479 2804 ι
517 2755 610 2808 ira:
634 2770 766 2808 mea:
797 2754 1099 2821 consumpsi
1121 2768 1233 2808 eos.
1265 2753 1417 2806 Viam
1457 2769 1641 2808 eorum
1672 2755 1724 2808 in
1760 2763 2032 2824 caputeo-

425 2851 431 2856 '
460 2862 480 2894 ‹
510 2860 629 2896 rum
653 2845 874 2907 reddidi,
908 2845 983 2897 ait
1005 2844 1258 2897 Dominus
1297 2844 1455 2897 Deus.
1479 2863 1496 2893 ι
1523 2843 1789 2914 (Ηὶεγοη.)
1815 2844 2031 2899 Poterat

453 2934 680 3002 diligens
720 2933 932 2986 auditor
962 2934 1230 3002 inquirere
1269 2949 1388 3002 qua:
1414 2942 1558 2988 esset
1595 2935 1766 2989 scoria
1791 2951 1910 3004 qua:
1939 2951 2027 2990 ar-

453 3023 600 3092 genti
625 3022 899 3076 violaverit
924 3023 1230 3091 puritatem,
1250 3031 1304 3075 et
1321 3037 1448 3086 aere,
1475 3031 1530 3077 et
1551 3023 1786 3092 plumbo,
1812 3033 2024 3090 stanno,

2133 1851 2309 1904 sarius
2365 1858 2551 1903 noster
2599 1847 2845 1903 diabolus
2892 1849 3046 1918 quasi
3099 1850 3182 1905 leo
3240 1852 3460 1921 rugiens
3514 1853 3705 1908 circuit

2134 1943 2151 2010 (
2169 1941 2197 1994 Ι
2225 1927 2371 1995 Patr.
2397 1940 2486 2011 νο),
2523 1959 2542 1991 ι
2574 1940 2666 2009 qui
2697 1939 2779 1995 leo
2803 1955 3096 2010 omnesque
3125 1943 3254 1996 socii
3277 1944 3395 2013 ejus
3432 1959 3542 1998 non
3566 1960 3712 2014 qua:-

2133 2038 2260 2084 runt
2300 2045 2526 2099 corpora
2577 2030 2858 2093 devorare,
2899 2031 2993 2085 sed
3039 2032 3279 2097 animas,
3334 2035 3712 2104 accipiuntque

2133 2119 2433 2183 mercedes,
2463 2126 2518 2172 et
2542 2119 2768 2188 pecunia
2797 2128 2989 2173 cuncta
3023 2119 3337 2188 dijudicant,
3365 2124 3512 2191 quod
3538 2124 3597 2176 in
3627 2123 3710 2177 illo

2133 2213 2348 2282 quidem
2392 2220 2634 2280 tempore
2685 2211 2946 2266 accidisse
2983 2212 3179 2282 pupulo
3219 2213 3529 2268 Judmorum
3583 2215 3711 2269 nulli

2133 2303 2353 2358 dubium
2383 2311 2484 2357 est.
2531 2302 2760 2371 Propter
2800 2304 3107 2359 sacerdotes
3151 2305 3297 2359 enim
3344 2314 3402 2361 et
3437 2308 3711 2376 principes

2131 2403 2186 2449 et
2231 2395 2532 2466 Prophetas
2571 2395 2791 2449 adduxit
2828 2396 3087 2450 Dominus
3130 2413 3293 2467 super
3337 2413 3434 2453 eos
3487 2399 3706 2453 malum.

2134 2485 2242 2541 Sed
2270 2488 2322 2541 in
2352 2497 2536 2540 nostra
2563 2484 2860 2541 Jerusalem
2892 2488 2994 2542 hoc
3036 2503 3178 2558 smpe
3203 2491 3592 2560 conspicimus,
3625 2495 3710 2562 qui

2127 2575 2282 2645 juxta
2313 2575 2665 2646 Septuaginta
2713 2578 2971 2632 devorant
3001 2579 3216 2634 animas
3258 2581 3312 2634 in
3340 2584 3584 2650 potentia
3613 2625 3632 2648 ,
3662 2592 3712 2637 et

2132 2667 2366 2736 pretium
2407 2667 2713 2735 accipiunt,
2758 2676 2818 2721 ut
2863 2668 3060 2724 multas
3091 2669 3278 2726 viduas
3317 2672 3544 2738 faciant,
3595 2691 3712 2744 qua:

2131 2773 2386 2826 sponsum
2415 2759 2698 2812 Dominmn
2725 2759 3094 2826 perdiderunt.
3123 2759 3325 2814 Horum
3369 2772 3547 2816 autem
3585 2780 3710 2833 pro-

2132 2849 2420 2917 phetarum
2471 2849 2637 2903 factio
2689 2857 2774 2904 est
2810 2856 2866 2904 et
2907 2849 3206 2919 conjuratio
3251 2862 3312 2907 ut
3354 2854 3586 2910 invicem
3635 2858 3711 2912 sui

2132 2938 2374 2994 fautores
2399 2939 2524 3002 sint,
2573 2948 2626 2994 et
2662 2941 2842 2994 omnia
2887 2941 3056 3010 turpis
3101 2941 3236 2996 lucri
3284 2958 3448 2999 causa
3489 2945 3712 3001 faciant.

2133 3025 2452 3082 Sacerdotes
2480 3028 2572 3096 qui
2603 3029 2857 3098 praesules
2891 3029 3075 3098 templi
3107 3045 3224 3085 esse
3252 3031 3533 3099 deberent,
3563 3044 3624 3089 et
3650 3051 3712 3090 ex

455 3113 707 3182 ferroque
731 3113 1024 3166 miscuerit.
1054 3111 1207 3177 Quod
1226 3112 1298 3166 ibi
1325 3112 1488 3181 igitur
1507 3115 1607 3169 sub
1631 3130 1858 3184 persona
1881 3117 2029 3170 urbis
2057 3118 2102 3180 C
2134 3134 2363 3188 quorum
2391 3133 2486 3172 ore
2517 3119 2704 3173 notitia
2736 3119 2868 3189 legis
2889 3121 3196 3189 inquiritur,
3228 3123 3436 3179 violant
3456 3137 3712 3182 sanctua-

452 3211 508 3255 et
538 3201 770 3255 fornacis
809 3215 1122 3270 expressum
1145 3241 1159 3265 ,
1191 3210 1246 3255 et
1273 3202 1362 3256 hic
1390 3203 1489 3257 sub
1516 3205 1694 3273 specie
1724 3212 1882 3259 terra:
1909 3218 2029 3274 qua:

453 3307 561 3344 non
588 3291 660 3344 sit
695 3291 886 3360 rigata,
918 3305 1017 3344 nec
1044 3290 1278 3360 pluviam
1318 3293 1630 3360 susceperit,
1662 3294 2024 3362 prmdicatur:

453 3382 666 3436 Pluvias
692 3381 808 3435 illas
842 3382 1098 3436 debemus
1120 3380 1424 3452 intelligere
1450 3381 1516 3436 de
1545 3383 1738 3451 quibus
1766 3383 2024 3452 scriptum

459 3491 478 3523 ι
497 3480 579 3526 est
601 3487 615 3525 :
644 3471 903 3526 Mandabo
924 3471 1157 3527 nubibus
1179 3486 1246 3525 ne
1265 3472 1446 3542 pluant
1474 3489 1635 3543 super
1653 3488 1773 3528 eam
1802 3475 2024 3529 imbrem

453 3562 605 3634 (Im.
650 3564 737 3632 v),
764 3582 784 3614 ι
812 3576 970 3631 quem
1011 3571 1388 3630 exspectamus
1414 3565 1630 3632 quando
1667 3565 1828 3618 datur
1873 3565 2026 3619 nobis

450 3659 626 3730 pluvia
650 3669 992 3727 temporanea
1022 3667 1076 3712 et
1102 3659 1361 3721 serotina,
1393 3660 1459 3713 de
1486 3674 1587 3727 qua
1620 3660 1880 3728 scriptum
1901 3667 2020 3713 est:

458 3767 477 3799 ‹
512 3748 753 3801 Pluviam
789 3747 1141 3801 voluntariam
1187 3748 1512 3816 segregahis,
1543 3747 1698 3809 Deus,
1725 3746 2023 3799 hrereditati

451 3847 554 3892 tuae
585 3835 768 3908 (Psal.
823 3836 1025 3905 uvn).
1060 3856 1077 3887 ι
1133 3835 1356 3908 [Greg.]
1405 3836 1691 3891 Videamus
1739 3838 1840 3890 hoc
1881 3837 2020 3904 quod

454 3941 548 3994 per
588 3927 906 3994 prophetam
941 3925 1104 3978 alium
1147 3935 1328 3979 narrat
1367 3927 1624 3981 Dominus
1651 3929 1793 3995 quod
1833 3926 2022 3981 fecerit

451 4015 625 4067 iratus
650 4028 769 4067 cum
813 4014 986 4066 dicit:
1025 4034 1041 4062 ι
1066 4013 1179 4067 Plui
1223 4031 1385 4083 super
1415 4017 1686 4070 civitatem
1731 4032 1913 4079 unam,
1963 4024 2018 4070 et

449 4117 610 4170 super
647 4103 870 4156 alteram
913 4103 1180 4155 civitatem
1231 4119 1335 4155 non
1377 4103 1483 4171 plui
1517 4121 1531 4157 :
1575 4119 1699 4174 pars
1744 4121 1847 4159 una
1875 4121 2021 4158 com-

447 4191 597 4260 pluta
623 4200 727 4254 est,
754 4202 808 4245 et
827 4206 952 4260 pars
978 4207 1096 4261 quae
1126 4193 1394 4261 compluta
1421 4209 1524 4247 non
1545 4205 1628 4248 est
1645 4196 1788 4248 aruit
1819 4197 1836 4264 (
1859 4196 2016 4249 Amos

449 4297 500 4334 tv
527 4281 566 4351 ).
603 4300 622 4333 ›
652 4280 784 4335 Cum
833 4282 976 4335 enim
1029 4290 1229 4335 sanctae
1271 4283 1664 4338 exhortationis
1707 4287 1868 4338 verba
1912 4286 2015 4339 alia

447 4387 600 4426 mens
633 4371 873 4439 suscipit,
921 4371 1024 4424 alia
1061 4371 1339 4439 suscipere
1372 4382 1610 4438 recusat,
1653 4388 1814 4442 super
1851 4391 2014 4428 unam

2134 3209 2236 3272 ria,
2265 3209 2572 3280 nullamque
2595 3211 2738 3265 inter
2774 3219 3020 3266 sanetum
3063 3221 3119 3266 et
3157 3213 3446 3282 profanum
3478 3219 3582 3272 nisi
3623 3235 3714 3289 pe-

2131 3301 2306 3354 cunia:
2327 3301 2529 3356 habent
2555 3302 2884 3367 distantiam,
2905 3312 3157 3358 avertunt
3183 3306 3368 3361 oculos
3389 3323 3420 3360 a
3447 3310 3711 3373 sabbatis,

2128 3399 2182 3444 et
2204 3391 2297 3444 Dei
2322 3392 2560 3460 requiem
2593 3408 2713 3462 quae
2742 3393 2797 3446 in
2827 3394 3016 3447 notitia
3043 3394 3446 3464 Scriptorum
3472 3407 3578 3464 est,
3607 3417 3710 3455 non

2129 3484 2447 3553 recogitant,
2479 3500 2579 3539 nec
2605 3485 2792 3539 dicunt
2815 3501 2938 3539 cum
2962 3485 3228 3555 Propheta
3253 3506 3265 3540 :
3294 3505 3315 3538 ι
3346 3488 3549 3544 Revela
3581 3507 3712 3547 ocu-

2127 3571 2208 3626 los
2257 3587 2442 3635 meos,
2495 3582 2551 3627 et
2597 3575 2948 3629 considerabo
3011 3577 3276 3631 mirabilia
3335 3579 3403 3632 de
3451 3580 3572 3651 lege
3622 3593 3706 3637 tua

2128 3653 2315 3732 (Psal.
2344 3661 2566 3733 cxvm).
2599 3682 2618 3714 ι
2653 3663 2838 3731 Neque
2860 3664 2988 3718 illud
3014 3665 3254 3735 Apostoli
3286 3685 3298 3720 :
3329 3686 3350 3720 ί
3381 3667 3496 3724 Nos
3527 3681 3706 3726 autem

2125 3769 2316 3806 omnes
2359 3753 2592 3807 revelata
2646 3754 2781 3809 facie
2827 3755 3052 3824 gloriam
3105 3757 3317 3813 Domini
3369 3763 3704 3832 contempla-

2125 3856 2246 3894 mur
2278 3840 2324 3910 (1
2337 3838 2489 3894 ICor.
2525 3843 2642 3912 ιη).
2672 3843 2817 3897 Inter
2851 3844 2984 3899 tales
3018 3847 3307 3914 prophetas
3346 3856 3403 3901 et
3454 3852 3705 3906 sacerdo-

2125 3941 2205 3986 tes
2244 3933 2449 3987 medius
2496 3935 2755 3989 Dominus
2795 3935 3141 4004 inquinatur,
3183 3939 3250 3992 de
3289 3954 3398 4007 quo
3438 3943 3702 4011 scriptum

2121 4030 2245 4077 est:
2276 4041 2294 4073 ι
2333 4022 2536 4078 Medius
2575 4025 2718 4078 inter
2763 4040 2858 4078 vos
2908 4035 3040 4090 stat,
3087 4043 3248 4097 quem
3289 4044 3388 4084 vos
3437 4031 3700 4099 ignoratis

2122 4109 2314 4180 (Joan.
2359 4111 2439 4181 ι).
2477 4130 2496 4162 ι
2543 4111 2824 4180 Propheta:
2874 4113 3038 4184 igitur
3084 4117 3198 4171 sive
3249 4118 3416 4172 duces
3456 4118 3703 4174 leonibus

2119 4210 2525 4268 comparantur,
2567 4203 2835 4272 principes
2873 4213 3052 4260 autem
3099 4222 3238 4277 quos
3275 4207 3556 4264 inferioris
3585 4226 3702 4282 gra-

2118 4292 2219 4346 dus
2265 4293 2508 4348 homines
2542 4295 2920 4364 intelligimus,
2963 4297 3208 4367 luporum
3246 4301 3534 4357 imitantur
3561 4305 3702 4373 rapi-

2119 4397 2263 4446 nam,
2310 4391 2368 4435 ut
2419 4383 2690 4438 elfundant
2722 4387 3035 4455 sanguinem
3088 4403 3192 4442 non
3241 4405 3556 4460 corporum,
3607 4393 3698 4448 sed

442 4463 718 4517 civitatem
753 4461 1008 4516 Dominus
1031 4461 1182 4530 pluit,
1214 4473 1268 4514 et
1297 4476 1458 4530 super
1480 4461 1702 4516 alteram
1729 4478 1832 4517 non
1855 4463 2006 4533 pluit;
2041 4459 2089 4518 D
2117 4471 2450 4534 animarum,
2501 4481 2556 4526 et
2606 4489 2766 4528 avare
2801 4486 3076 4531 sectantur
3119 4479 3300 4544 lucra,
3340 4459 3696 4553 nequaquam

443 4567 568 4607 eum
615 4567 743 4605 vero
777 4559 832 4606 et
870 4552 980 4620 ipse
1021 4550 1300 4620 proximus
1334 4550 1425 4618 qui
1471 4551 1638 4614 audit,
1683 4552 1752 4605 ab
1794 4551 1914 4605 aliis
1951 4567 2011 4607 se

445 4641 596 4694 vitiis
624 4641 870 4710 corrigit,
908 4650 1070 4710 atque
1113 4641 1182 4694 ab
1216 4640 1334 4693 aliis
1365 4643 1650 4695 emendare
1694 4644 2010 4706 contemnit,

447 4745 554 4782 una
579 4731 872 4798 eademque
898 4730 1088 4784 civitas
1115 4738 1168 4784 et
1201 4744 1268 4784 cx
1304 4738 1456 4799 parte
1485 4732 1836 4799 compluitur,
1863 4739 1916 4785 et
1945 4747 2011 4786 ex

443 4827 599 4886 parte
633 4819 780 4872 arida
817 4828 1076 4882 remanet,
1114 4821 1294 4887 inqua
1325 4835 1354 4872 a
1386 4835 1444 4873 se
1473 4820 1874 4888 praedicationis
1899 4821 2014 4890 plu-

444 4909 586 4960 viam
627 4907 852 4975 repellit.
886 4906 1025 4960 Sunt
1053 4908 1194 4961 enim
1237 4908 1472 4976 quidam,
1503 4909 1593 4978 qui
1623 4909 2012 4965 exhortationis

445 4998 608 5050 verba
635 4997 855 5049 omnino
882 5011 986 5048 non
1017 4997 1260 5059 audiunt,
1301 4998 1353 5051 hi
1380 4999 1593 5068 penitus
1622 4999 1853 5068 pluviam
1891 5016 2010 5056 sus-

439 5095 623 5164 cipere
649 5093 855 5148 nolunt.
887 5093 954 5147 Et
995 5103 1119 5148 sunt
1153 5096 1364 5162 quidam
1401 5097 1488 5164 qui
1537 5097 1789 5162 audiunt,
1836 5107 1888 5152 et
1926 5109 2009 5152 ta-

442 5202 566 5241 men
602 5185 715 5240 haec
745 5183 1051 5238 medullitus
1087 5199 1189 5238 non
1218 5196 1531 5253 sequuntur,
1580 5188 1706 5256 quia
1736 5187 1838 5240 alia
1866 5189 1918 5241 in
1948 5203 2008 5244 se

439 5277 568 5331 vitia
593 5281 856 5338 resecant,
890 5274 982 5329 sed
1013 5274 1067 5327 in
1096 5274 1482 5344 aliis-graviter
1504 5277 1817 5346 perdurant.
1853 5277 2006 5346 Smpe

435 5369 583 5422 enim
619 5366 879 5436 quosdam
914 5364 1158 5418 videmus
1195 5364 1286 5432 qui
1323 5379 1419 5433 per
1458 5365 1854 5433 praedicationis
1887 5381 2008 5420 ver-

437 5456 564 5510 bum
591 5471 623 5509 a
650 5455 952 5524 semetipsis
975 5453 1217 5506 avaritia:
1253 5461 1443 5507 uastum
1489 5454 1780 5522 repellunt,
1815 5465 1868 5509 et
1901 5471 2005 5510 non

435 5547 610 5601 solum
642 5546 813 5600 aliena
835 5544 948 5612 jam
985 5559 1092 5599 non
1135 5543 1368 5613 rapiunt,
1413 5544 1506 5598 sed
1535 5553 1588 5598 et
1616 5544 1832 5614 propria
1862 5545 2003 5600 indi-

436 5639 684 5700 gentibus
725 5638 1056 5709 largiuntur;
1100 5653 1197 5694 nec
1238 5646 1415 5693 tamen
1457 5639 1549 5693 ira:
1595 5638 1841 5694 stimulos
1877 5639 2006 5693 edo-

2116 4559 2208 4613 illo
2235 4562 2470 4616 contenti
2496 4577 2507 4615 :
2540 4581 2557 4613 ι
2577 4563 2676 4629 Qui
2704 4565 2944 4619 serviunt
2974 4566 3150 4630 altari,
3174 4569 3361 4623 vivunt
3381 4571 3451 4625 de
3467 4571 3649 4636 altari,
3671 4592 3690 4624 ι

2116 4651 2209 4704 sed
2236 4660 2515 4720 postquam
2537 4653 2606 4707 ad
2635 4654 2991 4709 ministerium
3015 4655 3108 4710 Dei
3141 4661 3496 4723 accesserint,
3521 4661 3692 4716 (ἔτωεὶ

2117 4741 2330 4796 divitias
2358 4753 2705 4814 congregant.
2737 4745 3020 4815 Propheta:
3049 4763 3262 4817 quoque
3305 4749 3380 4804 illi
3418 4753 3514 4820 (ιυί
3563 4767 3692 4808 ven-

2119 4841 2239 4886 tura
2288 4835 2670 4903 praenuntiant,
2718 4836 2978 4892 liniehant
3021 4855 3116 4894 eos
3167 4841 3370 4909 absque
3423 4851 3692 4912 tempera-

2117 4931 2317 4988 mento,
2345 4924 2411 4978 de
2437 4939 2544 4994 quo
2569 4939 2731 4994 supra
2749 4927 3000 4990 diximus,
3022 4930 3429 4984 vaticinantium
3452 4935 3684 5004 pmphe—

2116 5020 2292 5066 tarum
2337 5014 2428 5083 qui
2473 5015 2676 5083 absque
2713 5019 3086 5073 commistione
3125 5020 3396 5088 palearum
3430 5023 3688 5079 liniernnt

2110 5103 2390 5172 parietem,
2439 5105 2532 5173 qui
2586 5107 2848 5163 imbribus
2882 5108 3197 5178 dissipatur.
3245 5112 3554 5169 Istiusmodi
3603 5115 3689 5170 vi—

2111 5193 2238 5246 dent
2272 5208 2442 5258 vana,
2477 5203 2532 5248 et
2569 5210 2674 5250 non
2716 5206 2824 5251 tam
2861 5201 3186 5270 prophetam
3237 5215 3397 5270 quam
3439 5205 3686 5260 divinant

2109 5281 2463 5344 mendacium,
2518 5283 2756 5339 dicentes
2801 5296 2958 5342 terra
3007 5290 3340 5344 miserabili:
3384 5291 3514 5347 Πίεο
3550 5295 3680 5350 dicit

2107 5371 2384 5438 Dominus,
2414 5373 2513 5427 ista
2542 5377 2810 5443 promittit
2836 5393 2958 5431 cum
2987 5378 3245 5434 Dominus
3288 5396 3392 5435 non
3433 5383 3503 5436 sit
3527 5383 3676 5437 locu-

2108 5469 2194 5515 tus
2214 5461 2280 5515 ad
2311 5477 2426 5519 eos.
2465 5464 2698 5535 Pepulus
2762 5477 2938 5524 autem
2981 5478 3138 5525 terra:
3178 5487 3517 5542 nequaquam
3559 5475 3674 5538 Dei,

2105 5550 2200 5604 sed
2238 5558 2576 5608 terrenorum
2613 5570 2858 5625 operum,
2883 5560 3183 5628 principum
3225 5577 3289 5616 ac
3332 5564 3674 5616 sacerdotum

2104 5642 2384 5699 zenmlator
2447 5646 2707 5712 existens,
2738 5663 2834 5718 per
2889 5651 3209 5706 calumniam
3261 5660 3316 5706 et
3375 5653 3671 5720 potentiam
