3954 6182
244 340 345 395 m
1209 340 1561 396 COMMENT.
1602 340 1667 397 IN
1706 340 2157 401 EZECIIIELEM.
2199 378 2267 389 -
2307 322 2432 404 Lm.
2472 348 2565 405 IX.
3398 367 3498 434 ηε

247 460 440 507 emtcta
491 448 734 514 faciebat,
780 465 886 505 non
933 448 1144 514 divites,
1199 450 1292 505 sed
1331 465 1595 521 pauperes
1643 450 1822 521 oppri-
1850 459 1897 516 Α
1926 461 2035 507 atra
2066 463 2221 510 sonat
2246 457 2672 514 tabernaculum.
2699 458 2999 519 Jerusalem
3027 479 3155 521 vero
3171 466 3504 534 Ooliba,hoc

240 556 420 595 mens.
482 540 557 596 De
603 541 800 610 quibus
850 539 1110 609 scriptum
1163 551 1247 595 est
1277 557 1289 593 :
1327 560 1345 591 ι
1378 541 1671 612 Paupertas
1714 558 1820 597 IIOII
1922 552 2008 596 cst
2039 545 2441 600 tabernaculum
2469 561 2645 602 meum
2670 549 2829 615 inea,
2862 552 3123 621 siquidem
3154 557 3285 610 etin
3316 557 3498 612 decem

241 631 477 685 sustinet
504 630 1011 694 comminationem,
1057 638 1109 685 et
1135 630 1450 702 Redemptio
1488 633 1679 688 anima:
1718 634 1820 689 viri
1920 633 2166 687 tribubus
2188 644 2305 688 erat
2329 636 2753 705 tabernaculum,
2783 655 2888 694 non
2936 642 3030 696 Dei
3076 644 3171 698 sed
3213 645 3493 701 idolorum.

239 722 476 793 propriae
501 720 699 775 divitiae
723 720 914 793 (Prov.
944 719 1100 793 xm).
1138 741 1156 772 ι
1187 722 1463 775 Advenam
1498 736 1709 792 quoque
1740 730 1822 776 at-

235 826 344 881 que
394 810 761 881 peregrinum,
803 809 895 879 qui
943 811 1174 866 necdum
1227 811 1361 865 civis
1409 811 1651 865 ecclesiae
1704 827 1815 867 sure

234 900 418 953 fuerat
432 898 675 962 effectus,
712 899 804 953 sed
835 906 1043 952 tantum
1080 898 1312 963 auditor,
1339 909 1394 953 et
1422 900 1626 954 habens
1662 901 1815 955 initia

230 989 384 1055 ﬁdei,
412 988 786 1059 opprimebant
824 988 1113 1053 calumnia,
1158 998 1217 1042 ut
1257 999 1541 1058 postquam
1592 990 1816 1045 circuis-

229 1088 358 1133 sent
388 1093 536 1132 mare
580 1086 637 1131 et
687 1076 890 1130 aridam
918 1118 932 1142 ,
983 1079 1221 1134 facerent
1262 1095 1425 1133 unum
1457 1081 1809 1151 proselytum,

225 1167 479 1223 facerent
501 1182 625 1222 eum
664 1167 828 1222 lilium
858 1167 1132 1237 gehennze.
1165 1167 1312 1221 Inter
1345 1176 1491 1221 tanta
1519 1177 1697 1223 autem
1726 1169 1811 1225 vi-

227 1264 307 1319 tia
334 1272 393 1319 et
412 1263 676 1319 scelerum
716 1262 1131 1327 multitudinem,
1166 1264 1378 1334 quwsivi
1413 1264 1478 1317 de
1503 1265 1578 1317 eis
1619 1265 1806 1333 virum,

224 1356 322 1424 qui
373 1357 468 1410 ira:
515 1371 648 1411 mea:
694 1365 876 1426 posset
921 1357 1192 1422 resistere,
1240 1367 1293 1412 et
1335 1357 1507 1411 instar
1554 1357 1717 1429 Moysi
1753 1368 1808 1413 et

221 1447 435 1513 Aaron,
466 1456 519 1502 et
550 1445 815 1502 Samuelis
846 1446 953 1517 igni
988 1462 1127 1511 meo,
1163 1454 1218 1501 et
1254 1447 1503 1501 incendio
1540 1463 1597 1502 se
1642 1463 1807 1519 Oppo-

222 1550 381 1600 nere,
413 1545 469 1590 et
508 1551 614 1591 non
639 1536 787 1606 potui
828 1536 1081 1606 reperire.
1116 1535 1410 1615 Propterea
1448 1546 1614 1592 totam
1644 1555 1807 1609 super

221 1643 322 1682 eos
363 1626 527 1682 ell'udi
572 1628 986 1698 indignationem
1034 1644 1209 1684 meam
1246 1639 1298 1685 et
1331 1634 1636 1703 consumpsi
1687 1648 1800 1699 eos,

220 1732 333 1771 non
376 1717 579 1785 absque
624 1731 872 1771 mensura
914 1726 1075 1787 atque
1114 1719 1339 1790 judicio,
1387 1721 1478 1775 sed
1511 1730 1571 1775 ut
1616 1723 1804 1777 redde-

1917 718 2125 775 Aureus
2151 722 2294 775 enim
2321 722 2607 779 Jeroboam
2635 737 2694 780 ut
2724 728 2977 797 populum
3005 740 3274 787 averteret
3294 752 3323 788 a
3349 737 3496 792 cultu

1917 805 2034 873 Dei,
2086 810 2285 865 vitulos
2312 812 2607 867 collocarat
2657 816 2708 869 in
2746 817 2859 869 Dan
2906 826 2960 872 et
2991 819 3195 875 Bethcl.
3241 823 3497 880 Dicamus

1915 910 2042 968 ergo
2070 900 2136 953 de
2164 901 2407 969 singulis.
2440 903 2566 956 Duze
2605 904 2719 959 ista:
2740 906 3016 972 mulieres,
3049 910 3291 965 Samaria
3331 922 3387 967 et
3410 913 3472 968 Je

1915 988 2168 1053 rusaletu,
2194 989 2318 1044 ﬁlim
2351 991 2565 1046 fuerunt
2595 995 2786 1048 matris
2819 997 2978 1051 unius
3022 1000 3087 1052 de
3125 999 3287 1056 Israel
3325 1005 3491 1073 stirpe

1912 1087 2200 1147 generatae.
2225 1087 2279 1133 et
2305 1078 2584 1135 fornicata:
2611 1091 2735 1137 sunt
2756 1085 2808 1137 in
2837 1084 3073 1156 Egypto
3099 1090 3149 1143 in
3181 1091 3491 1147 adolescent.

1912 1165 1985 1218 tia
2028 1180 2144 1220 sua.
2192 1167 2377 1238 Neque
2405 1171 2549 1223 enim
2589 1174 2926 1244 accepissent
2973 1178 3142 1248 legem
3181 1180 3385 1236 eductae
3423 1185 3489 1238 de

1908 1252 2140 1323 Egypto
2191 1256 2244 1310 in
2285 1267 2466 1312 monte
2508 1258 2660 1323 Sina,
2685 1263 3063 1329 prohibentem
3113 1283 3206 1323 eos
3240 1275 3486 1328 venerari

1908 1342 2049 1397 idola
2081 1346 2181 1399 nisi
2224 1346 2276 1400 in
2303 1347 2535 1419 Egypto
2565 1349 2793 1405 fuissent
2827 1353 3077 1425 Aigyptia
3109 1368 3353 1427 portenta
3390 1378 3484 1416 ve-

1909 1444 2128 1489 neratae.
2154 1437 2339 1494 Potest
2362 1450 2542 1495 autem
2574 1453 2750 1498 mater
2792 1448 3069 1502 ambarum
3099 1464 3221 1505 esse
3246 1452 3479 1519 (lethaea,

1906 1526 1974 1581 de
2006 1542 2108 1596 qua
2135 1543 2294 1598 supra
2322 1529 2578 1601 legimus:
2601 1551 2618 1583 ‹
2643 1532 2803 1589 Pater
2834 1547 3017 1592 vester
3046 1538 3412 1608 Amorrhaens,
3429 1554 3484 1600 et

1904 1625 2078 1670 mater
2107 1629 2287 1673 vestra
2315 1620 2530 1675 Cethaza
2563 1623 2797 1692 (Ezech.
2831 1625 3006 1696 xvr)»
3038 1627 3142 1684 Sed
3177 1640 3234 1686 et
3269 1636 3484 1703 quando

1906 1706 2102 1760 dicitur
2117 1725 2129 1760 :
2154 1727 2173 1759 ‹
2197 1708 2577 1780 Unusquisque
2593 1713 3018 1771 abominationes
3031 1717 3252 1790 Egypti
3271 1721 3482 1776 auferat

219 1821 342 1860 rem
367 1806 483 1860 vias
509 1822 694 1861 eorum
734 1807 789 1861 in
822 1808 999 1878 capita
1044 1808 1272 1871 illorum,
1311 1810 1391 1864 vel
1430 1811 1645 1880 propria
1674 1827 1773 1881 pec

1904 1795 1969 1849 ab
1992 1795 2162 1852 oculis
2189 1798 2324 1863 suis,
2347 1817 2366 1850 ι
2394 1799 2496 1854 hoc
2521 1801 2788 1868 significat
2810 1806 2951 1873 quod
2982 1807 3037 1861 in
3057 1807 3294 1880 Αἰπυιο
3317 1812 3483 1867 Israel

217 1907 345 1950 cata
368 1912 489 1968 quae
536 1897 793 1962 fecerant,
834 1899 1143 1953 auctoribus
1176 1900 1436 1966 tribuens,
1460 1901 1543 1955 vel
1565 1912 1710 1957 certe
1742 1903 1794 1956 in

217 1987 402 2056 capita
455 1987 673 2056 populi,
732 1988 911 2054 ducis,
962 1989 1221 2059 principis
1267 2006 1331 2045 ac
1381 1990 1793 2061 Prophetarum,

216 2094 453 2146 quorum
480 2078 658 2132 nullus
685 2076 788 2132 fuit
812 2079 903 2147 qui
946 2079 1196 2134 irascenti
1220 2081 1446 2135 Domino
1467 2082 1688 2135 auderet
1712 2097 1797 2134 re-

213 2169 433 2231 sistere,
483 2176 540 2221 et
563 2183 791 2237 quorum
825 2183 988 2221 causa
1037 2176 1181 2223 terra
1231 2169 1474 2239 squalida
1511 2178 1672 2239 atque
1705 2171 1795 2226 de-

213 2268 369 2312 serta
397 2257 624 2312 imbrem
659 2257 870 2312 Domini
892 2260 1165 2329 suscipere
1187 2276 1292 2315 non
1317 2261 1531 2315 meruit.

780 2369 1006 2426 CAPUT
1034 2370 1218 2426 XXIII.

210 2453 403 2510 Sermo
428 2454 639 2511 Domini
663 2468 845 2512 contra
876 2458 1082 2514 Gallam
1113 2471 1158 2514 et
1188 2459 1425 2516 Oolibam
1453 2478 1657 2517 sorores
1683 2481 1789 2518 me-

280 2525 520 2601 retrices,
538 2528 963 2601 deimmunditiis
994 2530 1228 2601 ipsarum
1249 2548 1267 2584 .'
1295 2531 1358 2584 de
1379 2532 1572 2585 ultione
1601 2533 1697 2587 Dei
1724 2535 1779 2588 in

277 2594 408 2649 illa:
436 2612 530 2666 pro
551 2597 726 2651 idolis.

281 2724 300 2754 ι
337 2704 405 2759 Et
439 2705 612 2761 factus
648 2716 728 2761 est
751 2722 927 2764 sermo
956 2710 1169 2765 Domini
1212 2713 1277 2766 ad
1311 2728 1398 2768 me
1431 2714 1613 2771 dicens
1644 2734 1657 2773 :
1684 2716 1784 2773 Fili

209 2815 226 2846 ι
256 2795 519 2862 hominis,
549 2796 667 2851 duae
695 2799 945 2855 mulieres
983 2799 1105 2855 lilia:
1131 2802 1320 2857 matris
1342 2804 1498 2858 unius
1541 2807 1780 2874 luerunt,

207 2907 225 2938 ι
259 2897 321 2942 et
364 2887 643 2944 fornicata.
669 2900 794 2946 sunt
835 2894 887 2947 in
918 2890 1175 2964 Egypto,
1200 2894 1252 2948 in
1283 2894 1639 2951 adolescentia
1684 2915 1781 2953 sua

209 2998 226 3031 ι
261 2980 551 3037 fornicata:
594 2993 752 3050 sunt,
791 2984 864 3039 ibi
915 2986 1137 3040 subacta
1169 2994 1296 3040 sunt
1335 2988 1500 3042 ubera
1541 3004 1728 3044 earum
1762 3010 1773 3045 :

202 3092 219 3122 ι
256 3082 317 3126 et
348 3071 535 3127 fractae
560 3084 683 3128 sunt
708 3090 955 3130 mamma:
979 3069 1278 3147 pubertatis
1305 3093 1523 3146 earum;
1554 3081 1774 3135 nomina

1900 1885 2059 1941 idolis
2101 1890 2368 1953 servierit,
2418 1900 2473 1945 et
2511 1891 2584 1947 ibi
2633 1895 2946 1962 ceciderint,
3000 1900 3113 1953 sive
3160 1900 3326 1957 fracta
3373 1905 3484 1960 sint

1897 1974 2064 2031 ubera
2095 1978 2416 2049 virginitatis
2442 1968 2577 2051 ejus.
2608 1983 2883 2054 Majorque
2914 1987 3157 2043 Samaria
3197 1992 3398 2046 dicitur
3424 2002 3482 2048 et

1896 2068 2098 2133 senior,
2138 2070 2221 2124 vel
2253 2081 2477 2141 propter
2522 2074 2919 2133 multitudinem
2961 2081 3146 2135 decem
3188 2083 3470 2139 tribuum:

1894 2156 1975 2210 vel
2011 2159 2135 2227 quia
2169 2169 2289 2228 post
2324 2171 2550 2217 mortem
2580 2163 2748 2236 Moysi
2783 2168 2848 2221 de
2886 2168 3138 2237 Ephraim
3180 2172 3321 2229 tribu
3346 2174 3473 2231 Jesu

1894 2247 2035 2303 Illius
2079 2249 2225 2305 Nave
2259 2252 2456 2322 populo
2485 2254 2713 2324 przel‘uit.
2769 2257 2921 2313 Unde
2957 2270 3011 2314 et
3039 2261 3346 2328 Jcroboam,
3378 2268 3469 2336 qui

1891 2338 2050 2392 scidit
2085 2354 2199 2406 eas,
2238 2356 2267 2394 a
2306 2342 2465 2396 domo
2501 2343 2670 2399 David
2704 2346 2873 2403 fuisse
2906 2350 3150 2420 legimus,
3192 2363 3247 2409 et
3286 2356 3475 2412 habuit

1888 2442 1982 2484 eas
2012 2428 2171 2496 Deus,
2198 2432 2309 2486 sive
2340 2432 2496 2489 facta:
2531 2446 2655 2491 sunt
2684 2437 2801 2505 ejus
2842 2443 3058 2509 quando
3089 2444 3471 2516 ingemuerunt

1889 2521 1957 2575 ab
1981 2522 2235 2591 operibus
2271 2523 2484 2596 Egypti
2505 2568 2519 2592 ,
2559 2527 2672 2583 luto
2701 2532 2850 2600 prius
2880 2540 2935 2586 et
2958 2532 3111 2588 lateri
3142 2538 3464 2601 servientes,

1887 2625 2007 2679 qua:
2036 2621 2222 2681 postea
2248 2615 2325 2669 illi
2356 2616 2493 2672 filios
2521 2626 2576 2673 et
2604 2619 2741 2675 ﬁlias
2766 2621 2850 2677 vel
2890 2623 2943 2677 in
2972 2623 3279 2694 solitudine,
3306 2629 3392 2684 vel
3411 2629 3468 2685 in

1888 2704 2322 2773 repromissionis
2363 2715 2509 2763 terra
2547 2721 2865 2780 genuerunt.
2904 2714 3253 2787 Primumque
3298 2719 3467 2775 forni-

1886 2801 2005 2846 cata
2038 2801 2121 2847 est
2144 2793 2315 2860 Oolla,
2347 2797 2399 2850 id
2427 2805 2509 2852 est
2539 2797 2806 2867 Samaria,
2829 2818 2993 2873 super
3018 2804 3217 2871 Deum,
3249 2811 3463 2879 quando

1884 2881 2137 2937 insanivit
2170 2884 2224 2938 in
2258 2884 2509 2957 Assyrios
2536 2890 2627 2958 qui
2661 2892 2837 2946 vestiti
2871 2902 3026 2951 erant
3066 2895 3458 2966 hyacinthinis,

1882 2981 1937 3026 et
1966 2989 2071 3028 non
2101 2975 2368 3044 quoslibet
2405 2977 2471 3031 de
2496 2979 2710 3049 populo,
2759 2983 2853 3037 sed
2894 2985 3057 3039 duces
3085 2996 3141 3041 et
3179 2990 3462 3059 magistra-

1884 3070 1989 3125 tus,
2022 3078 2120 3118 nec
2149 3072 2306 3120 aetate
2335 3066 2630 3134 confectos,
2655 3071 2747 3125 sed
2769 3070 2997 3141 juvenes
3025 3091 3230 3141 omnes,
3252 3082 3461 3150 equites

204 3181 223 3213 α
252 3177 451 3217 eam",
483 3161 635 3220 οοιι³
684 3165 877 3235 major,
916 3140 1186 3222 (διὀοηι,³
1217 3183 1369 3223 soror
1395 3140 1531 3239 eius;
1578 3169 1644 3224 Ει
1674 3170 1773 3224 ιω,
1802 3140 1847 3203 C
1878 3152 2095 3218 electos,
2143 3171 2373 3224 quorum
2415 3170 2601 3214 secuta
2630 3169 2714 3216 est
2740 3163 2901 3229 idola,
2949 3174 3003 3220 et
3037 3182 3068 3221 a
3104 3140 3457 3237 quibuscon-

201 3269 220 3302 ι
247 3251 350 3308 bui
393 3267 488 3308 eas
530 3264 585 3308 et
612 3264 935 3325 pepererunt
978 3256 1117 3312 ﬁlios
1152 3268 1206 3313 et
1250 3258 1407 3324 tilias,
1456 3267 1512 3314 et
1554 3261 1774 3316 nomina

201 3360 218 3391 ι
255 3356 455 3396 earum
498 3341 744 3398 Samaria
771 3343 942 3409 Oolla,
981 3354 1037 3400 et
1070 3344 1366 3401 Jerusalem
1392 3345 1602 3402 Ooliba.
1635 3346 1772 3402 For-

201 3449 218 3480 ι
252 3431 438 3485 nicata
488 3443 572 3486 est
610 3432 772 3502 igitur
799 3449 961 3503 super
992 3450 1080 3490 me
1118 3434 1292 3499 Oolla,
1335 3443 1390 3489 et
1424 3435 1678 3489 insanivit
1704 3434 1772 3489 ad

199 3539 217 3572 ι
249 3529 530 3576 amatores
566 3537 691 3577 suos
730 3522 783 3577 in
823 3523 1092 3594 Assyrios,
1145 3525 1235 3596 qui
1271 3525 1773 3596 appropinquabant

199 3629 218 3661 ε
255 3610 310 3664 ei
340 3611 568 3666 vestitos
609 3612 989 3683 hyacinthinis,
1015 3616 1285 3685 principes
1311 3625 1366 3671 et
1402 3618 1770 3687 magistratus,

197 3721 217 3751 σ
246 3703 483 3773 juvenes
536 3705 820 3774 cupidinis,
857 3708 1138 3763 universos
1194 3708 1401 3778 equites
1455 3724 1770 3765 ascensores

196 3808 215 3839 ι
250 3804 559 3859 equorum;
605 3801 661 3847 et
699 3794 843 3849 dedit
869 3793 1251 3853 fornicationes
1294 3813 1419 3853 suas
1458 3814 1620 3868 super
1653 3814 1767 3866 eos,

198 3895 216 3927 ι
252 3876 462 3934 electos
489 3880 627 3935 ﬁlios
655 3882 991 3954 Assyriorum
1020 3886 1315 3951 universos,
1353 3895 1405 3941 et
1439 3888 1492 3942 in
1518 3890 1768 3946 omnibus

195 3987 213 4017 ι
241 3983 411 4037 super
445 3985 580 4039 quos
627 3972 879 4029 insanivit
925 3977 980 4031 in
1025 3978 1383 4035 immunditiis
1426 3981 1627 4050 polluta
1663 3993 1764 4039 est.

196 4057 472 4128 «Insuper
515 4070 571 4116 et
613 4060 993 4121 fornicationes
1043 4082 1169 4122 suas
1217 4085 1352 4139 quas
1397 4071 1661 4127 habuerat
1710 4074 1764 4128 in

192 4166 210 4198 ι
242 4148 485 4221 Ᾱῐεγριο
511 4167 620 4206 non
652 4153 887 4223 reliquit.
919 4154 1050 4210 Nam
1080 4167 1134 4212 et
1167 4158 1242 4212 illi
1272 4158 1604 4216 dormierant
1642 4178 1764 4217 cum

192 4258 209 4291 ι
241 4256 308 4297 ea
333 4241 388 4296 in
415 4242 776 4300 adolescentia
814 4245 958 4313 ejus,
981 4256 1037 4301 et
1064 4249 1438 4319 confregerant
1464 4252 1628 4308 ubera
1666 4270 1766 4324 pu-

190 4349 208 4381 ι
249 4331 487 4386 bertatis
527 4332 686 4399 illius,
717 4342 773 4389 et
811 4334 1114 4391 effuderunt
1156 4337 1567 4395 fornicationem
1610 4358 1763 4398 suam

189 4441 206 4471 ι
239 4436 409 4491 super
436 4421 602 4477 illam.
620 4422 910 4494 Propterea
937 4427 1130 4482 tradidi
1154 4428 1295 4483 illam
1323 4431 1376 4485 in
1405 4446 1597 4488 manus
1617 4450 1763 4488 ama—

1877 3251 1959 3297 tra
1982 3242 2279 3312 jussionem
2312 3247 2407 3301 Dei
2438 3250 2727 3318 postulavit
2754 3254 3044 3322 auxilium;
3071 3259 3162 3326 qui
3192 3272 3457 3317 venerunt

1874 3343 1928 3389 et
1956 3336 2264 3404 polluerunt
2293 3353 2434 3403 eam,
2463 3348 2523 3394 ut
2551 3342 2811 3412 quidquid
2841 3346 2895 3399 in
2927 3347 3287 3405 adolescentia
3318 3350 3460 3408 fece—

1874 3435 1960 3479 rat
1989 3428 2041 3481 iu
2073 3427 2329 3498 IEgypto,
2354 3445 2461 3483 non
2492 3431 2841 3502 relinqueret.
2891 3435 3024 3490 Nam
3065 3438 3299 3510 Egyptii
3327 3457 3460 3496 con-

1872 3515 2170 3571 cubuerant
2200 3532 2322 3572 cum
2349 3534 2413 3573 ea
2445 3519 2500 3573 in
2526 3520 2890 3579 adolescentia
2921 3523 3061 3593 ejus,
3109 3543 3337 3597 quorum
3378 3530 3455 3584 si-

1871 3606 2110 3661 mulacra
2154 3617 2409 3663 venerata
2455 3618 2557 3675 est,
2614 3611 2794 3683 ibique
2843 3615 3175 3687 devirginata
3220 3626 3273 3672 rt
3318 3634 3449 3674 con-

1870 3695 2041 3751 fracta
2066 3709 2191 3752 sunt
2214 3698 2379 3754 ubera
2412 3699 2573 3767 illius,
2598 3710 2651 3756 et
2675 3711 2818 3757 tanta
2854 3703 2954 3760 fuit
2978 3707 3303 3763 abundantia
3329 3709 3444 3765 for-

1870 3785 2171 3851 nicationis,
2193 3797 2251 3842 ut
2276 3804 2379 3842 non
2406 3788 2655 3845 fornicati
2675 3808 2795 3846 cum
2818 3809 2901 3859 ea,
2927 3796 3019 3850 sed
3034 3795 3451 3855 fornicationem

1868 3889 2020 3930 suam
2043 3892 2203 3946 super
2221 3876 2366 3932 illam
2381 3878 2635 3937 effudisse
2656 3883 2919 3938 dicantur.
2941 3885 3229 3956 Propterea
3254 3891 3453 3947 tradita

1868 3974 1952 4021 est
1977 3967 2108 4037 ipsis
2129 3971 2459 4025 amatoribus
2480 3972 2593 4027 suis
2621 3973 2748 4042 phul
2779 3983 2835 4029 et
2857 3976 3367 4047 Tcglathpbalassar
3392 3992 3451 4039 et

1868 4055 2235 4125 Salmanasar,
2284 4060 2338 4114 in
2381 4076 2609 4130 quorum
2639 4063 2896 4118 insanivit
2926 4067 3199 4122 libidinem
3220 4110 3235 4135 ,
3266 4079 3322 4125 et
3344 4070 3448 4141 ipsi

1868 4147 2346 4217 discooperuerunt
2366 4152 2715 4223 ignominiam
2735 4155 2873 4225 ejus,
2889 4161 3275 4234 τροπολοιγικώς,
3292 4166 3449 4232 quasi

1867 4240 2109 4295 mulieris
2134 4243 2455 4299 meretricis.
2508 4244 2787 4303 Revelatio
2817 4259 2995 4305 autem
3044 4253 3195 4306 urbis
3222 4255 3449 4323 captivi-

1866 4337 1951 4383 tas
1978 4337 2082 4395 est,
2113 4331 2205 4401 qui
2232 4330 2368 4388 filios
2391 4343 2445 4389 et
2474 4335 2613 4392 filias
2637 4353 2823 4393 earum
2854 4341 3054 4396 duxere
3095 4345 3358 4412 captivas,
3387 4353 3447 4399 et

1866 4415 2040 4486 ipsam
2078 4419 2254 4490 gladio
2288 4424 2645 4490 trucidarunt,
2689 4428 2764 4481 ita
2793 4436 2850 4481 ut
2878 4429 2929 4482 in
2963 4431 3200 4484 omnium
3251 4432 3442 4487 mulie-

188 4527 207 4559 ι
241 4517 426 4565 torum
471 4525 711 4577 suorum,
756 4514 811 4568 in
856 4530 1047 4570 manus
1084 4516 1313 4573 filiorum
1359 4518 1551 4585 Assur,
1600 4539 1761 4592 super

1881 4483 1985 4561 -ιιιιι
2028 4483 2330 4581 θίθιιιριιιιιι
2371 4514 2613 4584 jugulata
2661 4517 2753 4583 sit,
2797 4526 2853 4571 et
2891 4518 2942 4572 in
2985 4521 3179 4574 malam
3230 4533 3441 4591 partem

188 4618 206 4649 ι
236 4615 478 4669 quorum
546 4600 800 4657 insanivit
855 4602 1094 4660 libidine.
1124 4605 1231 4677 Ipsi
1279 4608 1762 4678 discooperuerunt

186 4708 205 4740 α
238 4690 598 4760 ignominiam
631 4688 767 4759 ejus,
810 4691 947 4747 filios
975 4704 1030 4748 et
1058 4694 1195 4751 tilias
1234 4696 1375 4751 illius
1414 4684 1670 4764 tuleruint,
1708 4708 1762 4756 et

184 4800 202 4831 ‹
238 4780 420 4850 ipsam
469 4781 781 4836 occiderunt
825 4783 1022 4853 gladio.
1068 4785 1134 4839 Et
1169 4785 1324 4841 facta:
1373 4796 1497 4842 sunt
1540 4788 1761 4846 famosae

184 4891 202 4922 ι
238 4871 521 4939 mulieres,
544 4881 595 4927 et
618 4871 818 4941 judicia
857 4876 1101 4930 fecerunt
1130 4878 1182 4930 in
1204 4893 1321 4943 ea,»
1351 4890 1455 4934 etc.
1490 4878 1758 4955 (Ηίενοη.)

179 4961 476 5016 Duodecim
520 4963 691 5018 tribus
733 4963 896 5018 Israel
933 4982 1051 5036 quae
1081 4966 1298 5023 fuerunt
1329 4969 1529 5038 junctm
1575 4973 1628 5027 in
1658 4974 1757 5028 1E-

176 5060 342 5120 gypto
374 5059 559 5119 postea
583 5067 702 5106 esse
730 5054 930 5111 divisas
962 5056 1017 5109 in
1066 5057 1218 5122 duas,
1267 5067 1324 5113 et
1368 5060 1553 5116 decem
1582 5064 1755 5119 tribus

175 5141 585 5211 appellatasque
612 5141 803 5199 Judam
836 5156 890 5200 et
929 5146 1087 5202 Israel
1119 5147 1324 5219 Regum
1369 5159 1424 5206 et
1467 5153 1752 5226 ιιαραλιπὸ-

174 5254 334 5301 pum
385 5233 663 5303 Scriptura
699 5243 948 5292 testatur.
1000 5238 1151 5294 Juda:
1190 5243 1432 5312 regnavit
1478 5242 1544 5297 de
1586 5245 1754 5313 stirpe

173 5322 382 5389 David,
432 5323 671 5381 Roboam
707 5327 846 5383 Illius
893 5330 1144 5386 Salomon
1187 5332 1242 5388 in
1282 5331 1615 5401 Jerusalem,
1661 5337 1753 5391 ubi

171 5421 291 5466 erat
335 5416 589 5485 templum
628 5428 686 5475 et
709 5421 1036 5487 sacerdotes,
1084 5431 1141 5478 et
1179 5440 1375 5501 magna
1418 5440 1545 5495 pars
1582 5427 1752 5483 tribus

172 5504 327 5562 Levi.
379 5505 576 5563 Decem
629 5518 808 5564 autem
853 5510 1024 5567 tribus
1071 5512 1126 5566 in
1173 5512 1419 5568 Samaria
1464 5514 1752 5572 Jeroboam

173 5596 319 5653 Illius
357 5597 593 5666 Nabadi,
633 5601 700 5656 de
725 5603 868 5656 tribu
907 5602 1159 5673 Ephraim
1186 5612 1241 5659 et
1268 5603 1483 5676 Joseph,
1520 5622 1748 5676 quarum

174 5684 425 5745 Samaria
453 5705 596 5747 nunc
631 5691 930 5761 appellatur
957 5692 1140 5762 Oolla,
1177 5695 1320 5764 quod
1349 5694 1401 5750 in
1436 5695 1617 5766 lingua
1651 5712 1750 5754 no-

1863 4605 2178 4653 cunctarum
2204 4615 2457 4656 sermone
2486 4603 2825 4669 celebretur;
2850 4606 2940 4673 qui
2961 4604 3164 4673 judicia
3204 4618 3259 4662 et
3282 4609 3443 4665 ultio—

1861 4703 1960 4743 nes
1990 4687 2237 4744 fecerunt
2261 4691 2314 4744 in
2339 4707 2426 4755 ea,
2466 4700 2527 4746 ut
2561 4694 2695 4747 nihil
2733 4695 2787 4747 in
2819 4694 2906 4747 illa
2935 4696 3125 4752 salutis
3170 4699 3441 4770 relinque-

1860 4786 2002 4842 rent,
2045 4778 2140 4833 sed
2168 4795 2340 4847 usque
2384 4780 2544 4835 hodie
2591 4783 2775 4836 decem
2807 4784 2979 4839 tribus
3022 4788 3335 4857 captivitate
3360 4799 3441 4846 to-

1858 4879 2094 4926 neantur
2116 4872 2171 4927 in
2199 4875 2470 4929 montibus
2507 4874 2838 4945 urbibusque
2876 4877 3174 4944 Medorum,
3203 4883 3273 4937 ad
3301 4896 3439 4954 quas

1864 4964 2136 5019 translatae
2177 4975 2320 5021 sunt.
2374 4964 2536 5021 Juxta
2589 4970 2832 5042 ἀναγογήν
2879 4970 2932 5024 in
2989 4970 3127 5027 Osee
3176 4978 3439 5043 propheta

1861 5051 1990 5121 quid
2045 5054 2309 5124 signiticet
2351 5054 2548 5125 Ioseph
2596 5056 2849 5126 prraim
2899 5058 3144 5117 Samaria
3171 5104 3185 5128 ,
3230 5062 3443 5121 Jezracl

1860 5148 1914 5194 et
1934 5141 2113 5206 Israel,
2158 5151 2211 5197 et
2236 5146 2503 5213 quomodo
2528 5148 2813 5201 contraria:
2837 5149 2944 5204 sint
2969 5151 3149 5207 domui
3175 5151 3345 5209 David
3377 5164 3432 5210 et

1856 5231 2178 5298 Jerusalem,
2213 5250 2333 5303 quae
2372 5235 2641 5307 signiﬁcat
2680 5238 2984 5305 ecclesiam,
3019 5243 3230 5312 plenius
3270 5245 3437 5298 disse-

1859 5322 2105 5377 ruimus:
2137 5324 2203 5378 de
2237 5325 2434 5394 quibus
2461 5334 2517 5381 et
2539 5330 2967 5399 septuagesimus
2993 5333 3251 5400 septimus
3293 5332 3434 5402 psal-

1859 5427 1980 5466 mus
2004 5421 2162 5468 sonat
2193 5432 2204 5468 :
2240 5433 2259 5466 ‹
2296 5415 2419 5470 Filii
2456 5417 2714 5487 Ephraim
2747 5421 3083 5477 intendentes
3129 5432 3180 5477 et
3212 5423 3429 5477 mitten-

1860 5509 1940 5557 tes
1968 5518 2177 5571 arcum,
2229 5509 2475 5562 conversi
2502 5518 2628 5564 sunt
2669 5518 2968 5568 retrorsum
3012 5514 3066 5568 in
3108 5512 3194 5570 die
3226 5512 3370 5568 belli.
3406 5533 3428 5564 ι

1857 5591 1923 5646 Ει
1952 5593 2148 5648 iterum
2180 5613 2192 5648 :
2226 5612 2246 5646 ι
2276 5596 2493 5669 Repulit
2533 5601 2935 5656 tabernaculum
2964 5601 3183 5672 Joseph,
3231 5613 3285 5659 et
3323 5602 3431 5657 elc-

1856 5681 1934 5752 git
1972 5683 2171 5739 tribum
2202 5683 2358 5741 Juda.
2392 5706 2411 5741 ι
2464 5688 2638 5759 Elegit
2680 5690 2822 5745 enim
2848 5691 2988 5747 Deus
3035 5692 3248 5748 domum
3301 5708 3430 5750 con-
