3954 6182
491 247 600 310 713

1137 254 1195 308 B.
1235 253 1488 308 RABANI
1531 252 1746 310 ΜΑυηῖ
1786 250 2104 308 Αιιωιιειι.
2146 249 2452 305 κοςυΝΤ.
2489 248 2773 306 OPERUM
2809 246 2989 304 PARS
3024 247 3087 302 ll.

3640 250 3741 304 ω

491 372 743 428 fessionis
758 368 1065 439 ecclesiam,
1093 374 1147 420 et
1178 365 1374 434 repulit
1401 362 1807 419 tabernaculum
1839 363 2057 434 Josvph,
2089 368 2136 425 Α
2170 379 2188 411 ι
2238 369 2356 423 tute,
2382 362 2595 431 quando
2643 360 2865 417 subacta
2893 371 3019 418 sunt
3060 363 3115 418 3n
3138 362 3370 436 Egypto
3409 365 3580 421 ubera
3630 377 3738 434 tua,

489 461 631 533 quod
655 462 1036 530 interpretatur
1058 466 1427 527 augmentum;
1449 456 1539 526 qui
1562 456 1921 527 praetermissa
1945 456 2061 527 lege

489 550 583 604 Dei
613 563 806 602 aureos
847 546 1068 600 cultura:
1098 560 1208 598 sua:
1245 543 1442 599 vitulos
1488 544 1829 608 addiderunt,
1877 553 1933 598 et
1961 559 2046 612 ap-

489 639 755 709 pellantur
781 636 954 700 Oolla,
1004 636 1059 690 id
1087 645 1192 700 est,
1224 634 1629 689 tabernaculum
1668 649 1775 689 non
1817 634 1932 699 Dei,
1966 635 2059 690 sed

489 728 689 784 erroris
738 735 793 782 et
834 728 1173 790 daemonum,
1230 733 1286 779 et
1340 740 1497 779 soror
1546 724 1720 795 major
1770 740 1834 779 ac
1880 724 2061 779 senior

486 827 707 886 propter
747 816 1143 870 multitudinem
1194 822 1250 869 et
1296 815 1663 882 captivitatem
1711 815 1779 869 ab
1823 813 2059 885 Assyriis

487 907 752 961 fornicata
774 914 860 961 est
888 913 1076 960 contra
1120 905 1309 967 Deum,
1342 905 1466 973 quia
1492 903 1781 973 dereliquit
1818 903 1940 957 fidei
1970 917 2060 957 ve-

486 998 725 1060 ritatem,
755 1003 809 1050 et
833 994 1089 1049 insanivit
1117 993 1169 1047 in
1210 994 1586 1046 hmreticorum
1617 992 1888 1062 principes
1913 1007 2061 1045 ama-

486 1094 632 1140 tores
672 1100 818 1150 suos,
866 1085 957 1153 qui
987 1084 1167 1141 vestiti
1212 1092 1368 1138 erant
1414 1082 1799 1154 hyacinthinis,
1846 1082 2059 1137 excelsa

485 1180 587 1234 sibi
618 1188 671 1235 et
697 1179 937 1234 cmlestia
976 1178 1370 1248 promittentes,
1410 1189 1465 1232 et
1497 1191 1814 1232 ascensores
1838 1177 1903 1231 de
1934 1177 2056 1245 qui-

483 1272 585 1326 bus
636 1272 839 1326 dictum
890 1279 1011 1325 est:
1046 1289 1065 1320 ι
1097 1270 1159 1324 1Ιὶ
1213 1270 1268 1323 in
1315 1268 1563 1323 curribus
1608 1274 1664 1322 et
1710 1267 1766 1320 bi
1806 1267 1858 1321 in
1903 1266 2059 1336 equis

486 1359 678 1431 (Ρεαι.
706 1377 797 1415 xix
822 1360 861 1431 ).
889 1360 1099 1416 Electos
1122 1359 1265 1414 ﬁlios
1300 1359 1671 1430 Assyriorum,
1716 1367 1771 1414 et
1799 1357 1966 1413 duces
1994 1372 2059 1411 ac

486 1454 833 1524 magistratus
861 1453 951 1521 qui
997 1452 1278 1508 scientiam
1332 1452 1435 1506 sibi
1474 1459 1531 1506 et
1579 1450 1939 1520 eloquentiam
1969 1465 2057 1506 re-

483 1544 823 1613 promittunt.
871 1541 984 1598 Hoc
1010 1550 1187 1596 autem
1224 1550 1509 1611 propterea
1548 1539 1704 1604 fecit,
1753 1540 1895 1608 quod
1939 1553 2057 1592 eas-

484 1631 1011 1688 dem.fornicationes
1034 1647 1169 1701 quas
1192 1632 1455 1685 habuerat
1481 1629 1535 1684 in
1566 1629 1822 1699 Egypto,
1868 1627 1921 1682 id
1946 1636 2052 1692 est,

2173 469 2192 503 ι
2236 460 2292 505 et
2319 450 2608 507 confracta:
2640 460 2766 506 sunt
2791 467 3038 507 mammae
3077 454 3373 523 pubertatis
3399 464 3527 522 tum,
3561 475 3582 510 ι
3632 467 3736 513 etc.

2161 536 2321 595 Juxta
2358 539 2592 595 litteram
2634 539 2808 596 facilis
2855 542 3225 613 interpretatio
3249 555 3351 611 est,
3383 549 3527 616 quod
3554 550 3741 605 videns

2162 629 2369 696 Ooliba,
2404 630 2457 686 id
2486 640 2587 695 est,
2620 628 2918 686 Jerusalem
2957 634 3011 687 in
3038 649 3146 705 qua
3191 644 3310 689 erat
3339 637 3433 691 Dei
3483 639 3735 694 taberna~

2161 722 2359 789 culum,
2390 722 2574 793 plagas
2600 724 2823 788 sororis,
2855 740 2960 779 non
2982 735 3082 781 'est
3116 727 3358 796 exemplo
3388 732 3735 797 commonita,

2161 821 2220 866 ut
2248 812 2551 866 retraheret
2580 812 2647 866 ab
2673 827 2857 867 errore
2886 814 3075 882 pedem
3110 830 3287 880 suum,
3319 817 3412 871 sed
3439 818 3592 872 auxit
3615 834 3737 889 ger-

2160 916 2333 956 mana:
2378 900 2814 957 fornicationem.
2862 901 2953 955 llla
2982 904 3126 958 enim
3156 906 3320 959 semel
3349 916 3404 960 et
3433 906 3566 962 foris
3601 909 3735 962 idola

2159 988 2420 1047 fabricata
2446 1002 2531 1047 est
2568 993 2620 1046 in
2647 991 2761 1046 Dan
2796 1000 2853 1047 et
2891 992 3102 1061 Bethel,
3132 995 3234 1050 ista
3257 1007 3435 1052 autem
3464 1000 3658 1054 crebro
3682 1000 3735 1055 in

2160 1080 2412 1145 excelsis,
2445 1089 2500 1135 et
2542 1081 2597 1135 in
2640 1081 2837 1152 templo
2861 1081 2957 1137 Dei
2988 1082 3233 1138 adoravit
3273 1093 3509 1142 statuam
3537 1087 3733 1155 Baalis,

2159 1181 2213 1226 et
2247 1188 2368 1227 cum
2403 1172 2639 1245 Assyriis
2685 1173 2947 1228 fornicata
2986 1183 3088 1229 est.
3135 1174 3339 1231 [domm
3373 1188 3557 1233 autem
3609 1181 3733 1237 Baal

2160 1265 2272 1319 sive
2318 1264 2433 1331 Bel,
2476 1274 2531 1320 et
2576 1275 2637 1319 ut
2679 1266 2920 1335 apertius
2967 1266 3141 1321 dicam
3190 1266 3349 1331 Belis,
3387 1268 3731 1340 Assyriorum

2159 1355 2347 1424 religio
2400 1364 2502 1420 est,
2550 1366 2864 1411 consecrata
2910 1358 2961 1410 in
3011 1357 3270 1412 honorem
3313 1361 3484 1429 patris
3537 1376 3569 1414 a
3601 1361 3728 1417 Nino

2156 1443 2298 1498 Belis
2333 1444 2481 1499 filio:
2517 1456 2571 1499 et
2606 1444 3013 1500 fornicationem
3059 1462 3210 1500 suam
3240 1446 3475 1518 Assyriis
3506 1450 3733 1519 praebuit

2157 1535 2496 1607 impudenter
2564 1538 2787 1592 ducibus
2842 1547 2896 1592 et
2948 1540 3347 1607 magistratibus
3408 1541 3503 1612 qui
3564 1542 3733 1596 induti

2156 1636 2311 1681 erant
2338 1637 2485 1681 veste
2513 1627 2661 1681 varia
2693 1638 2747 1683 et
2785 1627 3106 1683 multicolori
3125 1669 3141 1694 ,
3177 1630 3447 1699 equitibus
3478 1638 3535 1685 et
3559 1632 3734 1685 adole-

482 1730 770 1791 antequam
791 1721 1059 1786 crederet,
1103 1729 1159 1774 et
1196 1721 1372 1775 adhuc
1399 1721 1453 1773 in
1483 1718 1679 1774 saeculo
1713 1718 2049 1781 versabatur,
2082 1702 2127 1760 Β
2155 1715 2429 1771 seentibus
2478 1715 2649 1770 forma
2707 1718 2917 1773 cunctis
2950 1719 3185 1789 egregia,
3241 1720 3315 1775 ita
3359 1729 3418 1775 ut
3453 1721 3731 1775 ambarum

483 1813 644 1868 etiam
668 1812 722 1866 in
749 1811 938 1866 haeresi
963 1811 1226 1875 exercuit,
1260 1793 1315 1863 et
1345 1808 1693 1879 devirginatze
1718 1814 1844 1861 sunt
1868 1822 1896 1859 a
1925 1806 2057 1861 viris

481 1901 719 1974 Assyriis
745 1903 834 1973 qui
865 1902 919 1955 in
952 1902 1151 1956 malitia
1192 1904 1565 1970 perseverant,
1593 1898 1707 1953 sive
1742 1896 2007 1951 ultoribus
2038 1914 2051 1949 :

481 1992 835 2047 Adversarius
862 1992 1007 2046 enim
1051 1999 1237 2046 noster
1262 1988 1508 2045 diabolus
1542 1989 1656 2058 ipse
1681 1997 1766 2042 est
1806 1986 2055 2041 inimicus

482 2091 537 2136 et
566 2081 726 2135 ultor.
765 2080 845 2134 llli
874 2078 1256 2149 confregerunt
1293 2080 1454 2133 ubera
1496 2075 1773 2140 Samarize,
1817 2083 1872 2129 et
1898 2074 2058 2144 virgis

485 2173 704 2225 nitatem
733 2170 860 2240 ejus.
877 2185 1035 2239 quam
1065 2170 1330 2224 habuerat
1350 2168 1403 2221 in
1426 2167 1653 2222 ecclesia
1683 2165 2049 2235 perdiderunt.

481 2262 771 2330 Propterea
804 2261 995 2315 tradita
1023 2269 1109 2315 est
1138 2261 1468 2316 amatoribus
1507 2259 1619 2314 suis
1645 2257 1798 2326 juxta
1824 2258 2055 2327 Aposto-

483 2354 611 2418 lum,
647 2354 737 2423 qui
780 2353 967 2407 scribit
998 2371 1012 2407 z
1046 2372 1064 2405 ‹
1095 2352 1311 2408 Tradidi
1352 2366 1446 2407 eos
1473 2350 1708 2414 Satanze,
1748 2358 1809 2405 ut
1844 2351 2054 2405 discant

484 2462 588 2499 non
638 2445 1013 2513 blaspliemare
1045 2442 1118 2515 (Ι
1153 2442 1287 2497 Tim.
1330 2443 1403 2515 ι).
1440 2464 1459 2493 ι
1491 2442 1607 2496 Et:
1645 2461 1661 2492 ι
1699 2440 1918 2496 Tradidi
1958 2454 2053 2495 eos

481 2534 536 2588 in
575 2533 850 2588 interitum
881 2532 1062 2588 carnis
1109 2531 1173 2603 (1
1202 2529 1324 2587 Cor.
1348 2532 1414 2603 v)
1444 2572 1458 2598 ,
1500 2539 1559 2586 ut
1606 2530 1829 2603 spiritus
1873 2528 2052 2583 salvus

481 2624 594 2678 fiat.
626 2623 704 2677 llli
735 2623 1216 2692 discooperuerunt
1243 2622 1592 2692 ignominiam
1627 2621 1838 2675 misera:
1864 2618 2052 2674 Sama-

483 2716 597 2779 riae,
638 2725 693 2771 et
714 2729 927 2770 omnem
957 2714 1099 2769 illius
1126 2714 1477 2769 ostenderunt
1522 2710 1929 2782 turpitudinem.
1962 2709 2050 2764 Fi-

480 2806 687 2875 liosque
725 2815 781 2861 et
821 2807 958 2861 tilias
988 2806 1081 2876 qui
1116 2807 1180 2862 de
1217 2806 1304 2860 illa
1340 2807 1577 2875 generati
1621 2813 1775 2869 sunt,
1824 2803 2048 2858 scientia

480 2893 757 2963 praeditos,
789 2900 846 2948 et
872 2891 1142 2961 simplices
1183 2900 1345 2961 atque
1386 2892 1685 2960 imperitos,
1717 2892 1919 2946 duxere
1961 2906 2050 2945 ca-

480 2984 677 3054 ptivos,
694 2992 749 3038 et
778 2983 945 3053 ipsam
979 2980 1364 3037 interfecerunt
1391 2982 1569 3052 gladio
1596 2982 1841 3051 spiritali,
1861 2981 2050 3037 totius-

487 3090 591 3144 que
613 3074 796 3128 mundi
825 3074 877 3127 iu
911 3073 1105 3127 malam
1121 3082 1324 3143 partem
1340 3088 1588 3129 sermone
1603 3073 1964 3139 celebrantur,
1994 3082 2050 3128 et
2075 3041 2120 3103 Ο

488 3165 621 3218 fiunt
636 3164 855 3219 famosa:
875 3163 1018 3218 inter
1036 3173 1232 3219 cuncta
1248 3163 1426 3218 saeculi
1442 3164 1712 3235 dogmata,
1728 3174 1788 3217 ut
1809 3164 1861 3218 in
1876 3180 2055 3220 exem-

484 3253 632 3321 plum
663 3254 900 3307 omnium
936 3251 1257 3309 feminarum
1293 3254 1565 3323 turpitudo
1602 3254 1745 3310 illius
1778 3255 2048 3323 puniatur.

558 3361 576 3392 ι
608 3342 757 3408 Quod
792 3357 913 3396 cum
945 3342 1164 3397 vidisset
1188 3358 1344 3398 soror
1365 3341 1481 3411 ejus
1506 3343 1716 3408 Ooliba,
1747 3343 1864 3413 plus
1888 3359 2051 3413 quam

484 3449 501 3481 ι
549 3432 638 3487 illa
681 3432 934 3486 insanivit
971 3431 1211 3498 libidine,
1256 3441 1312 3487 et
1337 3431 1751 3488 fornicationem
1788 3450 1942 3490 suam
1967 3451 2055 3490 su-

485 3544 501 3573 ι
540 3539 638 3593 per
680 3522 1091 3577 fornicationem
1128 3524 1331 3578 sororis
1373 3539 1483 3578 suae
1530 3526 1599 3580 ad
1639 3524 1776 3580 filios
1809 3526 2057 3597 Assyrio-

485 3635 501 3663 ι
549 3629 665 3667 rum
702 3613 932 3682 praebuit
981 3613 1317 3683 impudenter
1343 3630 1355 3665 :
1381 3613 1607 3670 ducibus
1639 3625 1695 3671 et
1729 3617 2056 3687 magistrati-

483 3723 501 3753 ι
545 3708 644 3759 bus
663 3705 727 3759 ad
752 3720 809 3759 se
833 3705 1173 3760 venientibus
1195 3706 1398 3763 indutis
1417 3715 1566 3763 veste
1585 3708 1752 3774 varia,
1782 3711 2056 3780 equitibus

484 3818 500 3847 ι
537 3796 628 3865 qui
665 3798 1015 3850 vectabantur
1055 3798 1240 3868 equis,
1289 3807 1344 3853 et
1387 3797 1837 3862 adolescentibus,
1885 3798 2055 3854 forma

484 3907 501 3937 ‹
540 3886 747 3940 cunctis
765 3887 997 3956 egregia.
1032 3887 1098 3941 Et
1124 3888 1233 3943 vidi
1262 3889 1406 3959 quod
1433 3888 1634 3958 polluta
1666 3898 1812 3945 esset
1835 3891 1923 3945 via
1947 3906 2054 3946 una

482 3998 501 4025 ι
530 3976 844 4039 ambarum,
869 3985 924 4029 et
946 3978 1092 4031 auxit
1129 3976 1511 4036 fornicationes
1534 3995 1680 4036 suas.
1705 3980 1949 4052 Cumque
1974 3982 2057 4036 vi-

485 4085 502 4115 σ
553 4064 720 4120 disset
743 4065 891 4120 vicos
911 4064 1150 4136 depictos
1170 4068 1224 4121 in
1247 4070 1472 4137 pariete,
1500 4070 1762 4141 imagines
1785 4071 2061 4127 Chaldazo-

487 4174 504 4206 ι
552 4170 669 4208 rum
691 4170 974 4224 expressas
994 4156 1279 4220 coloribus,
1298 4168 1353 4213 et
1370 4159 1641 4215 accinctos
1666 4160 1859 4216 balteis
1882 4176 2056 4225 renes,

486 4261 508 4295 ι
553 4252 608 4298 et
636 4243 800 4298 tiaras
823 4244 1020 4300 tinctas
1046 4245 1099 4300 in
1126 4246 1389 4315 capitibus
1411 4262 1596 4302 eorum
1622 4262 1637 4301 :
1668 4248 1842 4304 forma
1867 4250 2060 4304 ducum

2156 1820 2401 1860 sororum
2453 1822 2562 1860 una
2611 1805 2765 1861 fieret
2811 1805 3117 1862 fornicatio.
3162 1808 3219 1862 ln
3261 1823 3327 1863 eo
3365 1820 3547 1864 autem
3589 1812 3735 1865 auxit

2152 1892 2451 1950 Jerusalem
2501 1895 2885 1953 fornicationes
2933 1914 3078 1963 suas,
3133 1900 3275 1969 quod
3307 1901 3495 1955 videns
3543 1901 3596 1955 in
3640 1917 3730 1971 pa-

2153 1983 2378 2037 rietibus
2421 1982 2681 2055 imagines
2722 1983 3095 2041 Chaldaeorum
3124 2027 3139 2051 ,
3188 1987 3436 2041 insanivit
3493 1988 3730 2054 libidine,

2153 2082 2209 2128 et
2254 2074 2423 2128 forma
2475 2091 2662 2130 eorum
2713 2077 3017 2147 vestituque
3061 2078 3306 2148 decepta,
3338 2078 3486 2132 misit
3526 2079 3593 2132 ad
3642 2094 3733 2133 eos

2152 2163 2373 2217 nuntios
2408 2163 2666 2218 auxilium
2696 2166 2995 2234 postulans,
3027 2166 3118 2236 qui
3147 2177 3409 2222 venerunt
3448 2176 3506 2221 et
3532 2166 3732 2237 pollue-

2151 2263 2277 2307 runt
2320 2267 2461 2307 eam.
2496 2253 2564 2308 Et
2610 2255 2735 2324 quia
2764 2254 3009 2325 voluptas
3043 2270 3149 2310 non
3189 2264 3272 2311 est
3316 2265 3601 2326 perpetua,
3641 2259 3729 2312 sed

2151 2342 2262 2397 cito
2312 2341 2470 2398 affert
2509 2343 2834 2409 satietatem,
2885 2343 3086 2414 polluta
3141 2353 3195 2400 et
3239 2355 3484 2400 saturata
3514 2347 3570 2401 in
3618 2363 3727 2413 eos,

2150 2433 2377 2489 recessit
2419 2433 2487 2489 ab
2533 2448 2722 2489 eorum
2769 2433 2993 2491 foedere.
3079 2435 3232 2491 Unde
3266 2445 3321 2492 et
3361 2452 3461 2508 ego
3509 2453 3730 2505 cernens

2153 2522 2512 2592 turpitudines
2559 2532 2615 2577 et
2663 2523 3054 2580 fornicationes
3102 2527 3353 2583 omnibus
3406 2527 3725 2597 publicatas,

2151 2617 2351 2672 recessi
2419 2617 2487 2672 ab
2517 2630 2604 2683 ea,
2647 2625 2708 2671 ut
2739 2633 2859 2688 quae
2901 2619 3108 2674 sororis
3138 2619 3338 2674 scelera
3366 2621 3593 2684 vicerat,
3621 2634 3729 2690 pa:-

2153 2727 2345 2766 narum
2365 2727 2579 2783 quoque
2602 2727 2843 2767 sororem
2871 2714 3240 2784 magnitudine
3263 2723 3583 2783 superaret;
3615 2729 3728 2783 qua:

2152 2808 2314 2855 tanta:
2328 2802 2671 2871 procacitatis
2686 2800 2803 2866 fuit,
2824 2811 2883 2856 ut
2896 2810 3118 2857 cunctos
3133 2817 3344 2857 errores
3355 2802 3726 2857 adolescenti.e

2151 2907 2262 2947 sum
2298 2892 2351 2947 in
2378 2893 2611 2963 graviori
2638 2892 2752 2963 jam
2778 2902 2937 2948 :etate
2981 2893 3366 2956 committeret,
3407 2903 3462 2948 et
3478 2892 3725 2965 Egyptia

2150 2982 2282 3038 vitia
2300 2983 2352 3037 in
2367 2982 2737 3039 Chaldazorum
2758 2997 2968 3053 quoque
2992 2981 3209 3038 libidine
3236 2990 3561 3038 sectaretur.
3585 2981 3725 3037 lusa-

2151 3074 2285 3129 nivit
2313 3074 2456 3129 enim
2484 3075 2753 3144 quondam
2780 3075 2835 3128 in
2859 3073 3143 3128 concubitu
3165 3072 3570 3144 Egyptiorum,
3593 3088 3722 3143 quo-

2150 3180 2271 3219 rum
2299 3179 2491 3219 carnes
2525 3173 2650 3219 sunt
2679 3164 2744 3218 ad
2780 3163 3183 3218 similitudinem
3211 3164 3511 3230 asinorum,
3537 3173 3594 3219 et
3621 3174 3721 3218 tam

2151 3252 2333 3324 largus
2368 3254 2631 3309 seminum
2656 3252 2848 3320 fluxus,
2868 3254 2979 3308 sive
3007 3253 3239 3309 verenda
3267 3262 3374 3308 tam
3402 3256 3647 3326 grandia,
3672 3264 3722 3307 ut

2153 3359 2415 3413 equorum
2450 3353 2711 3413 superent
2735 3341 3149 3399 deformitatem.
3172 3345 3280 3399 Nec
3302 3345 3537 3399 cessavit
3562 3344 3725 3399 scelus

2155 3435 2525 3491 adolescentiae
2558 3433 2695 3503 ejus,
2727 3435 2835 3489 imo
2863 3450 3081 3491 reversa
3125 3444 3208 3491 est
3253 3447 3541 3506 postquam
3589 3435 3720 3490 facta

2154 3534 2240 3581 est
2269 3525 2422 3589 mihi,
2451 3534 2509 3578 ut
2551 3532 2607 3580 et
2649 3524 2703 3579 in
2733 3539 2934 3588 eremo,
2966 3535 3021 3580 et
3048 3526 3103 3581 in
3130 3535 3270 3581 terra
3300 3528 3723 3596 repromissionis

2155 3617 2452 3687 suspiraret
2503 3616 2783 3684 antiquam
2822 3615 3117 3681 libidinem,
3151 3615 3205 3670 in
3250 3632 3353 3686 qua
3397 3618 3720 3688 devirginata

2156 3714 2261 3771 est,
2289 3715 2343 3760 et
2372 3703 2543 3759 fracta
2583 3713 2709 3759 sunt
2736 3706 2899 3759 ubera
2926 3703 3065 3774 ejus,
3087 3715 3145 3761 et
3176 3706 3354 3762 omnis
3381 3707 3551 3762 decor
3576 3706 3724 3779 periit

2156 3795 2454 3865 virginalis.
2492 3793 2695 3867 (σι-ες.)
2727 3795 2861 3861 Quia
2885 3797 3029 3851 enim
3058 3796 3454 3852 luxuriosorum
3485 3798 3722 3867 petulan-

2158 3887 2232 3942 tia
2267 3887 2544 3943 asinorum
2596 3888 2955 3958 appellatione
2983 3904 3080 3958 per
3129 3891 3587 3959 comparationem
3634 3907 3722 3946 ex-

2158 3978 2427 4049 primitur,
2456 3988 2581 4049 apte
2606 3980 2931 4046 declaratur,
2958 3996 3080 4037 cum
3120 3999 3219 4053 per
3242 3982 3569 4054 Prophetam
3603 3986 3721 4041 dici-

2162 4077 2270 4134 tur,
2297 4084 2525 4139 quorum
2565 4084 2755 4126 carnes
2791 4080 2917 4127 sunt
2944 4083 3003 4127 ut
3027 4088 3218 4130 carnes
3246 4075 3545 4130 asinorum.
3581 4074 3729 4148 (Hie-

2163 4158 2303 4229 ron.)
2334 4157 2502 4215 Porro
2545 4160 2837 4215 secundum
2866 4162 3212 4234 tropologiam
3259 4162 3489 4220 difﬁcilis
3532 4165 3717 4221 intelli-

2163 4250 2361 4319 gentia,
2391 4252 2661 4322 quomodo
2702 4250 2941 4308 Ecclesia
2992 4254 3300 4311 bzereticam
3328 4258 3509 4313 vincat
3554 4258 3721 4314 libidi-

487 4354 506 4387 ι
551 4336 792 4392 omnium
835 4336 1187 4392 similitudine
1215 4337 1448 4393 filiorum
1476 4338 1763 4412 Babylonis
1792 4349 2057 4411 terraeque
2082 4382 2135 4442 Ι)
2163 4358 2311 4408 nem,
2340 4343 2441 4398 nisi
2468 4341 2607 4398 forte
2633 4345 2901 4414 possimus
2932 4345 3034 4401 hoc
3066 4345 3265 4414 dicere,
3293 4350 3437 4418 quod
3495 4369 3515 4400 ι
3548 4364 3724 4405 servus

487 4447 505 4479 ι
552 4428 923 4485 Chaldaeorum
963 4428 1017 4484 in
1043 4444 1147 4500 qua
1174 4429 1279 4484 orti
1315 4438 1458 4485 sunt.
1509 4430 1576 4485 Et
1610 4430 1867 4485 insanivit
1896 4446 2057 4503 super

486 4540 505 4572 α
551 4536 646 4575 eos
690 4521 1129 4590 concupiscentia
1177 4522 1458 4577 oculorum
1501 4537 1749 4589 suorum,
1804 4532 1860 4577 et
1911 4524 2059 4578 misit

489 4628 511 4662 ι
552 4611 771 4665 nuntios
803 4612 872 4665 ad
912 4626 1006 4667 eos
1042 4612 1095 4666 in
1125 4611 1450 4667 Chaldream.
1504 4611 1747 4681 Cumque
1786 4611 2061 4667 venissent

492 4717 512 4750 ι
556 4699 626 4753 ad
650 4714 769 4754 eam
798 4699 891 4754 ﬁlii
917 4700 1202 4773 Babylonis
1230 4702 1295 4756 ad
1326 4701 1500 4756 cubile
1528 4717 1910 4763 mammarum.
1939 4701 2058 4772 pol-

492 4806 510 4840 ι
555 4787 770 4842 luerunt
806 4802 925 4842 eam
963 4791 1163 4861 stupris
1196 4791 1328 4857 suis,
1354 4800 1411 4847 et
1435 4791 1634 4862 polluta
1662 4803 1747 4849 est
1785 4792 1840 4847 in
1868 4790 1974 4859 eis,
2002 4800 2059 4848 et

490 4895 509 4929 ι
555 4886 798 4932 saturata
847 4886 926 4932 est
973 4880 1152 4934 anima
1202 4879 1319 4950 ejus
1366 4882 1436 4937 ab
1481 4881 1604 4938 illis.
1644 4882 2055 4951 Denudavitque

490 4984 509 5017 I
556 4964 939 5021 fornicationes
983 4982 1132 5032 suas,
1187 4977 1242 5024 et
1291 4970 1653 5039 discooperuit
1705 4970 2055 5036 ignominiam

492 5075 510 5107 ι
562 5069 737 5111 suam.
765 5055 832 5109 Et
860 5057 1082 5111 recessit
1114 5059 1295 5114 anima
1323 5075 1439 5114 mea
1466 5060 1534 5114 ab
1554 5076 1639 5126 ea,
1666 5060 1806 5116 sicut
1837 5059 2059 5116 recessit

491 5164 512 5197 ι
556 5145 734 5200 anima
764 5160 881 5199 mea
915 5161 945 5199 a
972 5161 1158 5202 sorore
1182 5149 1316 5221 ejus.
1342 5150 1707 5221 Multiplieavit
1730 5153 1872 5207 enim
1890 5151 2057 5206 forni-

491 5255 509 5288 ι
554 5235 794 5291 cationes
820 5250 970 5303 suas,
994 5237 1282 5293 recordans
1306 5240 1511 5295 dierum
1534 5240 1903 5294 adolescentia:
1924 5256 2055 5305 suae,

492 5345 509 5375 ι
555 5326 749 5395 quibus
776 5322 1040 5380 fornicata
1067 5333 1152 5379 est
1186 5327 1240 5380 in
1272 5336 1412 5382 terra
1434 5327 1650 5399 [Egypti
1670 5367 1683 5391 ,
1721 5337 1775 5382 et
1802 5328 2060 5383 insanivit

490 5436 508 5465 ι
551 5416 770 5472 libidine
810 5431 971 5486 super
1015 5418 1301 5473 concubitu
1335 5434 1552 5485 eorum,
1603 5434 1830 5488 quorum
1868 5433 2060 5473 carnes

492 5528 508 5557 ι
557 5518 680 5563 sunt
703 5517 760 5564 ut
780 5524 971 5566 carnes
990 5510 1284 5574 asinorum,
1316 5518 1370 5565 et
1393 5512 1532 5566 sicut
1558 5510 1730 5564 ﬂuxus
1768 5524 2053 5578 equorum,

491 5612 509 5646 ι
554 5598 728 5655 fluxus
780 5615 988 5657 eorum.
1065 5599 1130 5654 Et
1185 5599 1411 5655 visitasti
1462 5598 1636 5655 scelus
1676 5597 2053 5653 adolescentia:

2159 4433 2253 4503 qui
2296 4434 2399 4489 scit
2425 4434 2753 4492 voluntatem
2786 4436 2988 4491 domini
3033 4438 3137 4503 sui,
3167 4447 3222 4493 et
3258 4454 3364 4493 non
3414 4438 3545 4494 facit
3590 4454 3719 4501 eam,

2158 4522 2433 4592 vapulabit
2471 4525 2654 4580 multis
2702 4525 2854 4598 (Luc.
2882 4526 3006 4596 ιιι),
3038 4536 3093 4582 et
3125 4531 3266 4597 quod
3312 4530 3553 4585 bzeretici
3595 4529 3718 4584 foris

2161 4612 2389 4666 nefanda
2419 4614 2778 4679 committant,
2807 4625 2860 4671 et
2903 4627 3055 4672 extra
3102 4633 3283 4674 arcam
3313 4618 3426 4674 Noe
3453 4620 3718 4691 naufragia

2159 4710 2404 4772 pereant.
2456 4703 2817 4761 Ecclesiastici
2871 4716 3081 4773 autem,
3130 4708 3174 4763 si
3222 4723 3406 4763 veram
3446 4710 3600 4765 fidem
3646 4726 3722 4765 se—

2160 4801 2403 4863 quentes,
2449 4792 2671 4865 Assyria
2726 4806 2889 4865 atque
2935 4795 3183 4852 Clialdma
3242 4798 3523 4853 imitentur
3578 4799 3716 4860 vitia,

2158 4892 2213 4939 et
2242 4882 2535 4939 discolores
2565 4894 2859 4954 sequantur
2886 4886 3143 4957 imagines
3167 4895 3532 4955 peccatorum,
3562 4887 3715 4956 maju—

2160 4973 2310 5028 ribus
2337 4973 2483 5043 digni
2528 4974 2638 5028 sint
2668 4974 3014 5031 cruciatibus.
3060 4976 3141 5030 Au
3168 4993 3273 5033 non
3300 4978 3565 5033 mittimus
3594 4993 3716 5031 nun-

2164 5066 2265 5120 tios
2290 5065 2356 5119 ad
2378 5065 2678 5131 Chaldzeos,
2701 5066 2793 5135 qui
2822 5067 3241 5137 interpretantur
3261 5068 3418 5136 quasi
3444 5070 3709 5126 daemones

2162 5154 2373 5222 quando
2399 5155 2680 5225 pandimus
2704 5156 2783 5211 eis
2813 5164 2972 5225 atque
3002 5157 3301 5226 prxbemus
3338 5156 3623 5230 frangenda
3664 5157 3709 5209 in

2164 5251 2379 5311 pectore
2416 5243 2605 5307 ubera,
2652 5244 2743 5298 ubi
2794 5245 2989 5300 mentis
3029 5245 3317 5314 hospitium
3354 5256 3462 5310 est,
3501 5254 3553 5299 et
3579 5255 3711 5298 saluo

2166 5330 2263 5383 rati
2310 5330 2693 5399 voluptatibus,
2750 5333 2819 5387 ab
2870 5332 2992 5387 aliis
3044 5334 3334 5388 transimus
3389 5336 3458 5389 ad
3490 5334 3634 5395 alias,
3661 5341 3707 5384 et

2164 5436 2266 5471 non
2306 5429 2412 5473 tam
2443 5419 2848 5476 fornicationem
2878 5439 3038 5493 quam
3072 5423 3418 5477 meretricum
3449 5435 3704 5477 numerum

2162 5509 2547 5574 desideramus,
2577 5520 2632 5566 et
2659 5512 2726 5565 ad
2757 5520 2959 5594 tantum
2989 5512 3231 5567 venimus
3273 5513 3502 5569 rabiem.
3527 5519 3576 5563 ut
3600 5517 3702 5578 pust

2164 5597 2327 5652 multa
2368 5608 2608 5670 tempora
2637 5599 2926 5657 Dominicae
2960 5601 3265 5669 servitutis,
3307 5610 3625 5656 revertamur
3647 5596 3705 5647 ad
