3954 6182
251 340 358 394 745

1171 349 1522 405 (ΙΟΜΜΕΝΤ.
1563 352 1629 406 ΙΝ
1667 351 2118 408 EZECHIELEM.
2161 383 2224 394 -κ
2262 354 2385 409 LIB.
2431 353 2519 408 IX.
2603 379 2608 385 -

3397 355 3454 407 Ἠ
3467 359 3499 411 ti

249 455 567 527 Egyptum,
603 465 655 510 et
686 473 746 511 ea
793 458 1049 516 faciamus
1087 476 1206 530 quae
1249 463 1299 516 in
1347 463 1541 520 saeculo
1577 462 1821 529 fecimus,
1854 468 1898 526 A
1929 465 2228 530 nudabunt,
2256 465 2447 534 inquit,
2469 475 2519 520 te
2542 465 2878 522 vestimentis
2905 465 3029 527 tuis,
3053 467 3247 534 quibus
3269 473 3322 520 te
3337 481 3502 520 orna~

246 556 539 616 antequam
565 564 758 604 nomen
789 551 910 606 ﬁdei
937 553 1336 622 acciperemus?

324 655 345 687 ι
390 636 705 706 Propterea,
754 640 967 714 Doliba,
1024 644 1138 699 haec
1189 645 1319 699 dicit
1357 645 1616 701 Dominus
1645 647 1825 700 Deus:

255 743 272 780 t
312 726 456 783 Ecce
477 743 576 797 ego
593 731 865 786 suscitabo
887 747 1075 788 omnes
1101 743 1373 791 amatores
1397 746 1515 791 tuos
1537 746 1725 791 contra
1753 746 1826 801 te,

251 833 275 871 ο
318 817 386 874 de
408 819 602 888 quibus
627 820 821 876 satiata
847 831 928 877 est
953 823 1132 878 anima
1165 834 1270 888 tua,
1295 835 1349 880 et
1376 827 1715 897 congregabo
1736 841 1830 882 eos

249 923 273 960 ι
317 907 606 963 adversum
634 918 688 964 te
728 911 782 964 in
811 912 1039 967 circuitu
1067 931 1079 967 :
1110 913 1249 969 ﬁlios
1274 914 1586 987 Babylonis,
1622 925 1676 971 et
1703 917 1828 971 uni-

248 1015 271 1048 ε
315 1013 505 1054 versos
525 998 822 1065 Chaldaeos,
851 1001 1057 1057 nobiles
1079 1013 1443 1075 tyrannosque
1461 1016 1517 1061 et
1537 1008 1826 1078 principes,

249 1106 268 1140 ι
311 1102 503 1145 omnes
538 1090 676 1144 ﬁlios
707 1090 1086 1162 Assyriorum,
1111 1095 1341 1165 juvenes
1380 1097 1550 1152 forma
1591 1099 1825 1170 egregia,

247 1200 265 1231 ι
312 1181 481 1236 duces
511 1188 564 1234 et
597 1181 975 1251 magistratus,
1011 1185 1290 1240 universos
1317 1187 1588 1257 principes
1627 1190 1828 1258 princi-

244 1288 264 1320 ‹
311 1285 465 1339 pum,
489 1280 542 1324 et
558 1271 861 1327 nominatos
879 1287 1195 1330 ascensores
1219 1290 1502 1345 equorum.
1527 1279 1593 1332 Et
1613 1281 1829 1335 venient

243 1377 262 1410 ι
309 1375 477 1428 super
503 1369 554 1414 te
574 1361 820 1416 instructi
848 1379 1032 1430 curru,
1059 1374 1115 1421 et
1144 1375 1256 1422 tota
1287 1368 1574 1424 multitudo
1602 1371 1828 1440 poplo-

243 1469 262 1500 σ
309 1467 454 1516 ι·ιιιιι,
477 1451 640 1506 lorica
659 1461 713 1507 et
736 1454 922 1525 clypeo
943 1463 997 1510 et
1013 1456 1162 1526 galea
1190 1459 1548 1514 armabantur
1568 1470 1754 1516 contra
1776 1470 1829 1518 te

242 1558 262 1591 ι
310 1542 572 1612 undique.
595 1543 663 1598 Et
679 1545 818 1600 dabo
841 1561 1025 1602 coram
1041 1548 1120 1602 eis
1131 1545 1416 1616 judicium,
1439 1561 1497 1605 et
1505 1550 1829 1620 judicabunt

241 1649 262 1684 ι
313 1640 368 1687 te
416 1631 637 1701 judiciis
683 1635 818 1690 suis.
863 1635 934 1690 Et
966 1651 1164 1706 ponam
1210 1638 1384 1695 zelum
1423 1656 1602 1695 meum
1638 1642 1694 1696 in
1738 1651 1825 1708 te,

241 1741 259 1774 ι
308 1739 473 1795 quem
513 1734 769 1780 exercent
807 1735 984 1782 tecum
1015 1728 1070 1783 in
1109 1728 1310 1785 furore.
1356 1729 1556 1786 Nasum
1593 1739 1741 1787 tuum
1775 1741 1830 1786 et

1936 572 2142 622 veram,
2173 565 2228 611 et
2254 557 2396 611 vasis
2425 556 2605 628 gloria:
2631 564 2752 619 tuae,
2783 570 2901 623 qua:
2930 555 3022 610 tibi
3063 556 3130 608 ad
3157 555 3504 608 cmremonias

1935 648 2115 718 templi
2145 663 2310 702 aurea
2359 657 2720 716 argenteaque
2764 658 3158 710 concesseram,
3214 646 3278 699 de
3313 643 3505 713 quibus

1931 740 2190 808 scriptum
2231 748 2351 794 est:
2385 757 2403 788 ι
2431 739 2544 806 Ego
2580 738 2701 794 dedi
2743 737 2822 792 eis
2857 752 3049 791 aurum
3095 744 3152 790 et
3196 742 3505 804 argentum,

1931 839 1985 886 et
2013 831 2114 901 ipsi
2142 831 2380 886 fecerunt
2405 845 2466 884 ea
2492 827 2780 898 Baal(Ose.
2808 828 2922 896 11).»
2965 825 3088 882 11ωο
3119 834 3300 880 autem
3323 823 3505 880 omnia

1931 918 2146 984 faciam,
2175 927 2234 973 ut
2273 918 2481 987 perdita
2523 917 2924 986 pulchritudine
2972 926 3028 971 et
3072 915 3217 970 vultu
3266 913 3506 970 venefico

1932 1008 2233 1076 deturpato,
2265 1007 2510 1076 quiescat
2539 1005 2828 1074 aliquando
2869 1005 3048 1060 scelus
3087 1014 3259 1068 tuum,
3299 1013 3356 1058 et
3396 1003 3499 1060 for-

1931 1098 2150 1162 nicatio,
2200 1111 2361 1166 quam
2390 1095 2619 1151 didicisti
2652 1103 2707 1149 et
2735 1096 3026 1150 exercuisti
3069 1096 3122 1148 in
3149 1095 3400 1165 Egypto,
3444 1101 3507 1147 ut

1930 1197 2214 1257 postquam
2258 1201 2448 1241 nasum
2503 1200 2769 1254 auresque
2816 1185 3136 1255 perdideris,
3166 1199 3503 1253 nequaquam

1929 1280 2128 1333 audeas
2161 1277 2346 1333 oculos
2382 1284 2503 1331 tuos
2533 1276 2714 1331 levare
2742 1276 2809 1330 ad
2833 1275 3135 1340 Chaldaeos,
3159 1283 3214 1328 et
3247 1275 3504 1329 amatori-

1928 1371 2030 1424 bus
2074 1368 2318 1438 pristinis
2367 1367 2653 1422 ostendere
2697 1367 2994 1424 fmditatem
3047 1375 3214 1432 tuam,
3271 1381 3370 1422 nec
3415 1381 3504 1422 re-

1927 1459 2171 1514 corderis
2230 1457 2458 1527 amplius
2505 1456 2882 1529 Egyptiorum
2938 1457 3176 1514 libidinis
3203 1498 3218 1523 ,
3274 1472 3504 1526 quorum

1929 1549 2297 1620 magnitudine
2345 1547 2590 1603 carnium
2641 1548 3016 1602 delectabaris.
3084 1548 3213 1615 Quae
3256 1548 3507 1602 universa

1929 1641 2182 1696 dicuntur
2206 1643 2306 1697 sub
2333 1641 2684 1697 translatione
2713 1640 2971 1696 adulterae
3013 1649 3068 1694 ct
3097 1648 3318 1710 pmpter
3349 1641 3510 1696 adul-

1931 1732 2126 1787 terium
2157 1733 2471 1802 deturpatae,
2519 1742 2579 1787 ut
2612 1747 2951 1802 nequaquam
2981 1732 3121 1786 ultra
3158 1731 3417 1803 glorietur
3453 1732 3505 1786 in

242 1831 260 1863 ι
308 1829 473 1869 aures
513 1822 631 1869 tuas
656 1816 971 1884 praecident,
1011 1827 1067 1874 et
1109 1834 1230 1888 quae
1266 1821 1626 1876 remanserint
1655 1821 1830 1892 gladio
1861 1814 1904 1871 Β
1932 1822 2126 1877 decore
2153 1821 2272 1887 'suo,
2322 1825 2416 1879 sed
2447 1825 2734 1880 erubescat
2768 1824 2821 1878 in
2871 1823 3134 1888 foeditate,
3176 1838 3337 1893 quam
3387 1839 3506 1876 ma-

240 1919 260 1952 ι
307 1904 616 1958 concident.
646 1905 750 1977 ipsi
783 1907 925 1962 ﬁlios
959 1915 1078 1962 tuos
1101 1917 1157 1964 et
1184 1908 1321 1964 ﬁlias
1355 1918 1476 1965 tuas
1506 1911 1745 1981 capient,
1775 1922 1830 1968 et

241 2010 258 2042 ι
308 1994 668 2052 novissimum
691 2005 840 2052 tuum
864 1997 1212 2054 devorabitur
1232 1998 1362 2070 igni.
1388 1999 1457 2054 Et
1481 2000 1832 2058 denudabunt

239 2101 260 2135 ι
307 2099 367 2149 te
389 2088 731 2146 vestimentis
757 2087 886 2151 tuis,
926 2096 982 2142 et
1017 2088 1204 2144 tollent
1234 2105 1362 2145 vasa
1391 2090 1577 2162 gloriae
1608 2099 1732 2147 tuae.
1763 2092 1830 2146 Et

242 2199 263 2236 ι
306 2180 655 2250 requiescere
680 2178 874 2234 faciam
895 2179 1069 2234 scelus
1092 2189 1240 2234 tuum
1261 2181 1328 2235 de
1347 2191 1416 2246 te,
1437 2190 1493 2237 et
1511 2180 1825 2238 fornicatio-

239 2291 262 2326 ι
306 2285 436 2328 nem
459 2278 606 2326 tuam
626 2269 693 2324 de
713 2277 856 2326 terra
880 2267 1121 2340 Egypti.
1152 2270 1262 2325 Nec
1279 2270 1481 2326 levabis
1504 2271 1690 2327 oculos
1706 2280 1829 2327 tuos

238 2382 266 2418 ι
308 2363 380 2420 ad
402 2379 516 2428 eos,
533 2371 588 2417 et
611 2361 830 2433 Egypti
852 2379 958 2417 non
986 2364 1358 2420 recordaberis
1373 2365 1622 2436 amplius.
1643 2385 1662 2418 ι
1689 2366 1825 2433 Quia

235 2456 617 2528 Egyptiarum
641 2455 883 2510 carnium
914 2456 1198 2512 recordata
1227 2471 1306 2523 es,
1334 2465 1390 2513 et
1418 2458 1628 2512 imitata
1653 2458 1829 2528 turpi-

237 2549 484 2607 tudinem
503 2547 680 2619 gentis
699 2547 1011 2613 immundae,
1031 2563 1150 2617 quae
1177 2549 1417 2604 omnium
1439 2551 1736 2606 bestiarum
1754 2550 1828 2606 si-

235 2637 480 2695 mulacra
529 2645 854 2702 veneratur,
895 2646 1180 2708 propterea
1225 2638 1487 2694 adducam
1541 2649 1730 2696 contra
1775 2651 1828 2700 te

235 2739 511 2787 curatores
545 2737 684 2796 tuos,
719 2745 948 2802 quorum
977 2733 1172 2789 satiata
1204 2733 1485 2804 complexu
1505 2775 1520 2800 ,
1553 2736 1826 2793 recessisti

233 2819 308 2878 ab
344 2835 534 2876 eorum
571 2820 796 2887 fmdere,
838 2829 900 2877 ut
922 2831 1156 2892 quantus
1183 2823 1334 2896 prius
1362 2839 1516 2880 amor
1543 2825 1738 2893 fuerat,
1772 2829 1825 2883 in

237 2921 392 2968 tanta
406 2913 529 2968 odia
541 2914 853 2978 vertereris;
871 2914 1029 2980 ﬁlios,
1047 2915 1600 2989 inquam,Babylonis,
1615 2935 1829 2977 omnes-

232 3002 660 3078 qneraldaeos,
675 3003 899 3072 nobiles,
918 3015 1195 3077 tyrannos,
1211 3015 1265 3062 et
1276 3008 1824 3080 principesmOmncs,

234 3095 436 3165 Inquit,
453 3094 702 3165 Assyrios
717 3096 944 3165 equites,
964 3105 1021 3151 et
1031 3097 1259 3167 juvenes
1283 3098 1458 3154 forma
1479 3101 1715 3173 egregia,
1733 3103 1826 3157 du-

237 3199 331 3241 ces
362 3193 418 3240 et
447 3187 798 3255 magistratus
830 3187 944 3241 sive
973 3188 1234 3254 tristatas,
1262 3204 1398 3260 quos
1441 3205 1540 3245 nos
1565 3193 1823 3262 principes
1852 3174 1896 3235 (ἶ

233 3275 533 3344 principum
561 3275 901 3345 interpretati
929 3292 1137 3343 sumus,
1168 3279 1234 3333 de
1258 3278 1456 3350 quibus
1479 3288 1536 3336 et
1566 3281 1618 3336 in
1640 3281 1825 3338 Exodo

241 3363 396 3436 (Cap.
450 3365 542 3436 xv)
592 3365 854 3436 legimus:
889 3389 907 3419 ‹
939 3369 1151 3426 Electos
1212 3386 1532 3428 ascensores
1581 3375 1825 3432 tristatas

244 3455 600 3532 [τριστάταςῖ,
647 3472 746 3527 pro
790 3459 984 3528 quibus
1009 3460 1198 3519 Latina
1243 3462 1558 3532 simplicitas
1589 3483 1608 3516 ι
1644 3473 1827 3522 ternos

239 3553 478 3602 statores
499 3565 519 3602 ι
549 3547 840 3604 transtulit.
876 3547 1124 3604 Tristatae
1151 3559 1330 3605 autem
1361 3567 1554 3608 nomen
1579 3562 1663 3610 est
1687 3555 1828 3628 apud

244 3635 502 3696 Hebraeos
543 3640 764 3702 secundi
808 3640 1026 3710 gradus,
1060 3649 1183 3716 post
1237 3643 1438 3714 regiam
1487 3645 1822 3717 dignitatem.

242 3725 547 3803 Dequibus
599 3730 858 3799 scriptum
902 3739 1026 3786 est:
1080 3750 1100 3782 ‹
1132 3733 1538 3800 Verumtamen,
1599 3737 1665 3792 ad
1718 3717 1862 3793 tres.

241 3831 350 3873 non
375 3819 625 3888 pervenit
652 3819 734 3890 (ll
759 3819 887 3891 Reg.
918 3819 1094 3893 mn),
1124 3842 1144 3874 ι
1173 3823 1264 3892 qui
1291 3824 1560 3897 principes
1583 3829 1827 3898 equitum

243 3908 598 3984 peditumque
641 3918 818 3972 erant,
847 3919 902 3964 et
933 3911 1299 3980 tribunorum,
1332 3929 1468 3982 quos
1515 3932 1616 3973 nos
1658 3920 1829 3989 magi-

241 4006 456 4060 stratus
479 4005 765 4070 utriusque
806 4001 1012 4056 militia:
1041 4012 1098 4057 et
1121 4004 1404 4071 praefectos
1443 4009 1727 4064 annonarii
1757 4010 1828 4065 ti-

242 4087 342 4148 tuli
379 4087 746 4144 nominamus.
779 4088 999 4155 Omnes,
1047 4091 1240 4162 inquit,
1278 4110 1330 4148 ιιι
1373 4097 1642 4162 cum-ibus,
1674 4107 1729 4154 ct
1777 4099 1828 4153 in

241 4177 428 4247 equis,
463 4175 632 4237 lorica
657 4180 880 4244 armati,
902 4179 1053 4251 galea
1097 4192 1154 4238 et
1181 4182 1389 4257 clypeo,
1420 4187 1749 4242 obsederunt
1779 4197 1832 4246 te

243 4282 344 4343 per
367 4268 684 4335 circuitum,
713 4277 770 4324 et
817 4269 955 4324 dabo
993 4271 1074 4326 eis
1122 4272 1404 4342 judicium,
1438 4285 1497 4330 ut
1518 4291 1654 4346 quos
1706 4280 1832 4335 reli-

241 4369 467 4424 queras,
499 4363 556 4410 et
585 4371 813 4431 quorum
863 4357 1074 4418 irritum
1125 4359 1603 4434 feceras'paotum,
1651 4369 1831 4424 abhis

235 4444 526 4517 judiceris.
585 4466 604 4498 ‹
649 4447 716 4500 Et
764 4447 1084 4518 judicabunt
1124 4458 1176 4505 te
1213 4449 1431 4519 judiciis
1483 4456 1616 4521 suis,
1673 4458 1824 4527 quasi

1931 1915 2211 1982 gnitudine
2257 1917 2456 1971 meruit
2512 1917 2868 1986 voluptatum.
2920 1916 3190 1986 Quidquid
3236 1917 3302 1971 de
3343 1915 3506 1970 Jeru-

1931 2005 2100 2061 salem
2130 2015 2380 2082 τροπικῶς
2409 2007 2630 2072 dicitur,
2655 2015 2710 2061 et
2732 2006 2796 2061 ad
2825 2007 3060 2060 animam
3090 2004 3280 2060 referri
3309 2014 3506 2075 potest,

1929 2114 2051 2169 qua
2078 2099 2372 2154 virtutibus
2401 2098 2496 2154 Dei
2525 2100 2712 2169 juncta
2765 2097 3086 2166 complexui,
3117 2105 3304 2166 postea
3352 2095 3505 2149 adul-

1931 2191 2126 2245 teravit
2159 2191 2213 2246 in
2239 2191 2394 2256 vitia,
2423 2199 2480 2245 et
2513 2189 2739 2245 recessit
2771 2190 2839 2243 ab
2865 2204 2950 2252 eo,
2979 2195 3034 2242 et
3065 2185 3352 2256 patefactis
3390 2185 3511 2240 uni-

1929 2284 2102 2339 versis
2119 2283 2416 2339 sceleribus
2444 2281 2584 2352 ejus,
2607 2281 2873 2336 denudata
2897 2288 2980 2334 est
3000 2287 3162 2348 atque
3196 2285 3426 2347 turpata,
3455 2284 3512 2332 et

1929 2381 2147 2429 ostensa
2164 2372 2432 2435 omnibus,
2458 2381 2566 2426 uta
2590 2371 2794 2427 scelere
2817 2386 2916 2426 suo
2947 2369 3234 2439 aliquando
3259 2368 3507 2432 desistat,

1929 2479 2031 2518 nec
2053 2463 2312 2535 glorietur
2342 2463 2395 2516 in
2426 2462 2663 2517 nominis
2689 2462 2966 2532 dignitate,
2998 2461 3092 2516 sed
3111 2475 3210 2530 pro
3231 2459 3357 2514 mali
3379 2473 3510 2513 con-

1931 2555 2154 2611 scientia
2176 2563 2232 2610 et
2252 2554 2624 2609 recordatione
2655 2553 2893 2624 Egypti,
2917 2549 3101 2606 oculos
3123 2549 3266 2604 ultra
3295 2549 3363 2602 ad
3392 2563 3509 2604 cm-

1929 2645 2042 2704 lum
2062 2661 2168 2701 non
2197 2645 2394 2701 audeat
2416 2643 2626 2699 tollere.
2653 2642 2807 2698 Unde
2834 2652 2887 2697 et
2916 2657 3080 2696 nasus
3098 2641 3146 2695 ei
3176 2640 3507 2710 preciditur,

1930 2746 1987 2793 et
2019 2751 2180 2796 aures
2212 2743 2577 2805 amputantur,
2611 2735 2736 2804 quia
2768 2733 2988 2789 odorem
3019 2733 3170 2785 bonae
3199 2729 3512 2800 fragrantia

1929 2833 2166 2883 verterat
2193 2827 2249 2880 in
2275 2825 2524 2892 fetorem,
2551 2833 2607 2879 et
2633 2825 2878 2879 audierat
2909 2823 3170 2894 judicium
3208 2820 3511 2890 sanguinis,

1929 2916 2074 2986 quod
2101 2929 2207 2970 non
2237 2914 2411 2970 solum
2437 2915 2502 2969 de
2525 2915 2689 2969 odore
2716 2922 2771 2968 et
2798 2915 3004 2978 auditu,
3029 2913 3123 2968 sed
3147 2913 3214 2968 de
3234 2912 3353 2968 visu
3372 2926 3534 2980 quo-'

1929 3019 2036 3075 que
2060 3004 2428 3075 intelligimus,
2455 3019 2585 3074 quo,
2611 3006 2736 3075 quia
2759 3004 2898 3060 male
2924 3004 3138 3060 fuerant
3158 3004 3331 3070 abusi,
3355 3003 3513 3060 Sam-

1930 3111 2028 3152 son
2069 3104 2125 3152 et
2169 3095 2460 3152 Sedecbias
2506 3096 2788 3168 privantur
2825 3094 3032 3166 (Judic.
3076 3093 3227 3165 xvi).
3275 3094 3510 3151 Surdum

1929 3203 2142 3259 quoque
2175 3189 2318 3244 Deus
2344 3195 2399 3242 et
2439 3195 2645 3242 mutum
2680 3186 2830 3252 fecit,
2859 3201 2926 3241 ne
2961 3186 3140 3258 lingua
3169 3202 3355 3240 eorum
3389 3201 3512 3256 pero

1929 3285 2169 3333 transeat
2187 3292 2358 3346 usque
2378 3277 2444 3332 ad
2469 3286 2707 3332 terram:
2744 3284 2799 3330 et
2829 3284 3004 3331 tactus
3031 3275 3208 3331 omnis
3233 3274 3513 3330 auferetur

1927 3369 1980 3422 in
2018 3369 2103 3424 his
2131 3369 2224 3438 qui
2261 3369 2427 3423 vitam
2458 3367 2672 3437 penitus
2703 3366 3072 3434 perdiderunt.
3103 3365 3169 3420 Et
3207 3367 3321 3419 haec
3357 3365 3511 3432 fient,

1926 3467 1987 3513 ut
2015 3457 2123 3529 igni
2153 3465 2344 3512 cuncta
2377 3464 2696 3528 purgentur,
2722 3464 2775 3508 et
2802 3463 2990 3523 pereat
3015 3453 3234 3526 Egypli
3270 3454 3510 3509 fornica-

1928 3551 2022 3615 tio,
2046 3558 2144 3604 nec
2167 3548 2307 3602 ultra
2331 3548 2516 3603 oculos
2538 3562 2664 3602 suos
2687 3547 2752 3601 ad
2784 3546 2924 3601 mala
2950 3546 3122 3616 possit
3147 3545 3412 3600 attollere.

2005 3662 2023 3694 ι
2060 3640 2196 3711 Quia
2225 3643 2341 3696 haec
2366 3641 2500 3696 dicit
2521 3630 2776 3694 Dominus
2797 3639 2974 3694 Deus:
3002 3638 3142 3693 Ecce
3170 3652 3270 3709 ego
3299 3638 3509 3693 tradam

1935 3753 1952 3784 ι
2000 3741 2053 3788 te
2104 3733 2160 3789 in
2193 3746 2386 3786 manus
2428 3745 2635 3794 eorum,
2683 3744 2819 3799 quos
2864 3728 3044 3791 odisti,
3098 3727 3150 3780 in
3197 3742 3390 3781 manus
3441 3728 3511 3782 de

1935 3839 1953 3872 ι
1999 3821 2193 3891 quibus
2231 3822 2426 3876 satiata
2457 3829 2540 3876 est
2578 3821 2757 3875 anima
2798 3828 2907 3873 tua.
2947 3819 3013 3872 Et
3049 3826 3210 3888 agent
3247 3827 3421 3871 tecum
3452 3817 3509 3872 in

1935 3932 1951 3962 ε
1995 3911 2140 3978 odio,
2170 3920 2225 3966 et
2253 3911 2443 3966 tollent
2483 3926 2670 3965 omnes
2715 3908 2932 3965 labores
2964 3916 3104 3973 tuos,
3141 3915 3196 3962 et
3233 3906 3508 3962 dimittent

1935 4019 1953 4051 ι
2001 4010 2053 4055 te
2101 4003 2323 4064 nudam,
2373 4009 2428 4054 et
2470 3999 2762 4069 ignominia
2796 3997 3032 4069 plenam.
3085 3997 3152 4051 Et
3181 3995 3508 4052 revelabitur

1937 4109 1954 4140 ι
2001 4090 2293 4160 ignominia
2340 4089 2755 4145 fornicationum
2797 4097 3032 4143 tuarum.
3065 4085 3252 4142 Scelus
3279 4092 3427 4141 tuum
3455 4095 3511 4142 et

1937 4199 1955 4231 ι
2003 4181 2386 4236 fornicationes
2408 4190 2513 4237 tua:
2539 4179 2785 4235 fecerunt
2807 4180 2925 4234 haec
2951 4177 3069 4243 tibi,
3095 4175 3221 4247 quia
3244 4176 3509 4231 fornicata

1937 4296 1953 4322 ε
1999 4286 2060 4327 es
2093 4280 2216 4342 post
2259 4281 2481 4344 gentes;
2530 4272 2672 4327 inter
2716 4285 2851 4341 quas
2897 4268 3096 4338 polluta
3141 4282 3200 4322 es
3249 4267 3304 4322 in
3351 4268 3510 4325 idol‘s

1938 4383 1956 4414 ε
2001 4380 2208 4419 earum.
2238 4365 2296 4419 ιιι
2334 4365 2420 4419 via
2452 4364 2655 4419 sororis
2686 4371 2789 4419 tua:
2816 4360 3126 4414 ambulasti.
3159 4360 3226 4414 Et
3254 4359 3394 4414 dabo
3419 4375 3510 4414 ca-

1938 4475 1955 4506 ι
2002 4457 2160 4515 licem
2209 4455 2326 4526 ejus
2382 4455 2435 4509 in
2495 4469 2654 4512 manu
2723 4461 2832 4506 tua.
2899 4449 3024 4503 llaac
3075 4448 3206 4502 dicit
3249 4449 3509 4502 Dominus

242 4535 571 4594 adulteram.
621 4536 688 4595 Et
732 4552 946 4610 ponam,
996 4541 1192 4608 inquit,
1217 4517 1410 4598 Vzelum
1451 4517 1629 4601 meum
1667 4517 1718 4600 in
1752 4557 1822 4614 te,
1854 4517 1902 4577 Ῑ)
1938 4562 1956 4593 ι
2003 4544 2184 4599 Deus:
2229 4517 2463 4599 fialicem
2507 4543 2711 4597 sororis
2755 4549 2860 4594 tute
2889 4540 3066 4602 bibes,
3097 4535 3422 4607 profundum
3453 4547 3509 4592 ct

243 4644 410 4700 quem
437 4637 695 4686 exercent
724 4637 898 4685 tecum
930 4631 983 4685 in
1011 4631 1209 4687 furore.
1247 4654 1265 4685 ι
1323 4635 1480 4693 Zelus
1504 4637 1648 4694 enim
1675 4653 1828 4694 meus

243 4731 330 4778 est
358 4721 507 4774 inter
546 4720 726 4777 hostes
761 4721 885 4780 fidei
910 4723 1074 4777 etiam
1105 4739 1212 4778 non
1261 4735 1506 4780 servatre.
1542 4745 1560 4777 ι
1603 4728 1824 4794 Nasum,

247 4809 445 4879 inquit,
479 4817 652 4874 tuum,
681 4821 736 4866 et
765 4826 926 4868 aures
955 4820 1078 4868 tuas
1106 4815 1448 4882 praeciderit,»
1493 4819 1645 4887 quasi
1673 4820 1824 4874 adul-

246 4909 383 4957 tene
437 4908 492 4954 et
529 4901 875 4969 deprehensae
919 4903 972 4957 in
1015 4913 1220 4973 stupro,
1269 4915 1329 4962 ut
1362 4905 1661 4963 deformata
1707 4909 1823 4979 pla-

244 5008 374 5049 cere
403 4992 654 5048 desistas.
685 4993 966 5059 Quomodo
1014 4998 1157 5052 enim
1203 4999 1255 5057 in
1301 4999 1437 5055 facie
1481 5003 1657 5057 omnis
1712 5004 1829 5072 pul~

249 5083 503 5139 cbritudo
554 5085 667 5138 oris
703 5083 756 5139 in
788 5087 1000 5140 narium
1031 5087 1226 5145 decore
1251 5091 1523 5157 consistit,
1551 5101 1604 5146 et
1640 5093 1692 5146 in
1735 5109 1831 5149 au-

251 5173 406 5232 ribus
449 5188 481 5230 e
528 5175 724 5244 quibus
776 5176 828 5229 in
879 5177 1094 5232 feminis
1162 5180 1388 5236 uniones
1434 5191 1489 5236 et
1539 5186 1830 5254 margarita

252 5261 580 5332 dependent,
615 5265 687 5318 ita
715 5265 950 5334 dignitas
977 5269 1120 5338 regis
1149 5277 1203 5322 et
1218 5269 1482 5338 judicum,
1511 5289 1630 5345 qua:
1659 5277 1710 5329 in
1739 5292 1833 5332 ore

251 5353 586 5423 auribusque
645 5358 932 5430 signatur,
1007 5373 1196 5416 eorum
1257 5361 1433 5434 gladio
1487 5368 1828 5434 praecidetur.

259 5460 283 5498 ι
324 5443 432 5516 ipsi
463 5444 604 5503 ﬁlios
648 5454 770 5502 tuos
800 5457 855 5503 et
893 5448 1029 5504 ﬁlias
1077 5458 1196 5508 tuas
1229 5454 1460 5523 capient.
1500 5475 1518 5506 ›
1556 5455 1717 5519 Tuos,
1755 5459 1834 5512 in-

257 5534 396 5604 quit,
432 5544 488 5595 et
526 5545 666 5601 tuas,
693 5553 800 5593 non
837 5555 989 5596 meos
1031 5550 1084 5596 et
1121 5559 1288 5610 meas,
1319 5547 1446 5618 quia
1475 5548 1542 5603 dc
1571 5549 1837 5606 adulterio

259 5631 502 5700 generati
534 5639 679 5695 sunt,
709 5639 764 5684 et
791 5641 984 5687 ctetera
1010 5636 1343 5692 vorabuntur
1365 5638 1642 5706 incendio;
1669 5650 1722 5697 et
1747 5643 1837 5697 dc-

331 5733 357 5766 δ
386 5720 487 5782 llic
517 5721 683 5778 multa
710 5724 902 5781 desunt
927 5741 1045 5794 quae
1072 5730 1314 5798 requiras
1344 5735 1483 5806 apud
1516 5734 1918 5808 Hieronymum.

590 5820 858 5885 Parnm.
904 5822 1038 5892 CX.

1935 4655 1953 4687 ι
2001 4635 2188 4695 latum.
2215 4635 2338 4690 Eris
2368 4635 2421 4689 in
2447 4633 2680 4688 derisum
2711 4639 2764 4687 et
2792 4631 2845 4684 in
2867 4629 3366 4694 subsannationem,
3389 4644 3509 4699 qua:

1936 4745 1954 4778 ‹
1999 4742 2060 4781 es
2112 4726 2464 4796 capacissima
2514 4724 2811 4788 ebrietate,
2859 4729 2916 4778 et
2962 4721 3146 4776 dolore
3193 4721 3506 4790 repleberis,

1940 4835 1954 4865 ι
1998 4824 2054 4869 et
2093 4815 2317 4870 calicem
2366 4813 2616 4869 maeroris
2667 4813 2718 4866 in
2762 4812 3003 4876 tristitia,
3033 4811 3259 4867 calicem
3307 4813 3511 4868 sororis

1937 4924 1953 4954 ι
2005 4914 2109 4958 tuae
2151 4903 2434 4968 Samaritc,
2480 4912 2534 4957 ct
2571 4903 2722 4957 bibes
2772 4902 2943 4968 illum,
2976 4911 3030 4957 et
3067 4902 3310 4970 epotabis
3338 4917 3510 4972 usque

1937 5013 1956 5043 4
2005 4994 2070 5047 ad
2104 4992 2267 5055 feces,
2318 5000 2374 5048 et
2403 4991 2704 5060 fragmenta
2751 4989 2868 5060 ejus
2913 4991 3216 5055 devorabis,
3255 4999 3312 5045 et
3342 4992 3509 5047 ubera

1939 5105 1956 5136 σ
2011 5094 2100 5138 tua
2125 5082 2409 5147 lacerabis,
2441 5083 2566 5153 quia
2591 5096 2691 5153 ego
2718 5083 2926 5138 locutus
2951 5098 3095 5148 sum,
3121 5083 3198 5137 ait
3227 5084 3506 5139 Dominus.

1941 5196 1960 5227 ι
2006 5176 2298 5244 Propterea
2321 5175 2434 5227 haec
2461 5173 2592 5228 dicit
2615 5173 2876 5229 Dominus
2905 5173 3231 5240 Dcus:Quia
3259 5175 3421 5228 oblita
3447 5191 3509 5229 es

1943 5285 1960 5316 ι
2008 5265 2156 5329 mei,
2204 5271 2259 5319 et
2307 5261 2578 5333 projccisti
2627 5279 2712 5320 me
2759 5273 2881 5334 post
2932 5279 3128 5333 corpus
3209 5274 3400 5329 tutnn,
3451 5273 3506 5319 tu

1943 5375 1961 5405 ι
2008 5369 2220 5423 quoque
2244 5362 2400 5423 porta
2432 5353 2605 5409 scelus
2635 5363 2787 5408 tuum
2820 5364 2873 5408 et
2900 5355 3282 5409 lornicationes
3309 5362 3447 5410 tuas.
3480 5373 3504 5408 ι

1938 5445 2161 5502 Prodest
2198 5443 2495 5499 Jerusalem
2551 5444 2862 5499 inimicitias
2890 5445 3088 5500 habere
3122 5451 3306 5498 contra
3345 5442 3510 5515 Assy~

1940 5537 2051 5590 rios
2079 5543 2240 5605 atque
2266 5535 2544 5590 Chaldaeos
2563 5576 2577 5599 ,
2622 5545 2679 5590 et
2712 5549 3045 5604 nequaquam
3073 5532 3294 5603 :‘Egypti
3324 5547 3512 5588 recor-

1941 5627 2078 5691 dari,
2103 5626 2197 5681 sed
2225 5626 2364 5681 tradi
2387 5626 2467 5681 eis
2493 5626 2545 5680 in
2572 5641 2764 5683 manus
2792 5626 2844 5680 in
2872 5623 3220 5695 puniendum,
3250 5623 3340 5692 qui
3365 5621 3516 5681 illam

3051 5821 3130 5888 2’s
