3954 6182
447 365 511 416 ’Ἴ
528 363 581 420 Π

1072 368 1132 421 Β.
1175 365 1423 421 [MBAN
1465 363 1677 420 MAURI
1719 362 2034 418 ARCIHEP.
2075 357 2382 418 IOGUNT.
2425 359 2708 417 OPERUM
2743 359 2922 417 PARS
2959 360 3020 416 ll.

3615 359 3715 413 ἨΒ

463 482 707 535 oderant.
742 478 948 546 Quibus
983 484 1105 530 ante
1145 491 1248 528 non
1279 474 1528 536 traditur,
1564 474 1662 527 nisi
1694 473 1886 526 satiata
1904 471 2034 525 'fue-
2062 474 2108 533 Α
2143 490 2160 521 ε
2205 480 2260 526 et
2305 470 2687 526 circumlevisti
2743 470 2838 525 tibi
2885 471 3070 526 oculos
3121 481 3263 537 tuos,
3314 484 3370 530 ct
3422 482 3614 529 ornata
3657 489 3718 527 es

444 573 539 625 'rit
568 571 636 624 de
663 570 743 624 eis
773 569 949 622 anima
983 564 1120 634 ejus,
1148 574 1208 618 ut
1235 573 1519 635 postquam
1556 561 1868 632 pmnituerit
1889 568 2038 614 vete-

467 675 590 714 rum
619 667 985 729 peccatorum,
1017 664 1143 708 tunc
1167 662 1426 724 purgetur
1451 652 1742 722 suppliciis,
1771 659 1825 705 et
1847 650 2040 720 perdat

469 763 659 802 omnes
686 747 898 800 labores
926 758 1062 814 quos
1089 751 1206 797 arte
1234 741 1539 796 meretricia
1590 739 1928 810 conquisivit,
1963 738 2040 792 vi-

471 841 700 906 deatque
746 836 1045 890 nuditatem
1092 849 1244 888 suam
1295 842 1349 886 et
1396 830 1762 900 ignominiam,
1811 837 1864 882 et
1904 827 2043 881 sciat

472 928 611 998 quod
635 928 750 981 huic
778 925 1028 980 universa
1059 938 1168 977 non
1199 922 1246 976 ei
1276 922 1534 976 Dominus
1567 919 1773 983 fecerit,
1809 917 1901 973 sed
1932 917 2040 972 for-

471 1018 766 1072 nicationes
793 1032 923 1080 suae,
953 1014 1148 1084 quibus
1175 1013 1438 1068 fornicata
1467 1020 1548 1065 est
1576 1026 1671 1080 per
1694 1019 1878 1080 gentes
1905 1022 2040 1077 quas

472 1122 629 1175 supra
681 1105 1061 1169 ennmeravit,
1120 1113 1179 1158 ut
1229 1117 1413 1157 earum
1476 1101 1678 1155 coleret
1728 1098 2036 1153 simulacra.

479 1219 494 1249 ς
544 1199 600 1252 ln
629 1198 753 1262 viis,
783 1198 876 1262 ait,
904 1195 1106 1251 sororis
1130 1203 1234 1248 tua:
1261 1192 1518 1247 Samaria:
1544 1189 1881 1253 ambulasti,»
1910 1202 2038 1258 pro-

471 1297 658 1356 pterea
708 1286 870 1340 debes
922 1283 1144 1339 calicem
1191 1281 1334 1335 illius
1375 1281 1580 1344 bibere,
1627 1277 1780 1347 cujus
1818 1283 2037 1346 peccata

470 1385 673 1432 sectata
710 1391 789 1430 cs.
827 1374 978 1430 Calix
1017 1384 1216 1439 autem,
1261 1373 1402 1442 quod
1446 1385 1585 1440 smpe
1637 1369 1900 1439 accipitur
1941 1381 2040 1436 pro

464 1467 646 1536 patinis
674 1474 833 1533 atque
862 1463 1156 1532 suppliciis,
1181 1461 1349 1516 multa
1386 1460 1628 1530 exrmpla
1653 1467 1798 1521 sunt,
1830 1457 1896 1510 de
1923 1457 2041 1525 qui-

465 1560 572 1610 bus
621 1556 748 1609 illud
797 1564 918 1608 est:
968 1574 984 1604 ι
1018 1553 1168 1606 Calix
1223 1552 1274 1605 in
1322 1566 1479 1604 manu
1509 1548 1718 1603 Domini
1765 1547 1875 1601 vini
1904 1547 2039 1601 meri

477 1649 665 1714 plenus
695 1648 874 1709 misto,
918 1655 972 1699 et
998 1645 1272 1700 inclinavit
1303 1659 1370 1698 ex
1411 1644 1510 1697 hoc
1539 1642 1590 1696 in
1621 1643 1742 1705 hoc,
1770 1649 2040 1696 verumta-

473 1754 594 1792 men
624 1737 705 1792 fex
743 1736 859 1806 ejus
897 1753 1002 1792 non
1033 1745 1114 1791 est
1141 1735 1432 1798 exinanita,
1462 1734 1645 1788 bibent
1668 1749 1733 1788 ex
1759 1748 1825 1788 eo
1851 1747 2040 1786 omnes

2145 578 2162 611 ι
2208 560 2408 615 mundo
2473 560 2742 616 muliebri.
2793 559 2993 615 Sedisti
3035 561 3093 615 in
3143 562 3285 618 lecto
3330 563 3715 634 puicherrimo,

2144 669 2163 701 ι
2207 658 2262 704 et
2301 664 2486 704 mensa
2534 658 2726 704 ornata
2767 656 2850 704 est
2888 659 3012 704 ante
3052 660 3122 704 te.
3175 652 3496 724 Thymiama
3538 667 3716 708 meum

2148 759 2166 790 ι
2213 750 2268 794 et
2302 751 2634 811 unguentum
2683 756 2860 795 meum
2889 742 3115 811 posuisti
3157 758 3321 814 super
3345 761 3489 808 eam,
3533 754 3587 800 et
3616 761 3719 799 vox

2145 851 2163 881 ε
2209 832 2567 886 multitudinis
2602 832 2923 887 exsultantis
2970 842 3090 888 erat
3138 835 3190 889 in
3241 851 3325 890 ea.
3377 837 3438 892 Et
3494 839 3546 891 in
3592 839 3720 894 viris

2145 938 2162 968 ι
2207 921 2298 988 qui
2349 921 2416 975 de
2465 921 2808 975 multitudine
2858 923 3135 977 hominum
3189 926 3615 990 adducebantur,
3666 937 3719 981 et

2146 1025 2165 1058 ι
2211 1007 2498 1063 veniebant
2539 1009 2606 1063 de
2636 1009 2870 1073 deserto,
2903 1022 3204 1079 posuerunt
3238 1016 3480 1069 armillas
3522 1018 3574 1070 in
3607 1032 3719 1070 ma-

2146 1121 2164 1153 r
2209 1103 2366 1156 nibus
2414 1116 2624 1164 eorum,
2681 1111 2734 1156 et
2779 1119 3010 1158 coronas
3058 1108 3328 1174 speciosus
3371 1108 3422 1160 in
3452 1110 3722 1177 capitibus

2147 1211 2164 1242 ι
2209 1206 2418 1245 eorum.
2472 1193 2534 1246 Et
2565 1192 2674 1246 dixi
2719 1193 2766 1246 ei
2817 1210 2936 1262 qum
2963 1196 3146 1249 attrita
3187 1207 3267 1251 est
3308 1199 3361 1252 in
3395 1199 3717 1254 adulteriis:

2146 1300 2165 1334 ι
2211 1282 2362 1336 Nunc
2389 1282 2746 1336 fornicabitur
2776 1283 2828 1336 in
2856 1283 3211 1340 fornicatione
3253 1303 3348 1341 sua
3382 1290 3546 1342 etiam
3582 1291 3716 1344 luce

2145 1391 2163 1421 ‹
2209 1373 2272 1426 Et
2305 1373 2532 1441 ingrcssi
2571 1382 2696 1426 sunt
2737 1373 2804 1426 ad
2842 1388 2962 1428 eam
2991 1375 3141 1443 quasi
3187 1377 3252 1430 ad
3293 1377 3572 1433 mulierem
3612 1397 3722 1434 me—

2146 1480 2164 1511 ι
2210 1461 2482 1526 retricetn,
2546 1461 2626 1515 sic
2683 1461 3127 1531 ingrediebantur
3174 1465 3241 1518 ad
3285 1465 3494 1521 Oollam
3547 1477 3605 1523 et
3653 1471 3721 1524 ad

2147 1569 2164 1600 ι
2209 1549 2451 1606 Oolibam
2488 1551 2742 1605 mulieres
2771 1550 3027 1606 nefarias.
3057 1554 3169 1608 Viri
3211 1571 3338 1626 ergo
3382 1557 3517 1626 justi
3572 1567 3718 1612 sunt.

2146 1658 2164 1690 ‹
2209 1639 2272 1693 Hi
2293 1639 2614 1708 iudicabunt
2637 1655 2730 1695 eas
2759 1641 2811 1694 in
2831 1639 3035 1708 judicio
3062 1643 3451 1711 adulterarum,
3496 1657 3553 1700 et
3573 1646 3720 1714 judi-

2155 1752 2171 1781 ι
2215 1731 2301 1784 cio
2328 1730 2713 1792 eliundentium
2745 1731 3081 1800 sanguinem,
3113 1734 3238 1803 quia
3284 1734 3545 1791 adultera:
3573 1747 3720 1800 sunt,

473 1838 784 1900 peccatores
819 1838 976 1883 terrze
1003 1827 1172 1900 (Psat.
1202 1827 1414 1898 Lxxtv);
1454 1845 1472 1878 ι
1511 1836 1565 1880 et
1597 1827 1648 1879 in
1679 1825 1856 1879 Isaia:
1890 1845 1908 1875 ‹
1941 1823 2041 1878 Ca-
2074 1827 2114 1885 Β
2147 1839 2165 1869 ε
2209 1827 2264 1874 ct
2295 1820 2514 1888 sanguis
2566 1820 2619 1873 in
2672 1820 2922 1874 manibus
2974 1835 3182 1875 earnm.
3228 1821 3354 1878 Haec
3397 1825 3541 1878 enim
3588 1825 3721 1880 dicit

422 1905 543 1972 ~lix
578 1919 743 1972 ruina:
781 1927 834 1972 et
871 1917 1118 1988 poculum
1166 1916 1363 1969 furoris
1388 1915 1522 1986 (lsa.
1551 1915 1625 1985 ιι)
1663 1934 1682 1965 ι
1717 1912 1928 1967 dicitur.
1977 1911 2044 1965 Et

473 2008 541 2060 ad
569 2005 857 2072 Jeretniatn
893 2006 1131 2074 loquitur
1157 2005 1298 2058 Deus
1329 2020 1342 2054 :
1380 2022 1400 2053 ι
1435 2002 1636 2073 Accipe
1681 2000 1902 2057 calicem
1934 2001 2042 2054 vini

477 2097 609 2151 meri
649 2097 716 2152 de
755 2111 917 2150 manu
966 2110 1108 2158 mea,
1134 2102 1188 2148 et
1217 2092 1516 2162 potionabis
1549 2107 1733 2147 omnes
1761 2099 1949 2162 gentes
1975 2090 2042 2144 ad

457 2204 605 2257 quas
625 2203 724 2258 ego
743 2187 949 2241 mittam
977 2195 1047 2249 te,
1069 2196 1123 2240 et
1144 2185 1330 2239 bibent
1370 2192 1424 2239 et
1445 2191 1678 2246 voment,
1701 2190 1755 2236 et
1777 2180 2045 2236 insanient

456 2276 610 2345 -(Jer.
637 2275 788 2346 xxv).
823 2295 842 2328 ι
878 2274 1033 2330 Sicut
1057 2273 1200 2328 enim
1225 2273 1466 2342 quaedam
1499 2271 1696 2325 dantur
1726 2269 2039 2328 cathartica,

475 2377 536 2418 ut
570 2365 762 2419 noxius
805 2363 1017 2428 humor,
1069 2362 1162 2431 qui
1211 2362 1352 2416 inest
1393 2359 1728 2429 corporibus,
1763 2365 2040 2428 egerutur:

473 2459 557 2512 sic
584 2465 638 2511 et
677 2454 934 2511 Dominus
959 2454 1048 2508 dat
1074 2453 1296 2508 calicem
1344 2433 1734 2506 tormentoer
1782 2445 2042 2502 meracis-

473 2547 692 2611 simum,
722 2555 782 2601 ut
805 2543 1064 2615 quidquid
1101 2541 1238 2598 fellis
1267 2556 1331 2596 ac
1359 2538 1732 2595 amaritudinis
1755 2546 1859 2601 est,
1895 2534 2044 2591 aufe-

476 2647 564 2692 rat
585 2653 615 2691 a
638 2637 1033 2710 peccatoribus,
1057 2643 1112 2690 et
1134 2633 1377 2705 pristina:
1404 2646 1498 2687 eos
1523 2630 1775 2687 restituat
1799 2628 2041 2684 sanitati.

2147 1927 2165 1959 ι
2211 1910 2468 1964 Dominus
2514 1910 2673 1964 Deus.
2720 1910 2909 1964 Adduc
2957 1911 3023 1963 ad
3078 1926 3170 1965 eas
3219 1912 3626 1981 multitudines,
3667 1926 3724 1971 et

2147 2017 2166 2050 ι
2214 1999 2363 2053 trade
2390 2013 2484 2053 eas
2515 1999 2567 2052 in
2596 1999 2903 2061 tumultum,
2935 2008 2991 2052 et
3017 2000 3068 2052 in
3098 1999 3361 2069 rapinam,
3391 2009 3445 2055 et
3475 2001 3724 2072 lapideu-

2147 2105 2166 2138 ί
2215 2095 2303 2141 tur
2347 2087 2613 2157 lapidibus
2641 2087 2982 2157 populorum,
3014 2097 3070 2143 et
3095 2089 3475 2146 eonfodiantur
3525 2091 3725 2162 gladiis

2147 2195 2165 2227 ί
2210 2191 2418 2231 eorum.
2450 2175 2614 2231 Filios
2641 2185 2700 2230 et
2735 2176 2872 2231 tilias
2912 2191 3101 2231 earum
3158 2177 3507 2246 interﬁcient,
3539 2190 3600 2234 et
3628 2181 3727 2236 do-

2147 2284 2165 2316 ι
2210 2279 2332 2318 mus
2377 2279 2565 2319 earum
2613 2265 2735 2336 igne
2783 2267 3128 2331 succendent,
3167 2277 3223 2321 et
3248 2261 3491 2323 auferam
3541 2271 3726 2325 scelus

2146 2375 2165 2406 ι
2211 2357 2278 2408 de
2323 2364 2486 2410 terra.
2530 2356 2602 2410 Et
2639 2357 2847 2412 discent
2880 2371 3070 2414 omnes
3121 2359 3371 2414 mulieres
3409 2375 3478 2413 ne
3518 2360 3728 2416 faciant

2148 2466 2164 2498 ι
2210 2447 2500 2502 secundum
2527 2446 2701 2501 scelus
2725 2461 2931 2501 earum.
2962 2449 3028 2502 Et
3050 2448 3252 2503 dabunt
3278 2449 3453 2505 scelus
3477 2460 3726 2505 vestru

2149 2555 2169 2588 ι
2211 2553 2374 2607 super
2399 2553 2512 2602 vos,
2537 2546 2592 2592 et
2617 2547 2836 2608 peccata
2887 2539 3148 2595 idolorum
3184 2551 3491 2596 vestrorum
3538 2553 3728 2613 porta-

2149 2646 2168 2680 ι
2213 2629 2361 2684 bitis.
2417 2629 2485 2684 Et
2519 2629 2702 2684 scietis
2733 2631 2858 2700 quia
2891 2645 2991 2700 ego
3027 2632 3285 2688 Dominus
3310 2634 3469 2688 Deus.
3508 2653 3530 2687 ι
3587 2635 3729 2689 Con-

467 2729 544 2783 .Et
588 2729 701 2799 ipse
751 2727 892 2783 calix
940 2727 1044 2782 erit
1087 2723 1380 2795 profundus
1428 2732 1484 2778 et
1530 2722 1698 2785 latus,
1747 2719 2043 2791 profundus
2143 2734 2374 2789 sequens
2408 2727 2585 2775 autem
2615 2729 2734 2775 erat
2770 2729 2830 2775 ut
2875 2722 2968 2790 qui
3009 2721 3270 2777 Samaria:
3309 2731 3361 2778 et
3417 2723 3728 2780 Jerusalem

473 2828 758 2889 pinnarum
807 2816 1192 2888 magnitudine,
1238 2815 1378 2869 latus
1414 2822 1652 2882 tempore
1697 2809 2041 2880 captivitatis.
2146 2811 2404 2866 adulteria
2470 2811 2762 2882 separatim
2825 2811 3216 2881 descripserat,
3272 2816 3479 2882 pariter
3529 2831 3729 2870 earum

453 2907 705 2976 «Quando
733 2915 933 2970 autem,
964 2907 1059 2970 ait,
1091 2905 1358 2960 inebriata
1385 2903 1574 2966 fueris,
1605 2911 1662 2956 et
1689 2901 1873 2955 dolore
1899 2915 2047 2955 com-
2146 2901 2408 2970 supplicia
2460 2901 2752 2954 nuntiaret.
2791 2901 2982 2957 Omnia
3035 2913 3214 2957 autem
3259 2903 3518 2958 dicuntur
3562 2906 3728 2974 quasi

451 2999 764 3068 prehensa,
805 3003 862 3050 et
901 2995 1101 3050 biberis
1144 2993 1367 3049 calicem
1402 3006 1570 3060 usque
1609 2990 1676 3044 ad
1714 2989 1874 3053 feces,
1907 2999 1962 3043 et
1990 2988 2043 3042 in
2148 2992 2214 3046 ad
2253 2992 2546 3056 adulteras,
2577 3001 2631 3047 et
2658 2992 2797 3047 facta
2841 2996 3241 3067 ἀνακεφαλέωσι,
3270 2998 3507 3052 breviter
3531 3013 3730 3053 earum

450 3096 688 3145 ~tantum
713 3087 977 3151 hauseris,
1007 3093 1065 3138 ut
1102 3084 1398 3156 fragmenta
1429 3096 1640 3152 quoque
1671 3081 1836 3150 ipsius
1861 3079 2044 3135 calicis
2148 3079 2350 3135 scelera
2380 3090 2767 3150 proponuntur,
2801 3092 2860 3136 ut
2890 3091 3034 3138 recte
3070 3083 3224 3150 juxta
3259 3085 3391 3154 legis
3435 3086 3730 3155 imperium

451 3179 736 3242 devores,
793 3184 919 3230 tunc
975 3173 1192 3228 tmdebit
1247 3182 1297 3225 te
1345 3170 1720 3226 fornicationis
1779 3169 2041 3239 pristinm,
2071 3159 2117 3222 C
2150 3169 2202 3223 in
2231 3171 2506 3225 adulteras
2535 3169 2789 3240 lapidatio
2817 3173 2998 3240 populi
3027 3183 3411 3242 consequatur.
3441 3175 3577 3242 Quia
3633 3177 3736 3246 igi-

477 3280 535 3324 et
565 3267 825 3323 lacerabis
875 3266 1039 3320 ubera
1086 3277 1206 3334 qua:
1251 3263 1420 3318 fracta
1453 3261 1668 3317 fuerant
1712 3261 1765 3315 in
1794 3259 2046 3331 Egypto,
2151 3270 2238 3315 tur
2265 3261 2522 3316 adultera:
2550 3271 2698 3326 sunt,
2734 3261 2937 3332 justam
2969 3277 3156 3331 prome
3186 3265 3531 3319 sententiam.
3584 3266 3732 3321 Sunt

467 3365 541 3412 iet
585 3370 707 3426 quae
756 3355 822 3410 ab
861 3353 1190 3409 amatoribus
1237 3352 1342 3407 tuis
1386 3354 1608 3407 subacta
1651 3358 1812 3419 atque
1866 3349 2048 3404 collisa
2149 3353 2291 3406 enim
2335 3353 2616 3408 mtechata:
2652 3353 2704 3407 in
2748 3353 2936 3418 idolis,
2994 3365 3051 3409 et
3114 3357 3333 3426 sanguis
3375 3357 3431 3410 in
3472 3358 3734 3413 manibus

455 3453 626 3498 sunt.
681 3442 807 3498 Sive
860 3459 1050 3498 omnes
1103 3441 1424 3496 festivitates
1475 3449 1531 3495 et
1572 3440 1884 3495 neomenias
1931 3447 2050 3492 tuas
2150 3457 2359 3506 earum,
2404 3457 2595 3496 eorum
2653 3442 2900 3497 videlicet
2953 3457 3088 3512 quos
3137 3427 3297 3499 idolis
3350 3445 3716 3499 immolarunt

484 3537 747 3601 auferam,
775 3545 832 3591 ut
859 3552 957 3606 pro
991 3536 1332 3590 solemnitate
1364 3541 1527 3603 atque
1576 3533 1759 3588 laetitia
1789 3541 2048 3587 :eternum
2149 3541 2210 3586 ut
2239 3533 2377 3588 ﬁlios
2403 3548 2537 3602 quos
2573 3534 2703 3588 mihi
2735 3543 3032 3604 genuerant
3063 3534 3396 3590 dzemonibus
3433 3551 3733 3591 consecrao

475 3625 754 3694 planctum
781 3624 978 3679 habeas
1005 3633 1060 3678 et
1098 3637 1403 3678 mererem.
1437 3621 1574 3688 Quia
1604 3622 1764 3690 igitur
1792 3621 1892 3676 ista
1922 3619 2051 3674 feci-
2152 3630 2290 3676 rent.
2325 3622 2432 3676 Nec
2473 3623 2574 3676 hoc
2606 3621 2849 3677 fecerunt
2891 3621 3023 3678 foris
3049 3633 3104 3678 et
3143 3625 3196 3677 in
3236 3626 3511 3681 montibus
3547 3641 3614 3680 ac
3654 3628 3738 3679 lu-

465 3716 549 3771 ~sti
591 3723 646 3770 ct
679 3714 842 3770 oblita
878 3729 937 3768 es
977 3711 1112 3777 mei,
1158 3719 1214 3767 et
1239 3709 1522 3782 .projecisti
1565 3726 1651 3766 me
1689 3717 1811 3779 post
1855 3723 2050 3778 corpus
2079 3708 2111 3724 ‘
2149 3713 2259 3777 cis,
2303 3723 2363 3766 ut
2399 3728 2541 3783 saepe
2586 3712 2765 3768 facere
2820 3722 3248 3778 consueverant,
3295 3713 3385 3767 sed
3428 3715 3496 3768 ad
3543 3723 3736 3769 extre-

485 3815 654 3870 tuum,
705 3805 818 3860 sive
871 3813 1164 3859 retrorsum
1211 3811 1432 3873 propter
1483 3801 1724 3871 corporis
1763 3800 1914 3865 vitia,
1967 3800 2050 3855 vel
2156 3818 2302 3855 mum
2351 3801 2656 3872 polluerunt
2693 3803 2946 3874 templum
2987 3819 3190 3868 meum,
3222 3812 3280 3858 ut
3316 3813 3551 3858 statuam
3595 3805 3734 3860 Beat

483 3904 604 3966 post
625 3894 898 3964 genitalia,
925 3895 1122 3964 quibus
1145 3893 1495 3962 turpitudinis
1523 3892 1735 3948 fmditas
1762 3892 2046 3946 indicatur.
2154 3891 2204 3945 in
2253 3907 2318 3948 eo
2370 3903 2666 3962 ponerent,
2710 3904 2766 3949 et
2819 3897 3041 3951 sabbata
3097 3911 3216 3950 mea
3267 3895 3736 3966 profanaverunt,

480 3986 776 4054 Propterea
811 3992 965 4052 porta
999 3983 1174 4038 scelus
1210 3993 1266 4038 et
1299 3984 1630 4053 impietatem
1668 3994 1833 4047 tuam,
1865 3983 2053 4037 videli-
2151 3991 2210 4036 ut
2263 3997 2362 4038 nec
2419 3983 2517 4038 loci
2578 3999 2679 4039 nec
2735 3987 2994 4056 temporis
3033 3987 3396 4042 custodiretur
3438 3986 3578 4057 apud
3639 4002 3739 4042 eas

480 4081 573 4128 cet
618 4070 898 4141 supplicia,
949 4085 1068 4140 quae
1115 4081 1332 4140 pr0pter
1380 4073 1710 4142 impietatem
1755 4082 1811 4128 et
1847 4072 2051 4128 scelera
2154 4071 2360 4142 religio.
2429 4073 2534 4128 Sed
2599 4089 2698 4128 nec
2754 4077 3108 4144 praesentibus
3176 4086 3382 4131 tantum
3445 4077 3739 4133 adulteriis

487 4161 960 4218 meruisti.Putest
986 4161 1091 4217 hoc
1116 4163 1259 4230 quod
1283 4162 1537 4227 dicitur,4
1567 4173 1621 4218 et
1645 4165 1855 4231 potabis
1882 4181 2052 4234 usque
2154 4171 2423 4217 contenta;
2453 4174 2628 4231 erant,
2672 4180 2846 4234 neque
2875 4165 3084 4222 suﬂ'ecit
3117 4169 3196 4222 eis
3230 4169 3370 4236 quod
3400 4169 3540 4224 ﬁlios
3576 4185 3738 4226 meos

487 4252 555 4307 ad
583 4251 744 4316 feces,
777 4259 832 4307 et
855 4251 1150 4322 fragmenta
1173 4251 1289 4322 ejus
1317 4251 1617 4317 devorabis,
1644 4272 1661 4303 ι
1688 4253 2054 4322 significanter
2155 4253 2569 4310 immolaverunt
2613 4255 2770 4310 idolis
2797 4257 2910 4311 suis
2945 4257 3029 4313 vel
3062 4258 3412 4324 theuionibus,
3449 4261 3543 4314 sed
3570 4276 3738 4330 pere-

492 4344 735 4415 intelligi,
784 4358 946 4413 super
987 4341 1304 4405 Jerusalem,
1350 4357 1470 4412 qua:
1517 4342 1738 4397 calicem
1798 4342 2056 4397 Samaria:
2154 4346 2323 4413 grinis
2355 4361 2568 4416 quoque
2593 4346 2956 4418 voluptatibus
2985 4348 3354 4414 lascivientes,
3380 4351 3736 4420 Assyriorum

489 4437 691 4492 sororis
720 4451 829 4490 sua:
856 4435 989 4488 bibit
1020 4433 1334 4497 novissima,
1365 4441 1420 4487 et
1444 4433 1597 4502 quasi
1641 4431 1786 4488 feces
1807 4443 2052 4487 tormen-

482 4542 663 4584 torum
688 4529 806 4598 ejns
829 4541 997 4598 usque
1028 4526 1095 4580 ad
1119 4524 1343 4579 fundum
1376 4525 1630 4594 epotavit.

566 4638 583 4669 ‹
631 4617 687 4672 Et
732 4618 808 4671 ait
836 4616 1092 4671 Dominus
1129 4615 1196 4670 ad
1235 4629 1322 4669 me
1362 4613 1548 4668 dicens
1589 4629 1602 4666 ε
1649 4612 1751 4668 Fili
1797 4612 2051 4678 hominis,

499 4729 514 4758 ι
562 4709 797 4777 nunquid
832 4705 1044 4774 judicas
1071 4705 1276 4762 Oollam
1309 4712 1366 4761 et
1396 4704 1664 4770 Oolibam,
1692 4713 1746 4759 et
1768 4705 2054 4759 annuntias

497 4817 514 4847 ι
562 4797 641 4851 eis
677 4796 881 4850 scelera
920 4811 1105 4850 earum
1134 4795 1259 4866 quia
1293 4793 1550 4849 adultera:
1576 4803 1724 4858 sunt,
1754 4803 1808 4847 et
1837 4793 2056 4862 sanguis

492 4909 515 4938 λε
567 4889 616 4941 in
654 4887 898 4942 manibus
939 4901 1149 4950 earum,
1192 4895 1250 4940 ct
1282 4900 1410 4939 cum
1447 4883 1607 4938 idolis
1637 4884 1748 4938 suis
1777 4882 2055 4940 fornicata:

501 5006 516 5034 ι
565 4984 721 5038 sunt?
761 4983 981 5051 Insuper
1014 4992 1069 5037 et
1101 4981 1245 5036 ﬁlios
1268 4997 1398 5036 suos
1427 4994 1564 5049 quos
1589 4989 1887 5049 genuerunt
1922 4978 2053 5034 mihi

501 5098 516 5124 ε
565 5071 876 5128 obtulerunt
895 5071 976 5126 eis
990 5072 1060 5125 ad
1086 5072 1467 5124 devorandum.
1495 5068 1602 5124 Sed
1627 5069 1792 5124 ethoc
1810 5068 2058 5123 fecerunt

500 5186 515 5214 ι
564 5162 713 5218 mihi.
756 5159 1069 5216 Polluerunt
1115 5159 1476 5214 sanctuariutn
1520 5173 1698 5212 meum
1747 5159 1913 5212 indie
1943 5158 2054 5222 illa,

493 5277 515 5308 4
561 5266 616 5310 et
646 5253 866 5309 sabbata
907 5265 1025 5304 mea
1063 5248 1500 5319 profanaverunt.
1541 5249 1782 5317 Cumque
1823 5249 2059 5304 immola-

501 5369 514 5394 ε
565 5353 686 5399 rent
714 5343 852 5398 ﬁlios
889 5355 1016 5396 suos
1059 5337 1214 5393 idolis
1252 5337 1385 5399 suis,
1415 5345 1469 5392 et
1498 5337 1906 5407 ingrederentur
1935 5353 2058 5392 sau-

489 5453 516 5484 .4
562 5432 829 5490 ctuarium
860 5444 1036 5485 meum
1085 5428 1137 5482 in
1179 5427 1266 5482 die
1314 5426 1400 5480 illa
1453 5437 1510 5479 nt
1555 5427 1856 5496 polluerent
1907 5426 2055 5490 illud,

484 5543 520 5575 .‹
566 5525 730 5580 etiam
764 5525 878 5580 haec
918 5521 1161 5576 fecerunt
1196 5519 1248 5572 in
1281 5517 1457 5572 medio
1500 5519 1689 5572 domus
1719 5534 1869 5572 mete.
1905 5518 2061 5574 Mise-

493 5631 520 5666 ι
565 5623 691 5669 runt
714 5613 782 5668 ad
814 5613 956 5668 viros
980 5609 1253 5662 venientes
1281 5607 1346 5661 de
1375 5603 1526 5675 longe
1553 5606 1624 5659 ad
1653 5622 1788 5674 quos
1813 5608 2060 5661 nuntium

497 5723 522 5754 ι
567 5705 847 5759 miserant.
884 5703 1068 5771 Itaque
1111 5717 1234 5754 ecce
1265 5707 1523 5751 venerunt
1549 5699 1741 5766 quibus
1783 5687 1832 5752 te
1863 5700 2057 5764 Iavisti,

2158 4445 2320 4505 atque
2359 4434 2730 4491 Chaldzeorum
2782 4436 3068 4491 simulacra
3114 4448 3380 4493 venerata:
3427 4449 3569 4494 sunt.
3630 4441 3737 4507 Qui

2157 4539 2281 4579 cum
2309 4526 2600 4590 venissent,
2633 4524 2844 4592 Ooliba,
2881 4529 2983 4582 hoc
3034 4538 3118 4582 est
3161 4528 3479 4594 Jerusalem,
3509 4546 3736 4586 omnem

2156 4617 2412 4671 adultera:
2458 4615 2700 4671 habitum
2751 4617 2983 4686 implesti
3031 4632 3194 4688 super
3237 4635 3364 4684 eos,
3413 4629 3475 4675 ut
3519 4620 3740 4675 lavares

2157 4721 2370 4774 corpus,
2401 4703 2588 4760 oculos
2626 4706 2788 4761 stibio
2824 4706 3040 4770 linircs,
3071 4718 3131 4762 ut
3173 4724 3481 4764 assumeres
3523 4709 3739 4765 cultum

2158 4796 2493 4860 muliebrem,
2544 4796 2762 4850 sederes
2811 4797 2863 4850 in
2909 4797 3104 4852 lectulo
3154 4798 3356 4853 libidini
3405 4809 3737 4869 praeparato,

2159 4886 2343 4955 epulas
2379 4900 2725 4955 pr0poneres,
2764 4885 2960 4956 quibus
2993 4887 3198 4942 fractas
3242 4889 3308 4942 ad
3339 4888 3618 4944 libidinem
3648 4891 3738 4944 vi-

2162 4991 2250 5032 res
2284 4991 2566 5044 reparares
2602 4985 2902 5030 amatorum
2935 4985 3170 5032 tuorum.
3203 4977 3522 5048 Thymiama
3551 4993 3738 5034 meum

2163 5077 2217 5122 et
2241 5077 2570 5137 unguentum
2596 5069 2736 5137 quod
2779 5069 2906 5122 mihi
2945 5068 3250 5137 specialiter
3281 5068 3550 5135 jusseram
3589 5071 3738 5132 ﬁeri,

2160 5167 2217 5212 et
2251 5158 2601 5213 exterminari
2653 5159 2891 5212 animam
2937 5159 3080 5213 illam
3129 5159 3196 5214 de
3246 5158 3462 5229 populo,
3505 5175 3629 5229 quae
3679 5160 3738 5213 in

2161 5249 2402 5318 privatos
2431 5262 2558 5300 usus
2582 5247 2681 5300 hoc
2709 5246 2886 5302 facere
2913 5248 3190 5314 voluisset,
3215 5257 3270 5304 ιυ
3305 5249 3531 5304 efferres
3550 5248 3739 5313 idolis,

2168 5345 2227 5389 ut
2251 5351 2611 5405 congregares
2662 5334 3018 5403 frequentiam
3063 5338 3398 5407 populorum,
3432 5339 3548 5392 sive
3583 5337 3740 5392 0mm

2163 5440 2361 5496 genere
2397 5425 2720 5477 musicorum
2758 5438 2998 5487 cancros,
3032 5433 3091 5476 ut
3127 5441 3230 5478 nun
3268 5426 3442 5479 solum
3470 5429 3604 5489 visu,
3635 5426 3740 5481 sed

2167 5527 2221 5571 et
2264 5517 2445 5570 auditu
2468 5524 2522 5569 et
2550 5515 2806 5578 odoratu,
2852 5523 2907 5568 et
2948 5517 3154 5570 cunctis
3197 5517 3442 5570 sensibus
3493 5518 3740 5586 placeres

2167 5607 2498 5662 amatoribus
2535 5606 2662 5667 tuis,
2705 5605 2795 5672 qni
2824 5614 3086 5659 venerunt
3115 5607 3180 5660 ad
3228 5615 3279 5660 te
3311 5607 3472 5671 ebrii,
3504 5622 3604 5660 non
3637 5621 3740 5657 ur-

2171 5698 2322 5752 bana:
2367 5695 2590 5764 alicujus
2633 5694 2937 5763 elegantiae,
2971 5696 3064 5748 sed
3102 5696 3166 5749 de
3196 5695 3410 5749 deserto
3449 5712 3512 5751 ac
3545 5694 3741 5749 solitu-
