3954 6182
364 339 469 395 7.59

1314 345 1664 402 COMMENT.
1702 344 1768 401 IN
1807 344 2254 401 EZECIHELEM.
2297 375 2364 389 -
2404 345 2529 403 LIB.
2573 344 2666 399 lX.

358 457 487 513 dine
517 456 841 513 rusticorum
875 468 931 515 ct
970 458 1239 515 latronum
1282 459 1524 516 habitum
1564 457 1930 531 praeferentes.
1966 463 2009 519 Α
2044 475 2061 507 ι
2099 456 2334 522 nono,in
2357 472 2539 512 mense
2558 457 2786 523 decimo,
2811 458 3016 516 decima
3032 460 3119 516 die
3138 462 3361 529 mensis,
3382 463 3600 521 dicens;

357 545 429 603 Et
468 547 523 603 in
567 556 773 605 tantam
820 550 1124 616 exarsistis,
1159 564 1191 605 ο
1224 565 1439 607 sorores
1475 551 1741 620 pessinnc,
1789 551 1933 606 insa-

356 638 503 693 niam
553 639 909 710 voluptatum,
960 649 1022 695 ut
1066 640 1307 698 armillas
1347 650 1557 696 vestras
1580 651 1637 697 et
1662 641 1931 698 discrimi-

352 727 497 782 nalia
546 727 893 799 imponeretis
936 729 1202 796 manibus,
1241 739 1298 786 et
1326 731 1590 801 capitibus
1630 739 1929 789 amatorum

354 827 695 885 vestrorum,
722 819 837 874 sive
868 820 1020 875 vobis
1051 820 1202 891 ipsis,
1229 828 1287 875 ut
1317 821 1487 891 plenae
1520 829 1713 877 ornatu
1745 831 1927 891 turpa-

353 906 571 960 remini.
622 906 979 974 Quamobrem
1017 909 1126 964 dixi
1160 908 1210 965 ei
1245 910 1327 964 vel
1374 910 1689 979 Jerusalem,
1715 911 1797 966 vel
1826 912 1926 968 Sa-

348 999 572 1065 mariae,
615 1000 698 1054 vel
730 1001 944 1072 utrique
978 1021 991 1057 :
1026 1001 1117 1058 Sic
1154 1004 1379 1059 trivistis
1420 1005 1647 1060 frontem
1672 1045 1689 1072 ,
1729 1015 1791 1062 ut
1836 1024 1927 1064 ne-

348 1107 623 1164 quaquam
667 1104 879 1150 secrcto
932 1096 1277 1167 polluamini,
1333 1098 1418 1154 vel
1458 1099 1658 1164 mariti,
1709 1098 1793 1155 vel
1832 1099 1928 1157 ho-

347 1183 561 1236 minum
599 1184 783 1240 vitatis
839 1195 1114 1257 aspectum
1143 1228 1158 1253 ,
1212 1188 1308 1244 sed
1361 1189 1534 1244 instar
1578 1190 1924 1246 meretricum

347 1272 572 1340 publice
616 1274 1017 1343 prostituamini
1043 1317 1058 1341 ,
1105 1278 1197 1347 qui
1247 1278 1472 1350 ingressi
1516 1289 1642 1335 sunt
1681 1280 1749 1335 ad
1795 1296 1921 1345 vos,

345 1366 508 1435 quasi
546 1366 615 1420 ad
653 1368 988 1435 meretrices,
1027 1370 1273 1426 certatim
1310 1386 1403 1427 vos
1430 1372 1668 1441 polluere
1698 1372 1921 1443 cupien-

345 1461 452 1509 tes.
498 1455 728 1511 Tradam
776 1457 942 1530 igitur
975 1474 1069 1514 vos
1108 1460 1194 1514 his
1236 1460 1306 1516 ad
1339 1460 1690 1530 puniendum,
1728 1462 1923 1532 quibus

342 1544 494 1600 ultro
525 1548 735 1604 traditae
764 1552 898 1605 estis
926 1550 992 1604 ad
1020 1548 1435 1621 dcturpandum.
1469 1549 1610 1607 Justi
1635 1551 1781 1609 enim
1818 1552 1919 1608 viri

340 1646 476 1692 sunt
516 1637 569 1692 in
608 1651 675 1693 eo
714 1638 857 1708 quod
900 1638 1199 1708 adnueram
1237 1648 1293 1696 et
1328 1640 1674 1710 parricidam,
1714 1656 1815 1712 me.
1834 1642 1917 1713 jn-

338 1727 507 1783 bente
531 1766 549 1795 ,
604 1728 950 1785 discruciant.
984 1730 1109 1786 llaec
1153 1732 1297 1787 enim
1325 1732 1455 1788 dicit
1496 1732 1753 1791 Dominus
1780 1736 1944 1792 Deus:

2041 566 2058 598 ι
2092 545 2192 600 Fili
2219 547 2474 613 hominis,
2500 548 2676 604 scribe
2721 549 2816 603 tibi
2844 564 3039 604 nomen
3069 551 3174 606 diei
3204 552 3383 625 hujus,
3417 554 3471 609 in
3498 571 3605 626 qua

2039 652 2057 686 ι
2095 635 2443 692 confirmatus
2463 646 2545 692 est
2566 652 2660 692 rex
2682 637 2973 708 Babylonis
2996 642 3279 696 adversum
3305 641 3606 703 Jerusalem

2038 743 2055 776 ι
2094 725 2274 792 hodie,
2304 734 2358 781 et
2396 727 2542 785 dices
2578 744 2675 799 per
2703 731 3044 798 proverbium
3075 733 3140 786 ad
3168 733 3385 788 domum
3427 735 3606 790 irrita-

2037 833 2054 868 ι
2094 816 2281 872 tricem
2311 818 2645 886 parabolam,
2680 827 2735 874 et
2780 819 3016 890 loqueris
3046 821 3113 877 ad
3138 837 3232 879 eos
3261 841 3273 877 :
3308 823 3432 879 ilice
3473 825 3605 882 dicit

2034 928 2052 961 ι
2092 909 2350 964 Dominus
2374 907 2514 963 Deus
2541 926 2553 963 :
2579 908 2724 964 Pone
2741 910 2922 977 ollam,
2939 926 3096 981 pone,
3118 912 3360 983 inquam,
3376 923 3431 968 et
3451 917 3602 971 mitte

2034 1019 2052 1052 ι
2092 1000 2143 1053 in
2170 1013 2289 1054 eam
2309 1015 2526 1070 aquam.
2551 998 2793 1070 Congerc
2817 999 2982 1056 frusta
3004 1000 3119 1070 ejus
3142 1003 3193 1058 in
3214 1018 3356 1070 eam,
3383 1018 3602 1061 onmem

2034 1107 2053 1140 ι
2089 1096 2299 1160 partem
2321 1090 2542 1154 bonam,
2570 1088 2744 1144 femur
2767 1100 2821 1146 et
2849 1107 3077 1157 armum,
3108 1093 3278 1149 electa
3307 1102 3362 1149 et
3390 1094 3602 1151 ossibus

2032 1199 2051 1233 ι
2081 1181 2258 1251 plena.
2328 1181 2746 1253 Pinguissimum
2804 1197 2967 1253 pecus
3029 1198 3281 1250 assume,
3340 1198 3601 1253 compone

2031 1291 2048 1325 ι
2086 1286 2298 1343 quoque
2320 1282 2497 1329 strues
2525 1274 2725 1330 ossium
2756 1274 2854 1328 sub
2875 1288 2955 1328 ea.
2988 1272 3246 1328 Eil‘erbnit
3272 1274 3442 1330 coctio
3460 1272 3597 1343 ejus,

2030 1378 2049 1413 ι
2084 1362 2389 1418 etdiscocta
2417 1372 2542 1419 sunt
2563 1362 2839 1418 ossaillius
2865 1363 2919 1417 in
2953 1364 3129 1418 medio
3156 1361 3290 1431 ejus,
3316 1373 3597 1434 propterea

2030 1467 2049 1501 ι
2087 1450 2203 1505 haec
2229 1451 2351 1507 dicit
2386 1451 2644 1507 Dominus
2685 1453 2863 1507 Deus:
2901 1452 2991 1507 Vae
3034 1451 3235 1507 civitati
3273 1453 3595 1523 sanguinnm

2029 1560 2047 1593 ι
2080 1539 2262 1605 οοιιω,
2305 1541 2458 1612 cujus
2508 1542 2698 1613 rubigo
2723 1541 2777 1596 in
2820 1557 2882 1597 ea
2906 1550 3008 1607 est,
3036 1549 3089 1595 et
3128 1542 3316 1612 rubigo
3341 1540 3459 1611 ejus
3487 1557 3592 1598 non

2026 1646 2048 1684 ι
2082 1631 2252 1686 exivit
2287 1631 2354 1686 de
2379 1646 2462 1686 ea.
2509 1631 2614 1686 Per
2642 1638 2822 1702 partes
2847 1639 2903 1686 et
2948 1645 3046 1702 per
3073 1640 3254 1702 partes
3288 1646 3415 1686 snas
3462 1631 3598 1703 ejice

2029 1740 2048 1774 ι
2094 1737 2236 1779 eam.
2274 1723 2392 1781 Non
2430 1724 2625 1780 cecidit
2674 1740 2835 1796 super
2878 1738 2995 1779 eam
3031 1738 3168 1779 sors.
3213 1723 3442 1794 Sanguis
3481 1721 3598 1791 ejus

337 1817 548 1875 Monitu
597 1820 747 1881 vocis
782 1828 916 1885 tum,
969 1807 1233 1893 congrega
1281 1821 1347 1876 ad
1396 1837 1510 1888 eas,
1545 1836 1579 1877 o
1625 1822 1914 1892 Propheta,

2025 1831 2044 1865 ¢
2079 1813 2223 1869 enim
2260 1813 2314 1868 in
2342 1814 2520 1869 medio
2554 1812 2672 1883 ejus
2720 1824 2824 1880 est,
2855 1828 3019 1884 super
3048 1812 3476 1884 limpidissimam
3504 1827 3599 1881 pe-
3692 1888 3698 1893 ε

339 1907 744 1964 multitudinem
778 1910 1119 1981 populorum,
1157 1920 1214 1973 et
1245 1911 1475 1981 primum
1506 1912 1790 1981 diripiatur
1828 1927 1918 1968 ea-

339 2013 467 2059 rum
498 2000 747 2057 universa
775 2002 1094 2066 substantia,
1137 2003 1330 2058 deinde
1375 2003 1677 2073 lapidentur
1700 2010 1756 2057 et
1782 2018 1914 2058 con-

334 2082 618 2157 [cibantur
639 2091 854 2162 gladiis,
886 2102 944 2147 et
980 2091 1075 2147 filii
1100 2108 1285 2149 earum
1313 2104 1369 2149 et
1398 2093 1522 2149 filia:
1561 2092 1914 2158 trucidentur,

334 2180 608 2239 etdomus
634 2181 878 2238 ardeant.
910 2182 979 2236 Et
1007 2182 1122 2239 hmo
1150 2182 1332 2239 omnia
1362 2181 1513 2249 fient,
1553 2191 1613 2238 ut
1638 2180 1917 2238 auferatur

336 2270 411 2327 de
440 2278 584 2328 terra
624 2271 891 2342 impietas,
928 2280 985 2327 et
1014 2272 1224 2329 discant
1261 2288 1449 2328 omnes
1487 2272 1763 2339 mulieres,
1793 2274 1915 2327 uni-

334 2374 620 2433 versatque
662 2362 952 2433 provincia:
976 2362 1153 2433 poenis
1197 2378 1385 2419 earum
1422 2363 1618 2419 similia
1653 2363 1910 2429 devitarc,

330 2459 402 2529 ut
422 2462 707 2524 postquam
738 2450 1057 2525 receperitis
1080 2471 1200 2526 qua:
1222 2455 1505 2512 meremini
1525 2496 1540 2521 ,
1571 2464 1626 2511 et
1661 2466 1909 2526 portavcc

334 2541 463 2603 ritis
509 2540 717 2600 scelera
759 2542 1021 2599 idolorum
1053 2554 1376 2611 vestrorum,
1417 2553 1541 2599 tunc
1580 2544 1914 2615 cognoscatis

332 2634 487 2706 quod
514 2650 614 2705 ego
642 2637 747 2692 sim
773 2636 1050 2695 Dominus.
1088 2637 1216 2695 Haec
1242 2646 1421 2695 autem
1447 2638 1629 2694 omnia
1657 2647 1913 2708 τροπικῶς

329 2733 394 2784 et
417 2726 519 2782 sub
548 2735 674 2798 typo
696 2727 1065 2783 adulterarum
1086 2727 1233 2785 dicta
1254 2737 1378 2784 sunt
1399 2736 1588 2784 contra
1611 2728 1909 2785 Samariam

328 2827 395 2877 et
418 2818 741 2886 Jerusalem,
772 2820 916 2891 quod
937 2820 1173 2892 Assyriis
1197 2821 1407 2883 tradita:
1429 2829 1593 2892 atque
1623 2820 1909 2887 Clialdzeis,

328 2909 515 2966 ducta:
558 2911 667 2967 sint
710 2911 764 2966 in
789 2912 1181 2982 captivitatem,
1209 2921 1265 2970 et
1300 2914 1460 2969 urbes
1502 2930 1689 2970 earum
1722 2913 1909 2969 incen-

328 2998 426 3055 dio
451 3000 870 3064 concremarint,
896 2999 1166 3058 interfecti
1193 3010 1320 3058 sunt
1344 3003 1525 3074 populi
1561 3005 1653 3074 qui
1675 3019 1773 3075 pro
1800 3005 1910 3061 Deo

325 3087 643 3145 Monum
679 3089 969 3147 simulacra
997 3092 1239 3149 venerati
1275 3101 1419 3151 sunt.
1449 3092 1682 3150 Possunt
1711 3095 1828 3152 haec
1855 3104 1911 3152 et

2025 1918 2044 1951 ι
2083 1905 2223 1956 tram
2247 1897 2435 1955 elfudit
2470 1899 2638 1955 illum.
2669 1900 2783 1956 Non
2810 1899 2999 1955 effudit
3027 1900 3174 1955 illum
3202 1916 3363 1970 super
3392 1911 3596 1956 terram

2024 2009 2044 2044 ι
2075 1999 2136 2047 ιιι
2163 1992 2331 2064 possit
2351 1992 2551 2063 operiri
2577 1992 2818 2064 pulvere,
2849 1992 3333 2064 utsuperducerem
3345 1992 3594 2069 indigna-

2024 2098 2044 2134 ι
2079 2082 2282 2139 tionem
2379 2097 2578 2149 meam,
2605 2090 2660 2139 et
2687 2082 2922 2137 vindicta
2962 2080 3275 2138 ulciscerer.
3304 2081 3435 2139 Dedi
3466 2097 3594 2139 san-

2024 2188 2044 2223 ι
2088 2172 2307 2243 guinem
2331 2171 2448 2243 ejus
2479 2165 2641 2243 super
2667 2182 2874 2244 petram
2902 2172 3337 2244 limpidissimam
3366 2190 3433 2229 ne
3461 2188 3593 2245 cpe-

2023 2283 2041 2315 ι
2081 2264 2301 2318 riretur.
2347 2263 2638 2334 Propterea
2675 2266 2790 2321 haec
2826 2265 2958 2320 dicit
2985 2264 3240 2320 Dominus
3281 2263 3465 2320 Deus:
3502 2266 3593 2322 Va:

2024 2373 2043 2406 ι
2080 2343 2288 2410 civitati
2335 2357 2658 2426 sanguinum
2691 2398 2706 2422 ,
2751 2356 2900 2426 cujus
2948 2370 3047 2426 ego
3087 2356 3343 2426 grandem
3398 2354 3592 2411 faciam

2022 2463 2041 2497 ι
2078 2460 2289 2518 pyram.
2321 2444 2564 2517 Congere
2583 2461 2726 2512 ossa,
2759 2462 2879 2517 qua:
2907 2447 3029 2516 igne
3058 2445 3398 2501 succendam.
3449 2445 3594 2503 Con-

2023 2556 2042 2590 ι
2076 2547 2359 2594 sumentur
2393 2553 2608 2601 carnes,
2648 2549 2704 2594 et
2730 2545 3098 2607 coneoquetur
3154 2537 3403 2594 universa
3440 2554 3589 2595 com-

2023 2649 2040 2682 ‹
2076 2630 2290 2701 positio,
2315 2638 2372 2686 et
2392 2644 2517 2685 ossa
2543 2629 2842 2686 tabescent.
2872 2627 3018 2683 Pone
3044 2642 3258 2699 quoque
3280 2643 3401 2683 eam
3426 2643 3593 2697 super

2021 2742 2039 2776 c
2075 2738 2278 2794 prunas
2306 2738 2552 2788 vacuam,
2581 2729 2641 2778 ut
2678 2722 2970 2779 incalescat
2999 2730 3054 2777 et
3081 2721 3320 2792 liquefiat
3353 2737 3427 2778 ωε
3451 2719 3589 2792 ejus,

2022 2832 2040 2866 ι
2075 2821 2130 2869 et
2158 2813 2419 2870 conlletur
2441 2815 2495 2869 in
2521 2814 2699 2869 medio
2722 2813 3186 2883 inquinamentum
3214 2811 3353 2882 ejus,
3382 2820 3437 2870 et
3458 2828 3587 2870 con-

2020 2924 2040 2958 c
2076 2915 2322 2969 sumatur
2354 2908 2543 2979 rubigo
2595 2905 2732 2975 ejus.
2771 2904 2938 2961 Multo
2966 2905 3148 2962 labore
3186 2907 3433 2963 sudatum
3477 2917 3584 2976 est,

2022 3016 2040 3049 ι
2073 3003 2128 3055 et
2170 3012 2277 3052 non
2304 2997 2476 3053 exivit
2515 2998 2582 3055 de
2609 3012 2674 3053 ea
2714 2998 2880 3053 nimia
2916 2998 3107 3067 rubigo
3129 2994 3264 3066 ejus,
3291 3012 3465 3070 neque
3488 3011 3591 3069 per

2022 3105 2041 3139 ι
2072 3087 2269 3159 ignem.
2298 3086 2643 3144 lmmunditia
2657 3097 2747 3143 tua
2759 3087 3129 3154 exsecrabilis,
3146 3087 3273 3157 quia
3292 3088 3587 3147 emundare

324 3188 459 3251 post
496 3180 785 3236 adventum
826 3179 1028 3236 Clu-isti
1070 3181 1332 3253 intelligi,
1363 3183 1504 3252 quod
1547 3183 1650 3238 viri
1678 3182 1810 3252 justi
1846 3187 1912 3241 de
1941 3159 1985 3221 Ο
2022 3196 2042 3230 ι
2077 3186 2129 3233 te
2152 3178 2316 3244 volui,
2359 3187 2414 3235 et
2459 3193 2569 3235 non
2593 3191 2652 3234 es
2692 3178 2948 3233 mundata
2976 3192 3008 3233 a
3032 3177 3283 3235 sordibus
3325 3178 3449 3235 tuis.
3479 3177 3584 3236 Sed

323 3272 545 3344 populis
565 3271 844 3327 nationum
867 3272 966 3344 ipsi
993 3272 1364 3329 Samaritanos
1386 3281 1441 3329 et
1460 3271 1674 3331 Iudaeos
1694 3290 1912 3347 compa-

322 3364 546 3422 ratione
571 3364 653 3419 sui
677 3362 939 3433 judicent,
967 3375 1021 3420 et
1054 3365 1275 3420 tradant
1302 3379 1396 3420 eos
1426 3366 1496 3419 ad
1522 3364 1908 3431 devorandum,

325 3454 533 3527 quibus
554 3455 813 3513 Dominus
838 3455 1088 3511 dixerat:
1120 3474 1139 3505 ι
1170 3454 1525 3526 Relinquetur
1548 3457 1701 3513 vobis
1721 3458 1912 3514 domus

328 3556 514 3603 vestra
542 3547 756 3604 deserta
785 3546 1002 3620 (Manli.
1027 3547 1205 3620 χχιιι).
1238 3566 1258 3600 ι
1294 3548 1363 3602 Et
1385 3566 1405 3600 ι
1431 3549 1646 3618 quando
1666 3548 1912 3605 videritis

326 3638 659 3695 circumdari
689 3639 757 3693 ab
783 3637 1027 3693 exercitu
1056 3636 1373 3704 Jerusalem,
1417 3639 1609 3695 scitote
1656 3638 1782 3710 quia
1815 3654 1911 3710 ψη

325 3730 661 3803 propinquat
676 3729 938 3786 desolatio
956 3729 1093 3800 ejus.
1118 3751 1136 3783 ι
1160 3729 1341 3801 Usque
1358 3730 1517 3787 hodie
1535 3731 1680 3787 enim
1701 3730 1908 3789 adure.

330 3832 469 3881 rata:
507 3830 655 3887 sunt,
692 3830 748 3877 et
789 3822 953 3879 totius
994 3823 1144 3879 orbis
1190 3822 1461 3894 lapidibus
1509 3824 1907 3894 opprimuntur.

329 3909 599 3979 Quoniam
624 3911 892 3969 miserunt
926 3913 1142 3968 nuntios
1171 3911 1237 3967 ad
1262 3927 1355 3969 eos
1398 3913 1490 3984 qui
1519 3921 1675 3969 erant
1697 3913 1908 3984 procul,

328 4011 390 4058 et
426 4002 610 4059 dicere
638 4017 745 4063 non
775 4011 1044 4073 poterant,
1074 4021 1095 4055 ι
1136 4004 1249 4075 Ego
1285 4004 1429 4061 Deus
1452 4005 1908 4076 appropinquans,

327 4102 390 4149 et
416 4107 523 4148 non
546 4094 615 4150 de
645 4094 821 4165 longe,
845 4094 975 4151 dicit
999 4095 1278 4162 Dominus,
1312 4114 1332 4149 ι
1382 4103 1440 4150 et
1469 4103 1910 4167 praeparaverunt

326 4198 395 4241 se
436 4185 770 4241 amatoribus
814 4186 927 4242 suis
969 4185 1325 4252 daemonibus,
1359 4193 1415 4242 et
1445 4200 1661 4241 omnem
1704 4186 1906 4242 cultum

326 4280 499 4345 atque
553 4283 827 4341 ornatum,
873 4290 1034 4345 quem
1088 4290 1119 4329 a
1169 4274 1280 4331 Deo
1307 4284 1631 4347 acceperant
1673 4274 1907 4332 naturali

327 4365 496 4431 bono,
526 4374 807 4421 verterunt
834 4365 888 4421 in
922 4366 1123 4422 cultum
1155 4366 1476 4421 dmmonum.
1520 4366 1589 4421 Et
1614 4381 1779 4436 opera
1807 4380 1906 4423 sua

325 4456 692 4526 decoremque
723 4471 882 4526 quem
918 4458 971 4511 in
1004 4457 1233 4513 armillis
1269 4466 1324 4512 et
1359 4457 1660 4514 diademate
1702 4456 1906 4513 intellio

2018 3286 2039 3319 ι
2072 3283 2172 3324 nec
2218 3269 2564 3325 mundaberis
2613 3268 2788 3339 prius,
2839 3268 3011 3323 donec
3061 3268 3343 3338 quiescere
3391 3268 3587 3325 faciam

2018 3375 2037 3408 ι
2079 3356 2502 3427 indignationem
2531 3372 2709 3413 meam
2754 3358 2810 3413 in
2851 3366 2922 3413 te.
2949 3358 3063 3429 Ego
3087 3359 3348 3423 Dominus
3376 3361 3590 3417 locutus

2017 3464 2036 3499 ι
2077 3462 2220 3502 sum.
2262 3446 2453 3523 Veniet
2469 3446 2756 3514 etfaciam,
2778 3463 2887 3504 non
2917 3448 3182 3515 transibo,
3203 3464 3305 3505 nec
3341 3464 3581 3519 parcam,

2019 3554 2039 3588 ι
2074 3551 2176 3593 nec
2206 3537 2481 3608 placabor.
2508 3535 2670 3593 Juxta
2716 3537 2834 3595 vias
2864 3545 3011 3605 tuas,
3055 3546 3111 3594 et
3141 3537 3296 3608 juxta
3319 3539 3581 3603 adiuven-

2017 3647 2038 3681 ι
2079 3628 2254 3685 tiones
2285 3636 2404 3683 tuas
2437 3626 2674 3697 jndicavi
2701 3636 2781 3696 te,
2807 3630 2938 3686 dicit
2966 3629 3247 3694 Dominus,
3283 3648 3303 3682 ι
3338 3636 3442 3685 etc.
3494 3628 3586 3684 Di-

2012 3733 2199 3777 camus
2241 3735 2371 3790 ergo
2427 3720 2493 3775 de
2540 3720 2770 3792 singulis
2808 3740 2820 3775 :
2858 3719 3010 3777 Nono
3065 3735 3208 3776 anno
3255 3714 3588 3792 captivitatis

2012 3811 2156 3883 regis
2179 3809 2443 3881 Joachim,
2483 3812 2673 3882 quinto
2696 3813 2841 3866 enim
2862 3827 3090 3869 exorsus
3111 3821 3198 3868 est
3234 3813 3493 3883 propheta
3503 3828 3580 3881 re,

2010 3909 2067 3956 et
2095 3901 2304 3957 decimo
2356 3916 2540 3957 mense
2590 3899 2830 3971 ejusdem
2882 3903 3011 3958 noni
3048 3902 3198 3968 anni,
3239 3902 3447 3960 decima
3500 3904 3588 3960 dio

2012 3992 2215 4047 mensis
2253 3990 2472 4057 decimi,
2501 3990 2701 4048 factum
2737 4000 2824 4048 est
2858 3992 3084 4049 verbum
3112 3993 3324 4051 Domini
3355 3993 3421 4049 ad
3453 3993 3587 4050 Eze-

2011 4081 2154 4139 chiel
2190 4082 2506 4152 prophetam
2556 4082 2610 4137 in
2639 4081 2927 4155 Babylonis
2964 4083 3274 4153 regionibus
3320 4084 3583 4141 constitu-

2013 4180 2148 4227 tum.
2175 4170 2243 4227 Et
2267 4170 2405 4226 dixit
2427 4171 2500 4237 ei,
2532 4169 2632 4225 Fili
2654 4171 2913 4237 hominis,
2940 4172 3117 4227 scribe
3146 4172 3242 4229 tibi
3266 4172 3405 4229 hanc
3432 4188 3583 4229 eam-

2011 4260 2133 4318 dem
2157 4260 2325 4326 diem,
2364 4269 2422 4317 et
2448 4261 2586 4318 scito
2607 4262 2749 4333 quod
2778 4259 3201 4343 rex/Babylonis
3233 4260 3392 4317 hodie
3419 4263 3471 4317 in
3502 4276 3588 4316 re-

2009 4353 2168 4425 gione
2187 4350 2373 4409 Iudaea
2400 4353 2681 4410 obsidione
2720 4354 2924 4424 ceperit
2949 4350 3266 4418 Jerusalem,
3303 4360 3359 4406 et
3382 4351 3585 4407 vallare

2011 4460 2132 4503 eam
2161 4443 2426 4501 exercitu.
2466 4442 2535 4498 Et
2572 4443 2909 4499 obsidionem
2936 4440 3095 4495 istam
3127 4454 3226 4510 per
3270 4439 3582 4511 parabolam

324 4547 530 4618 gimus,
575 4546 833 4602 adulteris
879 4546 1211 4603 amatoribus
1254 4548 1630 4617 prtebuerunt,
1677 4562 1906 4617 quorum

2021 4535 2260 4593 describe
2291 4542 2455 4606 atque
2501 4533 2868 4605 proverbium,
2917 4545 3038 4602 quae
3083 4530 3137 4587 in
3167 4532 3418 4602 pra‘senti
3466 4531 3587 4588 loco

322 4650 493 4706 pruna
540 4637 788 4708 gentibus
839 4637 1119 4703 timorem,
1163 4637 1274 4691 imo
1316 4637 1400 4692 bis
1432 4637 1525 4706 qui
1565 4652 1630 4692 cx
1662 4637 1909 4707 gentibus

323 4729 695 4796 crediderunt,
725 4745 792 4786 ne
820 4729 1017 4785 similia
1045 4728 1340 4798 patiantur,
1368 4728 1412 4782 si
1439 4742 1502 4782 ea
1541 4727 1767 4783 fecerint
1788 4743 1910 4798 quae

325 4820 583 4881 Samaria
630 4823 759 4881 fecit
792 4834 848 4880 et
880 4822 1249 4892 Hierusalem;
1301 4838 1332 4877 a
1361 4823 1558 4892 quibus
1601 4832 1729 4879 tunc
1759 4822 1909 4879 aufe-

330 4920 524 4968 rentur
563 4914 891 4986 impietates,
940 4931 1063 4970 cum
1112 4915 1420 4986 receperint
1461 4914 1666 4970 scelera
1700 4929 1819 4979 sua,
1852 4923 1907 4972 et

328 5003 576 5058 velamen
601 5004 745 5075 quod
771 5005 1005 5075 positum
1027 5013 1111 5062 est
1130 5014 1258 5061 ante
1283 5006 1490 5060 vultum
1518 5005 1686 5078 Moysi
1710 5007 1909 5081 (Exod.

329 5094 523 5166 nam)
578 5094 900 5151 abstulerint
941 5096 1010 5151 ab
1056 5097 1231 5153 oculis
1280 5097 1434 5162 suis,
1477 5105 1538 5152 ut
1584 5107 1913 5167 cognoscant

328 5187 478 5259 quod
516 5187 630 5258 ipse
657 5187 731 5243 sit
753 5187 1011 5244 Dominus
1046 5189 1208 5245 Jesus
1229 5188 1481 5246 Christus
1512 5204 1672 5259 quem
1699 5189 1799 5245 Dei
1825 5190 1911 5244 Fi-

328 5279 467 5334 lium
503 5287 833 5349 negaverunt
863 5277 949 5350 (II
976 5277 1102 5334 Cor.
1133 5279 1237 5351 ιιι).

900 5394 1129 5453 CAPUT
1158 5393 1344 5450 XXIV.

330 5486 448 5547 Per
473 5490 632 5545 ollam
661 5490 997 5560 liquefactam
1049 5488 1298 5560 probatur
1343 5486 1640 5560 incendium
1687 5484 1912 5560 Jerusa-

404 5561 545 5615 lem:
579 5556 828 5632 pmdicdt
870 5556 1075 5632 quoque
1124 5557 1372 5632 populum
1408 5556 1823 5625 interﬁciendum
1863 5562 1912 5608 et

403 5628 777 5702 “privandum
805 5628 897 5702 per
927 5628 1430 5685 Nabuchodonosor.

412 5762 434 5799 ι
460 5744 527 5799 Et
564 5743 763 5800 factmu
809 5753 895 5799 est
932 5730 1155 5800 verbum
1187 5739 1396 5797 Domini
1425 5739 1494 5795 ad
1538 5752 1629 5794 me
1664 5738 1719 5793 in
1769 5754 1914 5793 anno

2013 4630 2387 4701 metaphoram
2416 4668 2431 4692 ,
2492 4625 3005 4693 translationemque
3060 4621 3344 4693 signiﬁcat.
3404 4623 3549 4679 Pone
3569 4664 3586 4681 .

2012 4719 2210 4790 inquit,
2245 4718 2406 4774 ollam
2428 4730 2654 4780 aeneam,
2673 4714 2725 4768 id
2751 4721 2835 4769 est
2848 4712 3100 4779 lebetem,
3128 4720 3182 4766 et
3213 4712 3365 4768 mitto
3388 4712 3441 4767 in
3464 4727 3585 4768 eam

2013 4827 2231 4882 aquam,
2262 4819 2318 4865 et
2348 4806 2822 4881 pinguissimorum
2867 4804 3224 4860 animantium
3267 4820 3429 4861 omne
3461 4820 3583 4862 ecr-

2009 4927 2109 4983 pus
2131 4911 2185 4965 in
2218 4908 2391 4965 frusta
2419 4906 2665 4971 concide,
2698 4913 2807 4961 tam
2836 4904 3034 4970 femur,
3078 4921 3240 4976 quam
3266 4921 3394 4962 erus
3415 4916 3471 4961 et
3490 4922 3578 4961 ar-

2015 5017 2182 5067 mum,
2232 5014 2530 5069 carnesque
2576 4998 2863 5067 diligenter
2908 4997 2975 5051 ab
3021 4998 3237 5053 ossibus
3277 5012 3487 5068 separa.
3521 4997 3587 5052 Et

2011 5093 2267 5149 carnibus
2292 5089 2471 5147 missis
2514 5091 2570 5145 in
2614 5088 2845 5144 lebetem
2875 5104 2999 5146 ossa
3039 5103 3178 5157 pone
3213 5089 3299 5144 vel
3324 5104 3586 5158 compone

2012 5184 2112 5241 sub
2140 5183 2333 5249 lebete,
2352 5190 2407 5237 et
2426 5181 2512 5236 fac
2539 5189 2720 5236 strues
2749 5188 2806 5235 et
2830 5179 3075 5235 cumulos
3098 5180 3320 5242 ossium,
3347 5188 3405 5233 ut
3427 5177 3581 5232 effer-

2015 5283 2199 5331 vescat
2245 5289 2352 5329 non
2384 5272 2572 5337 semel,
2606 5271 2700 5327 sed
2742 5270 3053 5341 frequenter
3079 5271 3256 5325 coctio
3282 5268 3494 5331 lebetis,
3527 5278 3586 5323 et

2018 5370 2403 5436 discoquantur
2437 5377 2630 5418 carnes
2655 5361 2999 5422 intrinsecus,
3041 5367 3096 5413 et
3122 5371 3242 5413 ossa
3270 5357 3454 5410 subter
3502 5353 3586 5408 in—
3636 5398 3643 5407 ,

2018 5458 2207 5515 cendio
2217 5462 2652 5511 concrementur.
2674 5451 2768 5508 Vis
2783 5460 2982 5516 autem,
3008 5449 3297 5518 Propheta,
3311 5445 3452 5501 scire
3463 5444 3583 5514 quis

2018 5549 2089 5605 sit
2125 5548 2227 5604 iste
2257 5546 2426 5610 lebes,
2470 5543 2556 5600 vel
2597 5558 2717 5612 qua:
2763 5557 2975 5606 carnes,
3025 5547 3118 5593 aut
3154 5536 3311 5592 ossa?
3337 5535 3582 5604 Loquere

2024 5662 2043 5695 ‹
2074 5643 2211 5706 haec,
2244 5638 2375 5696 dicit
2397 5636 2685 5699 Dominus,
2731 5634 2820 5689 Vm
2858 5632 3067 5689 civitati
3109 5628 3450 5699 sanguinum,
3480 5648 3499 5679 ι
3533 5627 3584 5683 id

2017 5743 2122 5796 est,
2149 5729 2467 5794 Jerusalem,
2517 5723 2703 5790 lebeti,
2744 5721 2893 5790 cujus
2926 5720 3134 5790 rubigo,
3165 5719 3217 5772 id
3243 5724 3345 5782 est,
3380 5715 3581 5771 malitia
