3954 6182
396 346 517 400 "iiii

1055 342 1116 397 Β.
1153 338 1402 397 RABANI
1440 339 1658 397 MAUBI
1690 338 2007 396 ARCliiEP.
2051 334 2358 394 MOGUNT.
2398 333 2683 392 OPERUM
2721 333 2900 390 PARS
2937 334 3002 389 il.

3555 335 3659 389 75%

406 456 586 511 mimia
608 464 708 517 est,
731 464 784 511 ct
808 454 933 509 licet
952 453 1089 525 ignis
1116 454 1423 523 suppositus
1457 452 1550 515 sit,
1583 442 1980 521 tamcnrubigo
2012 454 2053 508 Α
2083 464 2191 503 non
2217 446 2559 516 compluitur,
2589 446 2681 500 sed
2719 444 2961 501 sentibus
2994 454 3304 517 occupatur.
3336 446 3532 504 Postea
3557 451 3658 505 sub

404 547 538 618 eius
560 562 666 601 non
707 545 872 601 exivit
900 545 966 597 de
1017 557 1100 598 ca.
1136 542 1625 597 Perseveraverunt
1651 542 1794 596 enim
1819 541 1981 596 etiam

406 637 565 707 capti
606 644 765 705 atque
796 632 1023 689 cruciati
1069 633 1122 687 in
1147 632 1377 701 pristino
1424 630 1647 686 scelere.
1676 630 1780 685 Per
1801 640 1985 707 partes

421 734 481 781 et
502 723 808 795 singillatim
823 722 1121 795 consumite
1147 737 1284 786 eam,
1317 736 1475 775 nemo
1506 728 1781 777 remaneat
1812 721 1863 775 in
1895 735 1984 775 sa-

413 814 609 869 lutem.
642 832 660 863 ι
696 812 810 867 Non
841 813 1035 867 cecidit
1083 828 1244 882 super
1275 826 1393 867 eam
1432 826 1569 874 sors,
1602 831 1621 864 ι
1648 820 1707 867 ιιι
1731 812 1820 866 alii
1864 828 1987 883 per-

414 904 565 958 irent
593 910 686 969 ,et
729 902 818 957 alii
879 902 1235 966 salvarentur,
1292 901 1385 957 sed
1434 902 1643 957 cunctis
1687 902 1989 958 communis

422 999 571 1054 venit
617 997 884 1060 interitus,
921 1016 939 1047 ‹
966 995 1182 1065 sanguis
1228 994 1371 1048 enim
1400 994 1539 1063 ejus,
1581 1012 1600 1045 ι
1654 993 1706 1047 id
1737 1002 1842 1059 est,
1891 992 1989 1049 bo-

424 1087 638 1141 micidia
673 1126 688 1150 ,
723 1094 777 1140 et
810 1085 1041 1139 filiorum
1079 1098 1238 1138 neces
1272 1101 1291 1133 ι
1329 1083 1381 1137 in
1405 1083 1583 1137 medio
1617 1082 1757 1139 illius
1784 1092 1928 1139 sunt.
1963 1103 1982 1136 ι

423 1174 592 1241 Quem
618 1174 928 1245 sanguinem
968 1192 985 1224 ι
1020 1170 1205 1227 eﬂ'udit
1234 1186 1396 1240 super
1431 1170 1857 1240 limpidissimam
1891 1186 1985 1240 pe-

426 1272 559 1318 tram
587 1305 601 1329 ,
641 1284 659 1317 ι
696 1272 756 1318 ιιι
797 1270 1005 1334 pateret
1056 1260 1304 1316 omnibus
1351 1274 1451 1314 nec
1504 1266 1644 1314 terra
1687 1261 1992 1329 operiretur

425 1362 517 1407 aut
537 1353 778 1425 pulvere,
802 1370 868 1407 ne
913 1352 1191 1416 transiret,
1228 1350 1479 1406 videlicet
1521 1350 1820 1420 indignatio
1847 1366 1986 1416 mea,

421 1445 518 1499 sed
548 1459 708 1514 super
732 1443 1127 1513 apertissimum
1158 1441 1472 1512 sanguinem
1496 1440 1628 1496 ultio
1654 1448 1985 1512 prOperaret.

426 1533 639 1588 Naturae
670 1541 755 1588 est
797 1534 938 1586 enim
966 1539 1025 1586 ut
1057 1531 1101 1586 si
1132 1530 1351 1601 sanguis
1379 1530 1636 1584 fundatur
1664 1531 1718 1585 in
1766 1539 1986 1594 terram,

423 1626 693 1681 combibat
727 1627 921 1680 humus
958 1624 1232 1678 humorem
1266 1622 1570 1693 sanguinis,
1626 1622 1707 1677 vel
1733 1622 1988 1692 paulatim

412 1728 569 1772 viverra
615 1717 889 1786 operiatur
922 1723 976 1770 et
1024 1714 1261 1785 pulvere.
1300 1712 1432 1768 Cum
1462 1723 1638 1770 autem
1667 1730 1828 1785 super
1844 1716 1989 1777 Jim-

2085 537 2303 592 nomine
2329 538 2552 591 duarum
2583 551 2826 590 summm
2853 535 3016 591 Oollae
3039 544 3093 590 et
3129 535 3353 597 Ooiihrc.
3394 538 3659 595 Samaria}

2083 636 2140 682 et
2183 626 2484 683 Jerusalem
2538 635 2753 697 peccata
2807 636 3123 693 narrantur,
3151 630 3420 698 quomodo
3455 631 3545 687 illa
3590 633 3662 688 sit

2084 725 2237 787 capta
2264 725 2321 773 et
2368 718 2471 772 ista
2520 717 2796 787 capienda.
2837 718 2916 772 Ad
2956 727 3258 773 extremum
3308 735 3450 775 nono
3491 737 3655 776 anno.

2086 808 2294 863 decimo
2343 822 2528 862 mense
2559 848 2574 871 ,
2606 808 2812 862 decima
2849 808 2938 862 die
2967 809 3170 865 mensis
3196 850 3211 871 ,
3242 809 3296 863 in
3344 812 3659 881 captivitate

2085 900 2262 969 posito
2283 898 2550 963 Ezechiel,
2578 908 2632 953 et
2662 900 2743 953 his
2764 900 2853 970 qui
2883 915 3003 954 cum
3031 916 3096 956 eo
3120 909 3297 966 erant,
3322 905 3662 962 tradiderunt

2088 1004 2147 1044 se
2193 1004 2313 1043 cum
2364 1004 2488 1059 rege
2530 987 2825 1053 Jechonia,
2879 989 3180 1045 ostenditur
3225 1006 3330 1062 qua
3388 992 3476 1048 die
3531 993 3665 1050 urbs

2088 1078 2313 1148 cmperit
2351 1079 2607 1143 obsideri,
2651 1087 2707 1134 ct
2747 1081 3041 1135 similitudo
3092 1081 3277 1137 lebetis
3314 1086 3556 1153 ponitur,
3600 1095 3663 1140 ut

2087 1168 2354 1239 quomodo
2397 1183 2588 1224 carnes
2630 1176 2686 1222 et
2728 1184 2849 1223 ossa
2888 1179 3139 1239 congesta
3185 1172 3237 1225 in
3288 1172 3520 1228 lcbetem
3571 1175 3657 1230 in-

2088 1259 2279 1314 oendio
2326 1262 2757 1322 concremantur,
2804 1259 2884 1313 sic
2919 1267 3111 1313 cuncta
3167 1261 3357 1317 civitas
3391 1279 3517 1317 cum
3549 1264 3663 1319 suis

2090 1348 2372 1403 interitura
2399 1348 2469 1403 sit
2501 1348 2726 1425 civibus,
2749 1357 2804 1402 et
2835 1348 3010 1402 nullus
3048 1359 3326 1403 remaneat
3349 1366 3541 1405 eorum
3573 1355 3663 1423 qui

2088 1437 2292 1492 obsessi
2338 1446 2483 1502 sunt,
2512 1437 2603 1507 qui
2639 1437 2697 1491 in
2725 1437 2886 1500 fame,
2933 1437 3130 1508 gladio,
3180 1439 3486 1509 pestilentia
3534 1456 3664 1496 con-

2090 1535 2391 1591 sumantur,
2413 1535 2471 1582 et
2496 1542 2622 1597 pars
2646 1527 2851 1597 reliqua
2877 1530 3086 1599 captiva
3127 1530 3355 1584 ducatur
3383 1533 3437 1584 in
3484 1531 3665 1603 Baby-

2090 1621 2287 1677 lonem.
2314 1621 2497 1677 Potest
2540 1623 2656 1676 haec
2680 1623 2866 1676 eadem
2904 1623 3205 1694 prepbetia,
3237 1632 3293 1678 et
3340 1624 3408 1677 ad
3451 1632 3666 1693 tempus

2089 1711 2362 1779 pertinuere
2410 1709 2697 1765 Dominicae
2732 1711 3023 1780 passionis»
3053 1720 3274 1782 propter
3312 1728 3474 1783 quam
3504 1728 3666 1767 exer-

419 1805 754 1875 pidissimam
799 1812 1042 1874 petram,
1078 1812 1132 1858 et
1177 1802 1376 1856 nullam
1415 1802 1700 1857 habentem
1753 1801 1984 1868 foveam,
2017 1789 2198 1854 Bcitu
2243 1799 2573 1854 circumdata
2627 1810 2710 1856 est
2765 1801 3087 1868 Jerusalem,
3140 1812 3195 1857 et
3248 1803 3517 1858 interfecti
3569 1804 3665 1859 lilii

421 1902 640 1972 sanguis
686 1899 848 1954 fuerit
890 1897 1108 1960 eli‘usus,
1141 1896 1339 1950 labitur
1372 1905 1426 1951 et
1458 1895 1620 1950 latam
1652 1895 1861 1951 obtinet
1905 1911 1990 1951 se-

412 1995 564 2049 dem.
593 1992 706 2047 Hoc
730 1999 911 2045 autem
956 1990 1158 2044 indicat
1182 1989 1321 2057 quod
1364 2003 1471 2042 non
1520 1988 1748 2052 occulta,
1777 1988 1870 2041 sed
1898 2003 1992 2058 pu-

406 2082 559 2137 ’blica
589 2080 777 2135 fecerit
801 2079 1112 2141 homicidia,
1142 2078 1439 2131 secundum
1471 2076 1599 2132 illud
1625 2076 1765 2148 quod
1796 2077 1992 2133 dicitur

421 2172 491 2226 ad
522 2171 654 2226 Cain
686 2187 702 2223 :
731 2188 749 2221 ι
787 2168 1016 2239 Sanguis
1056 2167 1241 2221 fratris
1274 2168 1347 2221 tui
1386 2167 1583 2221 clamat
1616 2169 1684 2222 ad
1718 2181 1803 2221 mc
1835 2163 1986 2238 (Gen.

426 2263 522 2331 tv).
557 2281 576 2312 ι
602 2260 893 2331 Propterea
918 2257 1005 2313 die
1026 2258 1230 2312 civitati
1256 2256 1552 2326 sanguinis,
1579 2257 1672 2312 sed
1699 2271 1804 2312 non
1830 2257 1990 2314 unius

418 2349 718 2422 sanguinis,
748 2347 841 2404 sed
889 2347 1177 2401 multorum
1206 2363 1219 2399 :
1256 2364 1275 2397 ι
1311 2345 1450 2401 Ecce
1492 2359 1590 2415 ego
1644 2347 1903 2418 grandem
1932 2349 1987 2402 in

410 2451 477 2498 4e
505 2455 691 2513 pyram
713 2438 929 2505 faciam,
962 2456 981 2490 ι
1008 2437 1140 2499 sive,
1165 2436 1388 2491 educam
1425 2443 1646 2501 torrem,
1671 2450 1830 2506 quem
1860 2436 1980 2490 vul-

404 2549 521 2606 «gns
543 2533 784 2589 titionem
812 2538 989 2596 vocat,
1011 2537 1066 2585 et
1086 2544 1191 2584 non
1223 2528 1394 2584 solum
1417 2541 1612 2583 carnes
1635 2526 1689 2582 in
1717 2535 1770 2582 te
1799 2526 1988 2584 molles

420 2630 477 2680 et
497 2631 732 2687 teneras,
754 2621 853 2676 sub
869 2619 1155 2676 durissima
1174 2632 1297 2674 ossa
1316 2631 1528 2688 quoque
1547 2617 1626 2673 sic
1645 2617 1987 2686 succendam,

418 2720 486 2768 ut
502 2711 636 2766 nihil
666 2711 719 2765 in
748 2719 798 2766 te
826 2698 1105 2765 remaneat
1125 2710 1265 2778 quod
1287 2723 1393 2764 non
1422 2717 1693 2764 cremetur
1722 2709 1985 2765 incendio.

407 2801 664 2871 Cumque
691 2812 748 2856 et
769 2814 962 2855 carnes
986 2808 1041 2854 et
1067 2813 1188 2853 ossa
1222 2807 1535 2868 consumpta
1567 2797 1766 2855 fuerint
1792 2807 1843 2853 et
1871 2814 1990 2855 cre-

412 2902 590 2958 mata,
630 2893 804 2963 ipsum
831 2891 1061 2963 iebetem
1086 2903 1313 2945 vacuum
1339 2905 1479 2959 pone
1501 2904 1663 2960 super
1682 2906 1901 2961 prunas,
1930 2900 1992 2948 ut

412 2998 501 3039 ms
527 2996 741 3055 quoque
788 2979 929 3034 illius
975 2980 1215 3034 tabescat
1269 2987 1324 3034 et
1375 2987 1723 3036 consumatur
1755 2999 1768 3034 :
1799 2991 1854 3036 et
1880 2997 1989 3039 tere

418 3081 744 3144 consumpto
800 3072 993 3141 rubigo
1038 3086 1257 3142 quoque
1310 3071 1449 3127 illius
1498 3081 1720 3142 pereat,
1774 3074 1830 3130 id
1872 3084 1986 3141 est,

426 3168 648 3221 civitate
671 3163 919 3220 incendio
964 3174 1324 3227 concremata,
1349 3163 1552 3219 malitia
1579 3179 1702 3219 eum
1731 3165 1865 3222 urbe
1884 3167 1989 3224 dis-

425 3263 630 3326 pereat.
665 3252 769 3309 Sed
814 3250 942 3323 quid
987 3252 1205 3321 prodest
1259 3251 1451 3309 fecisse
1488 3254 1629 3324 quod
1648 3252 1854 3323 iussum
1886 3265 1990 3323 est,

422 3358 614 3415 neper
642 3345 820 3415 ignem
867 3342 1084 3412 quidem
1120 3342 1309 3412 rubigo
1360 3350 1522 3413 atque
1564 3344 1766 3398 malitia
1808 3343 1994 3401 lebetis

429 3444 483 3491 et
505 3435 657 3491 urbis
705 3432 881 3504 potuit
905 3430 1129 3497 auferri,
1160 3441 1216 3486 et
1260 3442 1540 3503 permanet
1566 3434 1619 3488 in
1650 3447 1713 3487 ea
1764 3434 1993 3489 immun-

427 3527 557 3584 ditia
596 3526 822 3582 scelesta
848 3532 904 3580 et
940 3523 1307 3579 exsecrabilis.
1337 3523 1451 3580 Hoc
1479 3524 1623 3580 enim
1657 3525 1876 3580 Zemma
1915 3526 1991 3580 sic

420 3617 664 3689 gniﬁcat,
694 3623 752 3671 et
788 3614 1167 3685 apostropham
1192 3614 1262 3668 ad
1292 3614 1466 3684 ipsum
1500 3613 1752 3680 lebetem,
1792 3615 1843 3670 id
1886 3626 1991 3683 est,

416 3707 491 3762 ad
530 3708 701 3777 ipsam
753 3706 962 3770 urbem,
993 3702 1124 3759 facit
1151 3723 1171 3755 ι
1206 3704 1466 3760 mundare
1496 3712 1547 3759 te
1590 3705 1758 3771 volui,
1806 3715 1859 3761 et
1885 3722 1991 3761 non

420 3815 482 3856 es
510 3799 762 3855 mundata
788 3798 1035 3854 sordibus
1064 3797 1194 3863 tuis,
1230 3813 1250 3850 ι
1279 3810 1379 3852 nec
1404 3796 1543 3851 ultra
1582 3797 1786 3867 poteris
1806 3804 1993 3854 emun-

424 3892 563 3958 dari,
602 3893 775 3947 donec
804 3891 858 3945 in
901 3900 952 3945 te
997 3888 1294 3958 compleant
1320 3889 1741 3961 indignationem
1768 3905 1942 3945 meam
1973 3904 1988 3944 :

424 3999 521 4053 ego
570 3980 826 4037 Dominus
878 3993 997 4034 sum
1050 3978 1282 4044 locutus,
1304 3986 1359 4033 et
1406 3979 1670 4035 sententia
1710 3995 1829 4036 mea
1882 3995 1990 4035 non

425 4082 603 4144 potest
647 4071 947 4142 prieterire.
984 4069 1144 4124 Venit
1173 4067 1287 4137 iam
1315 4071 1470 4126 urbis
1518 4071 1742 4133 obsidio,
1796 4071 1991 4127 faciam

425 4164 567 4234 quod
610 4162 846 4217 minatus
874 4174 1012 4225 sum,
1065 4172 1165 4213 nec
1198 4159 1467 4225 transibo,
1498 4161 1639 4215 sicut
1670 4175 1811 4230 saepe
1860 4160 1990 4226 feci,

424 4254 625 4310 scelera
658 4262 770 4317 tua,
804 4260 858 4306 et
893 4250 1033 4306 ultra
1072 4266 1178 4304 non
1204 4264 1426 4320 parcam
1450 4291 1465 4315 ,
1497 4265 1598 4331 nec
1621 4251 1876 4322 placabor
1897 4253 1991 4308 tibi

424 4345 584 4401 etiam
630 4343 675 4399 si
722 4342 1159 4414 multiplicaveris
1202 4355 1412 4411 preces.
1458 4340 1563 4398 Sed
1608 4343 1726 4398 vias
1771 4352 1891 4399 tuas
1937 4351 1993 4400 et

2089 1888 2226 1960 ejus,
2253 1897 2309 1945 et
2334 1891 2612 1945 obsidente
2637 1891 2759 1946 Tito
2797 1892 2909 1947 filio
2937 1892 3274 1964 Vespasiani,
3316 1895 3382 1949 ad
3433 1894 3663 1949 salutem

2088 1980 2268 2035 nullus
2311 1981 2482 2036 evasit
2520 1980 2881 2052 templumque
2918 1983 3235 2038 subversum
3294 1993 3404 2049 est,
3451 1992 3509 2038 et
3544 1993 3667 2057 post

2087 2072 2479 2143 quinquaginta
2511 2089 2684 2129 annos
2711 2074 2809 2128 sub
2831 2074 3071 2131 Adriano
3100 2076 3290 2130 civitas
3311 2086 3517 2132 aeterno
3542 2078 3667 2149 igne

2089 2172 2403 2234 consumpta
2421 2174 2523 2220 est.
2551 2164 2876 2221 Przesentem
2902 2175 3082 2222 autem
3098 2167 3466 2237 captivitatem
3492 2183 3667 2238 quan-

2089 2256 2158 2312 do
2196 2256 2446 2311 Ezechiel
2480 2259 2534 2312 in
2568 2257 2838 2330 Babylone
2876 2259 2978 2314 ista
3009 2262 3280 2326 cernebat,
3313 2273 3367 2316 et
3402 2258 3668 2316 Jeremias

2089 2346 2143 2402 in
2171 2348 2435 2417 principio
2457 2348 2605 2418 ponit
2631 2348 2916 2404 voluminis
2943 2349 3025 2405 sui
3053 2367 3067 2402 :
3104 2349 3268 2417 «Quid
3294 2358 3351 2404 tu
3373 2349 3552 2415 vides,
3578 2349 3668 2405 Je-

2090 2438 2300 2493 remia?
2335 2459 2355 2490 ι
2387 2437 2489 2506 Qui
2518 2440 2846 2509 respondens
2882 2439 2995 2495 ait:
3035 2459 3055 2491 ι
3091 2438 3261 2496 Ollam
3320 2455 3665 2507 succensam,

2088 2536 2144 2583 et
2191 2526 2384 2583 faciem
2425 2524 2540 2597 ejus
2566 2544 2596 2583 a
2624 2527 2763 2584 facie
2808 2528 3094 2599 aquilonis.
3128 2548 3149 2582 ο
3182 2529 3320 2584 Sunt
3373 2530 3469 2600 qui
3510 2530 3667 2600 juxta

2090 2616 2443 2687 tropologiam
2498 2624 2673 2672 totum
2736 2617 2909 2673 locum
2962 2618 3123 2673 istum
3176 2618 3246 2673 ad
3312 2633 3669 2674 causamuna-

2093 2706 2291 2762 tionem
2340 2706 2522 2761 szecnli
2583 2706 2958 2773 transferunt,
3009 2723 3315 2778 nonumque
3376 2722 3668 2764 numerum

2090 2796 2182 2867 qui
2242 2797 2297 2852 in
2343 2795 2636 2867 Scripturis
2708 2798 2912 2854 sanctis
2948 2812 3233 2870 poenarum
3305 2807 3364 2854 ct
3418 2798 3665 2855 dolorum

2089 2896 2198 2954 est,
2243 2897 2299 2944 et
2334 2903 2548 2960 semper
2603 2890 2848 2959 sequitur
2884 2890 3403 2961 justitiammiecimi
3462 2893 3667 2947 mensis

2088 2987 2144 3034 et
2187 2979 2295 3035 diei
2328 2979 2553 3035 decimae
2587 2979 2870 3035 clementia
2915 2989 3233 3051 temperant.
3274 2982 3484 3037 idcirco
3518 2983 3663 3037 enim

2090 3068 2415 3124 adhibentur
2456 3070 2840 3140 azgrotautibus
2862 3084 3057 3142 ptume,
3087 3079 3146 3126 ut
3181 3071 3422 3128 dolorem
3462 3074 3669 3129 sanitas

2092 3168 2475 3230 consequatur.

2164 3251 2392 3308 Mundus
2426 3265 2578 3324 ergo,
2601 3253 2691 3323 qui
2722 3254 2775 3308 in
2799 3252 3031 3324 maligno
3070 3253 3279 3324 positus
3325 3262 3431 3318 est,
3464 3254 3553 3309 die
3574 3252 3668 3323 iu-

2092 3342 2217 3398 dicii
2243 3342 2426 3398 divino
2467 3345 2590 3414 igne
2628 3344 2996 3409 succenditur,
3027 3354 3081 3399 et
3107 3344 3301 3399 civitas
3338 3345 3667 3413 sanguinutn

2092 3434 2310 3504 ponitur
2344 3448 2508 3503 super
2563 3434 2827 3490 carbones
2880 3435 3039 3505 ignis,
3084 3443 3145 3488 ut
3186 3433 3478 3503 impleatur
3522 3435 3666 3504 quod

2091 3525 2351 3593 scriptum
2378 3531 2464 3580 est
2494 3524 2549 3580 in
2578 3525 2713 3580 lsaia
2745 3543 2760 3579 :
2805 3544 2825 3577 ί
2856 3525 3032 3580 Habes
3071 3526 3334 3581 carbones
3364 3525 3529 3595 ignis,
3573 3538 3662 3580 se-

2093 3613 2246 3671 debis
2281 3629 2446 3683 super
2483 3629 2607 3679 eos,
2646 3615 2699 3670 hi
2753 3605 2913 3669 erunt
2964 3614 3059 3670 tibi
3118 3615 3170 3668 in
3223 3612 3493 3682 adiutorio
3525 3614 3657 3685 (Ισα.

2092 3707 2261 3778 xciv).
2301 3725 2320 3759 ι
2351 3706 2590 3776 illudque
2612 3705 2825 3762 didiciie
2845 3714 2948 3771 est,
2973 3705 3242 3776 quomodo
3261 3718 3383 3758 cum
3398 3705 3664 3759 carbones

2092 3806 2148 3853 et
2172 3812 2297 3853 ossa
2327 3805 2736 3861 consumantur,
2775 3796 2970 3869 quibus
2993 3797 3134 3869 pleni
3160 3804 3288 3852 sunt
3325 3796 3495 3850 etiam
3520 3794 3665 3850 Pita-

2092 3893 2256 3959 risai,
2281 3893 2477 3963 quibus
2508 3893 2766 3949 Dominus
2794 3891 3032 3963 loquitur
3058 3891 3111 3945 in
3142 3889 3472 3960 Evangeiio:
3512 3907 3531 3941 ι
3570 3888 3661 3943 Va:

2090 3984 2265 4048 vobis,
2287 3983 2479 4039 scriba:
2500 3991 2555 4038 et
2577 3980 2857 4047 Pharisaei,
2893 3981 2984 4051 qui
3010 3981 3215 4036 similes
3236 3981 3369 4036 estis
3395 3978 3660 4052 sepulcris

2092 4074 2376 4140 dealbatis,
2404 4089 2523 4144 quae
2549 4074 2692 4129 intus
2715 4073 2875 4144 plena
2913 4080 3040 4129 sunt
3074 4072 3330 4143 spurcitia
3356 4082 3412 4127 et
3441 4074 3657 4129 ossibus

2093 4173 2426 4218 mortuorum
2480 4161 2693 4234 (Matth.
2746 4162 2926 4235 mn).
2982 4180 3002 4216 ι
3050 4163 3201 4218 Nunc
3244 4162 3463 4217 dicatur
3519 4164 3659 4232 quod

2093 4256 2283 4328 rubigo
2322 4256 2618 4325 sordesque
2662 4258 2845 4312 mundi
2888 4266 3217 4325 consumpta:
3241 4270 3349 4309 non
3395 4255 3530 4319 sint,
3568 4256 3661 4310 sed
3715 4305 3729 4328 ,

2092 4350 2254 4404 etiam
2308 4355 2430 4418 post
2461 4346 2649 4416 iudicii
2693 4349 3037 4403 severitatem
3104 4346 3305 4400 malitia
3356 4355 3657 4400 remaneat.

423 4434 828 4490 adinventiones
859 4443 985 4488 tuas
1031 4432 1252 4487 reddam
1300 4432 1437 4497 tibi,
1488 4433 1598 4487 imo
1640 4432 1894 4503 judicabo
1940 4444 1992 4490 te
2017 4456 2068 4518 ι)
2093 4439 2246 4508 Quod
2283 4439 2439 4494 facile
2471 4439 2717 4505 solvitur,
2747 4438 2794 4494 si
2822 4437 3178 4506 intelligamus
3214 4435 3344 4490 illud
3370 4436 3655 4507 Apostoli:

418 4524 570 4597 iuxta
594 4539 757 4595 opera
794 4533 858 4580 et
884 4524 1238 4594 cogitationes
1286 4531 1429 4585 tuas,
1461 4531 1520 4576 ut
1551 4523 1603 4578 in
1634 4523 1735 4578 hoc
1778 4539 1992 4595 quoque

423 4622 702 4677 ostendam
734 4617 1075 4675 clementiam
1111 4635 1285 4676 meam
1317 4621 1491 4679 instar
1516 4621 1730 4686 medici,
1763 4621 1853 4691 qui
1887 4636 1988 4690 pn-

423 4710 578 4764 tridis
604 4724 709 4763 non
742 4710 919 4778 parcit
947 4711 1217 4774 carnibus,
1251 4719 1309 4765 ut
1333 4727 1463 4766 sana
1492 4711 1728 4767 membra
1777 4712 1987 4767 salven-

2100 4551 2129 4594 ι,
2153 4531 2427 4588 Conclusit
2469 4531 2612 4587 Deus
2654 4530 2834 4585 omnia
2874 4531 2973 4586 sub
3020 4537 3257 4601 peccato,
3304 4537 3364 4584 ut
3406 4531 3659 4584 omnibus

2084 4629 2433 4691 misereatur,
2497 4627 2722 4682 vanitati
2782 4627 2929 4682 enim
2981 4636 3232 4680 creatura
3282 4624 3536 4693 subjecta
3577 4635 3658 4678 est

2081 4719 2268 4793 (Rom.
2304 4735 2360 4774 χι
2386 4762 2400 4785 ,
2458 4720 2619 4787 vm);
2658 4736 2677 4770 ι
2718 4726 2771 4772 et
2802 4717 3027 4786 ponitur
3072 4716 3299 4787 sanguis
3327 4715 3420 4785 qui
3452 4715 3657 4771 effusus

426 4809 543 4863 tur;
572 4797 1439 4866 nortparciuut-parcat;crudelis
1457 4809 1541 4856 est
1566 4810 1624 4854 ut
1648 4800 1987 4867 misereatur,
2081 4822 2164 4867 εει
2194 4812 2247 4866 in
2282 4810 2572 4882 propatulo
2619 4815 2888 4864 creatum
2939 4808 3246 4873 universa,
3302 4815 3363 4862 ut
3409 4807 3656 4862 omnium

425 4899 524 4940 nec
554 4885 861 4940 considerat
912 4888 1162 4955 patientis
1190 4889 1452 4953 dolorem,
1502 4891 1594 4944 sed
1623 4892 1862 4946 vulneris
1902 4908 1988 4947 sa-

422 4975 669 5039 nitatem,
711 4973 863 5042 juxta
891 4975 1017 5028 illud
1052 4979 1388 5048 evangelium
1421 4980 1588 5049 magis
1613 4980 1796 5036 volens
1821 4997 1985 5035 mmm

418 5066 599 5137 perire
629 5064 949 5130 membrum,
980 5080 1139 5134 quam
1163 5074 1332 5122 totum
1354 5083 1551 5136 corpus
1579 5069 1828 5125 interfici.
1880 5070 1988 5125 No-

422 5158 644 5213 tandum
693 5171 907 5227 quoque
953 5159 1219 5226 quomodo
1274 5172 1303 5212 a
1352 5160 1622 5230 principio
1668 5161 1984 5231 prophetiaz,

416 5264 589 5320 usque
636 5248 702 5302 ad
749 5256 1065 5318 pra-sentem
1111 5247 1251 5302 diem
1278 5251 1493 5317 quando
1534 5250 1769 5306 obsideri
1824 5252 1987 5321 cmpit

408 5338 737 5404 Jerusalem,
781 5354 876 5409 per
912 5338 1153 5392 ordinem
1195 5339 1480 5408 captivitas
1506 5339 1706 5395 veniat.
1747 5340 1987 5395 Primum

414 5430 628 5501 gladius
648 5440 990 5501 provocatur,
1008 5430 1127 5485 dein
1152 5429 1268 5484 duae
1288 5432 1388 5484 vite
1408 5440 1677 5500 ponuntur
1689 5431 1915 5486 Ammon
1936 5440 1992 5485 et

414 5517 775 5585 Hierusalem,
807 5534 1037 5590 quarum
1064 5520 1133 5576 ad
1160 5520 1433 5575 dexteram
1465 5529 1671 5590 partem
1705 5538 1823 5577 sors
1846 5522 1990 5576 cadit

420 5607 926 5666 Nabuchodonosor.
980 5610 1256 5665 Conﬂatur
1307 5612 1358 5665 in
1406 5611 1626 5666 civitate
1674 5620 1988 5681 argentum,

422 5712 517 5759 tes,
562 5707 828 5765 stagnum,
864 5700 1145 5771 plumbum
1186 5711 1250 5758 .ct
1300 5700 1520 5755 ferrum.
1567 5700 1732 5758 Terra
1779 5718 1991 5771 quoque

2082 4905 2297 4963 scelera
2369 4911 2609 4974 pateant.
2682 4899 2905 4956 Petram
2974 4909 3155 4955 autem
3214 4898 3657 4968 iimpidissimam

2088 4994 2374 5048 possumus
2419 4980 2683 5048 accipere,
2720 4985 2778 5033 et
2810 4978 3090 5033 Dominum
3127 4976 3484 5042 Salvatorem,
3537 4990 3657 5046 qua

2088 5069 2414 5139 sequebatur
2460 5070 2515 5124 in
2551 5069 2838 5125 solitudine
2888 5069 3141 5139 populum
3196 5068 3391 5133 lsrael,
3430 5068 3498 5124 de
3548 5084 3655 5138 qua

2089 5162 2348 5230 scriptum
2381 5169 2466 5216 est
2494 5179 2507 5215 :
2536 5179 2557 5212 ι
2590 5161 2851 5216 Bibebant
2884 5169 3061 5215 autem
3098 5161 3167 5215 de
3194 5160 3657 5231 consequentin

2087 5262 2259 5322 petra.
2288 5250 2447 5306 Petra
2467 5261 2645 5305 autem
2664 5260 2784 5306 erat
2808 5250 3057 5306 Christus
3078 5248 3135 5322 (Ι
3153 5250 3275 5305 Cor.
3302 5249 3413 5319 1),.
3440 5249 3657 5319 quodin

2087 5343 2179 5398 illo
2192 5342 2369 5397 omnia
2400 5341 2704 5397 revelentur
2721 5350 2778 5400 et
2795 5340 3079 5411 impleatur
3089 5341 3233 5412 quod
3254 5341 3510 5408 scriptum
3533 5346 3617 5393 est
3637 5352 3653 5393 :

2095 5450 2113 5481 ι
2140 5430 2281 5485 Nihil
2317 5431 2609 5495 occultum,
2642 5431 2785 5501 quod
2836 5446 2945 5486 non
2984 5430 3251 5487 reveletur
3274 5428 3484 5502 (Matth.
3506 5427 3587 5491 ι).
3628 5446 3652 5480 ι

2090 5520 2336 5590 Dicitque
2364 5535 2424 5575 se
2463 5519 2718 5575 Dominus
2756 5534 2862 5575 non
2886 5519 3154 5585 misereri,
3183 5533 3284 5573 nec
3310 5514 3495 5572 mundi
3520 5530 3651 5584 piae-

2091 5609 2253 5664 terire
2280 5618 2518 5679 peccata,
2545 5622 2718 5678 neque
2741 5613 2966 5678 parcere
2995 5608 3190 5678 impiis,
3223 5621 3320 5661 nec
3344 5603 3569 5676 placari,
3594 5612 3651 5655 ut

2093 5700 2192 5755 via:
2232 5708 2459 5769 pereant
2505 5699 2812 5767 impiorum,
2873 5699 3167 5755 secundum
3222 5695 3348 5751 illud
3407 5692 3549 5763 quod
3595 5691 3644 5746 in
