3954 6182
304 397 408 450 ⁸ῖῖξό

1245 400 1595 457 ΟΟΜΜΕΝΤ.
1636 399 1704 454 IN
1742 397 2189 455 EZECHIELEM.
2227 429 2298 440 -—
2334 399 2462 456 LIB.
2503 401 2591 456 lX.

3448 403 3574 459 75L

303 516 463 584 primi
478 530 669 585 psalmi
696 516 1067 589 ﬁncponitur:
1105 537 1122 575 ι
1161 516 1227 570 Ει
1258 516 1360 571 iter
1375 515 1658 587 impiorum
1679 513 1876 584 peribit
1901 513 1951 574 Α
1977 511 2112 582 ejus.
2148 531 2169 565 ι
2198 511 2316 567 Jam
2352 512 2496 567 enim
2539 521 2595 569 et
2648 514 2761 582 ipsa
2802 514 2907 570 olla
2954 518 3314 580 consumitur,
3352 517 3411 571 in
3450 531 3586 585 quar

306 604 480 675 (pm.
508 605 569 677 ι).
610 626 627 658 ι

378 693 582 767 (Greg.)
611 693 749 761 Quid
797 704 881 757 est
900 694 1041 764 jam,
1087 712 1239 767 rogo,
1270 694 1412 764 quod
1446 695 1498 748 in
1551 694 1653 750 hoc
1679 691 1878 748 mundo

303 785 506 842 libeat?
534 785 744 856 Ubique
794 788 970 842 luctus
1000 789 1322 858 aspicimus,
1366 786 1599 855 undique
1648 785 1881 855 gemitus

302 878 575 942 audimus,
607 876 892 933 destructa:
915 878 1092 940 urbes,
1122 894 1306 932 eversa
1338 886 1462 930 sunt
1487 884 1688 938 castra,
1719 875 1880 943 depo-

302 968 477 1035 pulati
520 968 657 1039 agri,
686 968 740 1022 in
768 967 1109 1021 solitudinem
1141 977 1282 1022 terra
1312 967 1530 1021 redacta
1557 973 1659 1029 est,
1702 964 1881 1018 nullus

300 1060 358 1111 in
391 1059 538 1130 agris
581 1058 779 1121 incola,
824 1074 959 1128 pene
1010 1059 1188 1114 nullus
1230 1059 1285 1113 in
1331 1059 1557 1114 urbibus
1610 1057 1882 1113 habitator

300 1148 567 1203 remansit
592 1163 606 1202 :
631 1157 686 1203 et
714 1158 890 1203 tamen
927 1150 1054 1219 ipsae
1087 1164 1267 1220 parva:
1300 1149 1512 1220 generis
1552 1148 1771 1203 humani
1796 1161 1881 1203 re-

300 1238 486 1309 liquias
508 1238 685 1293 adhuc
705 1239 963 1309 quotidie,
987 1241 1168 1295 etsine
1187 1240 1487 1295 cessatione
1510 1239 1799 1304 feriuntur,
1826 1246 1880 1293 et

300 1329 466 1385 ﬁnem
491 1347 596 1385 non
628 1332 826 1386 habent
848 1330 1052 1403 ﬁagella
1082 1331 1321 1387 caelestis
1352 1329 1597 1400 justitire,
1633 1329 1756 1400 quia
1782 1343 1882 1411 nec

298 1421 447 1476 inter
469 1421 677 1493 flagella
723 1431 981 1478 correctae
1008 1432 1133 1478 sunt
1184 1424 1414 1478 actionis
1439 1422 1638 1491 culpm,
1671 1422 1805 1477 alios
1826 1423 1881 1476 in

298 1513 673 1583 captivitatem
710 1513 852 1580 duci,
899 1513 1035 1570 alios
1093 1514 1423 1578 detruncari,
1477 1514 1611 1568 alios
1648 1512 1882 1568 interﬁci

299 1602 569 1656 videmus.
603 1600 742 1670 Quid
773 1612 857 1659 est
906 1619 1033 1675 ergo
1061 1603 1205 1675 quod
1242 1603 1294 1658 in
1327 1603 1429 1658 hac
1457 1603 1564 1657 vita
1610 1601 1814 1657 libeat?
1835 1601 1882 1656 si

290 1698 357 1743 'ct
384 1691 544 1745 talem
577 1692 832 1746 mundum
860 1692 1035 1748 adhuc
1067 1692 1380 1763 diligamus,
1439 1707 1543 1747 non
1588 1690 1702 1760 jam
1752 1708 1884 1762 gau-

298 1784 412 1847 dia,
437 1784 533 1838 sed
559 1783 781 1838 vulnera
809 1799 1072 1839 amamus.
1098 1783 1216 1852 Ipsa
1247 1792 1422 1837 autem
1451 1797 1570 1851 qua:
1594 1781 1882 1851 aliquando

1987 605 2139 675 prius
2165 617 2360 659 carnes
2387 611 2440 658 et
2460 619 2582 660 ossa
2606 607 3061 662 consumebantur
3089 626 3101 661 :
3124 609 3250 678 quia
3273 616 3585 678 postquam»

1982 696 2294 752 defecerunt
2341 698 2625 762 homines,
2686 698 2848 752 etiam
2891 700 3126 768 parietes
3181 702 3399 755 cadunt.
3456 698 3561 755 Ubi

1981 796 2159 844 autem
2186 798 2310 844 sunt
2334 789 2425 858 qui
2455 791 2508 844 in
2534 791 2649 861 ejus
2696 791 2985 862 aliquando
3016 792 3181 863 gloria
3211 792 3552 851 iazlabantur.

1981 877 2073 933 ubi
2118 894 2307 933 eorum
2352 894 2570 950 pompa,
2601 880 2689 934 ubi
2746 882 3022 952 superbia,
3062 883 3151 936 ubi
3205 880 3460 952 frequens
3505 889 3568 935 et

1982 966 2399 1021 immoderatum
2448 969 3035 1039 gaudium?impletum
3094 971 3259 1027 estin
3305 985 3369 1026 ea
3415 969 3563 1039 quod

1982 1064 2169 1111 contra
2202 1059 2528 1112 destructum
2560 1057 2804 1115 Ninivem
2837 1075 2934 1130 per
2961 1061 3282 1131 prophetam
3315 1060 3549 1114 dicitur:

1988 1163 2008 1198 ε
2046 1146 2147 1201 Ubi
2177 1156 2260 1201 est
2285 1148 2648 1204 habitaculum
2675 1149 2909 1215 leonum,
2935 1161 2990 1207 et
3022 1167 3219 1222 pascua
3253 1151 3555 1207 catulorum

1980 1235 2194 1292 leonum
2208 1236 2242 1292 '?
2279 1258 2297 1289 ι
2329 1238 2586 1310 (Nahum,
2624 1240 2709 1310 ιι.)
2737 1241 2818 1295 An
2850 1242 2966 1312 ejus
2993 1233 3160 1297 duces
3206 1251 3259 1297 ct
3286 1240 3571 1311 principes,

1984 1325 2164 1383 leones
2205 1343 2311 1384 non
2340 1336 2514 1393 erant,
2555 1329 2646 1399 qui
2696 1344 2798 1399 per
2826 1330 3068 1386 diversas
3100 1329 3283 1385 mundi
3324 1328 3544 1399 provin-

1983 1417 2094 1472 cias
2126 1417 2510 1481 discurrentes,
2544 1422 2780 1490 praedam
2807 1421 3075 1476 saeviendo
3104 1431 3157 1477 et
3184 1420 3553 1476 interﬁciendo

1984 1509 2288 1581 rapiebant.
2330 1509 2429 1565 llic
2476 1509 2689 1565 leonum
2733 1509 2893 1564 catuli
2947 1510 3290 1566 inveniebant
3333 1523 3556 1579 pascua,

1983 1599 2108 1670 quia
2146 1599 2320 1669 pueri,
2344 1599 2728 1665 adolescentes,
2745 1596 2974 1666 juvenes
2996 1599 3280 1656 saeculares
3308 1606 3361 1653 ct
3385 1612 3563 1653 δίπου-

1984 1688 2175 1744 larium
2199 1689 2315 1754 lilii,
2339 1688 2427 1744 hic
2457 1689 2689 1758 undique
2716 1688 3127 1754 concurrebant,
3151 1705 3270 1743 cum
3292 1687 3559 1757 proﬁcere

1985 1782 2040 1837 in
2068 1781 2170 1837 hoc
2221 1781 2421 1835 mundo
2458 1780 2767 1836 voluissent.
2821 1779 2925 1835 Sed
2972 1795 3098 1835 ecce
3142 1780 3252 1850 jam
3284 1777 3551 1845 desolata,

303 1874 494 1928 mundi
557 1874 768 1928 domina
823 1890 942 1928 csse
998 1875 1326 1951 videbatur,
1383 1873 1557 1942 qualis
1622 1873 1881 1927 remansit
1913 1858 2109 1930 Becce
2156 1874 2409 1939 contrita,
2454 1888 2582 1929 ecce
2639 1874 2925 1945 gemitibus
2985 1888 3244 1944 oppressa
3287 1883 3398 1937 est;
3440 1871 3556 1942 jam

304 1964 473 2018 Rom:
502 1964 849 2032 conspicitis?
888 1962 1170 2019 lmmensis
1199 1963 1472 2018 doloribus
1520 1961 1884 2033 multipliciter

1982 1981 2144 2021 nemo
2169 1966 2237 2020 ad
2273 1981 2393 2020 eam
2437 1965 2629 2031 currit,
2677 1973 2737 2019 ut
2780 1963 2834 2019 in
2872 1964 2974 2020 hoc
3025 1964 3224 2018 mundo
3276 1962 3554 2032 proﬁciat;

300 2055 515 2118 attrita,
558 2053 888 2109 desolitione
937 2054 1156 2119 civium,
1224 2054 1578 2123 impressione
1619 2053 1881 2121 hostium,
1974 2052 2086 2123 jam
2115 2055 2293 2111 nullus
2315 2062 2508 2126 potens
2548 2062 2604 2108 et
2642 2053 2912 2109 violentus
2936 2052 3220 2117 remansit,
3249 2051 3339 2120 qui
3370 2050 3555 2120 oppri-

302 2143 614 2213 frequcntia
658 2145 968 2210 ruinarum;
1025 2144 1097 2199 ita
1127 2144 1264 2198 utin
1294 2160 1355 2199 ea
1409 2143 1732 2212 completum
1764 2157 1884 2199 esse

301 2236 584 2292 videamus
625 2235 765 2306 Quod
815 2243 1001 2291 contra
1034 2235 1222 2291 urbem
1279 2233 1578 2290 Samariam
1605 2248 1701 2304 per
1742 2232 1886 2289 hunc

303 2326 557 2381 eumdem
589 2327 903 2396 prophetam
948 2325 1186 2381 dicitur:
1237 2345 1256 2378 ‹
1292 2324 1437 2380 Pone
1481 2324 1665 2390 ollam,
1705 2339 1883 2395 pone,

306 2417 548 2488 inquam,
579 2426 635 2472 et
686 2416 840 2471 mitte
865 2416 918 2470 in
958 2432 1021 2472 ea
1052 2430 1271 2486 aquam,
1310 2424 1365 2470 et
1416 2430 1645 2486 congere
1686 2414 1855 2487 frusta

305 2508 423 2578 ejus
462 2508 517 2562 in
546 2522 631 2562 ea.
663 2526 684 2558 ›
715 2507 781 2561 Ει
812 2507 972 2578 paulo
1002 2516 1128 2578 post
1156 2525 1168 2559 :
1199 2526 1217 2557 ε
1248 2505 1509 2562 Efferbuit
1543 2507 1721 2563 coctio
1746 2505 1884 2575 ejus.

306 2607 363 2652 ct
388 2599 627 2652 discocta
675 2608 803 2653 sunt
840 2615 963 2654 ossa
1006 2598 1146 2654 illius
1185 2594 1236 2653 in
1271 2598 1448 2653 medio
1491 2597 1625 2667 ejus.
1663 2620 1681 2651 ι
1711 2598 1887 2668 Atque

307 2691 503 2745 iterum
535 2704 549 2742 :
589 2708 606 2738 ι
642 2688 884 2760 Congerc
922 2704 1042 2745 ossa
1074 2705 1194 2760 qum
1226 2689 1334 2761 igni
1372 2690 1721 2755 succendam,
1751 2703 1883 2744 con-

305 2792 589 2837 sumentur
619 2796 834 2846 carnes,
871 2789 928 2837 et
955 2792 1216 2852 coquetur
1250 2781 1501 2836 universa
1534 2780 1883 2850 compositio,

305 2879 361 2924 et
380 2885 500 2924 ossa
530 2869 825 2924 tabesccnt.
854 2868 1000 2941 Pone
1021 2885 1233 2940 quoque
1260 2884 1378 2924 eam
1403 2885 1563 2939 super
1577 2884 1779 2939 prunas
1794 2884 1888 2923 va-

308 2978 486 3026 cuam,
519 2970 578 3014 ut
607 2962 899 3016 incalescat
921 2975 975 3017 et
1001 2961 1243 3032 liqueﬁat
1275 2978 1350 3017 ars
1372 2959 1509 3029 ejus.
1535 2982 1552 3012 ι
1573 2961 1723 3016 'l‘uuc
1743 2952 1887 3016 enim

310 3053 464 3108 nobis
488 3052 592 3105 olla
622 3054 795 3123 posita
820 3062 928 3118 est,
961 3068 1084 3107 eum
1113 3053 1225 3109 lucc
1247 3061 1330 3107 est
1357 3052 1550 3107 civitas
1575 3053 1884 3117 constituta,

311 3153 436 3197 tunc
464 3144 518 3197 in
548 3158 668 3197 eam
699 3158 837 3213 aqua
876 3143 1038 3197 missa
1076 3152 1175 3207 est,
1209 3152 1264 3198 et
1290 3141 1457 3197 frusta
1485 3142 1602 3212 ejus
1633 3150 1887 3214 congesta

309 3242 453 3295 sunt,
478 3232 695 3304 quando
730 3209 795 3287 ad
819 3249 939 3287 eam
968 3233 1202 3303 undique
1231 3232 1409 3303 populi
1432 3209 1762 3296 defluebant,
1793 3232 1884 3301 qui
1912 3209 1958 3273 Ο

310 3324 456 3378 velut
506 3339 646 3392 aqua
699 3322 882 3378 calens
905 3324 1208 3379 actionibus
1257 3324 1441 3379 mundi
1488 3322 1884 3388 fervescereut,

310 3425 363 3471 et
391 3416 544 3484 quasi
577 3415 749 3469 frusta
803 3416 1064 3479 carnium,
1100 3416 1151 3470 in
1192 3416 1308 3486 ipso
1332 3431 1429 3471 suo
1475 3414 1685 3471 fervore
1710 3414 1887 3485 liqua-

314 3514 520 3569 renlur,
551 3504 619 3559 de
645 3521 750 3574 qua
781 3505 916 3560 bene
937 3505 1154 3571 dicitur,
1198 3526 1215 3557 α
1256 3504 1504 3561 efferbuit
1534 3506 1707 3561 coctio
1748 3504 1887 3573 ejus,

314 3603 370 3648 ct
408 3595 648 3649 discocta
701 3604 827 3650 sunt
874 3611 995 3650 ossa
1045 3595 1187 3651 illius
1239 3597 1291 3650 in
1338 3597 1516 3651 medio
1543 3597 1678 3667 ejus,
1715 3617 1732 3648 ι
1763 3598 1889 3667 quia

313 3685 461 3757 prius
485 3687 702 3756 quidem
726 3688 777 3740 in
806 3703 870 3742 ca
900 3689 1245 3743 vehementer
1272 3687 1497 3742 incaluit
1524 3689 1666 3745 actio
1707 3689 1890 3760 gloria:

314 3778 609 3843 saecularis,
639 3780 731 3833 sed
772 3779 1109 3848 postmodum
1139 3780 1253 3850 ipsa
1293 3780 1463 3848 gloria
1495 3796 1615 3835 cum
1661 3782 1773 3837 suis
1800 3797 1887 3837 se-

316 3870 577 3940 quacibus
605 3868 822 3923 dcfecit.
855 3867 955 3924 Per
1000 3885 1121 3924 ossa
1167 3870 1365 3924 ctenim
1406 3879 1656 3941 potentes
1685 3870 1886 3939 smculi,

314 3966 410 4030 per
436 3974 630 4014 carnes
652 3973 778 4013 vero
805 3958 982 4029 populi
1010 3952 1380 4029 designantur.
1432 3959 1567 4027 Quia
1590 3960 1729 4015 sicut
1757 3976 1885 4015 car-

316 4068 413 4107 nes
430 4048 727 4120 portantur
753 4053 984 4117 ossibus,
1025 4051 1096 4106 ita
1118 4067 1216 4122 per
1250 4059 1499 4123 potentes
1528 4052 1708 4108 saeculi
1737 4053 1889 4107 inﬁr-

320 4147 479 4200 mitas
508 4146 717 4215 regitur
744 4146 1079 4216 populorum.
1126 4146 1232 4203 Sed
1260 4162 1386 4204 ecce
1412 4148 1525 4220 jam
1558 4149 1624 4204 de
1664 4149 1752 4207 illa
1777 4165 1891 4205 om-

317 4254 413 4293 nes
425 4236 585 4306 hujus
607 4238 785 4292 saeculi
816 4246 1061 4307 potentes
1084 4239 1244 4294 ablati
1260 4249 1402 4295 sunt.
1428 4239 1562 4296 Ossa
1588 4256 1715 4312 ergo
1730 4255 1890 4295 cxco-

318 4336 401 4381 cta
419 4336 563 4391 sunt,
585 4342 708 4382 ecce
724 4327 901 4397 populi
916 4327 1243 4395 defecerunt,
1259 4344 1450 4385 carnes
1463 4328 1578 4399 ejus
1593 4329 1892 4400 liquefactae

317 4427 459 4472 sunt.
498 4418 717 4471 Dicatur
747 4416 948 4487 itaque,
994 4436 1014 4469 r
1048 4418 1290 4487 (Iungere
1315 4435 1435 4475 ossa
1470 4436 1590 4489 quae
1616 4422 1737 4490 igne
1766 4436 1889 4477 sue-

324 4510 567 4563 cendam.
601 4507 995 4564 Consumentur
1024 4524 1214 4565 carnes
1254 4518 1308 4565 et
1345 4519 1604 4580 coquetur
1639 4511 1891 4565 universa

320 4594 641 4668 Compositio
671 4598 804 4668 ejus,
835 4607 889 4652 et
911 4614 1031 4654 ossa
1065 4600 1357 4656 tabcsccut.
1394 4622 1411 4653 ι
1442 4601 1540 4656 Ubi
1575 4602 1718 4656 enim
1740 4617 1895 4657 sena-

321 4700 429 4755 tus,
459 4690 548 4744 ubi
571 4689 682 4759 jam
711 4689 1543 4760 populus?Contahueruntossa.
1568 4702 1897 4762 consumpta:

320 4785 447 4833 sunt
482 4794 708 4845 carnes,
753 4780 928 4834 omnis
980 4780 1032 4833 in
1078 4795 1139 4834 ea
1191 4780 1527 4835 saecularium
1575 4781 1894 4854 dignitatum

321 4870 455 4924 ordo
475 4869 770 4925 exstinctus
792 4879 894 4936 est,
924 4879 1145 4926 excocta
1173 4880 1255 4925 est
1283 4871 1534 4927 universa
1579 4876 1895 4945 compositio

322 4963 476 5032 ejus:
515 4969 571 5015 et
608 4970 787 5015 tamen
836 4961 980 5032 ipsos
1024 4977 1120 5015 nos
1163 4977 1363 5032 paucos
1391 4962 1484 5032 qui
1516 4964 1893 5031 remansimus,

322 5054 499 5107 adhuc
522 5052 760 5122 quotidie
794 5051 972 5131 gladii,
1021 5054 1195 5107 adhuc
1223 5053 1457 5123 quotidie
1486 5053 1776 5109 innumera:
1799 5056 1897 5109 tri-

324 5143 625 5199 bulationcs
669 5154 937 5213 prenumt.
977 5143 1197 5198 Dicatur
1242 5160 1407 5214 ergo:
1435 5164 1452 5195 ‹
1484 5143 1631 5199 Pone
1682 5161 1897 5215 quoque

323 5251 443 5288 eam
497 5250 660 5305 super
714 5249 915 5305 prunas
970 5249 1226 5297 vacuam,
1267 5252 1285 5284 ι
1319 5232 1444 5304 quia
1486 5233 1631 5288 enim
1678 5243 1896 5290 senatus

326 5327 494 5392 deest,
524 5325 746 5396 pepulus
772 5323 992 5388 interiit,
1030 5332 1084 5378 ct
1110 5331 1287 5379 tamen
1323 5322 1378 5377 in
1422 5323 1607 5392 paucis
1647 5324 1737 5394 qui
1770 5333 1896 5378 sunt

325 5416 554 5481 dolores,
583 5425 636 5470 et
665 5416 895 5487 gemitus
915 5412 1154 5485 quotidie
1187 5410 1643 5482 multiplicantur:
1665 5412 1776 5482 jam
1802 5430 1892 5468 va—

325 5524 423 5564 cua
453 5510 608 5563 ardet
645 5506 835 5562 Roma.
873 5504 1009 5572 Quid
1032 5515 1209 5559 autem
1248 5504 1347 5557 ista
1382 5504 1447 5558 de
1483 5503 1790 5559 hominibus
1815 5504 1896 5558 di-

324 5600 517 5665 cimus,
538 5614 680 5662 cmn,
700 5597 869 5651 ruinis
889 5593 1369 5660 crebrescentibus,
1402 5593 1514 5663 ipsa
1543 5609 1758 5664 quoque
1779 5592 1896 5662 ejus

324 5689 514 5743 dislrui
547 5687 769 5743 aediﬁcia
813 5684 1094 5741 videmus?
1131 5683 1287 5739 Unde
1314 5692 1366 5738 cl
1408 5692 1530 5753 apte
1570 5684 1634 5738 de
1679 5684 1897 5738 civitate

321 5780 431 5850 jam
481 5798 647 5836 vacua
697 5779 968 5835 subditur:
1000 5797 1018 5829 ι
1065 5777 1359 5831 incalescat
1409 5783 1462 5831 et
1517 5774 1758 5847 liqucﬁat
1822 5790 1895 5830 ms

1921 4555 1972 4614 D

1959 2146 2177 2221 .mendo
2218 2144 2454 2216 przedam
2504 2143 2742 2216 diripiat.
2783 2141 3036 2197 Dicamus
3074 2156 3226 2212 ergo,
3265 2157 3283 2191 ι
3334 2138 3438 2194 Ubi
3476 2145 3560 2195 est

1983 2236 2352 2295 habitaculum
2372 2236 2604 2299 leonum,
2632 2242 2687 2292 et
2705 2249 2904 2306 pascua
2926 2233 3227 2289 catulorum
3256 2231 3505 2287 leonum?
3534 2249 3552 2284 ι

1983 2328 2264 2400 Contingit
2286 2328 2334 2382 ei
2358 2328 2500 2398 quod
2529 2327 2596 2382 de
2624 2325 2806 2381 Iudaea
2835 2324 3081 2380 novimus
3110 2339 3207 2394 per
3234 2322 3556 2393 prophetam

1983 2419 2187 2474 dictum
2221 2436 2233 2472 :
2279 2436 2297 2468 ι
2326 2417 2501 2472 Dilata
2525 2415 2810 2472 calvitium.
2835 2424 2984 2469 tuum
3014 2413 3154 2469 sicut
3172 2412 3347 2482 aquila
3373 2411 3557 2483 (dficit.

1985 2510 2046 2583 ι).
2076 2530 2094 2563 ι
2129 2488 2413 2565 Calvitium
2438 2508 2634 2579 quippe
2670 2506 2907 2563 hominis
2949 2505 3003 2561 iu
3053 2505 3175 2561 solo
3216 2503 3394 2575 capite
3435 2503 3554 2558 ﬁeri

1985 2597 2153 2653 solet:
2179 2596 2455 2652 calvitium
2496 2612 2625 2653 vero
2672 2596 2887 2667 aquilae,
2935 2596 2987 2651 in
3016 2604 3128 2652 toto
3175 2593 3235 2648 ﬁt
3285 2609 3557 2664 corpore:

1986 2684 2112 2754 quia
2139 2700 2263 2740 cum
2295 2684 2450 2741 valde
2487 2684 2743 2749 senuerit,
2775 2683 2971 2754 pluma:
3013 2681 3127 2752 ejus
3157 2698 3221 2739 ac
3254 2698 3443 2753 penna:
3490 2697 3555 2737 ex

1986 2776 2235 2832 omnibus
2268 2772 2385 2845 ejus
2404 2776 2659 2831 membris
2685 2776 2904 2831 cadunt.
2938 2774 3223 2831 Calvitium
3241 2789 3368 2854 ergo
3399 2788 3559 2832 suum

1987 2873 2128 2929 sicut
2159 2872 2336 2943 aquila
2370 2872 2582 2939 dilatat,
2619 2872 2742 2942 quia
2773 2870 2986 2942 plumas
3016 2870 3251 2942 perdidit
3297 2884 3416 2940 qua:
3464 2883 3569 2940 po-

1985 2963 2171 3034 pulum
2218 2963 2417 3018 amisit.
2463 2961 2679 3017 Alarum
2724 2977 2937 3034 quoque
2988 2976 3176 3034 pennae
3230 2961 3579 3028 ceciderunt,

1993 3069 2116 3110 cum
2150 3054 2348 3124 quibus
2397 3052 2582 3108 volare
2627 3053 2694 3108 ad
2733 3054 2968 3123 przedam
3000 3060 3390 3109 consueverat:
3437 3052 3567 3123 quia

1988 3161 2177 3201 omnes
2218 3145 2334 3217 ejus
2360 3153 2607 3215 potentes
2637 3144 2890 3200 exstincti
2921 3152 3077 3208 sunt,
3109 3159 3206 3213 per
3227 3157 3363 3212 quos
3390 3139 3569 3197 aliena

1991 3235 2252 3305 rapiebat.
2286 3234 2410 3289 Hazc
2442 3244 2621 3289 autem
2653 3249 2773 3304 quae
2801 3234 2866 3290 de
2908 3230 3163 3288 Romanae
3186 3231 3334 3288 urbis
3362 3230 3565 3287 contri-

1993 3326 2139 3381 tione
2185 3325 2438 3390 dicimus,
2501 3325 2554 3379 in
2592 3324 2801 3379 cunctis
2844 3323 2988 3378 facta
3026 3323 3211 3377 mundi
3253 3321 3560 3379 civitatibus

1989 3418 2211 3474 scimus.
2260 3416 2379 3472 Alia
2407 3416 2614 3472 etenim
2645 3415 2761 3471 loca
2798 3414 2949 3471 clade
2988 3414 3227 3470 desolata
3265 3421 3412 3478 sunt,
3457 3413 3562 3467 alia

1989 3506 2165 3578 gladio
2208 3514 2544 3576 consumpta,
2595 3505 2700 3560 alia
2756 3505 2896 3560 fame
2940 3503 3203 3569 cruciata,
3250 3502 3358 3558 alia
3394 3511 3563 3558 terra:

1990 3602 2227 3658 hiatibus
2261 3602 2531 3670 absorpta.
2565 3598 2938 3670 Despiciamus
2966 3613 3095 3668 ergo
3133 3597 3200 3652 de
3243 3604 3354 3652 toto
3382 3596 3564 3649 animo

1988 3696 2092 3751 hoc
2148 3709 2386 3765 praesens
2433 3693 2710 3758 saeculum,
2767 3690 2851 3747 vel
2901 3691 3258 3756 exstinctum;
3312 3688 3563 3744 ﬁniamus

1990 3787 2175 3842 mundi
2201 3785 2466 3842 desideria
2518 3785 2711 3840 saltem
2747 3798 2870 3838 cum
2901 3782 3080 3838 mundi
3120 3781 3246 3846 ﬁne,
3284 3781 3558 3836 imitemur

1991 3878 2258 3934 bonorum
2305 3875 2449 3931 facta
2479 3891 2599 3947 quae
2650 3889 2958 3944 possumus,
2987 3881 3046 3928 ut
3088 3873 3156 3928 ad
3201 3883 3464 3928 aeternum
3509 3878 3566 3924 et

1992 3968 2186 4026 stabile
2214 3981 2438 4038 regnum
2465 3965 2749 4037 pervenire
2781 3979 3108 4021 mereamur.

2071 4080 2089 4112 ι
2128 4061 2194 4116 Et
2231 4059 2433 4117 factum
2470 4068 2555 4116 est
2586 4059 2809 4115 verbum
2846 4057 3059 4115 Domini
3106 4059 3174 4114 ad
3210 4072 3295 4113 me
3341 4050 3563 4113 dicens:

1998 4172 2015 4202 ι
2054 4150 2155 4206 Fili
2210 4150 2482 4215 hominis,
2534 4164 2661 4207 ecce
2702 4163 2802 4220 ego
2859 4148 2984 4204 tollo
3031 4163 3061 4202 a
3109 4158 3158 4203 te
3211 4140 3573 4203 desiderabile

2000 4260 2017 4292 ‹
2050 4240 2329 4297 oculorum
2358 4247 2570 4296 tuorum
2608 4240 2663 4294 in
2690 4238 2871 4310 plaga.
2914 4248 2969 4293 et
2999 4253 3104 4292 non
3136 4235 3361 4307 plangcs
3391 4245 3567 4302 neque

1999 4351 2018 4383 ι
2054 4332 2312 4403 plorabis,
2363 4347 2540 4402 neque
2587 4330 2753 4386 fluent
2798 4330 3049 4401 lacrymaz
3092 4336 3216 4382 tum.
3270 4323 3566 4395 lngemisce

1999 4442 2017 4474 ι
2055 4430 2260 4489 tacens,
2289 4429 2619 4477 mortuorum
2645 4422 2845 4477 luctum
2874 4434 2979 4473 non
3009 4417 3190 4472 facies.
3228 4414 3436 4471 Corona
3478 4421 3565 4466 tua

2002 4531 2021 4563 ε
2057 4513 2425 4583 circumligata
2463 4513 2532 4567 sit
2559 4512 2677 4576 tibi,
2707 4519 2761 4566 et
2790 4508 3155 4565 calceamenta
3195 4513 3356 4560 erunt
3396 4504 3448 4558 in
3473 4519 3567 4573 pe-

2006 4621 2024 4654 c
2063 4602 2219 4658 dibus
2259 4603 2387 4667 tuis,
2415 4616 2516 4657 nec
2542 4601 2738 4655 amictu
2766 4615 2860 4654 ora
2889 4597 3112 4662 velabis,
3167 4610 3265 4651 nec
3289 4595 3438 4649 cibos
3487 4593 3568 4646 lu-

2006 4714 2024 4746 ε
2060 4695 2303 4766 gentium
2341 4693 2606 4757 comedes,
2661 4690 2870 4747 locutus
2898 4705 3013 4744 smn
3046 4702 3173 4759 ergo
3212 4685 3278 4741 ad
3308 4684 3563 4756 populum

2005 4804 2024 4836 ι
2064 4800 2242 4849 mane,
2291 4790 2589 4845 etmortua
2617 4789 2702 4836 est
2752 4797 2886 4835 uxor
2926 4795 3043 4835 mea
3073 4776 3302 4849 vesperi,
3352 4776 3569 4846 fecique

2004 4892 2022 4924 ι
2061 4888 2218 4928 mane
2244 4873 2387 4927 sicut
2433 4879 2761 4942 praeceperat
2796 4870 2945 4925 mihi.
2988 4869 3054 4924 Et
3079 4868 3215 4925 dixit
3260 4866 3326 4923 ad
3351 4881 3438 4922 me
3467 4881 3562 4937 po-

2006 4983 2024 5015 (
2061 4964 2216 5035 pulus
2246 4982 2256 5017 :
2288 4963 2466 5032 Quare
2503 4977 2611 5017 non
2648 4961 2861 5017 indicas
2898 4960 3051 5016 nobis
3076 4959 3203 5031 quid
3251 4958 3355 5013 ista
3402 4955 3567 5026 signi-

2005 5076 2024 5108 ι
2061 5056 2221 5112 ﬁcent
2261 5071 2381 5125 qua:
2409 5064 2463 5109 tu
2501 5053 2666 5110 facis?
2702 5053 2771 5108 Et
2818 5052 2926 5108 dixi
2966 5053 3032 5107 ad
3067 5066 3160 5109 eos
3191 5070 3204 5105 :
3238 5045 3552 5105 SermoDo-

2005 5168 2023 5197 σ
2055 5146 2184 5200 mini
2236 5144 2411 5200 factus
2453 5153 2537 5199 est
2587 5144 2653 5199 ad
2701 5160 2788 5199 me
2842 5143 3045 5198 dicens.
3093 5139 3339 5210 Loquere
3383 5134 3563 5192 donati

2005 5260 2021 5288 ι
2059 5234 2227 5290 lsrael
2263 5252 2277 5289 :
2308 5232 2434 5289 Haec
2461 5231 2593 5289 dicit
2621 5232 2878 5288 Dominus
2925 5232 3068 5286 Deus
3099 5248 3111 5283 τ
3146 5227 3283 5284 Ecce
3309 5241 3409 5298 ego
3449 5222 3564 5294 pol-

2004 5346 2021 5376 ε
2058 5325 2198 5379 luam
2251 5322 2622 5380 sanetuarium
2671 5337 2875 5387 meum,
2907 5319 3210 5391 superbiam
3261 5312 3474 5385 imperii
3507 5319 3564 5368 et

2003 5435 2019 5467 ι
2059 5413 2412 5470 desiderabile
2457 5413 2731 5469 oculorum
2775 5419 3107 5473 vestrorum,
3156 5414 3211 5462 et
3251 5416 3413 5474 super
3454 5414 3564 5473 quo

2005 5527 2022 5558 ι
2059 5514 2215 5577 pavet
2241 5506 2420 5559 anima
2461 5513 2661 5567 vestra,
2691 5512 2747 5559 et
2795 5502 2887 5558 ﬁlii
2942 5500 3106 5555 vestri
3157 5506 3213 5552 ct
3264 5495 3386 5550 ﬁlia:
3426 5508 3564 5564 quas

2001 5615 2019 5647 ι
2060 5572 2349 5664 reliquistis
2374 5587 2548 5664 gladio
2570 5593 2784 5655 cadent,
2812 5599 2866 5644 et
2892 5588 3097 5643 facietis
3134 5587 3274 5641 sicut
3302 5583 3422 5638 feci.
3450 5581 3559 5638 Ora

2003 5708 2020 5738 ‹
2056 5688 2252 5741 amictu
2269 5700 2372 5742 non
2401 5683 2669 5748 velabitis,
2709 5689 2762 5737 et
2779 5681 2928 5736 cibos
2956 5678 3246 5746 lugentium
3278 5690 3385 5728 non
3408 5687 3560 5729 com-

2002 5796 2019 5827 ι
2054 5777 2243 5833 edetis.
2271 5774 2512 5831 Coronas
2567 5770 2831 5828 habebitis
2871 5771 2922 5824 in
2956 5766 3221 5838 capitibus
3255 5765 3559 5828 vcstris,‘et
