3954 6182
418 390 520 457 755

1056 399 1116 454 Β.
1157 398 1409 457 RABANI
1446 398 1662 456 MAURI
1699 396 2014 456 ARClllEP.
2056 399 2342 459 MOGUNT
2402 404 2686 464 OPERUM
2722 407 2900 466 PARS
2937 412 2999 467 ll.

3575 404 3687 463 756

423 528 441 559 ι
478 508 840 565 calceamenta
856 512 908 565 in
927 512 1166 582 pedibus.
1184 509 1297 566 Non
1311 511 1574 583 plangetis
1593 527 1766 583 neque
1780 511 1992 577 ﬁebitis,
2025 516 2074 579 Α
2100 522 2159 568 ιιι
2180 504 2251 568 ad
2287 515 2541 585 populum
2566 516 2733 574 Israel
2757 519 3006 592 loquerer
3037 523 3137 579 ista
3160 523 3452 595 prmcepit:
3488 542 3504 573 ι
3539 521 3685 578 Ecce

422 622 441 654 ι
477 605 571 660 sed
590 606 875 661 tabescetis
887 606 940 659 in
957 606 1325 674 iniquitatibus
1340 605 1555 671 vestris,
1570 613 1625 661 et
1636 606 2003 676 unusquisque

424 713 442 745 ι
477 703 652 765 gemet
672 696 739 751 ad
765 695 986 750 fratrem
1010 711 1186 750 suum.
1227 697 1449 767 Eritque
1486 696 1733 752 Ezechiel
1768 697 1917 752 vobis
1946 698 1999 752 in

423 805 441 836 ι
477 794 799 856 portentum.
814 785 973 841 Juxta
994 788 1171 841 omnia
1188 804 1307 858 quas
1326 787 1453 843 fecit
1468 787 1693 853 facietis,
1713 802 1833 842 cum
1846 798 2002 843 vene’

422 896 438 927 ι
484 878 552 932 rit
579 878 743 943 istud,
762 888 817 933 ct
838 880 1022 935 scietis
1037 881 1161 950 quia
1184 896 1283 951 ego
1298 880 1556 935 Dominus
1567 880 1725 934 Deus.
1751 879 1815 933 Et
1830 889 1906 941 tu,
1923 877 1997 933 ﬁli

421 985 438 1017 ι
479 968 725 1031 hominis,
742 985 869 1025 ecce
885 971 935 1024 in
952 972 1036 1025 die
1050 987 1156 1041 quo
1174 972 1351 1026 tollam
1364 971 1429 1025 ab
1440 972 1520 1026 eis
1535 970 1899 1025 fortitudinem
1913 984 1993 1025 eo-

420 1076 437 1108 ι
475 1068 684 1126 rum,et
711 1061 961 1130 gaudium
991 1061 1357 1131 dignitatis,et
1379 1060 1702 1115 desiderium
1716 1060 1995 1116 oculorum

419 1168 436 1199 ι
472 1165 659 1205 eorum
681 1166 843 1225 super
857 1166 962 1220 quo
985 1153 1533 1221 requiescuntanima:
1549 1167 1736 1208 eorum
1757 1169 1770 1218 ;
1789 1151 1926 1206 ﬁlios
1939 1160 1994 1207 et

418 1260 436 1292 ι
475 1241 608 1296 ﬁlias
634 1255 818 1297 eorum
848 1243 898 1296 i'n
930 1244 1015 1299 die
1033 1244 1119 1297 illa
1136 1259 1258 1299 cum
1288 1244 1493 1299 venerit
1515 1242 1722 1315 fugiens
1747 1243 1814 1299 ad
1839 1253 1911 1309 te,
1933 1251 1994 1298 ut

417 1352 435 1381 ιι
474 1332 754 1387 annuntiet
776 1333 892 1386 tibi.
912 1332 965 1386 ln
985 1334 1092 1397 die,
1124 1335 1362 1403 inquam,
1380 1333 1465 1387 illa
1484 1333 1990 1404 aperieturostuum

418 1442 434 1471 ι
474 1438 594 1479 cum
633 1437 697 1478 co
725 1424 814 1493 qui
848 1423 1001 1495 fugit,
1036 1433 1091 1479 et
1120 1422 1356 1494 loqueris
1382 1431 1437 1478 et
1482 1439 1586 1478 non
1618 1422 1803 1480 silebis
1823 1423 1985 1489 ultra,

418 1529 437 1563 ι
473 1512 689 1583 erisque
719 1515 797 1569 eis
834 1515 885 1568 in
924 1523 1254 1584 portentum,
1284 1523 1340 1571 et
1383 1516 1567 1570 scietis
1606 1515 1732 1585 quia
1757 1530 1856 1586 ego
1885 1514 1988 1569 Do-

415 1624 433 1655 ι
472 1606 668 1659 minus.
707 1626 723 1657 ι
757 1604 1023 1677 (lIieron.)
1048 1605 1220 1676 Supra
1248 1606 1365 1662 ollae
1384 1606 1679 1675 lebetisque
1705 1605 1986 1662 succensio

409 1695 747 1753 obsidionem
770 1698 919 1752 urbis
932 1699 1262 1763 ostenderat,
1289 1713 1429 1753 nunc
1454 1705 1667 1767 captam
1688 1712 1806 1751 eam
1824 1705 1985 1765 atque

409 1787 663 1853 deletam,
692 1797 746 1843 et
767 1804 983 1844 omnem
1008 1789 1263 1859 populum
1284 1789 1370 1844 vel
1401 1788 1750 1845 interfectum
1779 1788 1979 1860 gladio,

2100 616 2219 673 ego,
2254 603 2308 659 id
2332 614 2433 670 est,
2449 605 2562 674 jam
2589 622 2733 664 nunc
2765 609 3000 680 polluam
3027 614 3395 668 sanctuarium
3420 627 3623 678 meum,
3653 628 3678 663 ο

2100 702 2159 747 ιιι
2198 693 2515 750 incendatur
2554 698 2829 769 templum,
2874 712 2929 757 et
2970 705 3180 765 cunctis
3225 705 3539 776 alienigenis
3574 719 3678 776 pa.

2098 792 2209 839 teat
2244 795 2299 841 et
2339 786 2611 857 profanis,
2658 800 2713 846 et
2756 792 2807 846 in
2857 810 2963 864 quo
3006 796 3288 853 habebatis
3330 800 3676 868 superbiam,

2097 874 2202 929 hoc
2223 883 2307 930 est
2331 876 2713 934 conﬁdentiam
2756 889 2812 935 et
2857 898 3005 954 Spem
3038 900 3103 940 ac
3128 885 3454 941 desiderium
3484 886 3678 942 salutis

2097 973 2309 1031 vestrae,
2355 977 2410 1022 et
2449 969 2517 1024 ad
2550 969 2704 1040 cujus
2730 964 3078 1029 obsidionem
3114 986 3307 1032 vestra:
3342 978 3536 1033 anima:
3563 977 3676 1033 for-

2094 1058 2391 1126 midabant,
2433 1060 2572 1118 ﬁlios
2615 1078 2829 1135 quoque
2865 1074 2920 1121 et
2959 1067 3097 1123 ﬁlias
3140 1084 3276 1137 quos
3317 1071 3468 1124 vobis
3504 1070 3675 1126 fames

2093 1165 2158 1205 ac
2200 1152 2501 1222 pestilentia
2550 1154 2785 1227 reliquos
2831 1158 3101 1228 fecerant,
3127 1176 3442 1216 consumam
3471 1161 3671 1232 gladio.

2092 1242 2359 1315 Quidquid
2408 1261 2508 1318 ego
2557 1247 2681 1313 feci,
2727 1250 2829 1304 hoc
2871 1250 3083 1307 facietis
3127 1267 3243 1307 vos.
3290 1252 3519 1320 Quando
3546 1268 3674 1308 con-

2090 1336 2318 1391 suetudo
2344 1350 2592 1394 servatur
2617 1340 2670 1394 in
2704 1341 2870 1408 luctu,
2899 1343 3108 1399 medius
3132 1343 3286 1399 dolor
3310 1355 3392 1398 est
3415 1362 3430 1397 :
3458 1345 3674 1414 quando

2090 1434 2267 1481 autem
2299 1437 2443 1483 tanta
2474 1430 2738 1487 malorum
2781 1433 3044 1489 incumbit
3087 1437 3406 1500 necessitas,
3435 1445 3497 1490 ut
3523 1436 3671 1490 omni

2086 1515 2297 1586 ploratu
2349 1520 2519 1591 major
2564 1522 2635 1578 sit
2675 1524 3044 1595 unusquisque
3088 1527 3153 1581 de
3198 1541 3294 1581 sua
3339 1542 3471 1581 nece
3518 1527 3670 1581 solli-

2088 1606 2245 1671 citus,
2263 1608 2329 1661 ad
2344 1609 2594 1675 aliorum,
2620 1613 2868 1682 quamvis
2891 1615 3002 1668 sint
3022 1615 3274 1683 proximi,
3297 1615 3545 1670 miserias
3566 1633 3669 1669 non

2086 1694 2403 1766 ingemiscit.
2452 1698 2618 1767 Nihil,
2642 1701 2832 1773 inquit,
2865 1702 3075 1758 facietis
3108 1706 3249 1773 quod
3277 1705 3409 1760 solet
3442 1705 3495 1760 in
3526 1705 3670 1759 lin-tn

2087 1774 2240 1854 ﬁeri,
2283 1788 2376 1843 sed
2422 1791 2553 1846 urbe
2594 1794 2899 1863 temploque
2932 1796 3230 1858 succensis,
3273 1797 3558 1865 stupebitis
3604 1796 3669 1849 ad

408 1881 494 1936 vel
528 1882 826 1937 ductumin
868 1883 1267 1953 captivitatem,
1307 1881 1640 1953 prophetalis
1684 1896 1865 1936 sermo
1897 1889 1976 1934 te-
2010 1869 2054 1928 Β
2084 1877 2344 1934 malorum
2371 1881 2827 1952 magnitudinem:
2863 1899 2967 1939 non
3011 1886 3391 1947 attondebitis,
3431 1902 3529 1940 nec
3573 1904 3670 1939 tm-

409 1981 606 2028 statur.
668 1972 735 2027 Et
779 1973 1010 2042 primum
1053 1972 1208 2043 juxta
1257 1971 1698 2026 consuetudinem
1744 1977 1986 2024 nostram

408 2064 650 2121 historia:
675 2063 1021 2118 fundamenta
1053 2061 1342 2132 jaciamus.
1374 2082 1392 2113 ι
1425 2062 1550 2127 Fili,
1595 2061 1789 2131 inquit,
1815 2060 1987 2115 homi-

408 2153 514 2221 nis,
546 2168 672 2210 ecce
718 2152 959 2208 auferam
988 2153 1053 2208 de
1098 2161 1389 2223 conspectu
1419 2151 1701 2207 oculorum
1746 2161 1982 2217 tuorum,

408 2244 670 2317 quidquid
695 2245 789 2300 tibi
818 2243 1173 2299 desiderabile
1201 2252 1308 2309 est,
1335 2252 1388 2298 et
1407 2240 1646 2297 auferam
1668 2242 1718 2295 in
1746 2242 1923 2312 plaga,
1960 2260 1978 2294 ι

415 2335 550 2403 sive,
585 2345 644 2391 ut
673 2335 1024 2408 Septuaginta
1055 2343 1349 2401 verterunt,
1389 2352 1405 2385 ι
1438 2333 1490 2388 in
1522 2333 1933 2404 praeparatione,
1959 2351 1978 2383 ι

410 2437 472 2484 ιιι
500 2428 748 2484 videlicet
776 2444 1046 2499 praepares
1077 2437 1127 2483 te
1153 2427 1219 2482 ad
1249 2442 1311 2482 ea
1337 2442 1441 2481 non
1457 2425 1726 2490 facienda,
1754 2440 1873 2493 qua:
1898 2438 1985 2479 so-

413 2518 601 2574 lentin
621 2517 766 2573 luctu
800 2518 937 2573 ﬁeri.
985 2534 1003 2567 ι
1041 2517 1155 2571 Non
1180 2514 1400 2587 plangcs
1424 2528 1599 2585 neque
1614 2513 1983 2583 plorahis.nec

405 2607 634 2665 ﬂuentes
671 2609 921 2680 lacryma:
956 2629 974 2662 ι
1010 2609 1250 2664 dolorem
1294 2607 1473 2664 cordis
1521 2607 1840 2670 ostendent,
1886 2607 1981 2662 sed

407 2701 454 2757 si
484 2700 623 2758 forte
651 2701 819 2756 nimio
846 2700 1013 2757 fueris
1040 2716 1273 2756 mazrore
1302 2708 1607 2771 superatus,
1635 2700 1857 2753 tacitum
1888 2699 1982 2753 ha-

407 2792 534 2849 beto
599 2791 897 2862 gemitum,
947 2807 1047 2847 nec
1113 2807 1430 2862 prorumpas
1478 2792 1531 2846 in
1599 2791 1779 2845 verba.
1841 2788 1981 2845 Mor-

409 2891 624 2938 tuorum
654 2881 856 2936 luctum
892 2898 999 2938 non
1047 2881 1227 2948 facies,
1258 2884 1364 2948 vel,
1400 2891 1461 2936 ut
1502 2892 1711 2937 vertere
1754 2882 1980 2951 Septua-

406 2970 575 3045 ginta,
623 2991 642 3023 ι
671 2972 902 3042 gemitus
942 2973 1219 3042 sanguinis
1268 2987 1456 3027 renum
1496 2971 1670 3026 luctus
1696 2980 1799 3035 est,
1835 2992 1851 3021 ι
1884 2988 1982 3042 per

409 3064 555 3136 quod
583 3063 820 3119 ostendit
850 3079 1074 3119 uxorem
1100 3063 1216 3134 ejus
1262 3078 1381 3119 esse
1411 3063 1750 3118 morituram.
1783 3061 1978 3117 Statim

407 3157 553 3223 enim
578 3157 851 3228 sequitur:
890 3174 908 3208 ι
943 3155 1010 3210 Et
1034 3164 1243 3212 mortua
1274 3164 1358 3211 est
1390 3171 1527 3211 uxor
1553 3172 1669 3210 mea
1694 3155 1922 3226 vesperi,
1954 3176 1971 3207 ι

410 3251 555 3322 quod
611 3252 829 3324 proprie
871 3252 940 3309 ad
1002 3252 1433 3324 conjunctionrm
1478 3268 1664 3307 renum
1723 3253 1974 3323 pertinet.

408 3338 553 3397 Nihil
591 3341 712 3398 viro
762 3357 930 3398 uxore
980 3342 1122 3398 bona
1165 3342 1471 3409 amabilius,
1502 3357 1624 3413 quae
1671 3358 1701 3397 a
1730 3340 1841 3398 Deo
1884 3342 1981 3397 ho-

408 3429 543 3507 mini
566 3430 902 3502 providetur,
930 3440 987 3488 et
1020 3431 1104 3486 cui
1142 3430 1352 3486 Domini
1381 3430 1496 3501 lege
1525 3428 1891 3502 conjungitnr,
1924 3439 1982 3485 et

405 3538 571 3579 unum
608 3539 731 3578 cum
769 3538 832 3578 ea
886 3539 1083 3594 corpus
1122 3521 1368 3578 efﬁcitur.
1400 3522 1659 3592 Quodque
1688 3522 1929 3593 sequitur
1961 3540 1974 3574 :

409 3631 429 3663 ι
458 3611 665 3668 Corona
691 3622 780 3667 tua
795 3612 1164 3682 circumligata
1196 3612 1268 3667 sit
1288 3612 1404 3677 tibi,
1427 3620 1482 3667 et
1503 3611 1865 3667 calceamenta
1886 3620 1977 3665 tua

403 3712 565 3758 erunt
613 3703 665 3758 in
716 3703 945 3773 pedibus
992 3705 1119 3768 tuis,
1174 3724 1192 3756 ι
1234 3704 1337 3759 hoc
1393 3703 1709 3773 signiﬁcat:
1747 3702 1979 3757 Habebis

402 3808 612 3849 cernam
663 3809 781 3862 qua:
816 3794 1067 3849 tondetur
1115 3794 1167 3847 in
1218 3792 1387 3858 luctu,
1417 3803 1471 3849 et
1508 3793 1872 3849 calceamenta
1923 3793 1976 3848 in

400 3882 648 3953 pedibus,
673 3896 792 3951 qua:
815 3882 1059 3953 lugentes
1088 3883 1260 3940 solent
1285 3884 1539 3955 abjiccre.
1564 3883 1716 3940 Unde
1742 3893 1797 3939 et
1811 3882 1977 3939 David

400 3973 638 4029 Absalon
662 3973 828 4027 ﬁlium
850 3972 1060 4043 fugiens
1083 3973 1165 4047 (II
1190 3974 1318 4044 Reg.
1337 3975 1454 4045 xv),
1468 3984 1522 4030 et
1537 3975 1804 4046 paenitens
1818 3990 1978 4044 super

402 4078 537 4119 nece
552 4060 714 4125 Uriaa,
740 4061 899 4116 nudis
918 4062 1163 4133 pedibus,
1190 4063 1406 4118 incedit.
1425 4065 1589 4120 Aiunt
1618 4064 1826 4121 Hebraei
1849 4066 1978 4120 buc-

402 4168 572 4225 usque
596 4151 918 4223 Babylonios
939 4154 1226 4224 magistros
1242 4153 1375 4225 legis
1394 4165 1658 4225 praecepta
1676 4163 1974 4217 servantes,

402 4246 718 4320 decalogum
742 4246 1000 4317 scriptum
1025 4246 1078 4299 in
1104 4242 1489 4300 membranulis
1515 4244 1851 4299 circumdare
1882 4260 1973 4298 ca-

399 4339 498 4412 piti
525 4354 646 4405 suo,
672 4346 728 4394 et
757 4338 871 4393 haec
891 4351 1011 4393 esse
1032 4351 1151 4409 qua:
1169 4336 1461 4407 iubeantur
1486 4342 1612 4389 ante
1634 4334 1819 4390 oculos
1840 4344 1895 4389 et
1921 4338 1973 4389 in

399 4433 579 4489 fronte
594 4432 846 4503 pendere,
877 4440 935 4486 ut
948 4445 1163 4500 semper
1176 4429 1393 4485 videant
1412 4443 1532 4498 qua:
1547 4438 1811 4499 praecepta
1829 4439 1971 4483 sunt.
1982 4416 1995 4427 ³

400 4524 468 4579 Ει
492 4524 619 4594 quia
646 4522 901 4579 Ezechiel
929 4522 1183 4578 sacerdos
1214 4529 1352 4586 erat,
1375 4534 1710 4591 nequaquam
1737 4535 1859 4574 eum
1887 4520 1974 4573 de-

399 4616 529 4671 bere
557 4614 826 4686 deponere
848 4630 1101 4669 coronam
1129 4613 1485 4686 gloriationis,
1515 4611 1607 4667 sed
1639 4612 1854 4683 ligatam
1886 4613 1974 4666 ha-

399 4705 532 4760 bere
552 4704 605 4758 in
623 4704 814 4774 capite.
848 4704 962 4761 Hoc
978 4704 1049 4760 illi
1064 4706 1299 4760 dixerint
1325 4720 1338 4757 :
1365 4719 1461 4759 nos
1474 4711 1650 4757 autem
1660 4703 1813 4773 juxta
1829 4700 1971 4756 LXX

400 4809 659 4849 coronam
691 4794 1009 4864 capillorum
1037 4795 1398 4867 intelligamus
1434 4795 1731 4861 caesariem,
1758 4794 1882 4851 licet
1919 4804 1972 4849 et

398 4883 638 4954 ipsorum
665 4881 1039 4953 interpretatio
1067 4901 1407 4956 nequaquam
1442 4885 1547 4940 vim
1574 4883 1821 4940 Hebraici
1858 4901 1969 4941 ser-

399 4973 576 5029 monis
599 4973 924 5044 expresserit
949 4989 962 5027 :
996 4995 1013 5025 ς
1038 4973 1148 5029 Nec
1171 4976 1392 5040 amictu,
1412 4975 1603 5046 inquit,
1619 4991 1713 5031 ora
1742 4977 1969 5042 velabis,

398 5082 501 5123 nec
519 5066 670 5123 cibos
690 5065 983 5137 lugentium
1005 5068 1207 5136 capies,
1241 5088 1258 5118 ι
1286 5084 1405 5137 qua:
1427 5069 1669 5124 solentin
1695 5070 1836 5125 luctu
1857 5071 1974 5126 ﬁeri

396 5169 459 5215 ut
500 5156 752 5231 operiant
798 5155 1024 5212 vultum.
1068 5156 1303 5212 Locutus
1341 5175 1491 5225 sum,
1537 5159 1739 5231 inquit,
1784 5162 1850 5216 ad
1880 5176 1974 5231 po-

397 5252 621 5323 pulum,
665 5265 784 5323 quae
822 5249 954 5304 mihi
996 5247 1254 5305 Dominus
1300 5250 1544 5321 imperat.
1590 5273 1607 5305 ι
1648 5252 1716 5307 Et
1760 5253 1972 5324 vesperi

398 5353 615 5403 mortua
667 5354 754 5401 est
800 5358 938 5399 uxor
984 5357 1101 5398 mea
1132 5383 1146 5408 ,
1205 5362 1224 5395 ι
1292 5345 1568 5401 oculorum
1617 5347 1973 5404 desiderabile

396 5438 809 5510 lumborumque
855 5448 910 5494 et
956 5438 1235 5510 sanguinis
1279 5436 1472 5494 luctus.
1539 5441 1842 5512 Statimque
1883 5444 1969 5498 die

396 5530 567 5587 altera
607 5546 766 5586 mane
804 5528 908 5586 feci
941 5530 1121 5585 omnia
1146 5544 1265 5598 qua:
1291 5529 1421 5584 mihi
1447 5530 1661 5587 fuerant
1689 5533 1967 5604 imperata.

395 5620 861 5693 lnterrogavitque
885 5638 970 5676 me
993 5620 1225 5692 pepulus
1266 5636 1365 5674 cur
1403 5631 1590 5677 contra
1616 5639 1821 5679 morem
1850 5642 1971 5680 om-

400 5711 548 5764 nium
593 5711 812 5767 fecerim
838 5753 855 5779 ,
906 5729 1206 5782 causasque
1246 5714 1613 5781 quaerentibus
1667 5725 1827 5773 tanta:
1880 5736 1974 5792 pa-

409 5797 609 5851 tientia:
631 5801 878 5868 respondi
899 5819 911 5855 :
935 5817 1115 5859 sermo
1135 5800 1346 5857 Domini
1369 5802 1457 5871 qui
1483 5803 1548 5857 ad
1573 5818 1657 5858 me
1680 5804 1850 5862 factus
1870 5819 1972 5880 est,

2086 1969 2167 2024 dis
2201 1970 2459 2027 incedctis
2489 1973 2731 2043 pedibus,
2762 1991 2866 2030 non
2893 1975 3177 2048 piangetis,
3209 1992 3306 2032 nec
3340 1978 3541 2032 amictu
3574 1996 3670 2033 ora

2084 2061 2354 2129 velabitis,
2387 2080 2487 2120 nec
2517 2066 2665 2121 cibos
2707 2067 2981 2137 accipietis
3022 2082 3052 2121 a
3103 2068 3526 2132 consolantibus,
3575 2070 3669 2125 sed

2086 2148 2393 2219 tabescetis,
2440 2165 2494 2210 et
2529 2158 2918 2213 eonsumemini
2956 2159 3009 2213 in
3038 2159 3410 2230 iniquitatibus
3450 2162 3668 2229 vestris,

2083 2251 2140 2298 et
2179 2243 2271 2299 vix
2301 2244 2531 2306 liberum
2554 2248 2823 2306 habebitis
2865 2251 3147 2323 gemitum,
3170 2268 3239 2309 ne
3278 2253 3565 2311 oﬁ‘cndatis
3593 2256 3669 2310 vi-

2084 2339 2293 2388 ctorum
2335 2336 2643 2405 superbiam
2689 2338 2734 2393 si
2785 2340 3001 2410 publice
3043 2339 3171 2397 ﬁere
3214 2343 3547 2409 videamini,
3597 2346 3663 2398 ita

2082 2431 2143 2477 ut
2166 2422 2412 2480 Ezechiel
2432 2428 2695 2497 propheta
2719 2430 2789 2484 sit
2808 2431 2964 2486 vobis
2985 2431 3039 2486 in
3061 2442 3388 2502 portentum,
3410 2445 3466 2489 et
3485 2435 3664 2491 omnia

2082 2528 2202 2583 qua:
2246 2514 2337 2570 ille
2380 2515 2435 2570 in
2480 2528 2659 2574 morte
2702 2536 2808 2575 non
2851 2521 2981 2579 fecit
3026 2525 3229 2588 uxoris,
3274 2541 3371 2579 vos
3411 2528 3465 2580 in
3511 2544 3662 2582 ever-

2081 2604 2234 2660 sione
2269 2606 2418 2662 urbis
2454 2615 2511 2661 et
2556 2609 2737 2680 templi
2779 2628 2886 2666 non
2927 2611 3157 2667 faciatis.
3206 2615 3273 2669 Et
3304 2617 3485 2671 adhuc
3511 2634 3663 2688 aper-

2082 2695 2209 2758 tius,
2233 2710 2286 2760 ο,
2311 2695 2505 2765 inquit,
2530 2695 2603 2751 ﬁli
2628 2698 2879 2765 hominis,
2921 2701 2973 2754 in
3000 2712 3239 2772 tempore
3282 2707 3501 2774 quando
3540 2707 3662 2762 abs-

2082 2784 2255 2840 tulero
2280 2787 2349 2841 ab
2368 2786 2448 2841 eis
2471 2784 2839 2845 fortitudinem
2864 2805 3072 2856 eorum,
3099 2792 3304 2862 templi,
3330 2804 3388 2848 ut
3408 2795 3662 2863 dinimns,

2082 2876 2484 2945 conﬁdentiam,
2510 2888 2565 2934 et
2587 2881 2838 2950 gaudium
2873 2882 3166 2953 dignitatis,
3196 2893 3251 2938 et
3285 2885 3337 2939 in
3375 2902 3486 2955 quo
3518 2903 3663 2957 sporn

2080 2966 2248 3021 solam
2294 2968 2564 3023 habebant
2602 2985 2666 3025 ac
2705 2971 3055 3038 desiderium,
3103 2971 3155 3027 in
3199 2989 3306 3044 quo
3353 2976 3662 3046 requiesce-

2080 3057 2209 3112 bant
2248 3058 2443 3114 animae
2485 3074 2693 3115 eorum.
2741 3062 2963 3133 Insuper
3009 3064 3146 3121 ﬁlios
3186 3080 3371 3121 eorum
3414 3075 3473 3121 et
3508 3067 3663 3133 ﬁlias,

2082 3148 2398 3203 subauditur
2439 3165 2503 3204 ex
2551 3151 2941 3221 superioribus,
2986 3152 3279 3210 abstulero.
3327 3154 3425 3221 Eo,
3456 3155 3659 3227 inquit,

2086 3245 2325 3307 tempore
2362 3254 2483 3293 eum
2519 3242 2729 3296 venerit
2767 3243 2834 3296 ad
2871 3249 2923 3297 te
2959 3243 3025 3298 de
3066 3241 3365 3299 Jerusalem
3418 3244 3662 3317 fugiens,

2082 3329 2165 3383 vel
2208 3331 2298 3399 qui
2340 3331 2611 3396 evaserit,
2663 3333 2849 3390 dicens
2898 3337 3085 3391 urbem
3133 3352 3260 3393 esse
3304 3340 3667 3409 subversam,

2082 3425 2211 3474 tunc
2252 3420 2342 3488 qui
2385 3421 2534 3490 prius
2584 3429 2851 3488 tacueras,
2888 3433 2943 3479 et
2983 3426 3243 3495 gemitum
3288 3427 3520 3484 liberum
3558 3446 3666 3487 non

2080 3508 2336 3575 habebas,
2363 3520 2417 3566 et
2455 3521 2617 3567 tantae
2639 3528 2761 3568 cras
2787 3516 3077 3584 patientire,
3106 3526 3165 3571 ut
3201 3518 3253 3571 in
3286 3519 3475 3574 uxoris
3507 3535 3659 3583 nece,

2080 3610 2134 3654 et
2160 3601 2460 3657 lumborum
2508 3604 2691 3660 dolore
2717 3606 3009 3678 laerymam
3053 3624 3159 3663 non
3197 3612 3501 3676 emitteres,
3541 3627 3662 3681 ape-

2080 3692 2189 3747 ries
2226 3709 2288 3749 os
2331 3701 2481 3748 tuum
2518 3704 2573 3749 et
2608 3696 2846 3766 loqueris
2884 3714 2988 3753 non
3025 3699 3095 3754 ad
3133 3715 3255 3755 eum
3297 3701 3386 3770 qui
3430 3703 3657 3769 venerit,

2078 3784 2173 3839 sed
2198 3801 2321 3841 cum
2362 3802 2450 3852 eo,
2493 3797 2553 3842 ut
2590 3805 2926 3860 quaecunque
2962 3800 3017 3846 tu
3046 3799 3270 3847 ventura
3309 3793 3657 3863 prmdixeras,

2079 3875 2167 3930 ille
2211 3878 2422 3934 nuntiet
2464 3879 2627 3935 etiam
2670 3880 2944 3951 perfecta,
2988 3892 3044 3938 et
3086 3884 3227 3938 ultra
3274 3899 3380 3939 non
3428 3886 3654 3953 tacebis,

2078 3966 2173 4022 sed
2214 3982 2407 4038 argues
2448 3984 2561 4035 eos,
2613 3980 2669 4025 et
2710 3970 2858 4027 dices
2903 3982 3096 4028 cuncta
3142 3973 3250 4029 illis
3298 3975 3503 4030 merito
3534 3990 3657 4046 pro-

2076 4057 2309 4114 venisse.
2362 4059 2438 4113 lta
2480 4068 2537 4113 ut
2578 4062 2653 4117 sis
2697 4061 2804 4117 illis
2847 4063 2901 4117 in
2941 4072 3279 4133 portentum,
3323 4064 3481 4136 juxta
3531 4065 3655 4120 illud

2076 4152 2217 4219 quod
2268 4151 2321 4205 in
2363 4151 2628 4208 Zacharia
2673 4154 2934 4225 scriptum
2984 4164 3070 4211 est
3115 4152 3308 4227 (Zach.
3355 4155 3481 4228 ut),
3533 4171 3654 4227 pro-

2076 4241 2266 4311 phetas
2303 4242 2449 4298 viros
2486 4259 2605 4301 esse
2647 4246 3053 4316 portendentes.
3114 4246 3181 4301 Et
3222 4245 3482 4303 Dominus
3528 4247 3650 4302 alibi

2076 4328 2313 4400 loquitur
2358 4350 2370 4384 :
2423 4352 2438 4383 ι
2494 4332 2552 4386 In
2602 4334 2852 4390 manibus
2894 4337 3281 4406 prophetarum
3326 4337 3651 4394 assimilatus

2077 4436 2215 4475 sum.
2252 4441 2269 4473 ι
2319 4422 2444 4485 [hec
2480 4423 2633 4493 juxta
2678 4427 2961 4482 historiam
3006 4428 3149 4483 dicta
3191 4429 3317 4484 sint.
3361 4429 3649 4501 (blaesus)

2079 4512 2372 4570 Veniamus
2412 4516 2475 4569 ad
2514 4531 2812 4588 anagogin,
2851 4520 2896 4574 si
2930 4527 3109 4575 tamen
3134 4521 3365 4576 violenta
3402 4523 3517 4577 visa
3549 4538 3649 4578 non

2077 4602 2237 4657 fuerit
2277 4606 2415 4660 cauti
2453 4605 2673 4661 lectoris
2713 4608 3026 4678 prudentia;
3062 4610 3255 4666 Filium
3286 4614 3521 4669 hominis
3546 4614 3648 4670 dici

2077 4692 2357 4749 Dominum
2406 4696 2746 4754 Salvatorem
2808 4700 2940 4755 nulli
2997 4701 3217 4758 dubium
3274 4704 3365 4774 qui
3411 4714 3648 4761 extrema

2074 4786 2231 4854 hora,
2275 4788 2376 4843 hoc
2412 4798 2516 4855 est,
2561 4791 2628 4847 ad
2670 4804 2950 4862 vesperam
2988 4794 3174 4849 mundi
3223 4795 3382 4865 hujus
3426 4812 3646 4851 uxorem

2072 4881 2355 4950 pristinam
2388 4882 2639 4953 perdidit,
2682 4898 2783 4939 nec
2821 4882 2977 4945 ﬂevit,
3010 4899 3152 4952 eam,
3196 4901 3297 4942 nec
3324 4887 3526 4943 amictu
3556 4902 3647 4942 ora

2072 4970 2290 5038 velavit,
2319 4989 2418 5029 nec
2451 4975 2659 5047 recepit
2690 4975 2853 5030 ullam
2893 4976 3171 5032 hominum
3205 4979 3643 5035 consolationem.

2074 5062 2143 5118 Et
2181 5063 2295 5119 haec
2317 5073 2539 5120 ventura
2579 5066 2829 5135 przedixit
2866 5081 3044 5133 mane,
3084 5083 3203 5137 quae
3237 5069 3504 5141 completa
3530 5078 3649 5127 sunt

2074 5155 2304 5226 vesperi.
2353 5156 2416 5211 Et
2451 5172 2667 5212 rursum
2703 5173 2862 5213 mane
2889 5159 2942 5212 in
2969 5160 3208 5214 secundo
3232 5160 3484 5225 adventu,
3513 5161 3646 5216 facta

2073 5246 2323 5316 probabit
2356 5261 2476 5316 qum
2500 5255 2724 5302 ventura
2762 5248 3121 5319 pmdixerat;
3166 5250 3533 5304 sanctuarium
3562 5247 3646 5303 Juc

2074 5336 2335 5404 dzeorum,
2375 5345 2431 5392 et
2463 5338 2608 5408 quod
2645 5336 3003 5393 desiderabile
3038 5339 3339 5395 habuerant
3372 5340 3424 5394 in
3459 5341 3643 5403 oculis,

2075 5437 2131 5484 et
2153 5445 2315 5502 super
2340 5445 2448 5500 quo
2478 5430 2780 5485 tremebant
2803 5431 2996 5486 animae
3025 5446 3235 5497 eorum,
3260 5448 3381 5488 esse
3411 5433 3643 5504 polluta:

2078 5519 2215 5576 ﬁlios
2253 5536 2467 5591 quoque
2509 5537 2719 5587 eorum,
2761 5529 2819 5576 et
2855 5521 2993 5578 ﬁlias
3028 5521 3273 5578 Romano
3312 5524 3488 5596 gladio
3526 5540 3648 5581 con-

2078 5611 2292 5667 cidisse.
2341 5611 2493 5680 Quod
2516 5622 2696 5668 autem
2721 5613 2938 5681 dicitur,
2973 5634 2991 5665 ι
3023 5629 3277 5669 coronam
3303 5615 3571 5670 habebitis
3596 5615 3643 5669 in

2079 5702 2341 5771 capitibus
2363 5702 2579 5768 vestris,
2606 5711 2662 5759 et
2688 5702 3051 5758 calceamenta
3080 5711 3241 5759 erunt
3272 5704 3324 5758 in
3354 5704 3594 5774 pedibus.
3622 5723 3638 5754 ι

2080 5789 2144 5845 ad
2169 5790 2311 5845 illam
2337 5801 2543 5861 partem
2577 5792 2896 5864 referemus,
2924 5795 3065 5867 quod
3100 5810 3441 5867 nequaquam
3470 5796 3642 5866 lugent
