3954 6182
395 203 498 261 759

1065 202 1124 259 B.
1164 201 1413 258 RABANI
1453 200 1671 258 MAURI
1712 199 1959 258 ARCIHE

2072 202 2210 260 HOC
2224 200 2381 260 UNT.
2420 202 2705 262 OPBRUII
2741 205 2923 263 PARS
2961 208 3028 262 ll.

3551 200 3663 257 700

394 322 494 377 tati
516 335 722 375 sumus.
751 320 998 391 Nullique
1018 320 1236 375 dubium
1258 328 1342 375 est
1379 319 1702 376 Madianltas
1723 328 1779 374 et
1800 327 1968 374 totam
1999 320 2045 381 Α
2071 320 2187 376 sive
2213 334 2404 377 eorum
2433 321 2566 378 vitio
2595 324 2686 393 qui
2722 323 2853 378 mihi
2882 322 3223 390 serviebant,
3269 324 3386 379 sive
3410 321 3662 379 hostium

395 413 563 467 eremi
608 413 915 468 vastitatem
943 412 1189 481 adiacere
1226 419 1386 467 terrae
1428 411 1676 477 Arabiae,
1715 412 1843 481 quia
1873 412 1970 467 has

397 502 527 557 bent
550 502 875 559 camelorum
902 517 1090 572 greges
1115 501 1407 571 oviumque
1433 511 1489 557 et
1517 517 1803 572 caprarum
1832 502 1971 555 mul-

396 590 734 655 titudines,et
759 592 843 647 his
867 591 1056 662 Opibus
1078 592 1357 658 victitant;
1381 593 1522 662 quod
1547 602 1603 648 et
1626 601 1785 648 terra:
1806 593 1970 647 Israel

400 681 453 735 in
510 682 757 740 Judicum
787 683 927 739 libro
954 683 1219 739 accidisse
1247 695 1435 739 narrat
1462 685 1719 750 historia,
1755 685 1971 755 quando

396 782 656 829 venerant
700 773 998 840 Madianrei,
1051 782 1106 830 et
1144 775 1380 845 depasta:
1408 784 1536 830 sunt
1579 792 1762 847 usque
1783 775 1967 832 Gazan

396 879 581 918 omnes
606 865 852 934 regiones
876 880 1083 920 eorum.
1098 888 1101 893 ί
1118 874 1470 942 Μεταφορικῶς
1494 881 1621 937 ergo
1648 883 1746 937 per
1771 867 1971 923 Iliadis.

396 971 539 1010 uaros
602 956 898 1013 lsmaelitas
950 966 1004 1011 et
1059 958 1337 1029 Agarenos
1385 959 1478 1028 qui
1523 975 1667 1014 nunc
1711 959 1969 1016 Saraceni

395 1049 749 1120 appellantur,
774 1058 1114 1104 assumentes
1135 1048 1240 1104 sibi
1265 1048 1399 1105 falso
1428 1050 1645 1106 nomine
1669 1049 1841 1117 Sara},
1861 1067 1971 1121 quo

394 1142 603 1197 scilicet
631 1142 697 1196 de
726 1142 956 1211 ingenua
999 1150 1055 1195 et
1097 1141 1314 1195 domina
1345 1141 1628 1196 videantur
1657 1156 1776 1198 esse
1803 1158 1967 1211 gene-

397 1232 519 1297 rati,
555 1231 832 1300 Scriptura
863 1220 1157 1301 signiﬁcat,
1198 1230 1503 1299 dieiturque
1532 1230 1597 1285 de
1628 1244 1757 1307 rege
1784 1230 1968 1287 Nabu-

395 1321 734 1376 chodonosor
762 1328 818 1374 et
850 1319 995 1373 omni
1032 1319 1148 1388 ejus
1182 1319 1425 1375 exercitu
1451 1360 1465 1385 ,
1515 1320 1657 1388 quod
1695 1320 1875 1374 veniat
1914 1330 1970 1375 et

392 1413 573 1483 (rapiat
596 1413 784 1467 urbem
812 1411 1226 1483 Rabbath,qua:
1249 1411 1335 1465 vel
1364 1410 1579 1480 proprie
1608 1412 1711 1465 hoc
1738 1410 1971 1481 appella-

395 1513 482 1557 tur
512 1503 728 1558 nomine
767 1502 852 1557 vel
900 1502 969 1557 ob
1015 1501 1479 1575 magnitudinem:
1532 1502 1780 1557 Rabbath
1824 1504 1969 1559 enim

391 1595 627 1650 maxima
665 1593 882 1650 dicitur.
933 1593 1001 1648 Et
1032 1609 1100 1649 uc
1135 1593 1442 1650 dubitemus
1476 1592 1970 1649 Nabuchodonosor

2073 411 2393 467 crudelitate
2410 412 2501 482 qui
2525 428 2675 469 meos
2691 413 3156 484 persequebantur
3176 429 3193 469 :
3222 424 3423 470 terram
3443 426 3665 484 (pioque

2070 502 2252 568 Israel,
2270 518 2462 559 sensus
2476 504 2721 560 videntes
2743 506 2931 570 Deum,
2951 520 3073 561 esse
3086 505 3382 561 desolatam
3394 506 3664 560 virtutum

2072 594 2270 660 choro;
2323 606 2380 650 et
2420 598 2678 665 quoniam
2718 598 2811 653 ﬁlii
2852 599 3043 654 domus
3070 596 3229 661 Juda.
3262 598 3316 653 id
3351 608 3439 654 est
3470 597 3662 653 Denti—

2072 700 2200 741 num
2230 688 2559 752 conﬁtentis,
2606 691 2658 744 in
2686 705 2791 760 qua
2822 698 2907 745 est
2936 705 3062 746 vera
3104 690 3238 745 ﬁdes
3265 700 3321 744 et
3348 699 3499 745 recta
3524 703 3664 744 con-

2072 774 2257 841 fessio,
2282 776 2428 832 ducti
2454 785 2580 833 sunt
2610 778 2663 831 in
2693 779 3084 849 captivitatem,
3110 786 3166 833 et
3193 780 3405 834 servire
3428 778 3661 832 Domino

2070 864 2378 931 desierunt,
2426 867 2657 933 idcirco,
2699 868 2877 923 omnis
2913 868 3211 931 insultans,
3255 868 3494 930 traderis
3534 867 3661 922 ﬁliis

2070 953 2435 1011 Orientalibus
2468 957 2561 1027 qui
2593 958 2660 1013 de
2688 972 2819 1013 vero
2847 958 3052 1013 lumine
3098 967 3226 1014 sunt
3275 958 3509 1028 profecti
3536 998 3554 1022 ,
3604 966 3661 1014 et

2073 1048 2302 1105 traderis
2332 1048 2386 1103 in
2417 1048 2809 1114 haereditatem,
2844 1057 2904 1105 ut
2935 1059 2990 1104 tu
3020 1065 3234 1120 quoque
3265 1050 3443 1105 discas
3475 1050 3661 1105 Domi-

2072 1155 2199 1193 num
2230 1139 2498 1195 conﬁteri.
2557 1139 2622 1194 Et
2670 1156 2768 1211 per
2815 1141 3221 1196 translationem
3270 1142 3471 1196 dicitur
3509 1140 3656 1211 quod

2070 1228 2169 1307 ﬁlii
2186 1228 2431 1285 Orientis
2448 1238 2657 1299 ponant
2680 1245 2842 1299 super
2874 1245 2969 1285 eos
2999 1229 3183 1285 caulas
3212 1245 3361 1296 suas,
3396 1241 3447 1283 et
3487 1230 3657 1302 ﬁgant

2062 1307 2334 1382 tentoria,
2382 1326 2437 1373 et
2468 1318 2651 1374 bibant
2678 1319 2792 1383 lae,
2835 1329 2891 1374 et
2918 1321 3203 1375 comedant
3234 1319 3416 1390 fruges
3442 1339 3455 1375 :
3490 1330 3547 1376 et
3573 1323 3654 1377 ci-

2070 1409 2211 1464 vitas
2238 1411 2510 1479 quondam
2541 1411 2809 1480 superbiae
2845 1410 2938 1464 ﬁat
2977 1410 3031 1464 in
3074 1410 3441 1466 habitaculum
3473 1428 3656 1468 came-

2069 1496 2245 1555 lorum
2292 1500 2382 1570 qui
2427 1500 2656 1571 possint,
2687 1501 2931 1570 deposito
2969 1516 3132 1556 onere
3162 1511 3539 1572 peccatorum,
3572 1504 3654 1557 in-

2072 1601 2216 1648 trare
2240 1608 2337 1664 per
2365 1591 2604 1648 foramen
2635 1609 2783 1648 acus.
2833 1593 2902 1648 Et
2939 1593 2990 1648 in
3034 1593 3211 1673 cubile
3244 1598 3503 1663 pecorum
3526 1604 3652 1665 qua

392 1685 720 1740 snbvertisse
746 1684 1020 1749 Arabiam,
1047 1692 1334 1754 postquam
1364 1690 1523 1755 capta
1544 1694 1625 1738 est
1649 1682 1966 1749 Jerusalem,
1998 1670 2045 1729 Β
2074 1694 2333 1757 reguntur
2361 1699 2390 1739 a
2422 1692 2639 1755 pastore
2667 1685 2830 1749 bono,
2864 1692 2923 1738 ut
2953 1698 3075 1740 eum
3106 1670 3212 1741 hoc
3236 1684 3644 1741 'fecerint‘misti

391 1791 549 1847 supra
582 1774 861 1844 Scriptura
893 1781 1156 1829 testatur:
1195 1794 1212 1824 ε
1246 1775 1312 1828 Εῑ
1340 1782 1417 1840 tu,
1440 1772 1514 1829 ﬁli
1544 1773 1799 1839 hominis,
1832 1788 1971 1842 pone

395 1868 490 1922 tibi
520 1868 652 1941 duas
687 1866 806 1925 vias
830 1866 1154 1929 Ammonet
1182 1864 1509 1930 Jerusalem,
1561 1875 1617 1919 et
1644 1865 1825 1919 veniat
1853 1865 1969 1937 gla-

392 1957 515 2012 dius
551 1955 692 2026 regis
724 1953 1032 2025 Babylonis.
1069 1974 1086 2006 ›
1144 1953 1212 2008 Et
1258 1954 1494 2007 iterum:
1529 1970 1548 2004 ι
1580 1951 1637 2006 In
1669 1952 1843 2021 capite
1870 1954 1970 2008 via:

391 2047 627 2104 civitatis
654 2046 906 2117 conjiciet
930 2045 1094 2110 viam,
1120 2060 1347 2115 ponens,
1378 2051 1438 2099 ut
1461 2044 1642 2098 veniat
1670 2042 1878 2113 gladius
1902 2044 1968 2099 ad

393 2138 640 2194 Rabbath
675 2135 905 2191 ﬁliorum
935 2134 1193 2198 Ammon,
1228 2140 1282 2188 et
1309 2133 1374 2187 ad
1400 2132 1591 2189 Judam
1623 2133 1676 2188 in
1710 2131 1968 2188 Hierusa-

388 2226 495 2281 lem
520 2224 954 2281 munitissimam.
979 2244 997 2277 ι
1025 2223 1092 2278 Ει
1114 2239 1359 2278 rursum:
1382 2242 1399 2273 ‹
1423 2222 1547 2277 Haec
1565 2222 1697 2280 dicit
1713 2222 1969 2279 Dominus

391 2318 534 2373 Deus
568 2317 636 2372 ad
673 2316 813 2372 ﬁlios
840 2316 1103 2380 Ammon,
1146 2325 1201 2371 et
1229 2316 1295 2370 ad
1326 2317 1672 2387 Opprobrium
1698 2331 1905 2371 eorum.
1941 2336 1959 2367 ι

389 2407 622 2464 Venient
649 2423 777 2478 ergo
805 2407 897 2462 ﬁlii
927 2407 1076 2464 Eden
1100 2448 1115 2473 ,
1160 2416 1216 2463 et
1260 2405 1598 2462 collocabunt
1627 2406 1812 2462 caulas
1839 2422 1965 2462 suas

386 2499 540 2570 quasi
587 2507 856 2571 pastores,
907 2499 1176 2570 ﬁgentque
1225 2498 1478 2564 tentoria,
1530 2498 1629 2570 ipsi
1678 2500 1968 2555 vastabunt

388 2590 569 2662 lruges
614 2600 733 2649 tuas
757 2630 773 2656 ,
823 2599 879 2646 et
925 2590 1111 2645 bibent
1152 2589 1237 2645 lac
1264 2598 1317 2643 et
1345 2589 1643 2643 ubertatem
1677 2596 1836 2643 terrae
1867 2588 1966 2643 im-

386 2679 569 2735 missis
597 2679 850 2752 gregibus
880 2677 1209 2733 camelorum
1249 2686 1304 2732 et
1340 2677 1579 2732 onmium
1608 2678 1962 2747 populorum,

384 2776 459 2825 ita
485 2778 546 2825 ut
573 2770 681 2825 sint
709 2768 803 2823 lilii
830 2768 1060 2829 Ammon
1090 2768 1144 2822 in
1173 2767 1348 2822 cubile
1375 2782 1662 2838 pecorum,
1701 2776 1757 2823 et
1794 2768 1962 2822 malo—

384 2875 503 2915 rum
550 2859 875 2915 necessitate
906 2857 1205 2930 intelligant
1237 2859 1383 2928 quod
1415 2859 1529 2930 ipse
1562 2858 1633 2913 sit
1667 2858 1957 2925 Dominus,

382 2951 475 3023 qui
504 2960 560 3007 et
588 2950 765 3005 futura
796 2949 1066 3021 praedixit,
1095 2957 1150 3004 et
1184 2959 1245 3005 ut
1272 2949 1465 3005 ﬁerent
1494 2950 1796 3021 imperavit.
1851 2950 1963 3009 Nec

2072 1780 2126 1828 et
2152 1774 2334 1828 traditi
2351 1772 2587 1828 Orientis
2613 1773 2921 1843 pastoribus
2949 1772 3253 1845 intelligant
3271 1775 3416 1843 quod
3445 1772 3565 1844 ipse
3582 1776 3654 1830 sit

2070 1863 2349 1919 Dominus.
2403 1861 2749 1934 Rursumque
2778 1864 3074 1933 exprobrat
3102 1865 3183 1921 eis
3209 1880 3381 1936 quare
3422 1862 3650 1922 insulta-

2068 1960 2262 2007 verunt
2295 1952 2462 2007 nimio
2502 1953 2683 2008 cordis
2723 1951 2917 2009 affectu
2962 1955 3136 2010 ruinis
3177 1954 3357 2025 populi
3406 1946 3546 2019 Dei,
3592 1965 3650 2010 et

2071 2052 2267 2098 terram
2295 2042 2458 2098 Israel
2484 2052 2809 2114 putaverunt
2843 2045 3064 2100 omnino
3092 2045 3384 2110 desertam,
3416 2060 3517 2116 pro
3544 2061 3651 2116 quo

2069 2142 2380 2189 mereantur
2406 2150 2625 2189 manum
2656 2134 2965 2191 uleiscentis
2996 2135 3092 2191 Dei
3119 2155 3132 2191 :
3175 2145 3237 2190 ut
3268 2136 3360 2207 qui
3401 2146 3650 2193 excesse-

2070 2232 2192 2278 rant
2220 2224 2437 2279 modum
2467 2225 2842 2281 exsultationis
2885 2234 2941 2280 et
2967 2226 3144 2296 gaudii
3175 2239 3338 2296 super
3362 2220 3526 2281 ruina
3552 2227 3647 2282 tio-

2068 2331 2188 2370 mns
2218 2314 2385 2380 Judze,
2408 2331 2753 2386 nequaquam
2792 2315 3075 2371 tradantur
3104 2315 3229 2371 ﬁliis
3253 2315 3518 2380 Orientis,
3555 2315 3649 2371 sed

2068 2406 2177 2460 sint
2206 2406 2261 2459 in
2289 2405 2648 2476 direptionem
2677 2415 2995 2460 cunctarum
3025 2404 3286 2475 gentium,
3338 2413 3396 2458 et
3445 2398 3647 2461 interli-

2067 2495 2280 2551 ciantur
2308 2497 2373 2551 de
2409 2495 2641 2567 pupulis,
2690 2508 2744 2551 et
2776 2503 3036 2566 pereant,
3086 2503 3141 2550 et
3186 2504 3565 2563 conterantur,
3593 2502 3647 2551 et

2067 2602 2406 2658 nequaquam
2436 2587 2503 2642 de
2532 2587 2700 2657 stirpe
2722 2586 3018 2651 Abraham,
3039 2587 3133 2642 sed
3155 2586 3222 2640 de
3243 2585 3457 2642 cunctis
3479 2584 3646 2642 natio-

2066 2678 2224 2733 nibus
2250 2691 2371 2733 esse
2399 2678 2649 2733 credendi
2687 2678 2830 2743 sint;
2876 2687 2931 2732 ct
2969 2686 3096 2731 tunc
3134 2676 3400 2732 malorum
3441 2690 3643 2747 cogno-

2064 2778 2215 2823 scant
2240 2767 2606 2839 magnitudine
2630 2775 2685 2823 et
2708 2767 3030 2822 contritione
3056 2775 3247 2831 sua,et
3270 2764 3645 2823 interiectione

2062 2859 2272 2930 populi,
2312 2859 2454 2930 quod
2485 2860 2597 2929 ipse
2628 2858 2699 2915 sit
2724 2857 3003 2913 Dominus.
3044 2856 3195 2925 Quod
3225 2858 3557 2929 generaliter
3579 2858 3643 2914 de

2064 2949 2301 3005 Ecclesia
2333 2949 2712 3014 intelleximus,
2747 2964 2909 3019 super
2958 2964 3281 3019 unoquoque
3332 2958 3645 3005 sanctorum

381 3043 486 3098 hoc
512 3039 708 3097 suﬁicit
736 3039 862 3093 ﬁliis
887 3038 1141 3105 Ammon,
1164 3045 1223 3119 ut
1260 3037 1581 3094 insultarent
1613 3047 1669 3094 et
1696 3040 1957 3107 dicerent,
1988 3044 2033 3107 C
2065 3039 2287 3111 intelligi
2324 3048 2538 3110 potest:
2572 3040 2643 3095 ad
2673 3056 2903 3110 quorum
2938 3038 3151 3094 ruinam
3189 3040 3429 3111 gaudent
3464 3040 3643 3097 szeculi

382 3137 550 3209 Euge,
575 3151 710 3207 euge
737 3150 899 3205 super
924 3132 1124 3204 templo
1150 3141 1205 3189 et
1235 3131 1544 3189 sanctuario
1570 3130 1804 3197 Domini,
1820 3133 1962 3202 quod

378 3228 643 3297 pollutum
688 3235 806 3282 erat
852 3225 1188 3281 diversarum
1230 3224 1454 3280 introitu
1496 3224 1772 3279 nationum
1801 3264 1817 3289 ,
1867 3223 1962 3279 sed

382 3328 532 3374 tanta
561 3316 662 3373 fuit
695 3316 988 3373 insultandi
1017 3314 1238 3371 lascivia
1257 3354 1273 3380 ,
1314 3319 1376 3369 ut
1416 3322 1645 3370 cunctus
1672 3313 1833 3369 simul
1862 3327 1960 3384 po-

379 3409 540 3480 pulus
567 3407 817 3463 manibus
855 3417 908 3462 et
943 3406 1174 3478 pedibus
1198 3411 1589 3474 concreparet,
1638 3411 1696 3458 et
1737 3418 1803 3458 ex
1850 3412 1961 3458 toto

379 3498 564 3555 cordis
591 3497 849 3553 clamaret
878 3495 1104 3559 affectu,
1149 3510 1213 3549 eo
1253 3494 1397 3564 quod
1441 3502 1585 3548 terra
1623 3492 1787 3547 Israel
1816 3503 1960 3547 esset

376 3587 639 3645 desolata.
670 3588 962 3657 Propterea
997 3600 1100 3639 non
1132 3597 1228 3655 per
1255 3582 1492 3653 angelos,
1522 3596 1699 3651 neque
1725 3596 1825 3651 per
1854 3581 1958 3636 alia

376 3679 724 3744 ministeria,
780 3678 877 3733 sed
930 3678 1043 3746 ipse
1086 3675 1367 3739 Dominus,
1395 3674 1692 3728 extendens
1738 3687 1955 3727 manum

374 3786 528 3828 suam
558 3771 623 3826 ad
653 3768 1083 3842 percutiendmn,
1117 3767 1291 3837 tradet
1315 3782 1435 3821 eam
1482 3766 1534 3821 iu
1578 3764 1955 3837 direptionem,

374 3875 713 3931 nequaquam
744 3857 962 3913 camelis
989 3867 1043 3912 et
1087 3857 1267 3913 ovium
1297 3856 1568 3928 gregibus,
1605 3857 1701 3913 sed
1732 3857 1958 3913 manife-

374 3953 511 4009 stius
557 3949 827 4021 gentibus,
878 3956 936 4001 ut
985 3946 1053 4001 de
1100 3946 1422 4018 pepulerum
1471 3962 1697 4003 numero
1740 3947 1956 4018 penitus

372 4043 704 4105 eradicetur,
750 4048 805 4093 et
849 4047 1035 4110 pereat
1081 4048 1137 4093 et
1182 4040 1456 4110 redigatur
1494 4041 1561 4095 ad
1592 4040 1835 4095 nihilum.
1888 4040 1955 4095 Et

370 4138 658 4203 postquam
688 4128 922 4184 contrita
969 4125 1163 4194 fuerit,
1213 4136 1344 4183 tunc
1373 4128 1637 4199 intelligat
1662 4131 1806 4200 quod
1838 4130 1950 4201 ipse

369 4225 444 4282 sit
472 4224 750 4293 Dominus,
782 4222 871 4293 qui
902 4230 1096 4277 cuncta
1128 4220 1413 4291 dijudicet,
1451 4229 1505 4276 et
1536 4221 1587 4276 in
1618 4237 1806 4279 omnes
1837 4230 1951 4277 ter-

369 4334 462 4374 ras
493 4318 686 4387 haheat
712 4322 1058 4389 potestatem.
1097 4314 1389 4369 Possumus
1408 4313 1564 4383 juxta
1599 4315 1950 4389 tropologiam

2064 3129 2310 3185 homines
2337 3137 2392 3186 et
2420 3129 2744 3186 adversariae
2775 3138 3093 3201 potestates,
3128 3130 3173 3183 si
3206 3129 3360 3184 multi
3388 3132 3646 3202 temporis

2060 3219 2397 3289 perdiderint
2447 3217 2764 3289 pudicitiam
2792 3261 2806 3283 ,
2857 3222 2984 3275 dum
3033 3218 3159 3275 mali
3210 3219 3640 3276 consolationem

2060 3326 2281 3366 suorum
2307 3311 2570 3367 scelerum
2594 3320 2802 3383 putant,
2825 3313 2868 3367 si
2894 3312 3078 3382 plures
3103 3312 3338 3368 habeant
3364 3321 3644 3370 consortes

2060 3401 2348 3455 criminum
2376 3410 2539 3473 atque
2573 3402 2852 3472 supplicii.
2892 3410 2947 3456 et
2989 3403 3095 3458 hoc
3136 3418 3295 3457 nemo
3332 3401 3500 3468 fecit,
3545 3402 3643 3460 nisi

2058 3488 2223 3545 fuerit
2249 3490 2392 3547 ﬁlius
2420 3491 2650 3546 Ammon
2676 3532 2691 3557 ,
2737 3492 2840 3546 hoc
2878 3500 2961 3547 est
3001 3492 3145 3547 ﬁlius
3184 3491 3405 3564 populi,
3455 3493 3550 3564 qui
3590 3493 3643 3548 in

2058 3579 2419 3637 declinatione
2447 3590 2735 3653 generatus
2763 3588 2865 3637 est.

2135 3689 2154 3721 ε
2185 3670 2310 3726 Haec
2337 3672 2469 3727 dicit
2500 3672 2759 3727 Dominus
2786 3672 2946 3727 Deus.
2987 3670 3094 3726 Pro
3118 3686 3184 3727 eo
3212 3672 3355 3742 quod
3386 3672 3640 3729 dixerunt

2062 3782 2081 3816 ι
2115 3762 2271 3821 Moab
2293 3775 2347 3821 et
2372 3765 2516 3831 Seir,
2532 3780 2659 3823 ecce
2682 3766 2823 3821 sicut
2842 3780 3032 3820 omnes
3051 3773 3240 3837 gentes
3261 3764 3458 3820 domus
3477 3764 3633 3821 Juda.

2061 3877 2079 3909 ι
2110 3857 2317 3913 Idcirco
2354 3873 2481 3914 ecce
2518 3873 2616 3929 ego
2644 3858 2884 3928 aperiam
2913 3858 3198 3913 humerum
3229 3857 3383 3912 Moab
3411 3859 3481 3913 de
3505 3857 3637 3914 οἰνί-

2059 3969 2078 4003 ι
2114 3949 2315 4006 tatibus
2339 3967 2352 4004 :
2382 3951 2446 4006 de
2469 3951 2797 4013 civitatibus,
2819 3951 3063 4020 inquam,
3088 3949 3205 4019 ejus
3234 3950 3447 4022 inclyta
3480 3959 3635 4006 terra

2059 4059 2077 4092 α
2108 4039 2498 4095 Bethiesimotb
2550 4051 2606 4095 et
2650 4039 2937 4095 Beelmeon
2991 4047 3049 4095 et
3093 4039 3462 4104 Cariathaim,
3516 4041 3634 4096 ﬁliis

2058 4148 2077 4182 σ
2111 4129 2350 4187 Orientis
2379 4145 2502 4186 eum
2532 4128 2659 4186 ﬁliis
2684 4129 2936 4186 Ammon.
2967 4130 3034 4184 Et
3063 4131 3203 4186 dabo
3227 4144 3348 4185 eam
3378 4131 3435 4186 in
3465 4131 3631 4187 hterec

2057 4240 2075 4272 ι
2108 4221 2353 4285 ditatem,
2380 4230 2439 4275 ut
2463 4236 2569 4276 non
2599 4221 2671 4275 sit
2694 4222 2955 4277 memoria
2978 4222 3117 4277 ultra
3140 4221 3375 4277 ﬁliorum
3402 4221 3631 4278 Ammon

2056 4328 2076 4364 ¢
2107 4310 2163 4365 in
2194 4311 2465 4381 gentibus.
2514 4310 2582 4364 Et
2609 4310 2662 4364 in
2692 4308 2846 4365 Moab
2876 4310 3070 4365 faciam
3095 4310 3298 4380 judicia
3319 4353 3334 4378 ,
3377 4319 3433 4366 et
3464 4314 3635 4368 scient

367 4410 509 4467 ﬁlios
530 4408 759 4465 Ammon
786 4407 1106 4478 intelligere,
1129 4405 1220 4476 qui
1248 4405 1313 4462 de
1337 4406 1473 4461 Loth
1500 4406 1552 4462 in
1577 4406 1830 4477 spelunca
1858 4423 1949 4478 ge.
1975 4401 2026 4460 D
2058 4418 2076 4451 α
2108 4401 2233 4471 quia
2265 4412 2364 4470 ego
2395 4398 2672 4456 Dominus.
2712 4420 2730 4452 ι
2782 4399 3052 4472 (Ηὶετοη.)
3088 4401 3391 4457 Ridiculam
3420 4418 3554 4460 vero
3580 4403 3631 4459 in

366 4500 544 4557 nerati
595 4508 721 4555 sunt
768 4498 998 4563 semine,
1034 4505 1089 4551 et
1123 4496 1364 4567 generati
1406 4496 1456 4551 in
1496 4497 1755 4553 ebrietate
1783 4505 1837 4553 et
1866 4498 1949 4552 iu-

364 4599 542 4655 cestu,
559 4606 748 4647 omnes
775 4591 1055 4647 haereticos
1073 4629 1090 4655 ,
1120 4589 1187 4645 de
1214 4588 1409 4659 quibus
1438 4589 1567 4643 dicit
1595 4596 1650 4644 et
1676 4589 1949 4659 apostolus

365 4679 641 4738 Joannes:
673 4699 691 4732 ε
723 4680 801 4737 Ex
830 4682 985 4737 nobis
1013 4680 1294 4746 exierunt,
1341 4679 1436 4735 sed
1478 4695 1584 4734 non
1625 4680 1844 4736 fuerunt
1879 4695 1945 4735 ex

365 4772 543 4830 nobis.
599 4768 655 4825 Si
704 4770 849 4825 enim
894 4768 1125 4826 fuissent
1170 4787 1239 4827 ex
1286 4771 1478 4837 nobis,
1525 4773 1947 4842 permansissent

364 4863 557 4932 utique
583 4859 862 4916 nobiscum
891 4858 943 4929 (ι
972 4860 1134 4915 Joan.
1163 4859 1247 4931 ιι).
1282 4880 1301 4912 ι
1356 4861 1448 4916 Isti
1490 4862 1556 4919 de
1598 4861 1945 4920 inclinatione

366 4953 475 5011 orti
504 4958 632 5009 sunt
657 4968 671 5005 :
705 4949 810 5004 hoc
840 4949 984 5005 enim
1015 4950 1159 5006 Loth
1198 4951 1249 5005 in
1291 4951 1526 5024 linguam
1556 4961 1799 5009 nostram
1824 4970 1946 5010 ver-

368 5047 540 5102 titur:
580 5062 601 5096 ί
643 5041 779 5110 Quia
826 5055 1017 5096 omnes
1067 5041 1496 5108 declinaverunt,
1522 5042 1682 5099 simul
1729 5044 1947 5100 inutiles

365 5135 496 5193 facti
524 5142 672 5200 sunt,
704 5145 811 5186 non
840 5137 926 5185 est
955 5130 1045 5200 qui
1075 5127 1240 5185 faciat
1266 5130 1488 5197 bonum,
1527 5147 1631 5188 non
1663 5142 1748 5190 est
1775 5148 1945 5202 usque

366 5228 439 5285 ad
482 5239 649 5283 unum
705 5220 877 5295 (Psal.
904 5236 1027 5286 xm,
1057 5218 1135 5290 5).
1168 5237 1187 5270 ι
1238 5219 1540 5277 Adversum
1586 5221 1686 5277 hos
1727 5223 1945 5292 ponitur

361 5325 478 5381 sive
505 5318 825 5379 nhﬁrmatur
849 5313 1015 5368 facies
1042 5311 1389 5383 prophetalis,
1417 5322 1476 5369 ut
1519 5329 1611 5370 eos
1638 5329 1735 5369 sua
1763 5324 1944 5370 auste-

362 5415 522 5470 ritate
550 5413 813 5465 conterat.
859 5404 929 5458 Et
954 5403 1087 5458 dicit
1109 5401 1187 5456 eis
1214 5417 1225 5453 :
1256 5402 1389 5468 Quia
1421 5402 1719 5458 insultastis
1759 5403 1941 5458 Eccle-

360 5505 458 5560 site
509 5516 645 5558 mea!
706 5508 948 5568 tempore
1021 5495 1441 5568 persecutionis,
1500 5496 1943 5568 diversorumquc

360 5590 536 5655 vitio,
589 5588 732 5657 quod
778 5588 1037 5657 pollutum
1104 5596 1247 5642 esset
1300 5585 1664 5642 sanetuarium
1722 5602 1938 5651 meum,

2050 4492 2155 4546 hoc
2187 4491 2308 4547 loco
2349 4490 2557 4547 Hebraei
2589 4498 2811 4546 narrant
2839 4490 3075 4547 fabulam
3100 4533 3115 4559 ,
3167 4501 3454 4564 postquam
3507 4495 3633 4549 urbs

2051 4592 2233 4654 aperta
2265 4583 2631 4655 templumque
2670 4594 2968 4639 reseratum
3008 4594 3127 4649 est,
3172 4584 3376 4655 ﬁliique
3402 4586 3630 4641 Ammon

2049 4682 2099 4729 ct
2137 4674 2291 4729 Moab
2322 4682 2377 4729 et
2405 4672 2528 4728 Seir
2571 4674 2797 4743 ingressi
2829 4682 2955 4729 sunt
2984 4675 3241 4745 templum
3270 4676 3631 4749 videruntque

2047 4762 2334 4819 Cheruhim
2356 4765 2691 4834 protegentia
2712 4764 3167 4834 propitiatorium,
3183 4766 3438 4820 dixerunt
3453 4786 3467 4821 :
3485 4766 3632 4823 Sicut

2046 4863 2255 4910 cunctae
2283 4863 2469 4925 gentes
2499 4854 2684 4909 colunt
2714 4854 3030 4921 simulacra,
3074 4855 3150 4910 ita
3187 4864 3243 4910 et
3282 4854 3421 4912 Juda
3473 4859 3631 4913 habet

2047 4962 2159 5003 sum
2194 4946 2466 5019 religionis
2494 4946 2653 5002 idola.
2682 4947 2751 5002 Et
2782 4946 3009 5013 idcirco,
3042 4947 3311 5017 inquiunt,
3342 4949 3520 5005 iratus
3543 4960 3631 5007 est

2046 5036 2325 5106 Dominus,
2356 5047 2410 5095 et
2434 5055 2528 5095 eos
2560 5038 2783 5095 tradidit
2810 5039 3131 5109 captivitati.
3177 5038 3287 5094 Nos
3316 5052 3498 5097 autem
3528 5043 3627 5099 hoc

2049 5131 2320 5196 dicemus,
2368 5132 2511 5202 quod
2554 5142 2609 5188 et
2654 5131 2743 5185 isti
2789 5130 3167 5187 insultaverint
3210 5131 3396 5188 domui
3441 5135 3621 5201 ludar,

2050 5223 2264 5292 quando
2282 5238 2311 5276 a
2334 5220 2597 5277 Chaldaeis
2622 5231 2776 5292 capta
2799 5230 2904 5289 est,
2931 5231 3183 5291 putantes
3208 5223 3349 5278 sicut
3380 5226 3434 5279 in
3464 5238 3622 5282 eane-

2050 5313 2123 5367 ris
2152 5312 2399 5382 gentibus
2418 5328 2525 5366 non
2548 5312 2619 5368 ibi
2644 5328 2764 5368 esse
2784 5312 3042 5367 auxilium
3067 5312 3180 5378 Dei,
3207 5314 3371 5368 etiam
3398 5330 3616 5387 regnum

2046 5403 2196 5459 Iudae
2223 5412 2277 5459 et
2301 5403 2597 5460 Jerusalem
2638 5403 2731 5458 Dei
2774 5404 3025 5475 prmsidio
3046 5402 3362 5461 destitutum
3385 5407 3617 5477 patuisse

2050 5496 2353 5566 Babyloniae
2373 5495 2644 5564 potestati.
2669 5494 2877 5550 Idcirco
2900 5510 3005 5550 non
3029 5496 3196 5550 multo
3214 5499 3336 5566 post
3358 5505 3610 5568 tempore,

2050 5589 2141 5644 sed
2168 5589 2632 5658 inpraesentiarum
2660 5587 2919 5642 Dominus
2962 5590 3320 5647 comminatur
3348 5608 3408 5648 se
3435 5593 3608 5647 humu.
