3954 6182
277 342 370 398 761

1245 340 1599 399 COMMENT.
1638 340 1707 397 IN
1748 338 2202 398 mentm
2241 373 2313 387 --
2344 344 2456 400 LIB
2496 344 2558 400 Χ.

3428 345 3533 402 763

269 470 392 516 rum
409 498 424 522 ,
464 458 632 514 robur
658 457 907 514 videlicet
932 466 989 517 et
1016 457 1384 517 fortitudinem
1413 455 1590 519 Moab,
1619 455 1689 513 de
1713 455 1851 512 civi-
1878 458 1932 517 A
1955 456 2215 526 «phlun
2240 459 2310 515 ad
2328 467 2608 515 terrorum
2632 458 2919 515 scientiam
2940 460 3204 530 pertinet,
3235 466 3295 516 et
3316 468 3535 531 putatur

270 550 475 607 tatibus
509 544 628 617 ejus
655 546 1040 602 dissoluturum
1068 588 1082 611 ,
1133 547 1246 602 sive
1285 554 1597 618 aperturum
1619 587 1633 613 ,
1679 555 1740 601 ut
1782 548 1852 603 ad

272 642 419 712 ipsos
444 657 658 711 quoque
683 638 1009 710 Babylonius
1039 639 1215 693 victor
1244 639 1498 703 introeat,
1526 646 1581 693 et
1604 638 1851 694 civitates

268 731 324 786 in
351 730 508 786 Moab
531 744 654 785 esse
681 730 967 793 desistant,
991 736 1046 784 et
1071 728 1123 782 in
1150 727 1349 783 ﬁnibus
1376 727 1495 797 ejus
1522 743 1585 783 ac
1608 729 1851 784 terminis

269 821 436 878 urbes
459 821 674 893 inclyta:
694 820 1063 884 destruantur,
1087 834 1314 889 quarum
1339 819 1489 887 ponit
1516 818 1730 873 nomina
1754 817 1853 871 Bc-

272 914 615 969 thicsimotli.
648 923 702 967 et
730 912 1038 973 Beelmeon,
1069 919 1123 966 et
1150 909 1502 974 Cariathaim,
1532 924 1631 979 pro
1659 910 1854 979 quibus

268 1008 460 1063 nescio
481 1006 607 1077 quid
631 1006 893 1070 volentes,
916 1003 1059 1059 LXX
1086 1002 1426 1071 interpretati
1475 1010 1602 1057 sunt
1632 1001 1850 1055 domum

268 1096 403 1151 Beth
430 1095 851 1160 Iasimulh,cum
888 1095 992 1149 hoc
1024 1092 1343 1148 vocabulum
1371 1090 1554 1146 vilium
1583 1092 1854 1146 desertam

267 1185 560 1258 signiﬁcet.
598 1184 883 1240 Beelmeon
906 1197 1120 1254 quoque
1147 1196 1315 1252 usque
1337 1182 1497 1237 hodie
1521 1181 1575 1235 in
1600 1179 1756 1235 Moab
1774 1180 1855 1234 vi-

268 1291 369 1330 cus
391 1273 464 1329 sit
484 1275 772 1337 maximus,
794 1286 955 1343 quem
988 1271 1061 1327 illi
1084 1279 1365 1333 verterunt
1387 1285 1543 1339 super
1568 1269 1782 1338 fontem,
1800 1274 1856 1322 et

268 1364 601 1421 Cariathaim
626 1365 884 1419 civitatem
918 1362 1270 1425 maritimam;
1305 1362 1640 1428 traditurque
1661 1368 1715 1415 et
1738 1360 1853 1430 ipsa

267 1472 395 1512 eum
422 1456 550 1512 ﬁliis
572 1457 821 1521 Ammon,
838 1455 963 1511 ﬁliis
977 1453 1235 1519 Orientis,
1258 1452 1565 1524 Babyloniis
1581 1452 1851 1518 videlicet,

261 1544 425 1615 juxta
473 1546 624 1601 illum
666 1561 885 1601 sensum
923 1560 1082 1616 quem
1111 1552 1296 1599 contra
1330 1544 1469 1599 ﬁlios
1495 1543 1724 1598 Ammon
1769 1544 1856 1598 in-

268 1637 560 1707 terpretati
592 1650 798 1690 sumus.
838 1635 906 1689 Et
934 1634 1094 1699 dabo,
1123 1634 1316 1704 inquit,
1338 1632 1503 1688 Moab
1538 1634 1592 1688 in
1624 1633 1855 1687 haeredi-

272 1735 469 1789 tatem,
499 1733 560 1779 ut
588 1725 857 1795 quomodo
892 1723 1123 1778 ﬁliorum
1153 1722 1380 1778 Ammon
1410 1738 1517 1778 non
1546 1731 1633 1777 est
1652 1737 1855 1778 memo-

1954 550 2379 605 esse'robustum
2429 551 2536 607 hoc
2576 550 2863 605 dialectica
2916 558 3035 604 arte
3086 551 3450 615 subvertitur,
3479 558 3537 606 et

1952 636 2127 691 instar
2160 636 2394 693 incendii
2440 637 2496 691 in
2526 637 2741 693 cineres
2771 636 3088 706 favillasque
3113 637 3447 701 dissolvitur,
3477 646 3538 693 ut

1953 726 2211 793 probetur
2247 726 2403 781 nihili
2447 727 2576 796 quid
2632 727 2928 797 putabatur
2979 741 3100 781 esse
3154 727 3532 782 fortissimum.

1953 815 2058 870 Sed
2084 827 2139 871 et
2173 817 2341 873 Isaias
2377 818 2683 887 superbiam
2714 818 2893 887 arguit
2915 819 3092 882 Moab,
3122 817 3310 873 dicens
3342 833 3357 872 :
3385 838 3403 869 ί
3424 817 3535 872 Au-

1953 906 2186 962 divimus
2230 907 2612 963 contumeliam
2664 907 2855 972 Moab,
2882 908 3305 964 contumeliosus
3330 916 3417 963 est
3457 908 3537 962 ni-

1954 999 2058 1053 mis
2087 1014 2102 1052 :
2136 1000 2444 1069 superbiam
2473 1000 2592 1070 ejus
2642 1000 2840 1054 abstuli
2878 999 3014 1070 (Isa.
3052 1000 3185 1071 3m).
3221 1020 3241 1052 ι
3271 999 3537 1054 Jercmias

1953 1102 2167 1159 quoque
2214 1097 2400 1145 contra
2440 1105 2631 1145 omnes
2678 1090 2979 1145 vaticinans
3029 1090 3274 1145 nationes
3322 1089 3537 1158 preprie

1953 1177 2192 1249 loquitur
2234 1179 2305 1233 ad
2332 1179 2528 1235 Moab:
2561 1199 2581 1231 ι
2617 1179 2883 1247 Quoniam
2910 1179 3222 1235 conﬁdebas
3262 1180 3315 1233 in
3364 1178 3536 1233 muni-

1953 1270 2191 1325 tionibus
2241 1270 2347 1324 tuis
2395 1269 2529 1339 (λετ.
2582 1269 2798 1341 vam).
2858 1290 2877 1323 θ
2928 1270 2997 1325 Ει
3039 1281 3160 1341 post
3205 1270 3477 1340 paululum
3518 1288 3534 1325 :

1959 1382 1978 1414 ι
2018 1361 2240 1417 habebis
2285 1363 2537 1417 ﬁduciam
2587 1363 2640 1417 in
2689 1363 2860 1433 gloria
2922 1371 3034 1417 tua.
3082 1382 3099 1413 ι
3150 1363 3218 1416 Et
3266 1362 3466 1417 iterum
3518 1379 3534 1416 :

1959 1470 1982 1505 ι
2022 1453 2303 1520 Quomodo
2329 1453 2508 1508 dicitis
2535 1452 2704 1509 fortes
2725 1455 2948 1509 sumus?
2970 1473 2989 1505 ι
3020 1452 3098 1508 Ac
3120 1453 3350 1508 deinde:
3372 1451 3539 1507 Juxta

1952 1554 2038 1600 est
2057 1545 2173 1600 dies
2195 1544 2349 1601 Moab
2373 1553 2432 1599 ut
2451 1545 2652 1609 veniat,
2674 1554 2731 1599 et
2750 1545 2953 1599 malitia
2977 1544 3093 1614 ejus
3122 1544 3276 1600 velox
3299 1543 3480 1599 nimis.
3511 1562 3533 1597 ι

1955 1635 2025 1690 Et
2044 1634 2418 1691 maniibstius:
2466 1655 2485 1687 ι
2526 1636 2698 1691 Dicite
2723 1637 2994 1705 quomodo
3020 1636 3286 1691 contritus
3323 1646 3410 1691 est
3438 1635 3537 1691 bn-

1959 1725 2115 1780 eulus
2138 1726 2420 1796 gloriosus,
2446 1728 2598 1798 virga
2631 1728 3067 1799 magniﬁcentiae.
3113 1747 3130 1779 ι
3172 1728 3241 1782 Et
3285 1728 3484 1782 iterum
3519 1744 3535 1781 :

268 1815 356 1869 ria
392 1815 537 1869 ultra
568 1815 619 1869 in
647 1815 922 1883 gentibus,
950 1815 1027 1869 sic
1053 1822 1110 1869 et
1138 1814 1192 1867 in
1223 1813 1378 1868 Moab
1402 1813 1635 1868 ultiones
1661 1812 1852 1868 faciam
1884 1800 1929 1860 Β
1963 1833 1982 1866 ι
2010 1817 2312 1872 Contritum
2325 1826 2588 1873 estcorau
2617 1818 2791 1874 Moab.
2824 1839 2842 1870 ι
2863 1817 2989 1873 llaec
3008 1827 3188 1873 autem
3208 1818 3462 1872 dicuntur
3481 1825 3542 1871 ut

270 1916 440 1977 atque
463 1905 683 1975 judicia,
712 1916 771 1960 ut
799 1915 1126 1977 cognoscant
1153 1907 1294 1976 quod
1325 1922 1423 1978 ego
1445 1907 1546 1962 sim
1578 1908 1853 1971 Dominus,

270 1998 368 2068 qui
395 1995 587 2052 Judam
622 1995 814 2051 tradidi
853 2010 952 2065 pro
987 2004 1230 2065 peccato,
1254 1997 1388 2050 etin
1429 1996 1568 2051 ﬁlios
1604 1996 1854 2060 Ammon,

271 2097 330 2144 et
383 2089 438 2144 in
486 2087 641 2141 Moab
685 2085 828 2142 ultor
869 2087 1122 2143 existam.
1161 2086 1343 2158 Usque
1367 2089 1527 2144 hodie
1556 2088 1711 2144 Moab
1762 2089 1855 2158 qui

272 2181 665 2251 interpretatur
700 2196 765 2235 ex
795 2188 970 2250 patre,
1013 2189 1066 2235 et
1101 2179 1241 2246 Seir,
1272 2180 1364 2251 qui
1396 2180 1449 2235 in
1478 2180 1708 2251 pilosum
1736 2197 1859 2236 ver.

271 2274 413 2329 titur
468 2283 523 2329 et
569 2274 868 2338 hirsutum,
921 2273 1146 2343 despicit
1194 2280 1249 2328 et
1297 2274 1597 2328 contemnit
1639 2274 1857 2329 domum

268 2361 437 2429 Iuda,
470 2364 523 2418 in
553 2378 659 2433 qua
698 2377 825 2417 vera
849 2362 1116 2418 confessio
1141 2372 1247 2418 est.
1272 2363 1339 2417 Et
1373 2370 1531 2432 putat
1556 2371 1665 2417 tam
1703 2363 1859 2419 facile

271 2470 399 2510 eam
448 2468 607 2524 posse
645 2452 906 2519 subverti,
936 2468 1095 2524 quam
1128 2463 1445 2508 ceterarum
1470 2455 1861 2510 subvertuntur

270 2543 497 2598 urbium
550 2544 905 2597 munimenta.
968 2542 1122 2598 Unde
1184 2544 1443 2600 Dominus
1502 2546 1861 2602 comminatur

269 2642 590 2704 aperturum
611 2649 690 2699 se,
716 2634 827 2689 sive
850 2634 1232 2689 dissoluturum
1256 2650 1468 2691 omnem
1491 2636 1859 2694 fortitudinem

270 2723 663 2789 Moabitarnm,
701 2734 760 2779 ut
805 2725 1051 2780 civitates
1103 2726 1303 2781 habere
1344 2726 1625 2792 desistant,
1657 2713 1713 2782 et
1766 2743 1861 2784 ne-

270 2828 548 2886 quaquam
574 2813 625 2867 in
653 2813 931 2868 dialectica
952 2823 1068 2868 arte
1083 2816 1374 2881 conﬁdere,
1400 2816 1495 2871 sed
1517 2817 1695 2872 cuncti
1716 2817 1859 2874 illius

273 2902 497 2959 termini
519 2919 655 2972 quos
675 2918 773 2974 pro
796 2904 1025 2960 illisione
1046 2903 1305 2961 ﬂuctttum
1328 2915 1521 2962 vocant
1538 2917 1861 2979 promonto-

271 2994 378 3060 ria,
412 2994 781 3048 destruantur.
816 2996 882 3050 Et
926 2995 1140 3067 inclyta:
1178 3006 1339 3067 atque
1367 2997 1554 3055 electa
1579 3008 1738 3055 terrae
1759 3000 1861 3056 Be-

271 3084 634 3151 thlesimoth,
689 3100 810 3155 qua:
862 3086 1247 3156 interpretatur
1309 3088 1501 3145 domus
1553 3080 1859 3148 solitudinis

270 3183 440 3245 atque
480 3175 714 3239 deserta,
757 3184 811 3229 et
858 3173 1161 3243 Beelmeon,
1192 3193 1312 3247 qua:
1355 3186 1410 3232 et
1454 3179 1567 3248 ipsa
1626 3181 1858 3236 vertitur

270 3251 485 3322 habens
535 3264 759 3332 fontem,
799 3267 913 3322 sive
954 3282 1116 3337 super
1156 3268 1376 3335 fontem,
1417 3279 1471 3323 et
1505 3270 1855 3339 Cariathaim,

269 3372 438 3427 quam
484 3355 836 3428 Septuaginta
864 3358 1139 3414 civitatem
1185 3360 1519 3416 maritimam
1567 3362 1859 3416 transtule-

268 3456 440 3510 runt,
465 3455 728 3516 pereant,
757 3449 1004 3516 quamvis
1044 3450 1189 3504 enim
1240 3449 1475 3505 habeant
1518 3453 1710 3506 robora
1760 3468 1860 3521 pu-

270 3548 589 3611 gnatorum,
620 3547 674 3594 et
719 3539 916 3610 inclyta
972 3548 1202 3612 pergant
1229 3543 1298 3596 ad
1345 3542 1590 3612 praelium
1618 3553 1735 3599 arte
1763 3560 1860 3614 pu-

269 3630 498 3701 gnandi,
525 3637 582 3684 et
606 3644 672 3684 ex
698 3630 843 3683 omni
866 3639 1019 3699 parte
1047 3630 1389 3700 circumsepti
1418 3632 1605 3685 muniti
1630 3647 1713 3701 μεθ
1734 3648 1860 3703 gra-

271 3720 531 3785 diantur,
572 3729 754 3775 tamen
804 3720 1002 3791 inclyta
1029 3735 1215 3775 eorum
1251 3729 1393 3776 terra
1425 3738 1530 3776 non
1561 3723 1860 3778 estdomus

272 3809 647 3873 habitationis,
705 3810 801 3864 sed
865 3810 1055 3866 domus
1114 3810 1438 3866 solitudinis.
1491 3811 1750 3882 Quodque
1801 3828 1860 3869 se

269 3909 467 3971 putant
493 3901 695 3955 habere
723 3898 924 3955 fontem
950 3901 1209 3967 scientiae,
1233 3910 1288 3956 et
1316 3905 1505 3957 urbem
1530 3902 1859 3957 maritimam

270 4008 394 4064 qua:
437 4001 662 4046 cunctas
710 3992 977 4046 sustinere
1034 3994 1204 4061 possit
1249 3993 1434 4047 saeculi
1480 4002 1855 4063 tempestates,

269 4082 594 4155 patientiam
640 4082 743 4136 sibi
768 4090 823 4136 et
851 4081 1218 4137 fortitudinem
1242 4084 1644 4153 promittentes,
1678 4092 1857 4139 tamen

273 4174 404 4229 illuc
426 4184 790 4238 revertentur,
813 4183 874 4229 ut
893 4176 992 4246 ipsi
1023 4177 1308 4230 tradantur
1334 4176 1460 4231 ﬁliis
1484 4176 1722 4232 Orientis
1744 4177 1858 4233 veri

1955 1909 2059 1962 sub
2085 1907 2302 1962 nomine
2323 1907 2499 1973 Moab,
2526 1908 2688 1963 stulta
2716 1909 2900 1964 εωοωί
2923 1908 2978 1962 in
3004 1907 3201 1963 coelum
3228 1922 3286 1962 se
3314 1907 3543 1962 efferens

1957 1999 2204 2067 superbia
2231 2007 2564 2054 conteratur.
3342 2015 3347 2019 '

2033 2111 2052 2144 ι
2088 2091 2213 2147 Haec
2236 2092 2367 2147 dicit
2393 2092 2651 2148 Dominus
2672 2091 2819 2147 Dens
2846 2106 2862 2145 :
2893 2091 2998 2146 Pro
3020 2106 3085 2146 eo
3107 2091 3249 2162 quod
3273 2090 3398 2145 fecit
3421 2089 3543 2144 ldu-

1963 2201 1982 2234 ι
2020 2197 2151 2237 maia
2177 2183 2452 2249 ultionem,
2483 2190 2544 2237 ut
2563 2196 2622 2237 se
2653 2181 2955 2238 vindicaret
2978 2183 3046 2237 de
3090 2181 3217 2238 ﬁliis
3254 2181 3388 2237 Juda
3416 2195 3545 2251 pec.

1962 2292 1982 2326 ι
2019 2273 2270 2343 cavitque
2324 2273 2663 2343 delinquens,
2701 2281 2758 2327 et
2813 2273 3113 2327 vindictam
3161 2271 3423 2341 expetivit
3474 2270 3545 2326 de

1964 2383 1982 2416 σ
2019 2366 2117 2421 eis.
2155 2366 2365 2421 Idcirco
2406 2365 2524 2420 hzec
2556 2364 2690 2419 dicit
2730 2364 2992 2419 Dominus
3031 2364 3210 2418 Deus:
3243 2362 3543 2416 Extendunt

1965 2476 1982 2507 ι
2017 2471 2235 2510 manum
2266 2470 2441 2511 meam
2471 2470 2634 2525 super
2657 2455 2968 2519 ldumaeam,
3006 2463 3063 2510 et
3087 2453 3329 2508 auferam
3370 2454 3438 2508 de
3477 2466 3544 2508 ea

1966 2564 1985 2598 ι
2028 2546 2302 2601 hominem
2351 2555 2405 2601 et
2425 2546 2750 2617 jumentum.
2783 2546 2850 2599 Et
2876 2544 3072 2600 faciam
3121 2558 3241 2599 eam
3270 2543 3544 2599 desertam

1966 2654 1983 2687 ι
2026 2636 2095 2691 ab
2125 2642 2329 2690 austro.
2363 2635 2430 2689 Et
2456 2636 2548 2705 qui
2575 2642 2703 2690 sunt
2728 2635 2784 2688 in
2812 2634 2994 2689 Dedan
3020 2633 3202 2703 gladio
3225 2630 3441 2687 cadent.
3472 2631 3544 2688 Et

1966 2746 1985 2778 ι
2023 2728 2161 2783 dabo
2181 2727 2442 2782 ultionem
2478 2742 2654 2781 meam
2702 2732 2866 2794 super
2888 2726 3177 2780 ldnmtcam
3199 2738 3298 2795 per
3323 2737 3543 2778 manum

1967 2837 1984 2869 ι
2023 2818 2205 2888 populi
2234 2818 2339 2873 mei
2391 2817 2576 2872 Israel.
2607 2818 2675 2871 Et
2720 2813 2920 2871 faciam
2951 2816 3004 2869 in
3037 2816 3204 2871 Edoni
3224 2813 3379 2882 juxta
3406 2813 3542 2867 iram

1967 2929 1985 2960 ι
2026 2924 2203 2964 meam
2234 2917 2289 2964 et
2327 2908 2564 2964 furorem
2591 2922 2789 2970 meum,
2825 2918 2882 2963 et
2904 2909 3079 2964 scient
3123 2906 3545 2978 indignationem

1966 3020 1986 3054 ι
2029 3016 2226 3067 meam,
2253 3001 2385 3056 dicit
2430 3001 2687 3055 Dominus
2739 2999 2904 3055 Deus.
2936 3018 2955 3050 ι
2985 2999 3160 3069 Supra
3196 2999 3303 3053 duo
3347 3013 3545 3068 prope.

1962 3102 2208 3159 suerunt,
2249 3106 2352 3160 pro
2389 3106 2454 3145 co
2491 3091 2634 3161 quod
2676 3091 2930 3145 dixerunt
2974 3089 3130 3144 Moab
3175 3098 3230 3144 et
3273 3088 3398 3143 Seir
3438 3107 3452 3142 :
3491 3095 3547 3142 et

1961 3189 2149 3250 postea
2177 3180 2246 3234 de
2283 3180 2407 3235 Seir
2430 3187 2631 3242 tacens,
2669 3188 2858 3233 contra
2907 3178 3062 3233 Moab
3090 3184 3301 3231 tantum
3333 3177 3547 3233 locutus

1958 3280 2059 3326 est.
2093 3270 2246 3325 Nunc
2298 3270 2475 3325 reddit
2517 3277 2751 3338 coeptum
2789 3269 3067 3339 problema
3115 3269 3245 3336 quid
3273 3267 3415 3332 Seir,
3446 3268 3550 3322 hoc

1958 3369 2041 3417 est
2066 3361 2324 3425 ldumma,
2368 3359 2576 3414 fecerit.
2629 3359 2782 3426 Quod
2824 3358 2989 3423 Esau,
3024 3367 3080 3438 et
3107 3357 3250 3422 Seir,
3274 3366 3331 3413 et
3354 3358 3545 3419 Edom,

1959 3460 2014 3506 et
2038 3449 2291 3513 ldumaea,
2334 3456 2388 3502 et
2438 3448 2630 3512 Duma,
2685 3463 2791 3502 una
2844 3462 2979 3518 gens
3033 3448 3400 3518 appellentur,
3439 3463 3546 3502 non

1958 3542 2197 3612 ambiget
2251 3539 2343 3609 qui
2400 3539 2682 3594 scientiam
2728 3538 2981 3592 habuerit
3021 3537 3446 3606 Scripturarum.
3479 3537 3549 3590 Et

1959 3638 2020 3683 ut
2060 3631 2126 3684 de
2184 3629 2396 3684 caeteris
2438 3629 2716 3697 pr0phetis
2764 3635 3005 3689 taceam,
3043 3626 3209 3689 Isaia,
3249 3626 3545 3690 Jeremias,

1958 3720 2155 3783 Amos,
2186 3718 2278 3788 qui
2326 3727 2511 3773 contra
2555 3718 2866 3782 ldumaiam,
2895 3725 2953 3770 et
2997 3717 3333 3780 Dumam,et
3376 3716 3547 3771 Edom

1959 3810 2236 3865 vaticinati
2287 3817 2444 3873 sunt;
2480 3807 2684 3863 Abdias
2714 3807 2975 3878 propheta
3002 3815 3165 3861 totam
3203 3806 3545 3876 progihctiam

1960 3910 2146 3957 contra
2171 3903 2311 3956 hanc
2335 3901 2521 3971 dirigit
2549 3900 2843 3963 nationem,
2872 3913 3031 3968 quem
3049 3907 3106 3952 ut
3131 3899 3401 3967 potuimus
3414 3897 3545 3952 olim

1961 3993 2334 4048 disseruimus.
2374 3992 2634 4062 Arguitur
2675 3992 2839 4061 igitur
2886 3990 3028 4056 Seir,
3081 3991 3329 4060 quiquia
3374 3989 3547 4060 hispi-

1962 4087 2060 4142 dus
2087 4091 2205 4140 erat
2249 4083 2405 4154 pilosi
2432 4097 2628 4138 nomen
2666 4082 2894 4152 accepit.
2931 4083 2999 4137 Et
3033 4081 3199 4135 Edam
3255 4081 3545 4151 sanguina-

1959 4181 2091 4244 rins,
2122 4179 2214 4248 qui
2241 4180 2310 4233 ob
2354 4177 2621 4233 lenticulae
2662 4176 2797 4231 rufa:
2837 4176 3134 4231 coctionem
3185 4174 3547 4243 primogenita

274 4265 329 4320 in
357 4266 577 4320 Christo
600 4265 839 4332 luminis,
863 4267 1003 4321 sicut
1026 4267 1206 4321 traditi
1229 4274 1355 4321 sunt
1382 4266 1476 4322 ﬁlii
1499 4267 1732 4323 Ammon
1764 4269 1856 4339 qui
1960 4271 2213 4343 perdidit,
2240 4279 2296 4326 et
2343 4271 2410 4325 ab
2436 4270 2614 4324 edulio
2649 4270 2873 4324 sortitus
2911 4266 3233 4321 vocabulum
3265 4273 3369 4318 est.
3404 4263 3542 4317 Esau

271 4355 375 4409 sibi
422 4354 478 4409 in
531 4356 787 4410 lucretica
826 4358 1167 4413 multitudine
1195 4358 1553 4413 conﬁdebant.
1590 4360 1657 4414 Et
1683 4360 1861 4416 cousi-
1962 4376 2177 4433 quoque
2209 4360 2350 4415 facta
2380 4359 2825 4428 interpretantur.
2854 4356 2921 4409 Et
2947 4356 3050 4409 hoc
3073 4355 3378 4415 sciendum,
3400 4352 3546 4421 quod

272 4443 532 4500 deremus
557 4445 877 4515 profectum,
906 4454 1067 4515 atque
1096 4446 1148 4500 in
1178 4448 1291 4517 ipsa
1316 4449 1731 4505 comminatione
1752 4450 1857 4504 cle-
1888 4500 1936 4521 h
1964 4455 2016 4509 in
2048 4454 2275 4508 llcbrteo
2309 4464 2587 4521 nunquam
2619 4449 2889 4503 scribatur
2933 4445 3184 4507 ldumtea,
3209 4444 3303 4497 sed
3333 4457 3547 4511 semper

270 4535 537 4591 mentiam
585 4535 702 4601 Dei,
730 4543 790 4590 ut
841 4537 1126 4592 tradantur
1171 4553 1294 4593 cum
1348 4538 1473 4595 ﬁliis
1499 4539 1728 4594 Ammon
1760 4540 1855 4593 lilii
1892 4535 1936 4559 ν
1961 4546 2130 4600 Edam
2163 4586 2178 4610 ,
2220 4557 2381 4613 quem
2422 4543 2651 4597 ldumata
2700 4539 2967 4608 expressit
3001 4536 3189 4592 Grteca
3237 4536 3542 4592 translatio.

269 4623 516 4681 Orientis
543 4625 595 4679 in
629 4626 1016 4693 lucreditatem,
1041 4637 1094 4682 et
1124 4645 1462 4699 nequaquam
1492 4631 1716 4686 haeresis
1746 4630 1855 4684 ulla
1962 4636 2316 4707 Nequaquam
2343 4648 2471 4704 ergo
2510 4633 2739 4687 Idumam
2769 4638 2829 4683 ut
2860 4629 3014 4683 Moab
3056 4628 3265 4683 loculus
3293 4636 3380 4682 est
3399 4666 3415 4690 ν
3444 4627 3541 4683 sed

271 4717 590 4769 nominetur
614 4718 668 4771 in
697 4719 969 4787 gentibus,
994 4720 1086 4774 sed
1118 4719 1275 4775 factis
1299 4722 1352 4775 in
1380 4721 1535 4777 Moab
1555 4721 1779 4789 iudiciis
1801 4732 1858 4778 et
1960 4725 2091 4783 fecit
2130 4725 2386 4779 ultionem
2417 4724 2484 4777 de
2507 4721 2630 4776 ﬁliis
2659 4720 2815 4785 Juda,
2868 4719 3239 4790 peccavitque,
3273 4719 3387 4773 sive
3431 4735 3549 4775 me-

269 4806 573 4861 ultionibus
594 4824 693 4878 pro
721 4811 1030 4880 arrogantia
1056 4826 1235 4865 rerum
1277 4811 1382 4867 ﬁne
1404 4822 1733 4883 cognoscant
1758 4815 1859 4868 Do-
1960 4817 2187 4872 moriam
2230 4814 2443 4886 pristini
2480 4813 2678 4869 doloris
2725 4813 2916 4875 tenuit,
2946 4819 3005 4865 ut
3042 4812 3300 4866 ultionem
3345 4812 3411 4866 de
3457 4812 3539 4867 eis

268 4898 483 4952 minum
520 4913 641 4953 esse
666 4899 756 4968 qui
801 4908 993 4955 cuncta
1022 4901 1310 4971 dispenset.
1346 4901 1427 4957 Ad
1449 4901 1855 4971 approbandum
1961 4914 2202 4977 caperet,
2230 4922 2258 4960 a
2291 4905 2486 4975 quibus
2529 4905 2582 4959 in
2629 4910 2784 4958 utero
2811 4904 3184 4973 supplantatus
3207 4914 3308 4967 est,
3342 4904 3545 4959 idcirco

268 4996 458 5043 autem
486 4990 630 5059 quod
656 4988 811 5045 Moab
838 4990 890 5045 in
918 4993 1165 5061 przescnti
1191 4992 1308 5047 loco
1339 5008 1501 5063 super
1518 4992 1859 5064 philosopho-
1956 5012 2064 5051 non
2094 5011 2188 5065 per
2210 4994 2446 5065 angelos,
2467 5010 2640 5063 neque
2667 5008 2766 5063 per
2787 4993 2949 5047 alium
2977 4994 3288 5063 quemlibet,
3313 4993 3405 5048 sed
3428 4994 3543 5062 ipse

269 5096 398 5135 rum
423 5078 755 5152 intelligatur
773 5082 1045 5152 superbia,
1078 5084 1146 5138 de
1167 5085 1362 5153 quibus
1384 5083 1601 5150 dicitur,
1625 5083 1855 5139 Perdam
1958 5084 2217 5141 Dominus
2244 5098 2463 5139 manum
2493 5084 2789 5139 extendens
2813 5099 2974 5154 super
3001 5085 3302 5147 ldumaaam,
3324 5084 3545 5140 abstulit

270 5173 601 5244 sapientiam
635 5160 979 5243 sapientium,
1008 5183 1065 5230 et
1093 5175 1499 5246 intelligentiam
1550 5174 1867 5247 intelligen-g
1959 5175 2026 5231 de
2050 5191 2112 5231 ea
2140 5173 2415 5229 hominem
2439 5182 2494 5228 et
2511 5172 2836 5244 jumentum,
2866 5184 2922 5229 et
2949 5174 3195 5229 civitates
3225 5172 3369 5229 illius
3413 5173 3540 5228 red-

272 5266 414 5320 tium
449 5264 746 5335 reprobabo
771 5285 784 5319 :
817 5281 987 5334 pauca
1018 5267 1082 5321 de
1119 5267 1394 5336 prophetis
1419 5266 1663 5337 exempla
1693 5266 1856 5336 repli-

268 5356 453 5410 canda
484 5363 629 5409 sunt.
673 5355 841 5411 Amos
891 5355 1160 5427 loquitur:
1203 5376 1221 5407 ι
1264 5357 1387 5411 Haec
1420 5357 1549 5412 dicit
1597 5358 1856 5413 Dominus

271 5460 443 5515 super
496 5444 669 5501 tribus
698 5445 1062 5515 impietatibns
1115 5446 1284 5509 Moab,
1319 5455 1374 5502 et
1418 5463 1586 5515 super
1626 5457 1858 5516 quatuor

272 5553 387 5592 non
418 5537 710 5592 aversabor
742 5553 889 5603 eum,
913 5553 1010 5609 pro
1034 5553 1098 5594 eo
1139 5539 1281 5608 quod
1319 5537 1614 5593 combussit
1635 5553 1755 5593 ossa
1779 5553 1862 5593 rc-

270 5628 365 5699 gis
408 5625 679 5696 Idumam:
700 5627 753 5682 in
808 5629 1020 5685 cineres
1074 5628 1289 5701 (Amos,
1323 5627 1417 5701 ιι).
1462 5649 1481 5680 ι
1524 5629 1663 5684 V’ere
1715 5629 1858 5684 enim

273 5717 543 5789 quidquid
598 5717 653 5772 in
707 5721 904 5776 sacculo
963 5721 1270 5791 dogmatnm
1326 5734 1700 5789 pervcrsorum
1755 5730 1856 5786 est,

1957 5264 2069 5337 egit
2084 5265 2137 5319 in
2150 5263 2439 5327 desertum,
2458 5264 2511 5319 id
2528 5272 2632 5329 est,
2649 5263 2914 5328 Theman,
2929 5258 3090 5334 quam
3106 5279 3204 5319 nos
3221 5265 3275 5317 in
3297 5273 3543 5318 austrum

1962 5356 2244 5411 vertimus.
2278 5355 2352 5409 De
2382 5368 2487 5424 qua
2533 5363 2589 5410 et
2612 5355 2680 5409 de
2705 5354 2809 5409 alia
2850 5356 2984 5411 urbe
3031 5356 3213 5409 Dedan
3271 5352 3544 5410 interfecti

1965 5445 2145 5516 gladio
2187 5447 2398 5501 cadent.
2443 5445 2687 5515 Cumque
2729 5445 2806 5500 illi
2838 5447 2990 5502 sede
3035 5446 3172 5501 Iuda
3198 5445 3295 5498 ulti
3321 5443 3542 5511 fuerint,

1964 5552 2064 5607 ego
2093 5536 2234 5592 dabo
2261 5535 2521 5591 ultionem
2565 5550 2728 5606 super
2750 5536 3012 5591 idumaeas
3036 5550 3132 5604 per
3158 5533 3399 5599 manum,
3427 5533 3542 5589 sive

1966 5629 2020 5685 in
2055 5644 2215 5684 manu
2243 5628 2422 5701 populi
2468 5628 2573 5683 mei
2607 5628 2791 5693 Israel,
2834 5636 2890 5682 ut
2922 5626 2990 5681 ab
3027 5627 3111 5681 his
3139 5627 3539 5697 opprimantur,

1968 5721 2021 5777 in
2057 5735 2191 5789 quos
2241 5734 2535 5775 exercuere
2585 5718 2904 5783 vindictam;
2942 5717 3034 5786 qui
3066 5716 3263 5772 facient
3290 5717 3342 5772 in
3374 5717 3545 5772 Edam
