3954 6182
509 308 612 367 ’ωτι

1174 314 1235 370 Β.
1274 309 1527 368 llABANI
1565 308 1784 366 MAUBI
1816 307 2136 365 ARCHIEP.
2174 306 2483 365 IOGUN'I‘.
2524 306 2811 365 OPERUM
2848 307 3027 363 PAIIS
3062 309 3126 363 Il.
3637 305 3719 363 ιω

502 429 622 482 sive
660 428 946 484 Idumaaam
996 429 1149 498 juxta
1201 426 1338 479 iram
1387 432 1445 480 et
1492 422 1728 477 furorem
1780 436 1981 486 meum,
2012 431 2075 476 ut
2097 424 2148 483 A
2174 418 2498 485 Etsaaviunt,
2515 429 2572 474 et
2591 428 2701 474 toto
2724 418 2904 475 animo
2931 419 3719 482 iusultantinimicltlarumcoa-

507 531 682 570 meam
711 517 957 586 expleam
987 514 1425 585 indignationem.
1455 512 1524 565 Et
1547 525 1643 580 per
1675 524 1866 564 manus
1897 508 2076 579 populi

505 607 611 660 mei
652 605 815 661 Israel
845 605 1116 660 mimicam
1156 611 1368 674 gentem
1412 616 1531 656 mea
1575 600 1656 655 ira
1698 599 1984 664 desaviat,
2021 609 2079 654 et

502 697 800 766 intelligant
839 702 1026 751 contra
1062 696 1301 763 iniquam
1326 692 1584 746 ultionem
1622 690 1866 745 [dum
1900 703 2076 745 meam

497 787 699 856 justam
716 787 892 843 fuisse
940 787 1253 850 vindictam,
1281 785 1414 840 dicit
1436 783 1643 838 Adouai
1672 782 1946 837 Dominus.
1977 778 2078 835 Se-

499 877 731 931 cundum
770 877 1120 950 tropologiam
1146 875 1237 930 hic
1263 874 1396 929 mihi
1426 887 1620 928 sensus
1667 872 1878 927 videtur
1902 888 1917 925 :
1945 869 2071 925 Idu-

498 980 630 1020 mrea
679 974 890 1021 terrena
944 965 1261 1036 appellatur,
1288 972 1346 1018 et
1382 976 1580 1018 carnea
1628 975 1749 1031 quae
1796 959 2074 1030 consurgit

497 1062 686 1110 contra
739 1055 1012 1125 spiritum,
1037 1063 1231 1109 utnon
1277 1053 1542 1108 faciamus
1586 1066 1649 1107 ea
1690 1066 1812 1120 qua:
1847 1050 2071 1121 spiritus

495 1154 640 1210 sunt,
664 1154 720 1200 et
732 1148 968 1202 animam
994 1147 1047 1201 in
1063 1144 1359 1200 meditullio
1376 1143 1606 1213 positam
1621 1142 1689 1197 ad
1718 1156 1779 1197 se
1790 1141 2071 1197 retrahere

497 1236 737 1303 festinat,
761 1238 982 1307 vultque
1019 1237 1248 1292 ultiones
1274 1235 1498 1291 reddere
1535 1234 1733 1305 quibus
1762 1233 1913 1304 prius
1943 1233 2070 1288 sub-

494 1325 606 1380 dita
630 1324 811 1381 fuerat
840 1325 962 1381 ﬁliis
980 1325 1121 1381 Iuda
1139 1366 1153 1391 ,
1182 1333 1238 1380 et
1261 1324 1576 1382 recordatur
1603 1323 1807 1379 doloris
1835 1322 2064 1392 antiqui,

493 1415 638 1484 quod
657 1431 762 1471 non
785 1416 1012 1486 proprias
1037 1414 1202 1471 fuerit
1219 1415 1519 1485 potestatis.
1544 1413 1612 1469 Et
1634 1415 1754 1469 ideo
1777 1414 2067 1469 vindictam

492 1507 700 1577 expetit
724 1508 792 1563 de
818 1508 898 1563 eis
919 1549 933 1571 ,
963 1508 1054 1578 qui
1082 1508 1392 1563 recedentes
1428 1523 1459 1562 a
1494 1522 1659 1562 carne
1702 1506 1950 1576 spiritum
1986 1519 2067 1561 se-

491 1596 814 1665 quebantur.
867 1598 1159 1668 Pmpterea
1208 1598 1324 1668 ipse
1351 1598 1611 1653 Dominus
1643 1596 1875 1652 ﬁliorum
1927 1594 2065 1651 Iuda

491 1688 637 1744 ultor
661 1689 919 1754 existens,
950 1689 1188 1745 extendit
1220 1705 1436 1744 manum
1462 1704 1624 1759 super
1665 1688 1987 1753 Idumaeam,
2007 1694 2066 1742 et

2178 516 2259 563 tra
2287 507 2451 563 Israel
2485 515 2724 563 veterum
2773 508 3134 575 recordantes,
3158 510 3355 580 quibus
3379 527 3409 565 a
3430 513 3527 567 Dei
3554 514 3721 583 popqu

2175 597 2336 655 divisi
2383 605 2532 653 sunt.
2578 596 2819 667 Cumque
2850 597 3110 654 Dominus
3134 598 3280 654 dicat
3309 619 3322 655 :
3357 622 3376 654 ι
3421 601 3549 657 Mihi
3572 603 3720 659 vindi-

2174 695 2340 753 ctam,
2377 702 2478 756 ego
2520 686 2837 752 retribuam,
2863 686 2996 742 dicit
3025 688 3302 755 Dominus,
3338 709 3358 743 ι
3393 691 3494 762 ipsi
3525 707 3581 747 se
3608 691 3721 748 ulci-

2172 786 2399 834 scuntur
2447 775 2832 832 iuterlicientes
2879 785 2936 830 et
2985 777 3270 848 implentes
3306 781 3527 850 antiqua
3576 782 3720 838 odia:

2169 876 2388 939 propter
2411 882 2530 938 qua:
2556 875 2830 922 extentam
2856 882 3019 937 super
3038 883 3096 923 se
3126 884 3346 924 manum
3381 871 3587 925 Domini
3615 888 3723 928 seu.

2172 958 2327 1023 tient,
2350 956 2442 1027 qui
2467 955 2751 1011 interficiet
2777 955 3178 1014 interfectores.
3218 958 3326 1014 Pro
3364 975 3471 1030 quo
3518 959 3722 1032 Separa-

2168 1046 2316 1117 ginta
2344 1044 2523 1101 nescio
2565 1044 2695 1114 quid
2748 1044 3006 1111 volentes,
3044 1063 3063 1096 c
3109 1045 3395 1103 Cretenses
3428 1067 3448 1099 ι
3482 1048 3723 1118 interpre-

2168 1138 2266 1193 tati
2287 1146 2432 1202 sunt,
2454 1151 2576 1193 cum
2596 1146 2651 1191 et
2670 1136 2862 1207 Aquila
2897 1145 2952 1191 et
2980 1136 3337 1210 Symmachus
3366 1149 3421 1195 et
3446 1141 3721 1196 Theodotio

2166 1225 2341 1296 ipsum
2367 1226 2586 1280 verbum
2613 1224 2954 1292 Hebraicum,
2986 1228 3394 1293 chorei/tim,vel
3424 1229 3721 1286 interfecto-

2164 1334 2255 1374 res
2282 1318 2365 1374 vel
2395 1319 2819 1375 interiectionem
2868 1322 3149 1386 verterint,
3174 1338 3281 1378 non
3310 1324 3484 1379 solum
3513 1326 3569 1379 in
3597 1340 3721 1394 prae-

2162 1411 2303 1469 senti
2329 1411 2467 1477 loco,
2496 1412 2590 1468 sed
2627 1411 2789 1467 etiam
2815 1412 2869 1467 in
2897 1411 3205 1483 Sophonia,
3231 1416 3323 1471 ubi
3347 1426 3534 1471 contra
3565 1416 3722 1473 Palu:-

2163 1502 2336 1558 stinos
2357 1502 2460 1558 ista
2496 1502 2748 1558 dicuntur
2776 1499 2960 1573 (Soph.
2988 1502 3052 1573 ιι)
3080 1521 3093 1557 :
3132 1523 3151 1555 ε
3190 1502 3334 1559 Gaza
3368 1505 3576 1575 direpta
3606 1507 3720 1574 erit,

2161 1601 2217 1648 et
2239 1591 2490 1658 Ascalon,
2522 1591 2577 1646 in
2614 1591 2990 1662 perditionem,
3032 1601 3086 1647 et
3138 1593 3339 1650 Azotus
3384 1605 3439 1651 et
3485 1596 3716 1653 Accaron

2164 1682 2604 1739 eradicabuutur.
2666 1681 2759 1737 Va:
2812 1681 3205 1739 habitatoribus
3263 1682 3485 1739 funiculi
3532 1686 3709 1752 maris,

490 1776 668 1831 aufert
699 1778 767 1832 de
800 1793 863 1832 ea
894 1778 1165 1834 hominem
1204 1787 1260 1834 et
1294 1776 1615 1846 iumentum.
1665 1777 1935 1848 Quidquid
1975 1777 2059 1834 vel

2164 1770 2361 1827 accolae
2385 1769 2689 1827 Cretarum.
2720 1768 2957 1826 Verbum
2994 1771 3205 1827 Domini
3254 1789 3416 1843 super
3462 1790 3558 1831 vos
3593 1775 3720 1831 Cha-

489 1867 715 1921 rationis
773 1868 987 1922 videtur
1016 1868 1237 1933 habere,
1267 1868 1351 1923 vel
1392 1867 1649 1939 simplicis
1673 1867 1821 1933 ﬁdei,
1859 1876 1921 1922 ut
1940 1882 2063 1923 eam

401 1986 416 2008 .
489 1956 699 2025 redigat
722 1956 775 2010 in
819 1957 1181 2021 solitudinem,
1209 1964 1265 2012 et
1289 1957 1354 2012 de
1388 1957 1628 2012 Theman
1656 1973 1776 2028 quae
1800 1957 2064 2026 interpre-

489 2054 635 2100 tatur
683 2045 957 2111 deficiens,
1011 2055 1068 2101 et
1103 2047 1305 2110 Dedan,
1359 2062 1480 2117 qua:
1508 2054 1566 2103 et
1619 2046 1733 2117 ipsa
1780 2045 2061 2116 cognatio-

487 2152 613 2192 nem
650 2146 828 2203 sonat,
855 2153 1044 2195 omnes
1085 2138 1265 2209 gladio
1290 2138 1562 2194 interficit.
1598 2140 1768 2206 Quem
1800 2140 1984 2208 posuit
2005 2139 2060 2194 in

487 2242 650 2282 manu
672 2228 853 2299 populi
874 2229 957 2284 sui
978 2228 1160 2294 lsrael,
1182 2236 1243 2282 ut
1265 2229 1612 2284 subvertatur
1631 2229 1820 2293 Edoni,
1849 2236 1906 2283 et
1923 2228 2060 2283 iram

483 2317 687 2372 sentiat
739 2318 951 2373 Domini
995 2334 1060 2374 ac
1086 2317 1355 2383 furorem,
1387 2328 1445 2373 et
1472 2318 1734 2388 intelligat
1769 2318 2058 2374 vindictam

481 2402 603 2474 ejus
632 2405 701 2460 ad
728 2405 831 2461 hoc
859 2405 1177 2475 profecisse,
1200 2414 1260 2460 ut
1294 2406 1496 2461 serviat
1522 2406 1704 2462 domui
1748 2405 1917 2462 Judte.
1946 2407 2060 2462 [Ioc

480 2506 564 2551 est
619 2495 748 2551 illud
788 2496 855 2552 de
891 2512 1000 2566 quo
1037 2506 1093 2553 et
1128 2496 1416 2567 Apostolus
1475 2497 1712 2566 disputat
1769 2496 2054 2553 scribens:

485 2604 507 2639 ι
548 2586 716 2643 Iacob
754 2589 936 2654 dilexi,
971 2589 1113 2644 Esau
1138 2598 1318 2645 autem
1345 2590 1469 2645 odio
1505 2589 1667 2644 habui
1697 2588 1873 2658 (Rom.
1898 2589 1997 2659 ix).
2033 2608 2051 2640 ι

482 2677 663 2747 diligit
705 2686 887 2734 autem
929 2678 1119 2745 Iacob,
1148 2681 1274 2750 quia
1303 2695 1559 2736 earneum
1591 2691 1752 2750 atque
1781 2690 2056 2735 terrenum

480 2766 788 2836 supplantat
811 2774 866 2821 et
894 2776 1144 2836 superat,
1184 2777 1241 2823 et
1269 2769 1675 2825 benedictiones
1704 2769 1846 2824 illius
1873 2784 2052 2823 mere-

484 2864 572 2909 tur
597 2856 866 2925 accipere.
900 2857 1138 2911 Primum
1165 2858 1311 2912 enim
1335 2856 1491 2925 juxta
1515 2873 1761 2923 carnem,
1786 2866 1841 2911 et
1868 2865 2055 2929 postea

473 2944 628 3016 Juxta
672 2945 921 3015 spiritum
958 2946 1209 3000 vivimus.
1251 2945 1393 3001 Ante
1420 2946 1573 3013 vitia,
1607 2946 1796 3001 deinde
1829 2946 2057 3002 virtutes

479 3035 677 3107 quibus
704 3036 833 3090 vitia
867 3037 1217 3093 subruuntur.
1248 3035 1383 3104 Quia
1412 3036 1717 3107 appositum
1761 3051 1857 3090 cor
1878 3035 2054 3091 homi-

483 3099 569 3182 nis
594 3127 662 3183 ad
710 3127 970 3182 malitiam
998 3143 1029 3181 a
1059 3099 1307 3197 pueritia,
1335 3099 1657 3197 erroresque
1680 3124 2055 3182 adolescentiae
2082 3099 2127 3160 (ἶ

370 3277 385 3287 η
478 3226 609 3273 aetas
635 3227 850 3273 matura
879 3219 1218 3275 condemnat.
1262 3219 1416 3276 Unde
1464 3227 1520 3274 et
1547 3218 1715 3273 David
1743 3236 1755 3271 :
1791 3238 1809 3270 ι
1833 3217 2050 3283 Delicta,

483 3308 688 3377 inquit,
711 3308 1010 3377 iuventutis
1035 3318 1091 3365 et
1129 3310 1462 3381 ignorantias
1488 3324 1639 3365 meas
1685 3324 1753 3365 ne
1793 3310 2054 3366 memine-

481 3399 557 3452 ris
581 3396 754 3469 (Prol.
788 3394 958 3472 xxiv).
1002 3419 1022 3452 ι
1061 3400 1130 3455 Ει
1174 3408 1350 3455 tamen
1396 3401 1694 3466 sciendum,
1719 3401 1862 3472 quod
1884 3400 2053 3456 Jacoh

480 3489 709 3556 primam
756 3490 965 3560 accepit
991 3489 1443 3556 benedictionem,
1469 3490 1608 3546 Esau
1633 3491 1925 3546 secundam
1955 3508 1968 3544 :
2000 3500 2053 3546 et

481 3579 547 3631 ad
577 3586 879 3635 extremum
905 3580 1101 3635 dicitur
1125 3580 1192 3636 de
1216 3596 1281 3635 eo
1311 3599 1324 3633 :
1361 3598 1380 3631 ε
1411 3579 1612 3636 Servus
1634 3580 1744 3636 eris
1770 3580 1956 3635 fratris
1979 3580 2053 3635 tui

479 3669 632 3740 (Gen.
667 3672 873 3743 xxvn),
910 3692 929 3725 ι
959 3682 1015 3726 et
1056 3681 1341 3743 postquam
1389 3671 1599 3742 spiritui
1641 3687 1769 3727 caro
1814 3671 2052 3741 subjecta

480 3759 665 3825 fuerit,
704 3760 890 3831 illique
914 3763 1231 3832 coniuncta,
1262 3777 1390 3817 caro
1416 3777 1536 3817 esse
1566 3761 1811 3827 desistat,
1842 3769 1897 3816 et
1934 3761 2054 3815 ldu-

481 3868 615 3908 mma
640 3861 877 3907 transeat
905 3854 958 3907 in
977 3851 1236 3910 Judaeum.

556 3960 576 3993 ι
618 3941 749 3997 Haec
772 3942 904 3997 dicit
929 3944 1186 3999 Dominus
1207 3945 1348 4001 Deus
1376 3963 1389 3999 :
1417 3945 1523 4003 Pro
1547 3960 1612 4001 eo
1640 3943 1782 4015 quod
1810 3942 2055 3999 fecerunt

487 4051 508 4085 ι
550 4031 825 4087 Palaestini
855 4032 1169 4097 vindictam,
1196 4043 1251 4089 et
1291 4034 1390 4089 ulti
1420 4051 1482 4091 se
1526 4042 1653 4090 sunt
1704 4041 1818 4090 toto
1873 4034 2055 4088 animo

486 4141 508 4177 α
554 4123 941 4180 interﬁcientes
998 4133 1054 4180 et
1108 4125 1393 4195 implentes
1463 4126 1770 4183 inimicitias
1824 4134 2051 4182 veteres.

487 4236 508 4269 ι
551 4214 842 4287 Propterea
888 4217 1004 4272 haec
1058 4216 1187 4272 dicit
1233 4217 1490 4272 Dominus
1538 4217 1684 4274 Deus
1723 4235 1737 4271 :
1772 4218 1912 4274 Ecce
1956 4231 2056 4289 ego

485 4325 507 4360 ι
549 4304 841 4377 extendam
869 4321 1088 4363 manum
1123 4321 1301 4362 meam
1340 4322 1502 4377 super
1527 4306 1857 4374 Palmstinos,
1886 4314 1941 4362 et
1967 4307 2054 4361 in-

2163 1877 2303 1916 naan
2331 1869 2477 1917 terra
2510 1861 2953 1931 alienigenarum.
2992 1862 3059 1917 Et
3085 1862 3387 1933 disperdam
3422 1880 3519 1920 vos
3547 1882 3611 1920 ex
3636 1866 3725 1921 ha-

2159 1953 2441 2009 bitatione.
2492 1952 2562 2009 Et
2604 1956 2711 2007 erit
2738 1951 2898 2008 Creta
2945 1953 3001 2007 in
3046 1953 3300 2023 pabulum
3349 1962 3643 2024 pastorum,
3674 1965 3725 2012 et

2160 2046 2320 2104 eubili
2356 2045 2558 2101 ovium.
2589 2063 2608 2096 ι
2641 2044 2709 2100 Ει
2740 2044 2828 2100 hic
2853 2044 2999 2099 enim
3038 2060 3162 2100 cum
3218 2044 3570 2116 Septuaginta
3601 2044 3721 2101 Cre-

2160 2145 2267 2191 tam
2316 2134 2599 2200 verterint,
2645 2134 2827 2191 caeteri
2883 2134 3238 2190 translatores
3288 2137 3501 2212 κάρῤον,
3545 2137 3597 2191 id
3627 2143 3725 2204 est,

2159 2225 2589 2283 interfectionem
2612 2226 2697 2281 vel
2720 2225 3076 2296 perditionem
3118 2227 3455 2297 interpretati
3481 2235 3625 2294 sunt,
3661 2229 3726 2284 de

2158 2333 2266 2387 quo
2320 2318 2374 2373 in
2418 2318 2730 2387 supradicto
2765 2319 3060 2388 propheta,
3106 2318 3217 2374 Deo
3259 2328 3552 2389 przestante
3592 2319 3726 2389 quod

2158 2409 2312 2464 nobis
2339 2409 2514 2465 visum
2544 2418 2628 2465 est
2655 2410 2910 2466 diximus.
2940 2409 3094 2467 Unde
3131 2421 3186 2466 et
3213 2413 3436 2466 duarum
3464 2412 3725 2487 legionum

2158 2499 2348 2563 David,
2380 2515 2612 2571 quarum
2653 2515 2756 2554 una
2779 2500 3145 2570 appellabatur
3168 2500 3517 2566 Pheletlti,et
3564 2504 3724 2558 altera

2156 2588 2405 2655 Cerethi,
2435 2590 2624 2645 ultima
2658 2592 2728 2647 ab
2763 2606 2829 2647 eo
2880 2592 3023 2662 q‘uod
3049 2592 3436 2658 interficerent,
3459 2603 3622 2665 atque
3639 2595 3727 2665 ju—

2156 2680 2423 2751 gularent,
2454 2680 2736 2747 Cltoretim,
2781 2681 2884 2738 hoc
2927 2692 3012 2738 est
3064 2684 3472 2743 interfectorum
3526 2701 3719 2742 nomen

2156 2771 2384 2839 accepit.
2437 2769 2726 2840 Perditque
2772 2770 3029 2829 Dominus
3078 2789 3268 2830 onmes
3314 2776 3575 2845 reliquias
3618 2794 3726 2832 ma-

2157 2860 2351 2917 ritimae
2408 2861 2664 2932 regionis,
2712 2877 2831 2932 qua:
2882 2863 3038 2918 salsis
3088 2865 3329 2918 tunditur
3371 2865 3623 2922 ﬂuctibus
3676 2876 3732 2924 et

2156 2953 2423 3009 vindictas
2453 2970 2558 3008 non
2586 2969 2801 3024 parvas,
2828 2955 2922 3010 sed
2952 2971 3171 3026 magnas
3201 2956 3361 3012 faciet
3414 2958 3469 3011 in
3514 2958 3729 3024 furore,

2157 3054 2218 3101 ut
2242 3044 2398 3100 fin-or
2427 3043 2542 3113 ejus
2572 3045 2734 3100 linem
2783 3045 2982 3101 habeat
3025 3046 3429 3101 misericordiae.
3466 3048 3536 3103 Et
3588 3058 3730 3117 post-

2157 3153 2320 3207 quam
2350 3138 2580 3193 ultiones
2607 3137 2795 3195 fecerit
2821 3153 3053 3209 arguens
3081 3154 3202 3195 cum
3243 3139 3459 3203 furore.
3491 3150 3619 3196 tunc
3644 3157 3730 3196 α)-

2153 3238 2412 3301 gnoscant
2431 3229 2705 3286 Palaestini
2731 3230 2873 3301 quod
2898 3231 3011 3301 ipse
3035 3232 3107 3286 sit
3132 3233 3407 3287 Dominus.

2707 3342 2936 3401 CAPUT
2967 3344 3158 3399 XXVI.

2155 3431 2326 3502 Tyrus
2350 3432 2481 3503 quia
2517 3432 2797 3487 multavit
2845 3450 3001 3503 super
3026 3436 3364 3503 contritiones
3405 3434 3730 3503 Jerusalem,

2287 3503 2606 3572 medicatur
2626 3502 2939 3558 destruenda
2960 3520 3050 3572 per
3074 3502 3585 3559 Nabuchodonosor.

2226 3609 2247 3642 ι
2289 3590 2358 3644 Et
2380 3589 2582 3646 factum
2603 3600 2688 3647 est
2713 3592 2768 3646 in
2799 3592 3080 3648 undecimo
3102 3608 3262 3656 anno,
3293 3594 3468 3663 prima
3508 3594 3730 3657 mensis,

2157 3697 2176 3729 ι
2221 3679 2397 3736 factus
2415 3689 2500 3737 est
2523 3696 2703 3737 sermo
2730 3681 2945 3744 Domini
2966 3680 3032 3735 ad
3061 3696 3164 3743 me,
3190 3681 3404 3737 dicens:
3424 3681 3531 3738 Fili
3558 3681 3733 3739 homi-

2157 3788 2177 3822 ι
2218 3770 2325 3835 nis,
2360 3786 2458 3841 pro
2486 3786 2551 3826 eo
2579 3771 2722 3840 quod
2748 3770 2882 3827 dixit
2903 3770 3076 3841 Tyrus
3100 3770 3168 3825 de
3206 3769 3529 3832 Jerusalem,
3573 3785 3731 3841 euge,

2156 3877 2176 3910 ι
2220 3858 2507 3915 confracta:
2532 3869 2660 3915 sunt
2687 3868 2858 3931 porta:
2882 3860 3223 3930 populorum,
3254 3876 3520 3915 conversa
3548 3869 3634 3916 est
3666 3859 3733 3914 ad

2157 3974 2177 4007 ι
2221 3969 2347 4008 me:
2377 3953 2673 4023 implebor:
2707 3954 2924 4009 deserta
2976 3962 3079 4020 est,
3107 3961 3391 4024 propterea
3442 3953 3561 4008 hinc
3598 3952 3735 4007 dicit

2158 4060 2178 4097 ι
2224 4043 2487 4099 Dominus
2512 4043 2656 4099 Deus
2683 4060 2698 4097 :
2729 4043 2867 4098 Ecce
2892 4058 2993 4113 ego
3012 4058 3173 4113 super
3199 4051 3272 4106 te,
3287 4042 3451 4113 Tyre,
3475 4049 3534 4096 et
3548 4055 3737 4097 ascen-

2158 4151 2178 4185 ι
2220 4134 2347 4189 dere
2390 4132 2584 4189 faciam
2633 4133 2703 4188 ad
2743 4141 2795 4187 te
2838 4141 3024 4203 gentes
3066 4132 3280 4197 multas,
3320 4132 3462 4188 sicut
3486 4131 3734 4187 ascendit

2158 4242 2177 4274 ι
2223 4238 2373 4278 mare
2400 4221 2687 4288 ﬂuctuans,
2713 4231 2768 4277 et
2790 4222 3128 4292 dissipabunt
3155 4237 3339 4278 muros
3370 4221 3524 4293 Tyri,
3553 4229 3615 4277 et
3644 4220 3738 4275 de-

2158 4334 2178 4367 ι
2219 4324 2431 4370 struent
2485 4322 2664 4370 turres
2690 4314 2827 4384 ejus.
2864 4314 2931 4368 Et
2978 4315 3163 4369 radam
3192 4312 3470 4383 pulverem
3523 4313 3645 4381 eius
3670 4311 3738 4368 de

485 4418 507 4452 ί
546 4399 807 4455 “Midam
834 4396 1240 4493 Ῑηιεῗτίθίξιοῖθεν
1268 4404 1324 4451 θι
1345 4396 1852 4493 ροτιιξιω-τςϋίιιιίεε
1890 4396 2055 4450 ωπί-
2080 4433 2131 4493 D
2162 4425 2181 4456 ς
2224 4420 2310 4470 ea,
2335 4413 2390 4460 et
2425 4405 2564 4461 dabo
2591 4421 2712 4461 eam
2742 4406 2795 4460 in
2827 4405 3255 4476 limpidissimam
3287 4412 3520 4475 petram.
3549 4403 3737 4493 Sicca-

487 4511 507 4543 s
550 4493 694 4548 tima:
741 4491 998 4562 regionis,
1030 4489 1331 4559 faciamque
1352 4489 1406 4543 in
1440 4489 1520 4544 eis
1545 4488 1775 4543 ultiones
1804 4502 2049 4558 magnas,

487 4600 507 4635 ι
553 4597 783 4653 arguens
818 4584 873 4638 in
904 4583 1106 4638 furore.
1162 4582 1231 4636 Et
1277 4581 1452 4637 scient
1485 4580 1613 4650 quia
1641 4594 1741 4651 ego
1772 4580 2051 4645 Dominus,

488 4690 509 4721 ι
552 4687 676 4726 cum
705 4671 903 4727 dedero
955 4673 1244 4728 vindictam
1290 4687 1465 4727 meam
1512 4686 1673 4740 super
1706 4685 1819 4725 eos.
1869 4688 1887 4721 ι
1928 4669 2056 4725 Post

486 4761 627 4816 ﬁlios
651 4761 880 4817 Ammon
923 4762 1076 4817 Moab
1112 4771 1167 4816 et
1205 4763 1358 4828 Seir,
1396 4764 1488 4832 qui
1517 4762 1620 4832 ipsi
1647 4770 1775 4816 sunt
1814 4759 2054 4825 Idumaei,

462 4860 539 4908 'et
585 4866 682 4922 per
716 4850 854 4906 Loth
886 4861 940 4906 et
977 4852 1120 4907 Esau
1148 4853 1342 4922 populo
1394 4854 1578 4918 lsrael,
1604 4862 1660 4908 et
1700 4852 1879 4907 domui
1907 4849 2059 4906 Judre

485 4941 803 5013 cognatione
850 4942 1144 4997 sociantur.
1195 4942 1353 4997 Venit
1409 4945 1478 4998 ad
1535 4943 1865 5007 Philistiim,
1920 4957 2056 5011 quos

487 5034 833 5103 Septuaginta
847 5032 1199 5102 allophulous,
1222 5036 1273 5090 id
1291 5034 1393 5101 est,
1419 5037 1747 5106 alienigenas
1773 5035 2058 5090 transtule-

485 5133 650 5190 runt,
687 5139 793 5180 non
823 5124 1060 5195 generali
1116 5127 1334 5181 nomine
1381 5127 1621 5182 omnium
1645 5126 1912 5196 gentium,
1938 5140 2057 5194 quae

486 5231 594 5271 non
645 5221 772 5269 sunt
819 5215 885 5269 de
924 5230 1122 5285 genere
1153 5213 1477 5279 Judaaorum,
1504 5216 1597 5271 sed
1627 5216 1846 5285 speciali
1883 5216 2058 5286 gentis

481 5323 595 5364 sua:
620 5321 739 5375 quae
768 5321 910 5360 nunc
939 5305 1136 5360 dicitur
1172 5305 1456 5361 Palaestina
1487 5314 1691 5361 mutata
1734 5307 1832 5377 plac
1880 5307 2058 5362 littera

477 5398 634 5469 juxta
667 5396 981 5453 Graecorum
1009 5398 1449 5453 consuetudinem
1477 5398 1531 5452 in
1552 5419 1610 5462 π,
1628 5397 1768 5450 sicut
1791 5397 1932 5466 apud
1961 5411 2059 5452 nos

478 5503 578 5557 pro
627 5487 895 5542 Hebr-sieo
947 5487 1106 5556 phase
1149 5486 1392 5541 Graecina
1457 5496 1511 5542 et
1546 5486 1796 5542 Latinum
1849 5485 2057 5540 Pascha

482 5576 809 5630 celebratur.
825 5575 1112 5631 Philistiim
1134 5577 1558 5644 interpretantur
1569 5575 1824 5630 cadentes
1842 5573 2056 5644 poculo,

483 5665 579 5729 qui
603 5674 655 5717 ct
683 5666 781 5735 ipsi
811 5667 877 5723 de
905 5684 1068 5723 aureo
1099 5668 1391 5733 Babylonis
1432 5668 1601 5721 calice
1632 5666 1880 5722 inebriati
1911 5676 2053 5722 sunt.

2108 4490 2120 4549 ζ
2164 4513 2183 4547 ι
2227 4494 2302 4548 tio
2328 4509 2646 4565 sagenarum
2682 4494 2789 4547 erit
2836 4493 2889 4548 in
2930 4494 3107 4549 medio
3137 4493 3325 4558 maris,
3364 4494 3492 4563 quia
3523 4508 3627 4565 ego
3662 4490 3740 4545 lo-

2166 4601 2186 4635 c
2230 4592 2385 4637 cutus
2413 4598 2552 4649 sum,
2582 4584 2657 4637 ait
2680 4582 2938 4638 Dominus
2969 4583 3129 4648 Deus,
3164 4592 3219 4638 et
3261 4583 3367 4637 crit
3393 4582 3448 4636 in
3471 4583 3737 4652 direptio-

2167 4694 2187 4726 ‹
2230 4689 2350 4730 nem
2379 4675 2645 4744 gentibus.
2671 4674 2817 4729 Filia:
2836 4688 3048 4745 quoque
3076 4673 3190 4742 ejus
3211 4688 3329 4742 quae
3354 4685 3485 4728 sunt
3507 4673 3559 4727 in
3581 4685 3735 4741 agro,

2167 4782 2188 4816 ι
2227 4764 2404 4835 gladio
2438 4764 2846 4818 interlicientur.
2894 4763 2962 4817 Et
3001 4763 3173 4818 scient
3224 4763 3349 4833 quia
3402 4776 3505 4832 ego
3555 4757 3739 4816 Domi-

2169 4873 2189 4907 ι
2234 4871 2352 4910 nus.
2394 4874 2412 4906 ι
2448 4854 2853 4924 Consequenter
2879 4856 3176 4926 prophetiae
3215 4855 3346 4909 ordo
3378 4853 3696 4909 contexitur
3717 4862 3737 4903 :

2156 4943 2393 4999 Locutus
2419 4951 2539 4999 erat
2577 4953 2765 4998 contra
2787 4944 2925 4999 filios
2954 4945 3183 4998 Ammon
3221 4952 3276 4998 ct
3307 4943 3469 4998 Moab
3504 4951 3557 4998 et
3587 4939 3734 5003 Seir,

2158 5035 2251 5105 qui
2277 5035 2375 5104 ipsi
2403 5042 2528 5089 sunt
2562 5033 2801 5098 Idumaei,
2835 5043 2889 5088 et
2913 5033 3197 5088 Pbiiistiim
3227 5033 3317 5103 qui
3343 5042 3472 5088 sunt
3500 5032 3553 5086 in
3580 5031 3731 5083 [itte-

2159 5141 2239 5188 re.
2254 5134 2310 5179 et
2335 5126 2387 5179 in
2409 5124 2647 5181 funiculo
2670 5125 2837 5180 maris
2858 5128 3106 5181 eumdem
3130 5124 3352 5179 limitem
3379 5131 3578 5178 tenent.
3604 5121 3731 5173 Post

2161 5212 2473 5268 Pahcstinos
2527 5214 2704 5278 enim,
2738 5214 2976 5269 succedit
3006 5214 3276 5269 thnicis
3335 5214 3520 5284 regio,
3574 5208 3731 5277 cujus

2165 5302 2475 5372 metropolis
2495 5313 2578 5357 est
2602 5302 2795 5357 civitas
2826 5303 3019 5374 Tyrus,
3043 5318 3161 5372 qua:
3188 5302 3487 5372 appellatur
3507 5299 3727 5353 llehrzeo

2165 5394 2407 5463 Syroque
2455 5409 2703 5449 sermone
2747 5394 2865 5449 Sor.
2901 5394 2966 5448 Et
3013 5395 3137 5464 quia
3184 5394 3347 5448 etiam
3406 5396 3516 5463 ipsa
3543 5387 3731 5461 gavisa

2162 5493 2268 5548 est,
2307 5495 2362 5540 et
2392 5484 2672 5539 insultavit
2727 5500 2791 5538 ac
2818 5485 2972 5551 dixit,
3010 5502 3028 5535 ι
3071 5483 3379 5540 Confracta:
3409 5491 3529 5537 sunt
3557 5484 3733 5549 porta:

2162 5574 2508 5644 populorum;
2548 5592 2566 5623 ι
2602 5589 2702 5643 ego
2740 5582 2952 5642 portum
2996 5573 3323 5627 tutissimum
3380 5571 3567 5633 habeo,
3600 5565 3727 5619 illa-

2163 5682 2268 5735 que
2298 5667 2555 5722 subversa
2582 5663 2648 5719 ad
2688 5681 2773 5720 me
2806 5665 2983 5721 omnis
3023 5665 3306 5721 multitudo
3341 5677 3593 5719 conversa
3623 5669 3727 5727 est,
