3954 6182
256 394 364 449 7εεὶ

1242 390 1594 448 COMMENT.
1635 393 1703 447 IN
1739 374 2195 454 uzscmemd.
2236 430 2299 441 —
2341 402 2466 458 uo.
2507 404 2577 459 x.

3393 415 3503 468 ’766

253 516 375 571 una:
403 503 549 558 illius
590 503 879 573 regebatur
908 501 1149 556 arbitrio.
1180 501 1249 556 Et
1295 503 1420 572 quia
1466 503 1556 557 illa
1609 504 1827 559 deserta
1854 508 1900 567 Α
1937 525 1955 556 ι
1996 509 2098 564 riet
2126 519 2179 565 te
2200 511 2379 581 pulvis
2396 527 2605 581 eorum,
2634 530 2665 569 ιι
2692 524 2868 572 sonitu
2899 526 3157 587 equitnm,
3188 528 3241 575 ct
3266 530 3502 574 rotarum

249 603 361 661 est,
391 593 593 649 idcirco
616 606 716 663 ego
742 591 1025 662 implebor,
1057 591 1172 646 sive
1197 607 1317 662 qua;
1339 592 1497 663 plena
1534 592 1635 647 fuit
1678 603 1825 658 ante,

247 685 533 758 redigetur
574 684 629 738 in
670 682 1035 738 solitudinem.
1077 682 1244 753 igitur
1271 683 1375 737 ista
1406 683 1607 749 dixisti,
1634 691 1689 738 et
1718 684 1829 738 rui-

246 776 339 831 nis
389 773 690 832 Jerusalem
751 787 870 843 qua:
925 774 1019 829 Dei
1069 772 1272 842 judicio
1325 782 1544 844 propter
1604 785 1825 845 peccata

247 868 515 922 subversa
540 873 622 919 est
641 905 656 929 ,
692 863 979 918 insultasti.
1018 863 1311 933 Propterea
1338 878 1442 917 non
1471 878 1566 933 per
1588 864 1823 928 nuntios,

247 971 354 1011 nec
380 971 478 1027 per
520 955 787 1025 quoslibet
808 954 961 1020 alios,
988 955 1083 1010 sed
1124 968 1223 1024 ego
1261 954 1378 1023 ipse
1409 966 1503 1009 ero
1532 955 1819 1009 adversum

247 1054 324 1108 te,
357 1044 517 1115 Tyre,
550 1054 603 1097 et
632 1043 802 1098 instar
827 1041 1083 1097 fluctuum
1109 1043 1275 1097 maris
1310 1043 1605 1098 ascendere
1629 1043 1824 1098 faciam

243 1139 445 1188 contra
503 1141 557 1187 te
605 1130 952 1201 Babylonios,
1002 1146 1127 1185 cum
1184 1131 1437 1200 plurimis
1493 1131 1820 1197 nationibus,

243 1238 479 1292 quarum
509 1222 903 1292 oppugnatione
929 1221 1066 1275 muri
1098 1221 1171 1275 tui
1197 1261 1212 1286 ,
1235 1229 1290 1275 et
1338 1229 1514 1275 turres
1544 1222 1823 1276 destruen-

243 1322 365 1377 tur,
396 1314 661 1367 intantum
692 1320 752 1365 ut
781 1326 959 1381 usque
982 1311 1049 1366 ad
1080 1310 1254 1366 solum
1277 1312 1586 1377 concidant,
1615 1321 1670 1367 et
1697 1312 1820 1383 pul-

242 1402 332 1457 vis
380 1402 528 1456 illius
555 1400 807 1467 radatur,
842 1402 956 1455 sive
980 1402 1032 1455 in
1063 1409 1248 1470 partes
1291 1403 1471 1457 varias
1497 1403 1783 1458 ventiletur
1804 1444 1820 1470 ,

240 1500 301 1547 et
351 1493 431 1548 sic
467 1492 854 1558 humiliabitur,
878 1501 937 1547 ut
964 1501 1131 1563 petrae
1169 1493 1509 1548 nitidissimus
1536 1502 1821 1565 cumporc-

241 1592 373 1649 tur;
405 1591 661 1653 tantaque
689 1583 794 1638 erit
817 1583 871 1638 in
903 1583 1035 1639 urbe
1083 1585 1354 1654 quondam
1384 1583 1818 1655 frequentissima

241 1674 502 1739 solitudo,
550 1685 611 1728 ut
658 1690 870 1747 sagenaz
924 1677 1253 1746 piscatorum
1310 1675 1705 1745 expandantur,
1765 1686 1822 1735 et

241 1766 523 1822 siccentur
544 1766 597 1820 in
624 1766 802 1821 niedio
823 1765 957 1835 ejus.
1011 1767 1124 1837 Ego
1157 1769 1300 1824 enim
1323 1768 1539 1824 loeutus
1572 1784 1691 1825 sum
1718 1770 1820 1827 Do-

1892 611 1911 619 '
1936 615 1956 647 ‹
2001 606 2053 652 et
2087 614 2342 655 curruum
2372 605 2729 659 movebuntur
2758 608 2897 661 muri
2932 609 3029 661 tui.
3068 608 3201 662 Dum
3230 611 3506 680 ingressus

1933 706 1953 738 ο
1996 688 2158 744 fuerit
2182 700 2368 761 portas
2410 701 2532 747 tuas
2561 695 2712 761 quasi
2740 710 2838 764 per
2865 696 3120 752 introitus
3148 699 3296 752 urbis
3336 698 3494 754 dissir

1933 797 1952 829 ι
1996 790 2158 848 pauc,
2190 782 2403 853 ungulis
2423 799 2682 852 equorum
2709 801 2927 840 suorum
2954 789 3291 843 conculcabit
3312 804 3505 846 omnes

1932 888 1951 918 ε
1995 870 2196 939 plateas
2219 880 2357 937 tuas,
2384 874 2635 944 populum
2663 883 2811 929 tuum
2834 878 3011 945 gladio
3034 880 3219 944 credet,
3243 890 3504 935 etstatuae

1932 978 1950 1009 ι
1996 970 2097 1015 tum
2140 963 2346 1018 nobiles
2384 965 2437 1018 in
2472 972 2671 1025 terram
2713 977 2985 1022 corruent.
3035 970 3332 1026 Vastabunt
3373 989 3505 1042 opes

1930 1069 1949 1101 ι
1994 1061 2133 1118 tuas,
2171 1053 2424 1123 diripient
2472 1058 2887 1127 negotiationes,
2924 1069 2979 1115 et
3021 1078 3203 1117 muros
3250 1072 3370 1119 tuos
3402 1066 3498 1119 de-

1930 1160 1949 1193 r
1995 1151 2225 1209 struent,
2254 1152 2310 1199 ct
2351 1147 2537 1200 domos
2589 1155 2709 1202 tuas
2749 1148 3037 1219 praeclaras
3081 1152 3416 1218 subvertent,
3448 1163 3503 1207 et

1929 1255 1947 1286 ι
1988 1235 2190 1304 lapides
2219 1243 2337 1290 tuos
2360 1245 2413 1290 et
2441 1236 2581 1307 ligna
2606 1246 2717 1299 tua,
2750 1247 2804 1293 et
2825 1238 3096 1309 pulverem
3130 1249 3275 1294 tuum
3308 1242 3359 1295 in
3383 1257 3498 1296 me-

1928 1338 1947 1371 ι
1991 1323 2080 1376 dio
2117 1336 2379 1393 aquarum
2404 1334 2624 1394 ponent.
2658 1327 2725 1380 Et
2768 1328 3047 1396 quiescere
3071 1328 3263 1384 faciant
3312 1329 3497 1386 multi-

1927 1429 1947 1462 ο
1991 1413 2229 1467 tudinem
2276 1415 2609 1469 canticorum
2642 1425 2886 1481 tuorum,
2910 1425 2967 1471 et
2990 1418 3198 1472 sonitus
3241 1419 3495 1488 cytbara-

1926 1517 1947 1551 ι
1990 1516 2107 1554 rum
2157 1510 2371 1555 tuarum
2426 1517 2534 1557 non
2582 1503 2833 1558 audietur
2882 1505 3130 1575 amplius.
3164 1506 3230 1559 Et
3268 1505 3406 1560 dabo
3439 1514 3498 1562 te

1925 1607 1946 1641 ι
1990 1591 2045 1643 in
2071 1591 2503 1660 limpidissimam
2529 1601 2759 1663 petram,
2781 1593 3002 1648 siccatio
3021 1608 3342 1663 sagenarum
3367 1594 3496 1660 eris,

1925 1700 1945 1733 ι
1988 1697 2086 1735 nec
2107 1682 2461 1737 :edilieaberis
2504 1683 2669 1749 ultra,
2700 1685 2821 1754 quia
2851 1699 2951 1755 ego
3000 1684 3212 1739 locutus
3256 1686 3500 1749 sum,di-

1924 1788 1945 1821 r
1983 1772 2060 1826 cit
2084 1771 2341 1828 Dominus
2363 1772 2523 1829 Deus.
2571 1794 2591 1827 ι
2632 1776 2773 1847 Ergo
2799 1775 2944 1845 quod
2968 1775 3182 1830 dixerat
3203 1776 3497 1831 ascendere

241 1858 448 1921 minus,
494 1855 646 1925 cujus
689 1858 853 1911 verba
887 1857 1039 1912 irrita
1069 1871 1188 1912 esse
1238 1872 1343 1912 non
1373 1866 1619 1929 possunt.
1677 1876 1697 1909 ε
1749 1856 1819 1914 Et
1845 1846 2113 1920 Bfaciam
2152 1865 2220 1920 ad
2262 1876 2314 1921 te
2361 1877 2550 1938 gentes
2593 1868 2809 1933 multas,
2859 1869 3001 1923 sicut
3050 1867 3292 1922 ascendit
3346 1881 3496 1921 mare

241 1949 461 2002 tradam
509 1964 629 2004 eam
671 1948 724 2003 in
754 1948 1106 2019 direptionem
1150 1949 1417 2019 gentibus.
1451 1968 1470 2001 ι
1506 1949 1656 2005 Filia:
1682 1966 1816 2020 quo—

238 2050 351 2104 que
381 2036 518 2104 ejus,
556 2028 827 2107 quxe'sunt
852 2038 903 2092 in
935 2052 1087 2108 agro,
1112 2037 1226 2092 sive
1252 2037 1307 2091 in
1354 2052 1576 2108 campo,
1608 2040 1709 2095 hoc
1733 2050 1816 2095 est

239 2123 298 2177 in
337 2123 610 2179 thnicis
635 2125 834 2191 littore,
862 2125 1026 2181 urbes
1059 2134 1113 2181 et
1141 2126 1356 2196 oppida,
1383 2129 1507 2194 vici,
1536 2139 1697 2199 atque
1728 2142 1817 2185 ca-

239 2214 418 2275 stella,
452 2215 846 2270 interﬁcientur
884 2214 1078 2288 gladio.
1127 2226 1485 2293 Μεταφορικῶς
1531 2220 1622 2290 qui
1680 2220 1817 2276 ﬁlias

240 2303 556 2373 appellavit,
606 2305 1035 2361 interfectionem
1086 2308 1240 2377 ponit
1292 2308 1475 2379 gladii,
1521 2318 1580 2363 ut
1635 2324 1816 2365 rerum

242 2394 356 2450 line
400 2405 723 2466 cognoscant
761 2411 848 2451 me
892 2413 1011 2454 esse
1057 2396 1378 2465 Dominum,
1406 2400 1497 2469 qui
1544 2399 1657 2455 ﬁeri
1714 2402 1815 2456 ista

240 2485 497 2555 praecepi.
528 2485 713 2541 Potest
732 2487 886 2558 juxta
937 2488 1311 2558 tropologiam,
1342 2504 1460 2557 qua:
1486 2487 1591 2543 Sor
1622 2505 1815 2545 nomen

240 2578 570 2635 ilebraicum
599 2582 829 2635 vertitur
856 2581 911 2635 in
940 2582 1240 2653 angustiam
1261 2622 1274 2645 ,
1305 2581 1483 2636 omnis
1510 2582 1653 2636 enim
1704 2582 1818 2636 ani-

236 2682 335 2722 ma
373 2683 494 2738 quae
545 2669 1036 2739 perturbationibus
1083 2678 1342 2739 occupata
1373 2679 1475 2735 est,
1509 2667 1612 2725 Sor
1639 2671 1818 2740 appel-

238 2755 370 2823 lari,
394 2772 514 2827 quae
549 2760 761 2829 quando
789 2760 980 2814 viderit
1004 2775 1103 2830 pro
1153 2760 1264 2814 suis
1308 2759 1456 2814 vitiis
1491 2767 1654 2829 atque
1694 2774 1818 2830 pec-

239 2848 386 2903 catis
419 2850 513 2903 Dei
546 2848 753 2919 judicio
804 2851 1041 2905 subverti
1097 2850 1390 2906 Jerusalem
1414 2892 1428 2915 ,
1480 2852 1535 2905 in
1572 2867 1677 2922 qua
1715 2851 1816 2907 fuit

241 2942 501 3012 templum
525 2952 579 2998 et
607 2946 755 3014 pacis
784 2945 938 3010 visio,
973 2946 1205 3000 exsultat
1229 2955 1284 3001 et
1320 2947 1384 2999 ad
1407 2962 1465 3002 se
1492 2954 1645 3018 putat
1668 2948 1815 3004 urbis

239 3032 515 3099 quondam
543 3032 753 3104 inclyta:
786 3034 1068 3103 imperium
1101 3034 1546 3092 transferendum.
1581 3035 1731 3104 Quod
1760 3045 1814 3092 et

242 3122 300 3205 ip
332 3125 620 3179 contrariis
652 3126 992 3195 dogmatibus
1018 3126 1311 3196 accipitur,
1337 3137 1391 3182 et
1423 3129 1475 3182 in
1504 3128 1813 3185 hominibus

240 3213 450 3279 saeculi,
481 3215 693 3284 quando
722 3216 953 3270 viderint
998 3217 1267 3272 hominem
1321 3227 1563 3273 sanctum
1591 3234 1688 3289 per
1716 3235 1811 3274 ne-

240 3301 554 3374 gligentiam
600 3318 719 3358 esse
764 3304 1104 3373 prolapsum,
1156 3305 1389 3376 gaudent
1440 3313 1494 3360 ct
1522 3305 1813 3371 exsultant,

239 3391 396 3461 quasi
430 3391 656 3446 aliorum
694 3392 870 3457 ruina,
909 3407 1003 3447 sua
1027 3394 1350 3449 resurrectio
1391 3394 1480 3449 sit.
1521 3392 1813 3464 Propterea

242 3480 506 3536 Dominus
554 3482 932 3547 comminatur,
983 3482 1124 3551 quod
1173 3483 1285 3553 ipse
1337 3491 1528 3538 contra
1567 3497 1662 3538 eos
1710 3483 1813 3536 hu-

234 3570 538 3641 juscemodi
554 3573 797 3628 homines
813 3574 1048 3640 dimicet,
1070 3573 1424 3629 ctasccndere
1438 3573 1601 3627 faciat
1625 3581 1813 3628 contra

241 3677 338 3717 eos
383 3662 557 3717 instar
584 3664 913 3717 marinorum
954 3663 1209 3718 fluctuum
1249 3664 1509 3734 plurimas
1544 3667 1811 3732 nationes,

241 3768 365 3823 quae
388 3752 671 3807 destruant
703 3752 756 3807 in
787 3754 866 3808 eis
897 3753 1153 3823 quidquid
1179 3754 1595 3809 munitissimum
1622 3762 1679 3809 ct
1717 3755 1813 3810 fir-

241 3857 392 3897 mum
435 3842 667 3908 videtur,
690 3851 746 3898 et
774 3843 847 3897 ita
878 3844 1058 3897 omnia
1086 3858 1274 3898 eorum
1319 3853 1634 3915 argumenta
1689 3847 1814 3901 sub-

242 3942 438 3998 vertat,
464 3943 524 3988 ut
552 3935 605 3988 in
638 3935 910 4003 pulverem
941 3934 1271 4004 redigantur.
1319 3934 1557 4005 Sagenas
1602 3950 1815 4004 quoque

241 4033 298 4079 et
309 4023 447 4078 retia
466 4023 660 4093 quibus
680 4024 829 4093 prius
844 4024 1119 4093 deceptam
1133 4023 1522 4078 multitudinem
1536 4024 1816 4095 piscaban-

241 4120 354 4179 tur,
388 4126 601 4167 cessare
649 4112 830 4177 faciat,
851 4121 905 4167 et
935 4114 988 4166 in
1014 4113 1240 4168 desertas
1265 4113 1414 4167 urbis
1441 4113 1557 4167 solo
1582 4114 1812 4183 expandi

242 4214 410 4275 atque
453 4205 644 4260 siccari
698 4212 757 4259 ut
800 4218 900 4273 pro
927 4204 1032 4259 illis
1078 4204 1168 4258 alii
1218 4205 1445 4258 subeant
1488 4205 1811 4275 piscatores,

241 4309 381 4365 quos
435 4293 692 4350 Dominus
724 4295 791 4349 ad
821 4295 1135 4363 piscandum
1190 4293 1354 4348 misit.
1413 4292 1522 4348 Sed
1573 4302 1630 4348 et
1676 4292 1813 4349 ﬁlias

239 4386 360 4455 ejus
383 4400 505 4456 qua:
527 4387 677 4457 prius
702 4386 857 4456 quasi
892 4386 945 4440 in
982 4385 1219 4439 thalamo
1241 4384 1607 4449 servabantur,
1633 4393 1690 4440 et
1714 4399 1813 4453 pro

238 4473 489 4543 mysticis
517 4473 1004 4543 secretioribusquc
1026 4472 1316 4538 doctrinis,
1346 4472 1475 4527 nulli
1502 4472 1660 4527 facile
1690 4484 1807 4528 cro--

238 4563 508 4619 debentur
531 4578 879 4633 processuras
906 4564 1402 4635 protrahendusque
1431 4564 1483 4617 in
1512 4565 1805 4633 publicum,

235 4664 295 4710 et
318 4646 688 4711 ecclesiastico
709 4670 965 4710 mucrone
994 4655 1341 4719 truncandas,
1370 4662 1429 4709 ut
1453 4663 1581 4709 tunc
1612 4654 1808 4710 intelli-

236 4756 370 4818 gant
396 4746 539 4817 quod
575 4748 687 4817 ipse
731 4748 801 4801 sit
841 4747 1117 4809 Dominus,
1142 4747 1235 4815 qui
1266 4754 1322 4800 et
1350 4744 1685 4800 Hierusalem
1709 4760 1809 4816 pro

234 4839 477 4908 peccatis
505 4851 791 4908 parumper
823 4837 1057 4907 reliquit,
1088 4844 1145 4892 et
1173 4837 1298 4907 Tyri
1329 4852 1427 4906 pro
1464 4838 1808 4894 insultatione

236 4928 357 4998 ejus
376 4937 431 4984 et
455 4929 650 5001 gaudio
672 4930 997 4983 munimenta
1025 4927 1308 4983 destruxit.

313 5037 333 5069 ‹
363 5016 498 5086 Quia
521 5018 635 5072 haec
659 5017 788 5071 dicit
810 5017 1067 5071 Dominus
1084 5017 1251 5072 Deus:
1272 5017 1409 5071 Ecce
1428 5032 1526 5085 ego
1547 5018 1805 5074 adducam

244 5126 267 5160 ο
305 5107 375 5162 ad
417 5107 615 5178 Tyrum
666 5107 1154 5164 Nabuchodonosor
1198 5124 1377 5181 regem
1414 5109 1700 5181 Babylonis
1737 5114 1807 5169 ab

243 5218 263 5252 ι
310 5199 582 5270 aquilone,
608 5213 788 5269 regem
834 5213 1020 5270 regum
1044 5212 1166 5254 cum
1198 5199 1351 5269 equis
1378 5206 1434 5253 et
1459 5199 1706 5255 curribus
1751 5210 1807 5256 et

241 5308 265 5343 s
306 5289 595 5361 equitibus,
609 5298 665 5346 et
675 5298 816 5345 cmtu
838 5290 1142 5360 populoque
1164 5303 1378 5357 magno,
1396 5288 1533 5345 ﬁlias
1544 5299 1664 5346 tuas
1687 5306 1806 5360 quae

239 5399 263 5434 ι
305 5390 436 5436 sunt
459 5382 512 5436 in'
538 5397 687 5452 agro,
711 5382 887 5452 gladio
910 5381 1211 5437 interiiciet.
1250 5381 1319 5435 Et
1353 5381 1709 5436 circumdabit
1751 5390 1803 5439 te

239 5488 263 5524 ι
309 5472 717 5537 munitionibus,
746 5481 803 5525 et
822 5470 1181 5543 comportabit
1204 5485 1454 5542 aggerem
1482 5472 1536 5525 in
1556 5486 1710 5542 gyro.
1738 5473 1806 5527 Et

239 5581 263 5616 ι
304 5562 503 5618 levabit
547 5570 735 5617 contra
782 5571 834 5618 te
860 5563 1126 5633 clypeum,
1153 5569 1209 5617 et
1255 5561 1474 5617 lanceas
1515 5572 1570 5615 et
1607 5564 1803 5619 arietes

237 5669 260 5706 ε
304 5651 627 5722 temperabit
647 5652 699 5706 in
729 5666 912 5707 muros
932 5661 1082 5717 tuos,
1114 5660 1171 5706 et
1196 5659 1371 5706 turres
1412 5660 1533 5706 tuas
1560 5652 1802 5708 destruet

239 5762 260 5796 ι
302 5744 356 5800 in
382 5754 657 5800 armatura
680 5748 799 5801 sua.
843 5744 1195 5801 limndatione
1235 5759 1494 5815 equorum
1520 5743 1639 5814 ejus
1669 5760 1799 5814 ope-

1914 1952 2200 2009 ﬂuctuans.
2233 1954 2297 2009 Et
2329 1956 2437 2010 eris
2475 1955 2651 2025 Tyrus
2695 1955 2751 2008 in
2798 1954 3150 2024 direptionem
3203 1954 3492 2023 gentibus:

1916 2052 2044 2101 tunc
2082 2046 2237 2116 ponit
2262 2045 2602 2100 manifestius
2631 2045 2773 2113 quod
2797 2043 3285 2099 Nabuchodonosor
3310 2057 3494 2112 regem

1915 2135 2197 2206 Babylonis
2266 2135 2497 2189 adducat
2542 2134 2798 2188 Dominus
2840 2133 2909 2188 ab
2952 2132 3201 2202 aquilone
3235 2171 3252 2196 ,
3312 2144 3495 2203 regem

1914 2238 2122 2295 regum,
2146 2240 2266 2280 cum
2296 2226 2450 2296 equis
2481 2233 2535 2279 et
2564 2225 2833 2289 curribus,
2870 2232 2925 2279 et
2953 2238 3073 2278 cum
3099 2222 3305 2278 inﬁnita
3339 2236 3495 2276 cxcr~

1916 2316 2055 2371 citus
2085 2316 2424 2371 multitudine
2446 2356 2460 2377 ,
2488 2315 2576 2385 qui
2604 2315 2754 2385 prius
2781 2314 3025 2369 subditas
3053 2313 3195 2383 Tyro
3226 2314 3279 2366 in
3311 2312 3491 2367 littore

1917 2406 2165 2460 civitates
2211 2413 2265 2458 et
2304 2404 2522 2458 castella
2565 2404 2880 2468 subvertat,
2926 2411 2983 2457 et
3023 2411 3208 2471 postea
3250 2401 3490 2456 obsideri

1917 2494 2082 2549 faciat
2112 2493 2315 2566 Tyrum
2350 2494 2618 2563 valletque
2656 2509 2778 2548 eam
2809 2493 3073 2557 exercitu,
3103 2500 3159 2546 et
3184 2506 3400 2562 aggere,
3431 2500 3489 2544 et

1917 2585 2305 2639 munitionibus
2318 2583 2632 2654 clypeisque
2651 2590 2709 2636 et
2725 2583 2985 2636 arietibus
3007 2582 3283 2651 impugnet
3309 2596 3492 2635 muros

1890 2683 1969 2728 σει
1995 2676 2257 2739 destruat,
2287 2684 2343 2728 et
2390 2683 2534 2728 tanta
2577 2675 2648 2728 sit
2688 2673 2975 2728 multitudo
3008 2673 3249 2742 equitum
3269 2673 3405 2742 ejus,
3430 2682 3490 2726 ut

1915 2766 2135 2836 pulvere
2170 2766 2441 2835 equitatus
2472 2774 2530 2819 et
2555 2765 2730 2819 sonitu
2759 2764 3017 2819 ululantia
3051 2764 3359 2828 exercitus,
3396 2777 3490 2818 ro-

1916 2865 2199 2924 tarumque
2228 2856 2475 2924 strepitu,
2506 2863 2563 2910 et
2587 2869 2848 2923 equomm
2878 2855 3110 2917 hinnitu,
3130 2854 3284 2909 urbis
3301 2852 3493 2909 funda-

1915 2953 2095 2999 menta
2124 2952 2457 3007 moveantur,
2484 2955 2541 2998 et
2562 2945 2643 2999 sic
2670 2944 3003 3014 ingrediatur
3047 2945 3323 2999 civitatem
3373 2943 3489 3000 dis-

1915 3034 2102 3103 sipatis
2131 3034 2323 3099 muris,
2354 3033 2507 3103 quasi
2542 3033 2610 3088 de
2649 3048 2836 3103 campo
2885 3048 3109 3089 secttms
3156 3033 3486 3104 ingrediens,

1916 3132 2175 3193 tantaque
2202 3125 2466 3180 securitas
2492 3124 2564 3180 sit
2597 3124 2863 3180 vincentis
2886 3125 3179 3187 exercitus,
3201 3133 3263 3178 ut
3285 3124 3490 3194 plateas

1917 3216 2047 3286 Tyri
2073 3215 2391 3271 conculcent
2433 3230 2695 3283 equorum
2725 3215 2954 3285 ungulae,
2984 3225 3040 3271 ct
3063 3217 3241 3270 omnis
3264 3216 3493 3286 populus

1916 3306 1971 3360 in
2016 3306 2193 3360 medio
2213 3315 2431 3361 corruat
2456 3306 2712 3368 civitatis,
2736 3314 2794 3360 et
2816 3314 3008 3361 statuat
3028 3307 3298 3377 quondam
3329 3308 3486 3363 nobi-

1915 3394 2012 3459 les,
2041 3396 2159 3449 siue
2201 3395 2449 3450 universa
2480 3394 2784 3449 substantia
2809 3395 2864 3449 in
2892 3404 3091 3450 terram
3116 3406 3356 3462 corruat,
3401 3400 3485 3452 ni-

1914 3480 2097 3551 hilque
2154 3481 2503 3550 pristinarum
2559 3480 2865 3535 divitiarum
2910 3480 2964 3535 in
3014 3489 3314 3550 expugnata
3358 3484 3491 3538 udae

1913 3581 2178 3638 servetur,
2215 3573 2311 3627 sed
2347 3587 2470 3627 cum
2495 3572 2666 3627 muris
2705 3572 2895 3626 domus
2920 3586 3135 3641 quoque
3161 3572 3371 3627 nobiles
3392 3574 3487 3628 de-

1915 3672 2217 3719 struantur.
2249 3664 2317 3719 Et
2348 3672 2493 3718 tanta
2538 3665 2610 3717 sit
2650 3664 2914 3717 victorum
2964 3663 3189 3727 saevitia,
3236 3671 3297 3717 ut
3345 3663 3491 3735 ligna

1910 3766 1968 3812 et
1995 3756 2199 3825 lapides
2228 3757 2321 3825 qui
2365 3755 2566 3810 residui
2615 3755 2866 3810 inccndio
2912 3753 3137 3816 fuerint,
3168 3755 3221 3809 in
3252 3754 3489 3810 medium

1913 3860 2065 3900 mare
2089 3843 2458 3914 proiiciantur.
2486 3844 2553 3898 Et
2578 3843 2663 3901 vel
2704 3842 3195 3899 Nabuchodonosor
3240 3842 3325 3896 vel
3369 3844 3485 3913 ipse

1913 3934 2172 3990 Dominus
2198 3934 2477 4003 quiescam
2504 3932 2671 3988 faciat
2703 3932 3011 3987 universam
3043 3932 3194 3987 urbis
3220 3931 3484 3996 laetitiam,

1911 4039 2019 4095 qua
2042 4026 2196 4094 prius
2222 4025 2275 4081 in
2308 4024 2539 4080 canticis
2557 4031 2612 4079 et
2632 4022 2905 4092 psalteriis
2946 4022 3288 4092 personabat.
3333 4022 3401 4076 Et
3419 4022 3487 4076 ad

1913 4116 2086 4172 solum
2115 4130 2287 4184 usque
2311 4116 2567 4171 subversa
2596 4115 2669 4169 sit
2697 4114 2919 4169 siccana
2967 4129 3308 4184 sageuarum.
3333 4112 3487 4180 Quod

1912 4216 2093 4263 autem
2135 4207 2402 4277 sequitur,
2443 4225 2463 4257 ι
2512 4221 2611 4263 nec
2658 4206 3012 4261 :cdilicaberis
3060 4205 3235 4270 ultra,
3275 4224 3293 4257 ι
3334 4205 3485 4261 vide-

1914 4307 2002 4353 tur
2042 4299 2224 4353 facere
2249 4297 2597 4367 quaestionem
2627 4296 2896 4365 quomodo
2938 4310 3043 4349 non
3088 4295 3159 4349 sit
3197 4293 3482 4355 mditicata,

1912 4403 2074 4458 quam
2135 4388 2296 4443 hodie
2339 4387 2612 4442 cernimus
2651 4385 2924 4440 Phoenicis
2988 4384 3378 4439 nobilissimam
3426 4391 3487 4439 et

1911 4478 2325 4547 pulcherrimam
2365 4478 2673 4539 civitatem;
2704 4491 2772 4530 ex
2818 4489 2925 4544 quo
2952 4474 3168 4543 quidam
3216 4472 3404 4527 volunt
3428 4473 3485 4528 in

1911 4567 2101 4624 ultimo
2148 4576 2389 4635 tempore
2434 4567 2550 4621 haec
2601 4564 2801 4634 Tyrum
2850 4578 2970 4619 esse
3019 4578 3321 4633 passuram,
3362 4579 3483 4633 qua:

1909 4667 2097 4728 postea
2137 4672 2245 4711 non
2269 4656 2343 4710 sit
2366 4654 2700 4710 aediﬁcanda.
2731 4652 2835 4708 Sed
2879 4653 3149 4721 quomodo
3202 4652 3485 4710 Nabucho-

1907 4748 2143 4803 donosor
2164 4759 2446 4815 personam
2475 4758 2695 4798 servare
2717 4752 2997 4813 poterunt,
3028 4744 3328 4813 pnesertim
3356 4759 3481 4799 cum

1907 4842 2150 4912 legamus
2179 4840 2234 4894 iu
2270 4836 2738 4907 consequentibus.
2770 4835 3261 4891 Nabuchodonosor
3307 4851 3479 4906 oppu-

1906 4943 2102 5001 gnasse
2131 4928 2436 4999 Tyrum,et
2464 4927 2667 4981 laboris
2712 4926 2794 4981 sui
2852 4942 2956 4980 non
3007 4928 3279 4997 accepisse
3334 4942 3478 4982 nter-

1909 5020 2116 5076 ccdcm.
2158 5026 2215 5074 et
2244 5026 2527 5088 propterea
2572 5015 2709 5072 tradi
2750 5016 2799 5071 ei
2833 5015 3146 5088 Egyptum,
3201 5018 3328 5087 quia
3379 5017 3479 5073 Dei

1906 5110 2186 5167 sententia;
2211 5109 2265 5162 in
2289 5107 2432 5178 Tyro
2455 5107 2849 5176 oppugnatione
2870 5108 3149 5163 servierit?
3178 5108 3394 5163 Graecas
3418 5117 3477 5165 et

1908 5200 2220 5257 Phoenicum
2260 5196 2601 5263 maximeque
2632 5193 2832 5249 Nicolai
2864 5194 3202 5260 Damasceni,
3243 5205 3300 5252 et
3340 5190 3501 5251 alias'

1905 5293 2261 5347 barbarorum
2290 5287 2445 5343 aiunt
2481 5300 2541 5342 se
2567 5285 2658 5355 qui
2689 5286 2795 5340 huc
2818 5285 3057 5341 historiae
3098 5284 3472 5340 contradicunt

1904 5380 2101 5450 legisse
2165 5377 2421 5433 historias
2444 5416 2460 5441 ,
2511 5382 2567 5428 ct
2619 5374 2749 5429 nihil
2807 5388 2967 5443 super
3013 5372 3405 5443 Oppugnatione
3438 5386 3469 5426 a

1902 5469 2165 5527 Chaldaeis
2212 5466 2482 5524 invenisse
2531 5463 2705 5535 Tyria:
2753 5463 3017 5526 civitatis;
3073 5478 3197 5518 cum
3244 5460 3476 5532 probare

1901 5562 2168 5632 possimus
2187 5560 2349 5615 multa
2378 5560 2485 5615 dici
2513 5560 2566 5615 in
2592 5558 2887 5630 Scripturis
2915 5556 3210 5628 facta,qna:
3240 5557 3294 5612 in
3323 5555 3472 5612 Grae-

1902 5653 1981 5707 cis
2019 5651 2377 5707 voluminibus
2428 5666 2534 5705 non
2582 5650 2939 5705 inveniantur.
3005 5646 3114 5703 Nec
3147 5648 3343 5703 debere
3372 5660 3473 5701 nos

1902 5758 2088 5799 eorum
2138 5742 2444 5798 auctoritati
2491 5741 2860 5810 acquiescere,
2909 5753 3138 5810 quorum
3191 5737 3466 5809 perﬁdiam

3620 562 3647 593 I
