3954 6182
529 370 632 427 767

1158 375 1219 431 Β.
1260 372 1512 430 RABANI
1551 370 1767 429 MAURI
1803 370 2121 429 ARCHIEP.
2162 369 2468 429 MOGUNT.
2508 368 2793 427 OPEBUM
2833 369 3012 424 PARS
3049 370 3111 425 ll.

3671 373 3764 429 768

525 492 583 541 et
628 486 907 542 mendacia
948 487 1295 542 detestamur.
1344 486 1533 547 Potest
1557 500 1687 557 ergo
1705 486 1854 555 quod
1875 484 2094 551 dicitur,
2122 489 2176 547 Α
2206 500 2227 535 ι
2263 483 2479 538 habitas
2500 482 2554 537 in
2582 483 2744 548 mari,
2780 484 2912 538 urbs
2946 483 3143 553 inclyta
3162 523 3179 548 ,
3208 500 3329 555 qua:
3355 486 3503 542 fuisti
3534 489 3691 546 fortis
3714 490 3767 547 in

533 594 553 628 ι
573 591 673 633 nec
692 575 1042 631 aediﬁcabat-is
1064 576 1225 641 ultra,
1239 596 1256 626 ι
1280 576 1362 631 sic
1380 575 1577 646 accipi,
1604 575 2097 645 quodnequaquam

529 665 667 721 ultra
687 667 759 720 sit
786 666 966 735 regina
993 666 1332 736 populorum,
1359 680 1458 721 nec
1476 665 1754 735 proprium
1774 665 1970 721 habeat
1993 664 2096 719 im-

525 757 769 828 perium,
812 757 1080 825 quomodo
1114 758 1301 813 habuit
1333 758 1435 814 sub
1479 756 1647 814 Hiran
1689 764 1746 812 et
1773 756 1985 811 exteris
2007 771 2096 811 re-

528 846 702 917 gibus,
730 848 823 902 sed
868 847 953 902 vel
981 848 1264 913 Chaldaeis,
1294 849 1380 903 vel
1426 848 1823 914 Macedonibus,
1858 848 1942 902 vel
1969 847 2096 902 Pto-

524 937 748 1003 lomaeis,
776 947 832 994 et
857 940 927 993 ad
945 949 1278 1009 postremum
1304 941 1565 995 Romanis
1593 940 1806 1010 regibus
1831 939 2094 994 servitura

525 1029 615 1085 sit.
666 1028 806 1084 Nulli
853 1039 1032 1085 autem
1080 1031 1387 1102 ambiguum
1422 1029 1577 1099 iuxta
1612 1045 1890 1100 anagogen
1920 1028 2099 1082 Na'u—

523 1120 864 1176 cbodonosor
892 1136 1072 1190 regem
1106 1120 1395 1192 Babylonis
1431 1121 1523 1190 qui
1556 1120 1703 1176 venit
1730 1121 1797 1175 ab
1824 1119 2094 1188 aquilone,

523 1211 793 1267 diabolum
840 1212 1094 1283 intelligi;
1145 1213 1235 1282 qui
1283 1227 1405 1268 cum
1431 1212 1503 1267 sit
1538 1219 1731 1268 ventus
1756 1210 2095 1273 durissimus,

522 1315 579 1362 et
605 1306 824 1362 sinister
863 1307 1081 1361 nomine
1120 1306 1312 1362 dexter
1361 1314 1601 1368 vocatur,
1632 1318 1963 1375 praesumens
1996 1302 2096 1356 sibi

523 1396 757 1451 nominis
801 1397 1137 1468 dignitatem.
1176 1396 1243 1451 Et
1285 1405 1372 1452 est
1412 1411 1509 1451 rex
1546 1410 1732 1466 regum
1751 1394 2097 1461 omniumque

524 1500 811 1556 regnorum
836 1500 956 1555 quae
984 1485 1221 1541 ostendit
1265 1486 1514 1552 Domino,
1540 1484 1783 1554 dixitque
1819 1483 1888 1537 ad
1928 1496 2053 1536 eum
2080 1498 2093 1533 :

527 1592 547 1625 ι
578 1575 703 1631 Haec
746 1575 926 1630 omnia
964 1576 1096 1629 mihi
1148 1576 1343 1631 tradita
1380 1584 1547 1640 sunt,
1593 1590 1715 1645 quae
1738 1573 1880 1629 dabo
1896 1572 2024 1636 tibi,
2046 1571 2096 1626 si

520 1663 808 1729 procidens
847 1666 1160 1721 adoraveris
1184 1679 1271 1720 me
1330 1664 1543 1734 (Matth.
1586 1663 1683 1735 tv).
1716 1683 1735 1715 ι
1800 1662 1906 1718 iste
1936 1663 2098 1719 habet

520 1769 687 1823 equos
726 1763 781 1810 et
811 1770 1023 1821 currus,
1044 1755 1113 1811 de
1152 1756 1349 1825 quibus
1396 1755 1658 1826 scriptum
1698 1761 1784 1809 est
1815 1768 1831 1808 :
1864 1772 1885 1804 ι
1911 1753 2094 1809 Fallax

2204 592 2227 627 «η
2255 573 2393 628 mari
2434 588 2561 627 cum
2604 573 2995 628 habitatoribus
3037 573 3182 638 tuis,
3234 588 3369 643 quos
3413 573 3767 636 formidabant

2204 684 2223 717 ι
2258 665 2529 720 universi?
2552 663 2706 719 Nunc
2726 666 3016 736 stupebunt
3041 681 3209 721 naves
3234 666 3287 721 in
3318 668 3406 724 die
3429 671 3659 738 pavoris
3675 674 3766 740 tui,

2204 769 2224 803 ‹
2258 761 2315 808 et
2365 754 2724 809 turbabuntur
2778 753 2966 808 insula:
3011 755 3065 809 in
3122 757 3260 810 mari
3311 771 3376 812 eo
3412 759 3559 828 quod
3600 763 3768 817 nullus

2204 861 2223 894 ι
2258 843 2566 914 egrediatur
2605 859 2671 899 ex
2716 852 2787 899 te.
2816 861 2841 896 ο
2876 842 3115 898 Primum
3160 846 3277 914 ipsa
3324 847 3566 904 historia:
3612 852 3767 908 verba

2196 932 2498 1000 pandamus
2542 933 2859 993 brevissima
2888 973 2902 998 ,
2957 935 3324 1004 metaphorice
3354 952 3574 992 sensum
3604 940 3769 996 dicto—

2196 1035 2318 1077 rum
2336 1021 2663 1089 aperientes.
2695 1040 2713 1072 ι
2742 1020 2866 1078 Haec
2888 1022 3018 1079 dicit
3047 1023 3255 1077 Adonai
3280 1025 3544 1080 Dominus
3565 1025 3730 1097 Tyro,
3746 1047 3766 1079 ι

2195 1124 2318 1179 qua:
2365 1111 2669 1180 appellatur
2718 1108 2841 1167 Ser.
2908 1110 3162 1182 Nunquid
3218 1114 3272 1167 in
3308 1114 3397 1169 die
3452 1117 3627 1171 ruina:
3671 1125 3772 1175 tua:

2195 1201 2410 1270 quando
2431 1200 2925 1259 Nabuchodonosor
2943 1212 3285 1274 oppugnante
3308 1207 3606 1272 corrueris,
3630 1219 3687 1263 et
3714 1210 3767 1265 in

2196 1292 2396 1363 gemitu
2441 1292 2845 1348 vulneratorum
2893 1293 3007 1349 sive
3054 1293 3461 1351 interfectorum
3488 1298 3585 1366 qui
3612 1301 3769 1356 occisi

2196 1383 2396 1438 fuerint
2450 1382 2505 1436 in
2538 1383 2714 1438 medio
2750 1383 2846 1445 tui,
2887 1398 2993 1438 non
3039 1385 3518 1440 commovebuntur
3547 1388 3771 1444 insulas?

2195 1480 2251 1527 et
2297 1471 2625 1529 descendent
2677 1487 2868 1527 omnes
2917 1488 3072 1543 reges
3111 1474 3178 1529 de
3223 1475 3440 1530 sedibus
3479 1476 3600 1531 sive
3625 1477 3769 1532 soliis

2195 1563 2329 1628 suis,
2361 1569 2417 1618 et
2454 1562 2729 1633 principes
2755 1564 2923 1618 maris
2943 1565 3037 1634 qui
3069 1565 3297 1620 diversis
3328 1566 3599 1637 imperant
3624 1569 3769 1625 insu-

2195 1652 2285 1718 lis,
2314 1662 2371 1708 et
2391 1650 2639 1709 auferant
2670 1652 2975 1708 diademata
2997 1654 3065 1710 de
3089 1655 3357 1724 capitibus
3392 1657 3533 1723 suis,
3563 1673 3772 1715 omnem

2194 1742 2454 1814 regnandi
2498 1742 2726 1812 gloriam
2752 1743 3102 1813 deponentes,
3140 1754 3198 1800 et
3224 1754 3401 1801 vestes
3439 1748 3771 1817 pretiosissi-

519 1859 692 1911 equus
737 1843 794 1899 in
836 1845 1063 1900 salutem
1089 1843 1262 1915 (ρεαι,
1292 1844 1487 1915 mu).
1522 1862 1541 1894 ,
1567 1843 1637 1897 Ει
1663 1860 1677 1895 ι
1707 1861 1726 1894 ε
1755 1841 2100 1899 Domum-un;
2122 1843 2171 1904 Β
2198 1844 2317 1885 mas
2341 1838 2399 1883 et
2426 1830 2727 1887 incredibili
2760 1832 3023 1887 varietate
3049 1831 3315 1902 fulgentes
3336 1833 3599 1904 objicient
3635 1851 3668 1891 a
3694 1852 3772 1903 se,

521 1942 711 1983 omnes
736 1928 827 1995 qui
850 1926 1221 1985 ascenderunt
1253 1940 1426 1996 equos
1450 1925 1625 1997 (Psal.
1647 1927 1835 1994 vav).
1879 1946 1899 1989 ι
1931 1925 2002 1982 Ει
2034 1927 2090 1982 in

524 2020 634 2074 alio
668 2020 819 2073 loco:
847 2037 867 2071 ι
902 2018 1116 2087 Equum
1140 2028 1195 2073 et
1222 2032 1573 2075 ascensorem
1602 2017 1830 2087 proiecit
1856 2018 1909 2072 in
1939 2031 2092 2073 mare

521 2108 719 2179 (Exod.
740 2108 854 2173 xv).
892 2127 910 2160 ι
947 2109 1051 2162 iste
1076 2109 1218 2165 tilias
1248 2107 1400 2179 Tyri,
1424 2108 1637 2164 animas
1671 2106 1727 2162 in
1759 2107 2015 2177 angustia
2036 2114 2093 2164 et

522 2201 577 2256 in
606 2199 843 2270 quodam
872 2209 1225 2270 peccatorum
1254 2200 1713 2269 carcere'positas
1744 2198 2007 2257 interﬁcit
2034 2199 2093 2256 in

520 2308 654 2364 agro
685 2307 989 2363 campoque
1018 2291 1311 2357 latissimo,
1335 2300 1391 2347 et
1418 2292 1943 2364 circumdat'l‘yrum
1973 2307 2094 2351 mu-

517 2386 824 2442 nitionibus
853 2386 991 2449 suis,
1027 2391 1087 2440 ut
1115 2384 1361 2442 clausam
1388 2394 1590 2451 teneat,
1620 2393 1679 2440 et
1711 2384 1894 2442 nullus
1928 2400 2002 2441 ex
2025 2399 2093 2442 ea

519 2477 800 2549 Babylonii
833 2479 980 2548 regis
1017 2477 1252 2534 evadere
1281 2477 1462 2548 possit
1505 2476 1824 2547 imperium.
1848 2476 2095 2534 Destruit

519 2582 707 2625 muros
727 2579 1019 2639 turresque
1038 2570 1334 2633 subvertit,
1356 2580 1413 2625 et
1436 2570 1704 2641 quidquid
1740 2570 1879 2625 forte
1907 2568 2095 2627 habuit

520 2658 573 2712 in
601 2658 973 2729 dogmatibus.
999 2660 1353 2718 inundatione
1368 2676 1632 2732 equorum
1664 2663 1805 2730 eius.
1827 2672 1884 2719 et
1907 2663 2094 2719 sonitu

519 2750 764 2818 equitum
792 2761 1153 2823 rotarumque
1179 2762 1233 2810 et
1254 2767 1517 2810 curruum
1549 2755 1781 2826 strepitu
1805 2757 2091 2827 pertretaio

520 2850 662 2904 seet,
693 2848 750 2895 et
774 2841 1112 2909 ingredietur
1138 2854 1327 2913 portas
1346 2846 1468 2916 eius
1496 2846 1646 2901 nullo
1664 2849 2012 2916 prohibente,
2034 2858 2093 2905 et

521 2931 729 2999 plateas
755 2932 1029 2988 civitatis:
1052 2952 1072 2987 ι
1101 2933 1238 3000 Quia
1266 2936 1373 2991 ista
1404 2947 1460 2991 et
1486 2937 1729 3007 spatiosa
1756 2939 1847 2994 via
1871 2950 1952 2995 est
1968 2956 2096 3012 qua:

519 3020 670 3076 ducit
702 3021 771 3076 ad
806 3033 1034 3079 mortem
1066 3025 1285 3094 (Matth.
1308 3026 1439 3095 vn);
1473 3044 1494 3079 ι
1524 3043 1792 3099 equorum
1827 3031 1945 3101 eius
1978 3031 2094 3087 cal-

519 3114 727 3169 cabunt
750 3116 986 3188 ungulae,
1010 3118 1431 3190 universamque
1451 3120 1839 3189 substantiam,
1857 3124 1969 3179 sive
1988 3133 2094 3181 sta-

2195 1927 2252 1974 et
2306 1920 2543 1989 stuporis
2613 1921 2981 1991 magnitudine
3043 1932 3325 1978 vertentur
3369 1941 3426 1979 in
3460 1927 3773 1994 amentiam,

2194 2016 2361 2079 atque
2383 2010 2685 2069 humilitate
2711 2011 2926 2081 deiecti,
2953 2013 3217 2068 sedebant
3249 2014 3303 2068 in
3337 2023 3479 2070 terra
3520 2030 3538 2070 :
3566 2026 3624 2071 et
3656 2033 3776 2074 cum

2194 2106 2249 2156 te
2282 2097 2515 2154 viderint
2547 2100 2838 2167 corruisse,
2865 2101 2973 2156 sibi
3004 2103 3202 2158 similia
3232 2103 3607 2161 formidabant
3643 2124 3657 2160 :
3692 2109 3776 2162 ni-

2196 2187 2378 2260 hilque
2403 2190 2671 2258 putabunt
2703 2190 2761 2248 in
2789 2200 2947 2247 teme
2974 2193 3130 2248 bonis
3147 2210 3267 2250 esse
3292 2207 3640 2266 perpetuum.
3670 2198 3777 2255 Sed

2194 2292 2227 2336 e
2255 2279 2532 2334 contrario
2562 2290 2843 2335 assumat
2882 2296 3045 2352 super
3074 2290 3129 2338 te
3162 2283 3490 2351 tamentam,
3524 2296 3584 2343 et
3604 2287 3778 2343 flebile

2193 2368 2470 2424 canticum
2524 2370 3026 2427 commemorabam
3072 2372 3334 2440 dicentes,
3376 2377 3652 2445 quomodo
3682 2393 3773 2447 pe-

2194 2455 2314 2513 risti
2340 2471 2463 2527 quae
2485 2456 2772 2515 habitabas
2812 2459 2868 2514 in
2916 2462 3075 2528 mari,
3122 2464 3251 2517 urbs
3290 2463 3491 2535 inclyta
3520 2465 3637 2521 sive
3662 2465 3774 2521 lau-

2193 2548 2361 2604 data?
2400 2546 2602 2621 Tyrum
2655 2550 2799 2605 enim
2844 2550 3011 2608 fuisse
3057 2552 3309 2619 insulam,
3361 2562 3417 2609 et
3448 2554 3775 2611 nullumba-

2190 2638 2377 2696 buisse
2421 2640 2489 2695 de
2537 2649 2684 2697 terra
2723 2640 3028 2709 introitum,
3068 2642 3347 2700 inGrmcis
3370 2643 3691 2716 Latinisque
3722 2655 3774 2704 et

2195 2729 2448 2789 barbaris
2472 2730 2713 2789 historiis
2737 2731 2980 2805 legimus,
3017 2735 3114 2789 sed
3144 2744 3331 2806 postea
3359 2751 3393 2791 a
3414 2732 3772 2793 Nabuchodo-

2190 2834 2356 2877 nosor
2380 2836 2508 2893 rege
2534 2821 2929 2889 Chaldaeorum,
2959 2823 3042 2877 vel
3060 2864 3073 2887 ,
3102 2833 3160 2880 ut
3208 2824 3449 2880 nonnulli
3482 2825 3774 2892 aﬂirmant,

2193 2911 2262 2967 ab
2290 2910 2601 2967 Alexandro
2628 2925 2755 2983 rege
2788 2911 3141 2968 Macedonum
3168 2912 3345 2983 iactos
3373 2930 3496 2971 esse
3530 2930 3774 2988 aggeres,

2192 3011 2250 3059 et
2287 3004 2693 3077 oppugnatione,
2732 3004 3013 3075 vineisque
3059 3018 3115 3061 et
3144 3006 3406 3063 arietibus
3434 3007 3615 3063 locum
3637 3022 3775 3077 prae-

2191 3103 2487 3166 paratum,
2529 3110 2595 3151 ac
2652 3095 2718 3151 de
2764 3095 2941 3151 insula
2988 3095 3187 3151 factam
3250 3111 3370 3153 esse
3410 3098 3772 3170 pcninsulam.

522 3211 644 3260 tuas
664 3183 876 3262 nobiles
901 3207 1101 3276 quibus
1116 3208 1219 3263 sibi
1248 3183 1514 3280 imagines
1532 3183 2092 3282 llnserantfalsitatis,
2122 3196 2161 3259 Β
2192 3185 2272 3242 T“
2298 3187 2507 3282 ίεξωῖνς
2528 3200 2569 3282 °_
2587 3183 2725 3282 ξοδ,
2761 3185 2815 3282 i‘,‘
2843 3195 2955 3282 est}
3008 3186 3253 3282 °__Ty"_3’
3280 3202 3399 3282 (19³⁵
3425 3188 3701 3282 ‘1‘???“
3721 3187 3776 3243 in

528 3296 599 3351 de
623 3298 824 3366 quibus
849 3298 1116 3369 scriptum
1141 3310 1224 3357 est
1253 3317 1268 3356 :
1305 3319 1324 3353 ι
1368 3302 1615 3373 Domine,
1652 3304 1707 3359 in
1740 3306 1960 3364 civitate
2000 3318 2094 3365 tua

520 3386 812 3457 imaginem
837 3403 1027 3444 eorum
1045 3391 1339 3461 dissipabis
1357 3392 1529 3462 (Poet.
1546 3397 1736 3467 um),
1759 3413 1778 3448 ι
1803 3399 1868 3453 a‘d
1888 3406 2090 3456 terram

521 3480 857 3547 tiniiciet.Et
890 3483 1184 3540 destructis
1218 3487 1410 3551 muris,
1447 3487 1650 3544 domus
1683 3503 1903 3559 quoque
1937 3488 2094 3546 nobio

516 3559 592 3616 les
636 3562 1048 3631 smivertentur,
1085 3581 1221 3635 quas
1259 3568 1361 3623 sibi
1389 3580 1694 3638 paraverat,
1726 3580 1785 3627 et
1816 3572 1871 3626 in
1899 3573 2095 3642 quibus

516 3652 826 3710 exsultabat
850 3664 1052 3726 ratque
1078 3658 1134 3712 in
1162 3667 1369 3714 tantam
1397 3661 1781 3718 destitutionem
1805 3665 2008 3731 veniet,
2037 3672 2098 3719 ut

515 3753 572 3800 et
609 3745 815 3816 lapides
843 3748 965 3819 eius
993 3759 1048 3806 et
1093 3751 1238 3823 ligna
1284 3754 1480 3822 quibus
1522 3754 1884 3811 odiiicaverat
1909 3768 2095 3812 muros

513 3847 570 3892 et
596 3848 867 3895 eminente
894 3850 1300 3911 construxerat,
1332 3845 1621 3916 proﬁciant
1652 3848 1709 3902 in
1732 3846 2089 3919 profundum:

515 3928 838 3999 canticaque
869 3929 987 3998 eius
1020 3941 1076 3987 et
1110 3935 1335 4001 musica,
1380 3937 1581 4006 quibus
1614 3938 1719 3994 sibi
1752 3938 1805 3992 in
1832 3937 2093 4007 sapientia

516 4016 677 4087 huius
709 4020 888 4074 saeculi
930 4023 1264 4087 conﬁdebat;
1311 4034 1365 4082 et
1409 4042 1598 4082 omnes
1642 4029 1972 4083 cithar-armti
2002 4042 2091 4084 so-

517 4120 620 4161 nus
648 4123 755 4163 non
784 4110 1033 4166 audietur
1061 4115 1312 4182 amplius,
1346 4125 1401 4170 et
1427 4118 1656 4186 piscatio
1683 4119 1800 4189 eius
1832 4120 2091 4185 cessabit,

515 4203 570 4254 et
595 4199 699 4255 erit
730 4200 945 4259 humilis
976 4203 1050 4258 ita
1074 4212 1132 4259 ut
1152 4204 1222 4260 sit
1249 4208 1473 4262 siccatio
1497 4223 1836 4279 sagenarum,
1873 4219 1928 4265 et
1954 4212 2093 4267 ultra

516 4304 627 4345 non
648 4292 976 4360 aediﬁcetur,
1016 4298 1140 4366 quia
1185 4299 1252 4353 ad
1295 4300 1504 4356 Domini
1543 4305 1867 4358 sententiam
1900 4306 2093 4361 tradita

515 4378 1013 4440 Nabuchodonosor
1059 4388 1279 4443 omnino
1324 4390 1582 4445 subversa
1626 4400 1745 4456 est,
1777 4392 1930 4463 juxta
1952 4395 2095 4464 quod

508 4481 569 4527 et
616 4472 905 4543 Apostolus
953 4478 1122 4534 dicit:
1187 4500 1207 4531 ι
1235 4481 1380 4548 Quos
1428 4482 1621 4538 tradidi
1671 4482 1886 4540 Satanae
1918 4495 1976 4540 ut
2009 4487 2092 4541 di-

2194 3276 2405 3332 cunctis
2427 3274 2572 3331 fuisti
2600 3274 2898 3332 fortissima
2922 3274 3144 3342 insulis,
3176 3276 3290 3331 sive
3315 3277 3373 3333 in
3408 3278 3640 3334 urbibus
3664 3293 3778 3333 om-

2192 3367 2345 3423 nium
2391 3383 2524 3424 voce
2563 3367 2781 3424 laudata
2804 3407 2821 3434 ,
2860 3383 2987 3425 cum
3030 3369 3430 3425 habitatoribus
3480 3370 3596 3426 tuis
3645 3384 3777 3441 quos

2194 3458 2435 3515 universi
2456 3459 2740 3524 timebant,
2772 3460 3040 3529 quomodo
3062 3460 3241 3516 subito
3259 3461 3556 3517 eorruisti?
3583 3481 3603 3513 ι
3626 3460 3776 3517 Nunc

2192 3549 2504 3619 stupebant,
2553 3548 2668 3604 sive
2710 3550 2983 3618 pavebunt
3021 3564 3183 3619 super
3230 3559 3283 3604 te
3322 3549 3534 3604 insulae.
3560 3570 3578 3600 ο
3628 3550 3697 3605 Et
3721 3560 3773 3605 ut

2192 3637 2385 3694 melius
2415 3638 2644 3694 habetur
2673 3638 2727 3692 in
2755 3636 3001 3704 Hebraeo,
3031 3658 3049 3690 ι
3077 3638 3254 3694 Naves
3279 3640 3332 3692 in
3359 3640 3450 3695 die
3477 3641 3700 3709 pavoris
3720 3650 3771 3696 et

2192 3729 2362 3786 ruinae
2403 3737 2541 3796 mea,
2570 3736 2624 3787 et
2651 3731 3010 3786 turbabuntur
3045 3729 3234 3786 insulae
3267 3730 3322 3785 in
3370 3732 3530 3787 mari.
3563 3751 3582 3783 ι
3629 3731 3772 3788 Unde

2191 3820 2616 3890 consequentius
2660 3827 2745 3875 est
2789 3834 2952 3889 supra
2999 3834 3166 3875 naves
3211 3818 3409 3890 legere,
3444 3834 3514 3874 ne
3541 3820 3770 3875 sccumlo

2193 3923 2463 3985 ponantur
2514 3913 2726 3980 insulae,
2771 3927 2838 3973 eo
2876 3912 3022 3983 quod
3068 3911 3248 3968 nullus
3275 3914 3588 3983 egrediatur
3611 3928 3679 3966 ex
3705 3919 3766 3968 te.

2190 4006 2328 4073 sive,
2354 4013 2413 4060 ut
2430 4003 2791 4076 Septuaginta
2820 4004 3236 4071 transtulerunt,
3262 4005 3318 4059 in
3355 4005 3441 4059 die
3469 4004 3770 4075 egressionis

2188 4106 2336 4163 tute,
2390 4098 2608 4168 quando
2658 4097 2825 4152 fueris
2872 4098 3034 4153 ducta
3079 4099 3314 4169 captiva.
3380 4096 3511 4154 Haec
3560 4099 3768 4153 interim

2190 4190 2350 4258 quasi
2375 4189 2622 4260 quaedam
2652 4188 2895 4243 historia:
2914 4186 3059 4256 iacta
3079 4188 3189 4244 sint
3218 4189 3569 4245 fundamenta
3593 4207 3608 4242 :
3635 4204 3769 4242 nunc

2188 4280 2439 4349 spiritale
2487 4280 2722 4340 nitemur
2765 4280 2977 4336 culmen
3020 4282 3317 4351 imponere.
3348 4282 3518 4355 Finge
3545 4281 3766 4351 aliquem

2193 4367 2297 4423 diu.
2313 4378 2523 4423 servata
2561 4369 2817 4438 pudicitia
2865 4388 2897 4424 ιι
2920 4372 3051 4426 ιιηιίὶε
3099 4370 3345 4427 floruisse
3378 4372 3688 4435 virtutibus,
3716 4377 3769 4422 et

2193 4465 2380 4526 postea
2406 4458 2465 4512 in
2497 4457 2677 4527 aliquo
2706 4460 2855 4528 gravi
2898 4460 3220 4529 mortalique
3249 4469 3474 4530 peccato
3513 4477 3631 4516 esse
3652 4457 3760 4515 eoi-

514 4532 683 4618 scaut.
714 4580 822 4619 non
869 4532 1633 4649 blasphemareYI'i‘ini.‘

2195 4547 2431 4617 lapsum;
2493 4563 2671 4603 nonne
2717 4549 2783 4603 ad
2820 4550 3060 4605 sonitum
3084 4551 3252 4605 ruinae
3275 4549 3417 4618 eius,
3465 4550 3761 4606 interfecta-

513 4664 670 4719 snnt,
721 4664 775 4710 et
808 4660 1043 4725 prudens
1073 4661 1242 4717 lector
1275 4678 1340 4719 ac
1373 4664 1601 4736 diligens
1628 4666 1786 4722 debet
1814 4667 2093 4737 ignoscere

515 4743 686 4800 labori
709 4763 860 4814 meo;
898 4761 992 4805 aut
1026 4753 1071 4807 si
1108 4754 1296 4811 melius
1321 4756 1449 4827 quid
1474 4758 1712 4827 potuerit
1736 4758 1998 4824 invenire,
2038 4769 2093 4816 et

516 4849 615 4906 ego
649 4837 702 4892 in
748 4838 865 4909 ejus
888 4844 1127 4900 transibo
1167 4849 1519 4915 sententiam,
1560 4850 1852 4905 dummodo
1881 4851 2093 4906 noverit

515 4926 747 4992 veniam,
778 4945 939 4999 quam
974 4934 1105 4989 mihi
1133 4936 1351 5003 tribuet,
1389 4952 1450 4994 se
1477 4940 1547 4994 ab
1571 4939 1691 5013 aliis
1718 4949 2087 5009 accepturum.

594 5038 611 5070 ι
643 5019 769 5077 Hinc
797 5022 927 5078 dicit
961 5025 1219 5084 Dominus
1245 5029 1387 5085 Deus
1414 5030 1557 5103 Tyro
1590 5047 1609 5087 :
1647 5031 1897 5103 Nunquid
1922 5047 2029 5087 non
2060 5047 2092 5087 a

524 5128 542 5158 c
585 5110 765 5165 sonitu
788 5112 957 5168 ruina:
979 5121 1104 5181 tum,
1125 5122 1180 5172 et
1200 5120 1399 5188 gemitu
1414 5120 1827 5178 interfectorum
1852 5130 2089 5189 tuorum,

526 5216 542 5248 ι
581 5216 701 5255 cum
732 5203 897 5258 occisi
926 5202 1129 5260 fuerint
1173 5207 1227 5262 in
1269 5212 1449 5267 medio
1480 5212 1577 5277 tui,
1607 5211 2093 5268 commovebuntur

524 5312 540 5344 ι
584 5296 808 5352 insulae?
834 5298 900 5353 Et
920 5299 1246 5357 descendent
1266 5305 1331 5359 de
1352 5305 1569 5361 sedibus
1591 5306 1702 5362 suis
1725 5322 1914 5363 omnes
1937 5307 2089 5377 prin-

525 5408 543 5442 ι
583 5393 729 5463 (ιὶρρθ
776 5395 959 5460 maris,
1012 5406 1067 5453 et
1105 5399 1349 5455 auferent
1398 5403 1619 5457 exuvias
1651 5411 1790 5468 tuas,
1842 5410 1896 5456 ct
1930 5400 2095 5457 vesti-

525 5497 544 5532 t
581 5494 758 5540 menta
810 5503 904 5542 sua
936 5490 1081 5544 varia
1109 5490 1397 5562 abiicient,
1443 5502 1498 5549 et
1526 5493 1814 5550 induuntur
1851 5504 2088 5565 stupore.

525 5589 546 5623 ι
580 5572 635 5630 ln
694 5582 841 5632 terra
891 5578 1191 5647 sedebant,
1240 5590 1298 5637 et
1345 5584 1558 5638 attoniti
1602 5596 1764 5654 super
1811 5583 2091 5654 repentino

527 5679 548 5714 ι
582 5681 712 5720 casu
776 5677 871 5723 tuo
918 5672 1362 5741 admirabuntur,
1422 5684 1477 5731 et
1533 5685 1871 5730 ass-umentes
1929 5691 2092 5743 super

529 5774 554 5812 ι
589 5762 949 5818 telatnentum
994 5765 1173 5821 dicent
1213 5766 1306 5819 tibi
1343 5785 1355 5819 :
1405 5758 1686 5832 Quomodo
1733 5762 1922 5834 peristi
1971 5782 2091 5835 quae

2197 4654 2428 4708 rumque
2476 4640 2732 4695 virtutum
2784 4654 2975 4695 omnes
3035 4640 3225 4697 insula:
3276 4643 3651 4704 movebuntur,
3708 4638 3757 4691 bi

2199 4728 2449 4784 videlicet
2476 4728 2569 4798 qui
2594 4728 2759 4784 salsis
2784 4730 3094 4799 amorisque
3119 4730 3281 4801 huius
3320 4731 3505 4785 saeculi
3538 4731 3757 4784 tundun-

2201 4827 2288 4875 tur
2314 4819 2596 4875 tiuctibus?
2625 4829 2681 4874 et
2703 4818 3031 4877 descendent
3057 4821 3125 4876 de
3154 4823 3346 4878 throno
3373 4823 3635 4893 supeer
3657 4832 3758 4875 sua

2199 4922 2388 4963 omnes
2414 4909 2504 4978 qui
2539 4910 2590 4962 in
2616 4909 2796 4965 saeculi
2835 4910 2998 4981 huius
3033 4910 3303 4982 salsugine
3325 4911 3594 4981 principes
3620 4908 3755 4962 vide-

2199 5001 2421 5067 bantur,
2443 5010 2499 5055 et
2546 5001 2850 5057 humilitate
2886 5002 3081 5072 deiecti
3109 5001 3356 5057 auferent
3380 5001 3671 5057 diademata
3695 4996 3757 5050 de

2199 5092 2469 5162 capitibus
2513 5093 2658 5157 suis,
2686 5109 2807 5161 quae
2837 5093 3156 5149 videbantur
3183 5095 3339 5148 bonis
3366 5094 3619 5164 Operiltus
3645 5103 3755 5159 pos-

2198 5182 2415 5248 sidere,
2472 5191 2528 5238 et
2579 5184 2897 5240 vestimcnta
2953 5185 3103 5238 varia
3149 5185 3468 5240 diversitate
3520 5186 3752 5238 virtutum

2199 5276 2473 5346 abiicient,
2502 5285 2563 5332 et
2594 5276 2882 5332 inducatur
2907 5286 3152 5347 stupore,
3181 5276 3297 5332 sive
3322 5276 3536 5331 timoris
3562 5269 3752 5342 magni.

2198 5365 2385 5421 tudine
2431 5365 2827 5435 quodammodo
2867 5366 3191 5421 videbuntur
3228 5365 3427 5421 insani.
3470 5363 3752 5420 Sedcbunt-

2197 5471 2304 5525 que
2346 5457 2494 5512 humi
2537 5465 2594 5512 et
2635 5466 2917 5527 stupentes
2960 5472 3126 5526 super
3171 5457 3454 5526 repentino
3492 5468 3614 5509 casu
3648 5448 3751 5517 eius

2198 5546 2612 5604 admirabuntur
2663 5546 2954 5612 intentum,
3006 5555 3066 5601 ut
3097 5561 3286 5601 omnes
3310 5551 3590 5600 assumant
3614 5538 3749 5609 plan-

2195 5645 2345 5692 ctum
2392 5646 2450 5692 et
2495 5637 2938 5693 lamentationem
2990 5652 3151 5706 super
3192 5650 3316 5691 eum
3364 5635 3455 5703 qui
3491 5628 3749 5688 corruitet

2199 5728 2384 5784 dicant
2426 5745 2440 5782 :
2492 5727 2770 5795 Quomodo
2816 5727 3003 5797 peristi
3040 5727 3133 5797 qui
3184 5725 3335 5795 prius
3378 5724 3558 5781 salvus
3598 5711 3745 5775 eras?
