3954 6182
249 349 353 409 τω

1220 356 1574 414 COMMENT.
1612 359 1679 415 ΙΝ
1712 354 2163 419 ΕΖΕΟΙΗΕΞΑΕΜ.
2200 393 2273 407 —-
2304 364 2430 422 LIB.
2470 365 2540 423 Χ.

3381 373 3482 424 77³)

243 469 519 538 quomodo
555 470 832 535 corruisti,
865 470 957 540 qui
988 476 1136 525 tanto
1163 478 1406 541 tempore
1445 480 1694 539 steteras,
1726 473 1815 543 qui
1844 476 1892 536 Α
1919 481 2037 531 erat
2063 489 2137 531 ne
2163 460 2427 543 tradatur,
2451 478 2549 535 sed
2588 477 2821 535 Deonon
2843 488 3031 546 erant,
3052 482 3146 550 qui
3172 482 3483 550 virtutibus,

242 559 298 613 in
331 562 471 615 mari
495 560 653 629 hujus
674 562 855 616 surculi
884 562 1025 617 inter
1053 576 1242 618 omnes
1270 563 1495 635 inclytus
1510 564 1817 634 putabaris,

240 649 336 718 qui
368 662 492 705 eras
514 662 828 706 cunctorum
854 644 1105 722 opinione
1134 652 1423 709 robustus?
1463 663 1519 709 et
1551 655 1819 710 habitato-

136 782 141 785 ς
245 755 335 795 res
376 742 455 795 tui
478 782 493 807 ,
531 742 634 797 hoc
676 753 759 798 est
800 745 1157 816 cognationes
1200 743 1508 801 fortissimae
1535 746 1819 802 adversum

240 830 426 885 omina
470 832 637 901 ignita
679 833 875 888 diaboli
917 834 1095 904 iacula
1140 834 1476 899 resistentes,
1523 848 1644 906 quae
1667 838 1818 908 prius

242 929 404 974 crant
444 920 713 977 formidini
745 925 998 980 omnibus
1035 926 1379 992 adversariis,
1407 943 1580 983 versa:
1607 938 1731 985 sunt
1758 931 1814 985 in

240 1019 541 1080 stuporem.
583 1012 689 1068 Sed
711 1021 765 1069 et
797 1029 979 1081 naves,
1009 1031 1196 1072 omnes
1220 1017 1471 1072 videlicet
1496 1020 1691 1084 sancti,
1723 1021 1813 1089 qui

240 1099 404 1169 hujus
430 1102 615 1155 szecuii
661 1101 912 1158 [luctibus
941 1114 1236 1171 transeunt,
1282 1108 1666 1177 obstupescunt
1688 1126 1811 1165 cum

238 1195 293 1242 te
323 1189 560 1245 viderint
584 1192 918 1258 concidisse,
960 1194 1016 1248 in
1045 1195 1130 1249 die
1152 1197 1370 1266 pavoris
1402 1207 1458 1251 et
1482 1199 1654 1254 ruinae
1685 1206 1810 1254 tuae.

238 1278 305 1332 Et
332 1278 692 1336 turbabuntur
710 1283 915 1349 insulas,
937 1301 1004 1340 ne
1027 1294 1083 1341 et
1110 1288 1240 1356 ἱρείη
1263 1290 1457 1345 similia
1490 1286 1808 1347 sustineant.

234 1365 480 1422 Aliorum
515 1370 661 1424 enim
709 1371 879 1427 ruina:
921 1376 1166 1445 exempla
1204 1375 1471 1446 iustorum
1509 1389 1656 1445 sunt,
1683 1381 1808 1436 dum

231 1474 431 1513 omnes
462 1459 685 1516 inﬁrme
702 1469 763 1516 et
786 1461 1038 1520 imbecilli
1099 1476 1243 1523 statu
1290 1466 1677 1541 ﬂuetusntique
1716 1487 1810 1529 ve-

230 1548 400 1619 stigio
424 1548 481 1604 in
507 1549 610 1605 isto
639 1552 834 1609 atecqu
862 1568 1283 1612 commorantur.
1343 1559 1410 1613 Et
1432 1575 1703 1631 nunquam
1724 1571 1810 1618 est

232 1648 424 1692 nostra
464 1648 609 1694 certa
646 1656 942 1712 securaque
973 1645 1221 1701 victoria.
1273 1647 1499 1714 Quando
1526 1652 1809 1722 egredien-

231 1738 324 1784 tur
364 1746 434 1785 ex
477 1740 530 1786 te
556 1732 647 1800 qui
672 1734 824 1802 prius
857 1744 1157 1801 steterant,
1211 1738 1295 1792 vel
1324 1740 1378 1794 in
1406 1742 1551 1795 exitu
1578 1751 1697 1807 tuo,
1748 1744 1802 1799 in

1921 572 1977 618 et
2017 565 2219 620 viventi
2270 566 2383 622 Deo
2414 582 2534 624 esse
2580 580 2877 625 cessat-ant.
2938 571 3007 626 Et
3052 573 3155 629 hoc
3192 573 3485 628 notandum

1919 656 2062 724 quod
2109 656 2370 726 quaeritur
2394 659 2571 729 Tyrus
2605 660 2675 715 ab
2705 675 2771 715 co
2808 661 2901 730 qui
2951 662 3097 716 venit
3138 674 3400 731 qumrere,
3427 669 3488 719 et

1919 746 2341 803 selvuml'aeere
2392 751 2535 819 quod
2574 752 2829 820 perierat.
2872 754 2936 808 Et
2963 755 3251 825 nonaginta
3290 770 3483 811 novem

1915 837 2109 892 ovibus
2152 838 2207 893 in
2243 839 2518 894 montibus
2558 841 2864 905 derelictis,
2914 845 3107 913 quaerit
3140 859 3300 898 unam
3330 859 3486 901 erro-

1913 939 2071 999 neam
2114 941 2289 982 ovem.
2343 927 2532 983 Mulier
2569 945 2786 999 quoque
2810 947 2929 1001 quae
2974 948 3133 987 unam
3171 933 3482 989 drachmam

1914 1017 2264 1085 perdiderat,
2316 1018 2510 1093 (utterit
2543 1028 2598 1072 ct
2635 1020 2858 1078 invenit.
2905 1029 2962 1076 et
2985 1022 3188 1077 vicinas
3225 1032 3484 1077 convocat

1912 1107 1981 1161 ad
1998 1107 2199 1162 laetitias
2215 1110 2526 1164 societatem
2548 1109 2699 1180 (Luc.
2723 1107 2843 1175 xv).
2934 1110 2947 1127 ‘
2991 1110 3087 1166 Sin
3113 1120 3288 1167 autem
3306 1113 3482 1180 requi-

1912 1205 2017 1251 sita
2035 1211 2145 1251 non
2170 1198 2444 1253 invenitur
2471 1198 2676 1269 Tyrus.
2709 1215 2813 1255 non
2841 1207 2924 1254 est
2955 1201 3247 1269 quasrentis
3269 1201 3478 1264 vitium,

1912 1284 2006 1340 sed
2031 1287 2148 1355 eius
2171 1286 2265 1354 qui
2293 1286 2419 1341 boni
2448 1288 2681 1358 pastoris
2702 1289 2899 1358 fugerit
2931 1303 3167 1342 manum.
3221 1288 3292 1342 Et
3317 1288 3480 1354 ultra,

1912 1378 2106 1448 inquit,
2131 1394 2235 1433 non
2258 1379 2363 1435 erit
2386 1380 2443 1433 in
2464 1381 2856 1449 sempiternum,
2904 1380 3017 1434 sive
3048 1389 3107 1433 ut
3136 1379 3187 1433 in
3219 1380 3484 1437 liebraico

1909 1470 2069 1525 totum
2092 1510 2107 1535 ,
2139 1480 2197 1525 et
2237 1470 2291 1527 in
2339 1471 2526 1527 Graeco
2568 1475 2692 1528 διιὼν
2730 1472 3006 1537 scribitur,
3032 1488 3196 1527 unum
3226 1474 3483 1528 saeculum

1911 1558 2181 1629 signiﬁcat
2199 1558 2352 1627 juxta
2381 1560 2509 1616 illud
2538 1562 2719 1627 latim,
2747 1562 2841 1631 qui
2874 1570 2995 1630 post
3018 1565 3356 1633 septuaginta
3384 1577 3481 1617 an-

1913 1665 2013 1706 nos
2039 1650 2175 1706 dicit
2196 1650 2400 1722 Tyrum
2426 1651 2811 1707 restituendam
2862 1652 2918 1706 in
2948 1652 3214 1720 integrum
3256 1661 3476 1708 statum.

1907 1740 2073 1794 Aiunt
2116 1749 2297 1795 autem
2334 1756 2498 1795 unum
2529 1741 2807 1807 saeculum,
2846 1742 2898 1796 id
2926 1751 3028 1807 est,
3063 1743 3310 1798 humanae
3340 1751 3478 1797 tem-

231 1817 346 1873 tine
369 1860 385 1885 ,
416 1829 474 1875 et
500 1824 960 1879 consummatione
990 1835 1102 1891 tua,
1150 1842 1259 1882 non
1297 1830 1445 1883 enim
1474 1847 1538 1885 ex
1584 1842 1806 1902 praeter-
1834 1817 1880 1878 Β
1907 1846 2007 1901 pus
2036 1830 2216 1889 atatis
2252 1830 2589 1901 septuaginta
2630 1846 2895 1887 annorum
2933 1847 3156 1889 numero
3178 1834 3476 1903 supputari,

230 1907 358 1972 itis,
404 1910 499 1965 sed
539 1925 606 1965 cx
650 1915 1003 1982 prtesentibus
1042 1916 1366 1987 iudicamur.
1394 1920 1806 1993 Cavendumque

228 2013 319 2059 est
340 2014 396 2059 et
416 2019 635 2076 semper
662 2007 979 2076 timendum,
1009 2024 1077 2066 ne
1104 2020 1343 2070 veterem
1367 2013 1594 2085 gloriam
1626 2026 1682 2071 et
1720 2032 1807 2072 so-

99 2164 111 2174 .
224 2093 395 2149 iidem
416 2096 723 2152 ﬁrmitatem
752 2100 911 2155 unius
944 2102 1092 2157 horas
1118 2104 1349 2174 procella
1373 2107 1669 2162 subvertet.

306 2204 330 2237 ι
360 2186 498 2253 Quia
526 2189 641 2244 haec
668 2190 801 2246 dicit
848 2192 1107 2250 Dominus
1141 2196 1304 2263 Deus,
1354 2212 1476 2251 cum
1524 2199 1722 2254 dedero
1752 2210 1805 2256 te

234 2293 255 2325 σ
291 2277 485 2331 urbem
528 2277 825 2335 desolatam
869 2271 1010 2338 sicut
1048 2285 1299 2342 civitates
1335 2302 1455 2357 qua:
1501 2304 1608 2344 non
1645 2290 1801 2344 babi-

227 2381 248 2412 ι
293 2372 500 2431 tantur,
530 2376 585 2421 et
614 2368 886 2425 adduxere
909 2386 1071 2442 super
1106 2383 1158 2429 te
1195 2377 1465 2447 abyssum,
1498 2385 1554 2433 et
1577 2392 1805 2450 operue-

227 2473 251 2504 ι
287 2453 401 2508 rint
443 2463 498 2509 te
540 2471 695 2527 aquae
737 2460 937 2528 multae,
972 2470 1031 2517 et
1058 2464 1342 2522 detraxero
1372 2476 1568 2524 tecum
1586 2470 1681 2525 bis
1709 2472 1801 2540 qui

227 2558 253 2596 ο
278 2542 625 2603 descendunt
669 2547 724 2602 in
775 2548 949 2605 lacum
998 2553 1069 2608 ad
1108 2555 1360 2625 populum
1391 2559 1797 2627 sempiternum,

224 2653 251 2691 ι
284 2639 704 2697 eteoilocavero
734 2652 790 2699 te
834 2644 890 2699 in
926 2654 1068 2702 terra
1098 2650 1411 2719 novissima,
1444 2654 1585 2709 sicut
1612 2655 1801 2711 solitu-

225 2742 251 2779 e
286 2728 444 2783 dines
488 2740 698 2787 veteres
744 2748 866 2789 eum
911 2737 995 2792 bis
1037 2739 1126 2808 qui
1172 2740 1508 2797 deducuntur
1536 2744 1591 2799 in
1622 2742 1797 2802 lacum

226 2835 252 2869 ι
285 2827 352 2873 ut
379 2836 486 2876 non
533 2822 809 2879 habiteris.
868 2825 1038 2883 Porro
1073 2837 1194 2884 cum
1240 2831 1437 2887 dedero
1480 2834 1795 2905 gloriam‘in

226 2928 249 2961 ι
288 2919 435 2967 terra
462 2913 777 2982 viventium,
830 2917 885 2971 in
931 2919 1157 2975 nihilum
1200 2924 1439 2993 redigam
1485 2936 1560 2992 te,
1608 2936 1662 2984 et
1691 2943 1794 2985 non

223 3017 246 3050 ι
280 3001 415 3066 eris,
459 3010 514 3057 et
560 3005 819 3073 requisita
858 3021 964 3061 non
1008 3008 1299 3066 invenieris
1327 3010 1464 3067 ultra
1505 3014 1559 3069 in
1599 3018 1797 3088 sempi-

223 3108 244 3140 ο
279 3098 516 3156 ternum,
544 3093 676 3149 dicit
704 3096 962 3152 Dominus
999 3097 1159 3154 Dens.
1191 3088 1237 3152 ι’
1260 3102 1393 3156 Cum
1427 3107 1792 3175 superioribus

1908 1920 2447 1978 Psalmistadieeute:
2472 1943 2490 1975 ς
2517 1923 2920 1979 Diesannerum
2938 1934 3247 1981 nostrorum
3270 1927 3323 1979 in
3346 1927 3481 1995 ipsis

1906 2015 2243 2083 septuaginta
2290 2014 2416 2068 anni
2441 2031 2456 2068 :
2484 2015 2568 2069 sin
2613 2024 2793 2069 autem
2833 2017 2886 2070 in
2916 2018 3283 2086 potentatibus
3322 2026 3476 2072 octo-

1904 2103 2055 2175 ginta
2076 2104 2225 2168 anili,
2254 2103 2515 2173 quidquid
2535 2119 2717 2175 supra,
2742 2105 2897 2160 labor
2926 2114 2982 2160 et
3012 2107 3165 2162 dolor
3192 2115 3279 2163 est
3301 2105 3475 2179 (Psat.

1904 2196 2150 2266 Lxxxu).
2184 2215 2203 2248 ι
2241 2196 2342 2253 Hic
2379 2206 2805 2270 μιταφραστικῶς
2841 2199 3080 2254 breviter
3119 2199 3187 2256 de
3220 2198 3364 2271 Tyro
3389 2200 3483 2254 di-

1905 2287 2109 2351 ximus,
2135 2287 2283 2357 quod
2330 2296 2388 2342 et
2426 2289 2494 2342 ad
2521 2302 2615 2343 eos
2645 2286 2832 2343 referri
2864 2297 3069 2358 potest,
3097 2290 3188 2359 qui
3219 2290 3271 2344 in
3300 2305 3473 2361 angu-

1903 2377 2006 2433 stia
2035 2377 2195 2448 hujus
2221 2377 2403 2434 εωθιιῆ
2422 2379 2726 2444 constituti,
2759 2379 3096 2435 deducuntur
3144 2382 3212 2436 ad
3250 2379 3470 2443 inferos,

1901 2475 1959 2523 et
2001 2468 2323 2537 operiuntur
2360 2468 2608 2539 abyssis,
2650 2466 3008 2538 ﬂuctibusque
3054 2485 3369 2539 ptenarnm,
3418 2478 3476 2525 et

1902 2556 2187 2611 trahuntur
2218 2557 2291 2611 ad
2329 2555 2588 2612 interiora
2618 2565 2799 2624 terras,
2839 2568 2896 2614 et
2929 2558 3015 2614 his
3040 2559 3361 2629 copulantur
3377 2561 3473 2630 qui

1902 2648 1959 2701 in
2000 2648 2166 2705 veteri
2209 2648 2497 2705 solitudine
2541 2655 2691 2717 sort,
2722 2661 2779 2707 et
2821 2652 3164 2708 deducuntur
3189 2654 3245 2709 in
3271 2654 3469 2721 laeum,

1898 2738 2012 2793 sive
2041 2739 2095 2793 in
2118 2737 2335 2794 foveam
2358 2741 2738 2810 sempiternam
2766 2780 2783 2807 ,
2812 2751 2873 2796 ut
2907 2743 3051 2799 ultra
3084 2759 3192 2799 non
3222 2745 3469 2800 habiten-

1900 2837 1987 2883 tur
2003 2844 2035 2882 a
2052 2828 2256 2899 Spiritu
2276 2839 2496 2896 sancto;
2520 2830 2593 2886 de
2616 2832 2813 2900 quibus
2834 2833 3098 2904 scriptum
3120 2835 3472 2905 estztimpius

1898 2931 2021 2971 eum
2038 2918 2300 2974 ceciderit
2325 2919 2378 2973 in
2405 2918 2748 2990 profundum,
2771 2924 3116 2978 contemnit.»
3135 2924 3247 2980 Nec
3269 2925 3339 2981 de
3359 2940 3468 2980 cae-

1899 3014 2015 3063 tero
2038 3016 2200 3064 erunt
2231 3009 2462 3065 interra
2488 3010 2804 3078 viventium,
2835 3014 2928 3067 sed
2956 3014 3210 3083 peribunt
3244 3023 3302 3070 et
3324 3015 3470 3071 redi-

1899 3107 2092 3168 gentur
2111 3102 2181 3155 ad
2206 3101 2381 3167 nihili,
2410 3111 2466 3158 et
2489 3104 2601 3159 Deo
2628 3118 2749 3160 esse
2793 3107 3124 3162 cessabunt:
3156 3108 3354 3177 quibus
3385 3116 3467 3162 te-

209 3180 387 3254 jange
406 3198 525 3254 quas
545 3185 689 3242 dicta
717 3194 864 3255 sunt,
890 3191 1103 3261 quando
1135 3201 1189 3247 te
1217 3193 1433 3259 dedero,
1463 3212 1496 3251 ο
1516 3195 1676 3266 Tyre,
1706 3214 1789 3254 ur-

1899 3191 2166 3248 stimoniis
2205 3195 2532 3262 abutuntur,
2583 3195 2676 3265 qui
2702 3197 2891 3253 dicunt
2923 3176 3213 3267 impiorum
3242 3211 3303 3257 et
3353 3214 3463 3259 non

215 3273 343 3328 hem
388 3274 445 3327 in
490 3285 806 3346 perpetuum
851 3280 1163 3345 desolatam,
1213 3283 1354 3338 sicut
1386 3286 1633 3342 civitates
1677 3288 1794 3343 alite

214 3379 337 3436 qua
376 3369 600 3423 omnino
649 3384 757 3424 non
797 3372 1126 3439 habitantur,
1171 3386 1224 3430 et
1252 3377 1528 3432 adduxere
1552 3394 1715 3449 super
1741 3390 1795 3435 te

214 3461 471 3532 abyssum
496 3502 511 3525 ,
561 3470 618 3517 et
660 3475 906 3533 openent
931 3476 985 3521 te
1027 3482 1179 3537 aqua:
1213 3472 1416 3534 multae,
1446 3471 1529 3526 vel
1557 3472 1789 3528 hostium

215 3549 440 3606 infinitae
480 3552 870 3620 multitudines,
927 3555 1011 3610 vel
1053 3566 1205 3612 certe
1232 3560 1323 3627 qui
1355 3560 1422 3614 ad
1451 3560 1679 3616 insulam
1708 3563 1790 3619 io-

213 3640 400 3707 quitur
431 3649 487 3694 et
516 3642 583 3695 ad
625 3643 813 3697 urbem
842 3644 895 3699 in
939 3644 1112 3700 insula
1147 3648 1493 3704 constitutam
1532 3660 1787 3726 τροπικῶς

210 3731 644 3788 adversariorum
659 3733 1014 3807 frequentiam
1026 3740 1203 3811 abyssi
1221 3738 1472 3796 ﬂuctibus
1490 3753 1783 3814 comparat.

216 3841 239 3875 ι
266 3823 645 3880 Et-detraxero
673 3833 726 3882 te
746 3843 871 3883 cum
891 3829 977 3884 his
1000 3831 1093 3899 qui
1119 3832 1451 3907 descendunt.
1474 3834 1527 3890 in
1559 3835 1735 3892 lacum
1760 3854 1778 3891 ι

207 3913 325 3969 sive
352 3914 413 3968 in
434 3913 664 3981 foveam,
695 3918 761 3971 ad
785 3933 879 3974 eos
905 3920 997 3989 qui
1027 3921 1081 3975 in
1105 3921 1316 3980 inferno
1336 3931 1478 3987 sunt,
1498 3924 1567 3979 de
1591 3928 1782 3996 quibus

206 4013 263 4061 et
287 4006 342 4061 in
378 4008 601 4077 psalmis
626 4009 889 4081 legimus:
929 4031 947 4063 ι
971 4012 1273 4072 lntroibunt
1312 4020 1365 4073 in
1398 4019 1647 4077 inferiora
1677 4032 1784 4077 ter-

206 4112 327 4163 rae,
379 4101 663 4157 tradentur
714 4104 767 4158 in
819 4122 1010 4163 manus
1060 4104 1255 4180 gladii,
1308 4121 1489 4184 partes
1543 4116 1779 4189 vulpium

202 4199 371 4244 erum
395 4188 578 4261 (Prol.
606 4193 782 4266 LXII);
812 4215 830 4247 ι
865 4197 931 4252 ad
954 4200 1206 4268 populum
1228 4203 1612 4274 sempiternum
1650 4225 1668 4259 ι
1690 4209 1778 4264 ubi

199 4289 290 4335 est
317 4279 473 4336 ﬂetus
498 4283 771 4339 oculorum
802 4294 856 4341 et
883 4287 1084 4343 stridor
1111 4290 1368 4347 dentium.
1402 4313 1421 4345 ›
1461 4293 1527 4348 Ει
1551 4310 1780 4365 posuero

202 4376 256 4421 te
286 4368 345 4421 in
376 4374 522 4423 terra
547 4371 863 4439 novissima,
899 4375 954 4428 in
1000 4391 1102 4445 qna
1140 4379 1389 4450 antiquus
1447 4384 1609 4441 draco
1646 4400 1776 4442 con-

1893 3292 2237 3351 peecatorum
2264 3296 2453 3351 patrias
2478 3299 2600 3340 esse
2625 3294 2914 3354 perpetuas
2938 3288 3032 3356 qui
3061 3290 3273 3358 quaesiti
3299 3305 3330 3344 a
3354 3290 3466 3347 Deo

1893 3384 2000 3426 non
2021 3378 2148 3424 sunt
2170 3370 2376 3426 inventi
2400 3412 2417 3436 ,
2458 3380 2516 3427 et
2540 3372 2597 3427 in
2622 3382 2831 3430 aeterno
2854 3390 2980 3431 esse
2998 3387 3283 3433 cessarunt
3299 3419 3313 3444 ,
3336 3380 3463 3449 quia

1891 3471 1990 3513 suo
2016 3457 2149 3511 vitio
2176 3458 2522 3527 perdiderunt
2544 3474 2667 3516 eum
2688 3463 2785 3535 qui
2810 3462 2943 3519 dicit
2969 3481 2982 3518 :
3016 3483 3036 3515 ι
3064 3465 3177 3536 Ego
3202 3481 3322 3522 sum
3353 3469 3463 3523 vita

1891 3545 2074 3618 (locu.
2103 3562 2181 3613 ιι,
2207 3546 2343 3619 xiv).

2439 3677 2665 3735 CAPUT
2701 3679 2910 3738 XXVII.

1888 3765 1965 3821 De
1986 3768 2112 3837 ﬂetu
2135 3776 2182 3821 et
2207 3766 2361 3821 ruina
2385 3765 2540 3842 Tyri,
2567 3787 2682 3830 quae
2715 3784 3052 3842 comparatur
3079 3777 3219 3833 navi.
3274 3777 3458 3835 Terra-

2207 3853 2323 3891 rum
2350 3841 2722 3909 negotiationes
2741 3841 3125 3899 describuntur.

1960 3966 1979 3998 ‹
2006 3945 2073 4001 Et
2095 3946 2294 4001 factum
2317 3955 2401 4002 est
2423 3950 2645 4004 verbum
2670 3949 2881 4007 Domini
2910 3953 2975 4009 ad
3005 3970 3111 4022 me,
3135 3957 3318 4015 dicens
3340 3976 3353 4014 :
3375 3958 3455 4016 Tu

1889 4055 1907 4087 α
1938 4049 2087 4106 ergo,
2120 4034 2191 4089 illi
2245 4037 2511 4105 botninis,
2555 4055 2767 4097 assume
2810 4058 2971 4114 super
3004 4042 3205 4119 Tyrum
3254 4048 3460 4114 laniena

1887 4145 1905 4176 ι
1941 4133 2073 4191 tum,
2105 4133 2157 4180 et
2186 4126 2332 4181 dices
2355 4124 2497 4198 Tyro
2521 4144 2640 4199 quae
2666 4130 2875 4188 habitat
2912 4134 2963 4189 in
2991 4136 3213 4201 introitu
3250 4142 3413 4197 maris
3439 4156 3457 4204 ξ

1887 4234 1907 4267 ι
1944 4216 2290 4286 negotiationi
2335 4218 2649 4287 populorum
2710 4222 2776 4276 ad
2825 4223 3026 4283 insulas
3068 4227 3297 4283 multas:
3332 4226 3458 4285 limo

1886 4326 1904 4359 ‹
1941 4307 2071 4362 dicit
2089 4306 2349 4363 Dominus
2374 4308 2534 4376 Deus,
2552 4330 2570 4363 ι
2596 4320 2699 4368 etc.
2735 4313 2789 4369 Si
2815 4315 3034 4371 voluero
3054 4325 3216 4372 totam
3231 4320 3455 4388 prophe-

1882 4398 2008 4452 tiam
2033 4408 2220 4454 contra
2249 4399 2449 4479 Tyrum
2472 4445 2486 4469 ,
2510 4404 2622 4457 sive
2667 4420 2827 4475 super
2874 4407 3255 4465 lamentatione
3288 4408 3451 4492 Tyri,

199 4459 431 4513 stitutus
461 4468 562 4515 est.
619 4463 685 4575 Εἰ
716 4464 856 4520 sicut
893 4476 1106 4522 veteres
1154 4471 1468 4530 solitudines
1500 4484 1662 4548 atque
1688 4478 1778 4534 dc—
1807 4516 1855 4575 Β
1880 4501 1988 4543 lino
2016 4501 2267 4545 sermone
2295 4459 2764 4565 (comprehendere
2785 4533 2800 4559 ,
2828 4503 2883 4548 et
2904 4494 3122 4566 longum
3152 4459 3369 4571 faciam,
3398 4459 3458 4573 ei

199 4555 346 4575 “an
443 4550 534 4575 ..Ινιζ
581 4566 652 4575 ..η
678 4553 720 4575 Ι.-
771 4555 1026 4575 I.-__-__,..-
1122 4574 1131 4575 κ
1256 4562 1271 4575 ι
1312 4563 1345 4575 _.
1548 4567 1559 4575 .

195 4555 389 4607 serta,
443 4550 534 4605 ubi
581 4551 724 4607 nulla
771 4555 1033 4610 bonorum
1083 4562 1413 4629 recordatio,
1466 4567 1560 4623 sed
1604 4584 1776 4639 pmna:

195 4646 366 4692 erunt
395 4642 758 4711 sempiternae,
787 4661 959 4716 neque
991 4655 1044 4700 te
1067 4647 1243 4705 fecero
1269 4654 1514 4710 suscitari
1546 4658 1596 4712 in
1632 4668 1774 4715 terra

198 4727 523 4793 viventium,
552 4729 621 4784 de
647 4746 752 4801 qna
784 4735 1044 4807 scriptum
1066 4745 1185 4793 est:
1217 4758 1234 4790 ‹
1264 4737 1413 4796 Beati
1442 4745 1619 4806 mites,
1643 4764 1776 4817 quo-

195 4819 348 4873 niam
377 4818 477 4886 ipsi
501 4822 848 4890 possidebunt
866 4833 1066 4883 terram
1095 4828 1309 4900 (Matth.
1340 4832 1415 4903 v).
1451 4853 1468 4884 ι
1503 4835 1567 4890 Et
1596 4837 1645 4890 in
1670 4838 1781 4895 alio

194 4908 320 4964 loco
352 4924 369 4963 :
409 4928 428 4959 ί
454 4909 685 4968 Placebo
731 4913 957 4972 Domino
1001 4919 1053 4972 in
1084 4921 1302 4990 regione
1324 4922 1568 4979 vivorum
1599 4926 1769 4998 (I’sal.

193 5000 403 5072 cxrv),t
437 5010 564 5057 tunc
597 5004 857 5076 redigeris
886 5008 938 5061 in
965 5008 1135 5073 nihili,
1165 5013 1278 5066 sive
1302 5014 1503 5084 peribis
1532 5015 1583 5070 in
1612 5027 1769 5073 mter-

192 5107 352 5147 num.
388 5092 611 5150 Etultra
641 5111 747 5153 non
774 5098 903 5163 eris,
951 5100 1239 5156 secundum
1267 5103 1393 5159 illud
1423 5106 1562 5176 quod
1589 5108 1640 5161 in
1668 5109 1772 5165 alio

192 5182 317 5238 loco
344 5183 605 5254 scriptum
627 5196 712 5241 est
737 5205 750 5241 :
787 5206 806 5239 ο
834 5188 1052 5246 Dimitte
1074 5192 1205 5247 mihi
1223 5192 1773 5267 utrel’rigercrprius-

188 5289 361 5343 quam
389 5275 602 5342 abeam,
628 5285 683 5333 et
716 5279 945 5349 amplius
984 5296 1090 5338 non
1133 5297 1227 5338 ero
1260 5284 1433 5356 (Paul.
1464 5290 1716 5361 xxxviii).
1743 5309 1760 5343 ι

191 5363 313 5419 Non
339 5368 487 5436 quod
505 5380 627 5422 esse
650 5369 894 5436 desistat,
908 5372 1001 5441 qui
1029 5373 1083 5427 in
1103 5374 1277 5443 panis
1302 5384 1387 5435 est
1410 5380 1771 5449 sempiternis,

188 5457 291 5511 sed
332 5457 476 5526 quod
505 5459 596 5527 qui
622 5459 734 5515 Deo
761 5477 868 5517 non
892 5463 1045 5528 vivit,
1065 5464 1116 5518 in
1148 5464 1444 5537 Scripturis
1467 5471 1668 5529 sanctis
1696 5472 1774 5531 dio

189 5556 352 5602 catur
394 5563 507 5604 non
553 5551 870 5610 subsistere.
930 5555 1081 5613 Unde
1110 5567 1166 5612 et
1194 5558 1388 5617 Esther
1415 5569 1599 5616 contra
1631 5563 1772 5621 idola

188 5635 443 5707 loquens,
473 5658 492 5691 ι
520 5655 591 5697 ne
628 5643 831 5710 tradas,
867 5644 1062 5717 inquit,
1089 5657 1363 5723 sceptrum
1389 5658 1540 5706 tuum
1574 5652 1660 5711 bis
1678 5652 1770 5723 qui

187 5738 300 5781 nou
331 5736 461 5783 sunt
501 5727 717 5792 (Esther
743 5730 838 5804 tv).
873 5752 894 5786 ι
959 5733 1153 5808 Utique
1193 5748 1349 5796 erant
1384 5741 1579 5813 quibus
1615 5743 1769 5800 obse-

1878 4592 2095 4631 sensum
2139 4577 2362 4633 lectoris
2396 4580 2705 4645 obscurum,
2737 4581 2861 4637 dum
2911 4584 3091 4661 omnia
3135 4586 3295 4645 simul
3342 4603 3456 4663 non

1876 4676 2056 4738 potest
2095 4678 2277 4723 mente
2326 4670 2582 4735 retinere,
2623 4671 2889 4742 praecipue
2932 4673 2984 4735 in
3033 4675 3228 4744 quibus
3254 4676 3322 4732 ab
3344 4677 3451 4749 lle:

1876 4756 2061 4812 braico
2096 4757 2149 4811 in
2190 4756 2293 4816 hoc
2324 4757 2439 4814 loco
2479 4756 2822 4833 Septuaginta
2849 4761 3012 4817 editio
3032 4763 3323 4836 discrepat,
3349 4768 3455 4843 hoq

1877 4856 1959 4904 est
2001 4848 2145 4918 quod
2208 4848 2545 4915 addiderint,
2598 4864 2783 4917 quaeve
2824 4851 3208 4917 subtraxerint.
3266 4855 3453 4929 Itaque

1878 4946 2064 4997 nostra
2100 4937 2301 4993 erimus
2350 4938 2789 5011 interpretatione
2837 4942 3119 5008 contenti,
3181 4953 3236 4999 et
3280 4946 3451 5020 sicubi

1874 5026 2155 5083 dissonent
2195 5043 2260 5089 ex
2282 5027 2448 5090 latere
2473 5027 2858 5098 copulabimus,
2890 5029 3181 5100 perfectam
3208 5038 3450 5109 omnium

1875 5115 1988 5175 Deo
2019 5117 2340 5172 sententiam
2370 5115 2735 5186 relinquentes
2775 5135 2788 5183 ς
2836 5127 2891 5174 et
2919 5121 3052 5191 quid
3092 5124 3245 5179 nobis
3270 5126 3451 5187 viden:

1878 5213 1966 5260 tur
1990 5205 2044 5261 in
2075 5205 2296 5276 singulis
2316 5205 2551 5265 breviter
2572 5208 3001 5268 admonebimus.
3053 5212 3153 5280 Qui
3178 5213 3450 5291 plangitur

1876 5294 2054 5355 adhuc
2075 5310 2219 5349 curae
2247 5304 2331 5356 est
2357 5296 2405 5352 ei
2436 5312 2466 5357 a
2489 5312 2595 5377 quo
2619 5298 2890 5371 plangitur
2923 5317 2939 5356 :
2973 5304 3115 5359 unde
3142 5311 3196 5359 et
3227 5303 3443 5370 Samuel

1876 5381 2036 5440 ﬂebat
2088 5392 2250 5455 atque
2293 5385 2580 5455 plangebat
2617 5401 2780 5459 super
2805 5388 2931 5444 Saul
2978 5390 3029 5462 (1
3060 5390 3184 5463 Reg.
3221 5391 3334 5463 xv).
3382 5392 3449 5460 Et

1876 5472 2149 5549 apostolus
2186 5472 2387 5533 Paulus
2415 5474 2633 5541 ("Cum
2668 5477 2767 5550 xu)
2811 5478 3153 5547 lamentatur,
3203 5490 3259 5537 et
3301 5481 3445 5553 luget

1875 5579 2036 5635 super
2077 5564 2163 5619 his
2206 5566 2296 5636 qui
2344 5565 2595 5622 fomicati
2624 5578 2769 5635 sunt,
2812 5580 2865 5625 ct
2892 5584 2999 5625 non
3023 5581 3250 5642 egerunt
3277 5574 3448 5644 poeni-

1875 5653 2116 5713 tentiam.
2170 5653 2238 5707 Et
2300 5653 2563 5713 Jeremias
2628 5656 3040 5717 lamentationes
3081 5676 3243 5735 Super
3296 5679 3447 5719 ever.—

1872 5743 2026 5803 sione
2055 5740 2349 5806 JeruSalcnt
2389 5752 2623 5818 quatuor
2654 5745 2841 5810 scribit
2873 5748 3191 5824 alphabetis.
3231 5752 3447 5817 ﬂabth
