3954 6182
467 330 561 384 771

1106 331 1165 384 Β.
1208 325 1459 383 RABANI
1500 322 1716 380 MAURl
1754 319 2070 378 ARCllil-ZP.
2113 316 2421 376 MOGUNT.
2463 317 2744 374 OPERUM
2785 315 2962 372 PARS
3001 315 3068 371 ll.

3617 315 3721 369 775.

467 458 595 515 ergo
635 446 790 515 juxta
835 447 1068 500 litteram
1111 445 1286 515 Tyrus
1321 442 1435 497 sive
1461 440 1564 495 Sor
1589 440 1642 494 in
1673 438 1892 493 introitu
1920 451 2034 492 ma-
2063 436 2106 494 Δ
2136 445 2228 485 cos
2275 429 2576 484 intellectus
2623 427 2891 484 abietibus
2919 428 3031 482 sive
3053 424 3231 480 cedria
3258 423 3326 481 de
3351 425 3537 486 Sanir,
3567 427 3721 478 natis

469 535 563 598 ris,
595 537 674 589 vel
701 538 840 605 quod
871 537 1018 605 prius
1042 535 1214 590 insula
1242 533 1341 586 fuit
1364 572 1378 595 ,
1415 531 1496 586 vel
1531 529 1672 599 quod
1705 538 1866 600 portu
1884 529 2037 583 tutis-

466 623 604 676 simo
651 625 716 678 de
767 623 874 677 alto
915 624 1188 678 venientes
1215 623 1406 692 recipit
1434 636 1615 677 naves.
1673 621 1740 675 Et
1767 630 1846 675 est
1877 636 2038 691 nego-

468 713 616 767 tiatio
641 715 957 782 populorum
990 717 1055 770 ad
1105 715 1307 770 insulas
1336 714 1565 778 mutuis,
1606 714 1718 768 sive
1751 712 1818 767 de
1846 713 2038 767 insulis

468 801 668 856 multis.
711 801 863 870 Quod
912 805 1127 874 quidem
1171 821 1342 874 usque
1391 805 1548 859 hodie
1589 813 1930 875 perseverat,
1983 813 2042 858 ut

463 892 701 944 ninnium
751 893 802 947 in
855 894 941 948 illa
985 897 1364 965 propemodum
1409 897 1644 966 gentium
1685 906 2039 950 exerceantur

461 984 803 1036 commercia.
887 985 1130 1054 Cmptam
1179 995 1356 1039 autem
1414 987 1904 1068 interpretationem
1954 1001 2039 1041 se-

461 1081 690 1140 quentes
717 1075 973 1144 quidquid
1005 1077 1069 1130 de
1101 1075 1242 1146 Tyro
1271 1077 1464 1130 dicitur
1499 1077 1796 1132 referamus
1829 1078 1894 1132 ad
1939 1094 2038 1131 an-

459 1163 666 1231 gustias
695 1165 847 1218 istius
875 1166 1054 1218 mundi
1077 1205 1090 1229 ,
1145 1167 1233 1234 qui
1278 1167 1328 1219 in
1368 1167 1602 1235 maligno
1624 1167 1828 1235 positus
1855 1176 1957 1231 est,
1984 1176 2039 1221 et

461 1254 624 1306 variis
654 1255 1145 1322 perturbationibus
1175 1257 1326 1325 quasi
1357 1258 1604 1312 tlnctibus
1624 1268 1931 1313 coarctatur
1959 1269 2040 1313 at-

464 1357 568 1410 que
618 1346 935 1412 percutitur.
999 1346 1073 1400 De
1130 1347 1495 1414 hujuscemodi
1539 1351 1958 1419 negotiatoribus
1985 1360 2042 1406 et

465 1434 516 1487 in
547 1435 754 1503 psalmo
781 1437 1005 1505 mystico
1032 1453 1278 1491 sermone
1311 1447 1560 1492 narratur
1586 1458 1598 1493 :
1637 1459 1653 1489 ι
1686 1439 1788 1506 Qui
1817 1441 2040 1496 descen-

461 1525 593 1578 dunt
625 1541 772 1582 mare
796 1526 846 1580 in
877 1529 1123 1594 navibus,
1147 1529 1406 1585 facientes
1429 1533 1768 1600 operationes
1799 1534 1853 1587 in
1881 1535 2037 1603 aquis

466 1616 690 1683 multis,
741 1619 841 1688 ipsi
891 1621 1140 1674 viderunt
1184 1638 1348 1690 opera
1396 1625 1644 1689 Domini,
1691 1633 1746 1680 et
1776 1627 2040 1681 mirabilia

461 1705 578 1773 ejus
605 1707 657 1760 in
681 1709 943 1776 profundo
974 1711 1144 1781 (Psal.
1177 1714 1307 1782 cvi).
1341 1733 1357 1764 ι
1507 1713 1518 1727 ‘

2141 519 2316 590 Tyriae
2345 519 2580 574 tabulata
2607 518 2903 583 caeduntur,
2943 517 3142 586 quibus
3164 516 3361 569 texitur
3387 526 3553 585 atque
3575 530 3725 570 com-

2139 610 2400 680 pingitur,
2451 617 2506 664 et
2539 609 2699 676 cedro
2743 609 2858 662 sive
2899 608 3177 677 cyparisso
3205 606 3272 660 de
3297 603 3503 660 Libano
3547 604 3723 660 malus

2139 701 2289 770 ejus;
2319 701 2584 756 abietibus
2615 700 3122 772 propterlevitatem
3144 699 3538 769 juncturasque
3567 696 3722 752 tabu-

2142 791 2317 846 larum
2348 792 2560 846 mollius
2589 792 2816 846 invicem
2844 806 2902 845 se
2933 790 3226 844 tenentium
3257 799 3422 858 atque
3461 789 3720 844 morden-

2141 883 2297 942 tium.
2346 881 2461 936 sive
2507 882 2706 946 eedris,
2738 881 2879 951 quod
2919 875 3121 952 lignum
3149 879 3476 950 imputribile
3501 892 3606 935 est.
3647 881 3721 935 De

2143 973 2303 1027 Sanir
2352 983 2532 1026 autem
2563 973 2761 1028 dicitur
2809 974 2951 1042 quod
2991 974 3376 1044 interpretatur
3409 973 3494 1026 via
3541 973 3717 1028 lucer-

2141 1080 2244 1127 nis,
2273 1071 2385 1126 aut,
2422 1072 2478 1117 ut
2503 1078 2599 1117 nos
2631 1064 2808 1118 verius
2839 1063 3189 1129 arlitramnr,
3224 1065 3363 1118 Deus
3393 1063 3719 1133 vigiliarum,

2141 1172 2206 1209 eo
2229 1155 2372 1226 quod
2407 1155 2586 1209 omnis
2605 1156 2761 1209 navis
2789 1156 3119 1226 prosperitas
3163 1165 3216 1210 et
3248 1154 3533 1209 illustratio
3562 1170 3720 1208 vene-

2144 1247 2213 1300 rit
2233 1262 2298 1301 ex
2329 1262 2457 1303 vero
2501 1248 2724 1302 lumine.
2783 1247 2943 1302 Sanir
2990 1255 3165 1302 autem
3216 1263 3370 1301 mons
3394 1249 3549 1316 juxta
3582 1247 3721 1300 litte-

2144 1353 2256 1392 ram
2283 1338 2490 1406 ipseest
2514 1339 2603 1406 qui
2627 1347 2682 1392 et
2703 1337 2963 1402 Harmon,
2985 1352 3146 1406 quem
3169 1338 3256 1392 alii
3281 1347 3478 1394 vocant
3495 1337 3717 1393 Sanior:

2145 1428 2259 1497 lege
2298 1430 2604 1484 historiam.
2634 1428 2873 1484 Libanus
2917 1429 3303 1498 interpretatur
3355 1430 3560 1484 candor
3611 1430 3723 1484 sive

2143 1521 2427 1584 dealbatio,
2453 1522 2594 1591 quod
2621 1531 2676 1574 et
2699 1521 2871 1590 ipsum
2897 1521 2962 1575 ad
2996 1521 3224 1591 gratiam
3247 1520 3484 1590 pertinet
3509 1520 3724 1574 aliunde

2145 1613 2465 1667 venientem.

2222 1723 2239 1754 ‹
2278 1703 2518 1770 Quercus
2561 1704 2626 1759 de
2671 1703 2846 1758 Basan
2892 1702 3210 1758 deleverunt
3255 1704 3307 1756 in
3353 1717 3538 1758 remos
3583 1712 3720 1766 tuos,

538 1815 557 1848 ε
590 1796 634 1852 o
660 1797 821 1868 Tyre,
855 1809 908 1854 tu
935 1801 1119 1856 dixisti
1148 1821 1160 1857 ε
1201 1804 1431 1859 Perfecti
1460 1805 1671 1861 decoris
1693 1821 1792 1878 ego
1814 1824 1954 1872 sum,
1989 1818 2045 1864 et
2072 1804 2118 1863 B
2153 1811 2170 1844 ι
2212 1802 2447 1848 transtra
2479 1803 2566 1848 tua
2597 1794 2842 1850 fecerunt
2874 1796 2969 1850 tibi
2995 1810 3062 1849 ex
3085 1794 3247 1848 ebore
3276 1793 3480 1858 Indico.
3507 1804 3566 1848 et
3594 1810 3725 1863 prs:-

467 1905 486 1938 ι
521 1887 573 1941 in
605 1891 770 1946 corde
800 1893 965 1946 maris
1009 1895 1130 1948 sita.
1165 1914 1182 1945 ι
1221 1895 1458 1949 Primum
1490 1897 1690 1951 crimen
1713 1908 1797 1951 est
1839 1898 1965 1970 Tyri
1993 1900 2038 1954 si

461 1978 589 2044 quid
614 1979 826 2033 videtur
855 1981 1053 2037 habere
1082 1985 1230 2046 boui,
1253 2001 1358 2039 non
1382 1986 1475 2039 Dei
1502 1995 1708 2054 putare,
1741 1990 1834 2042 sed
1859 2005 2036 2054 suum,

461 2073 516 2117 et
540 2080 754 2121 omnem
782 2068 1231 2136 pulchritudinem
1249 2111 1264 2135 ,
1307 2088 1426 2141 quin
1455 2073 1527 2126 illi
1555 2074 1621 2127 de
1643 2074 1870 2131 diversis
1895 2077 2042 2130 venit

465 2156 792 2226 regionibus,
822 2159 1053 2228 propriae
1079 2161 1351 2216 aestimare
1385 2162 1674 2233 diligentia:
1721 2173 1883 2234 atque
1931 2165 2039 2218 vir-

461 2248 611 2300 tutis.
649 2247 792 2300 Dixit
817 2249 985 2314 enim,
1026 2270 1043 2300 ‹
1073 2250 1303 2306 Perfecti
1349 2253 1560 2308 decoris
1579 2269 1680 2324 ego
1713 2270 1852 2320 smn,
1883 2275 1901 2306 ι
1922 2256 2042 2310 sive

461 2352 562 2409 ego
587 2341 718 2395 mihi
749 2342 1078 2398 circumdedi
1106 2345 1380 2410 decorem,
1414 2361 1539 2401 cum
1566 2347 1638 2400 sit
1670 2347 1722 2401 in
1748 2348 1910 2402 corde
1943 2349 2044 2402 hoc

461 2434 620 2486 estin
654 2435 828 2488 medio
857 2436 1025 2490 maris
1050 2435 1174 2501 sita,
1203 2444 1257 2490 et
1285 2439 1440 2506 quasi
1480 2438 1654 2492 insula
1678 2448 1957 2494 moveatur
1988 2449 2043 2494 et

458 2523 695 2588 ﬂuctuet,
732 2536 786 2580 et
812 2527 1074 2580 undarum
1108 2527 1429 2582 illisionihus
1473 2529 1864 2598 confringatur.
1892 2529 2044 2596 Quod

462 2623 640 2670 autem
669 2632 765 2670 eor
787 2618 952 2672 maris
983 2619 1216 2673 medium
1241 2618 1523 2690 signiticet,
1563 2632 1617 2674 et
1653 2621 1744 2676 ille
1763 2622 2042 2691 prophetio

462 2720 559 2759 cus
590 2721 770 2767 sermo
807 2709 1140 2763 demonstrat
1172 2727 1184 2764 :
1237 2728 1253 2759 ι
1280 2709 1570 2779 Propterea
1598 2727 1703 2766 non
1735 2713 2045 2769 timebimus

462 2809 584 2850 eum
629 2797 841 2850 turbata
871 2797 1032 2854 fuerit
1060 2807 1228 2865 terra,
1269 2808 1324 2854 et
1353 2802 1595 2856 translati
1629 2810 1840 2857 montes
1871 2804 1922 2857 in
1951 2819 2046 2858 cor

463 2886 628 2939 maris
674 2904 686 2938 ε
733 2898 1032 2942 sonuerunt
1078 2899 1134 2943 et
1193 2892 1420 2946 turbata:
1471 2901 1599 2946 sunt
1654 2909 1807 2961 aqua:
1855 2909 2043 2948 eorum

463 2975 638 3045 (Psal.
669 2978 813 3048 xcv).
847 2999 865 3030 ι
905 2977 1012 3033 Sed
1042 2989 1096 3034 et
1129 2981 1386 3035 Dominus
1426 2991 1610 3036 noster
1644 2983 1694 3036 in
1731 2985 1895 3040 corde
1930 2994 2044 3039 ter-

468 3082 561 3131 rae,
592 3068 695 3122 hoc
722 3077 804 3123 est
846 3069 898 3123 in
928 3070 1126 3134 medio,
1171 3079 1228 3124 et
1267 3072 1331 3124 ad
1364 3071 1562 3127 inferos
1591 3074 1789 3128 dicitur
1814 3075 2040 3131 descen-

2149 1901 2166 1933 (
2208 1881 2398 1936 toriola
2424 1883 2490 1937 de
2524 1883 2713 1938 insulis
2749 1883 2930 1938 Italiae.
2965 1903 2985 1936 ι
3020 1882 3228 1948 Quanta
3258 1883 3606 1952 pulchritudo
3635 1899 3724 1936 na-

2144 1973 2223 2028 vis
2253 1981 2306 2027 et
2338 1973 2683 2042 supellectilis
2713 1974 2853 2043 ejus,
2885 1981 2945 2027 ut
2968 1988 3146 2028 remes
3189 1973 3412 2026 haberet
3449 1972 3722 2036 cedi-inus,

2143 2081 2246 2118 non
2278 2065 2570 2131 undelibet,
2603 2066 2696 2122 sed
2737 2067 2801 2120 de
2841 2065 3036 2130 Busan,
3061 2073 3117 2120 et
3145 2072 3382 2119 transtra
3405 2066 3650 2121 eburnea
3675 2074 3726 2120 et

2144 2153 2450 2221 praetoriola
2503 2154 2616 2209 sive
2646 2154 2862 2210 cellaria
2893 2155 2952 2209 in
2983 2155 3180 2224 quibus
3206 2170 3418 2209 merces
3451 2156 3727 2224 pretiosis--

2144 2243 2293 2298 simae
2338 2253 2689 2312 reponuntur,
2727 2244 2793 2299 de
2829 2245 3015 2300 insulis
3054 2244 3330 2310 Chettiim,
3361 2246 3516 2314 quod
3549 2261 3648 2300 nos
3676 2247 3724 2299 in

2149 2329 2353 2384 Italiam
2387 2333 2668 2397 vertimus,
2721 2349 2787 2388 ex
2829 2349 2895 2388 ea
2929 2335 3148 2404 regione
3197 2350 3318 2404 qua:
3359 2335 3724 2405 Graecis-pro-

2144 2421 2396 2490 pinquior
2423 2431 2528 2488 est,
2559 2438 2747 2478 omnes
2776 2424 3186 2480 occidentalium
3215 2425 3518 2480 insularum
3550 2437 3726 2494 partes

2149 2512 2521 2584 intelligentcs.
2574 2515 2825 2572 Dicamus
2875 2531 3002 2587 ergo
3041 2514 3197 2583 juxta
3243 2521 3515 2590 ἀναγωγὴν
3555 2532 3726 2573 remos

2151 2604 2266 2658 ﬁeri
2303 2605 2456 2659 navis
2501 2603 2677 2675 Tyriae
2724 2606 2788 2660 de
2822 2605 2997 2662 Basau
3024 2647 3040 2670 ,
3092 2608 3159 2663 de
3209 2621 3316 2676 qua
3339 2617 3396 2662 et
3426 2609 3482 2664 in
3508 2607 3726 2677 psalmis

2147 2694 2402 2750 scribitur
2434 2712 2445 2746 :
2486 2712 2503 2743 ‹
2533 2695 2678 2750 Dixit
2724 2694 3024 2762 Dominus,
3063 2697 3130 2752 de
3170 2695 3343 2751 Basan
3390 2705 3725 2761 convertam,

2149 2791 2464 2844 convertam
2511 2783 2578 2840 de
2618 2784 2884 2855 profundo
2931 2786 3096 2850 maris
3139 2785 3313 2858 (Paul.
3363 2790 3556 2858 LXVII}.
3588 2807 3607 2840 ι
3663 2787 3725 2842 Et

2149 2875 2504 2945 ignominiam
2525 2883 2876 2946 peccatorum
2905 2878 3172 2932 convertit
3203 2877 3480 2943 Dominus,
3515 2887 3572 2933 et
3602 2893 3726 2932 ωηο

2147 2967 2312 3022 vertit
2340 2967 2393 3021 in
2424 2982 2605 3022 remos
2631 3006 2646 3033 ,
2695 2977 2756 3022 ut
2793 2984 2916 3022 cum
2954 2968 3212 3038 apostolis
3251 2969 3576 3040 navigantes
3608 2985 3725 3040 pos.

2149 3056 2257 3109 sint
2303 3056 2371 3110 ad
2423 3066 2624 3112 terram
2667 3067 2723 3114 et
2771 3058 2838 3112 ad
2874 3058 3054 3114 littora
3105 3059 3412 3128 pervenire.
3471 3059 3543 3113 Et
3599 3061 3726 3114 (inut

462 3157 624 3214 disse.
691 3159 826 3214 Vera
875 3171 1053 3227 autem
1095 3171 1152 3216 et
1174 3163 1412 3233 perfecta
1446 3165 1788 3243 pulchritudo
1814 3168 1866 3221 in
1899 3169 2041 3222 multo

2150 3154 2385 3199 transtra
2412 3145 2479 3200 de
2506 3147 2688 3211 ebore,
2719 3162 2841 3201 eum
2867 3147 3315 3202 mortilieaveriut
3351 3162 3588 3215 corpora
3611 3163 3723 3212 sua,

469 3250 746 3304 hominum
775 3251 879 3305 nisi
908 3251 960 3305 in
992 3251 1191 3307 Christi
1219 3269 1463 3324 corpore,
1496 3256 1638 3324 quod
1660 3257 2046 3326 interpretatur

463 3336 730 3402 Ecclesia,
759 3348 813 3393 et
837 3340 1124 3394 multorum
1155 3351 1464 3397 sanctorum
1493 3343 1784 3400 virtutibus
1815 3362 2041 3417 congre-

461 3436 644 3498 gatur.
689 3428 839 3486 Unde
888 3440 944 3486 et
981 3432 1100 3500 ipse
1148 3432 1386 3501 loquitur
1431 3436 1498 3488 ad
1525 3451 1816 3504 sponsam:
1864 3456 1881 3486 ι
1908 3436 2042 3491 Tota

463 3517 687 3588 pulchra
717 3535 794 3585 es,
825 3521 1069 3590 proxima
1117 3538 1256 3588 mea,
1307 3534 1362 3579 ct
1412 3527 1618 3580 macula
1666 3542 1770 3581 non
1798 3529 1959 3582 estin
1995 3539 2047 3584 te

471 3607 646 3679 (Cant.
678 3612 772 3681 ιν).
809 3632 826 3663 ι
1860 3609 1868 3617 ’

549 3719 566 3750 ι
595 3700 835 3756 Finitimi
886 3703 958 3757 tui
999 3704 1090 3774 qui
1144 3713 1192 3760 te
1240 3705 1642 3762 aedilicaverunt
1687 3707 2046 3778 impleverunt

472 3809 490 3841 ι
527 3792 776 3847 decorem
801 3803 970 3849 tuum.
1004 3795 1284 3852 Abietibus
1307 3798 1372 3852 de
1394 3795 1557 3852 Sanir
1579 3808 1964 3856 exstruxerunt
1996 3812 2048 3858 te

474 3898 491 3930 ι
527 3896 651 3935 cum
679 3883 926 3938 omnibus
970 3886 1223 3941 tabulatis
1259 3888 1443 3941 maris.
1487 3889 1719 3944 Cedrum
1749 3891 1816 3946 de
1842 3891 2048 3949 Libano

471 3989 490 4020 «ι
529 3970 766 4024 tulerunt
792 3981 852 4025 ut
875 3973 1115 4028 facerent
1146 3976 1240 4031 tibi
1279 3977 1496 4031 malum.
1532 3997 1550 4028 ›
1589 3979 1632 4034 Ο
1664 3979 1848 4050 igitur,
1879 3981 2041 4053 Tyre,

467 4073 588 4126 quae
617 4059 797 4114 dixisti
843 4076 940 4130 per
986 4065 1290 4132 superbiam
1319 4106 1334 4131 ,
1392 4085 1409 4116 ι
1443 4066 1670 4124 Perfecti
1706 4070 1915 4126 decoris
1951 4087 2049 4143 ego

469 4164 610 4214 sum,
658 4151 771 4206 sive
804 4167 902 4222 ego
950 4154 1202 4209 decorem
1257 4158 1387 4212 mihi
1418 4159 1768 4228 circumdedi,
1803 4179 1925 4218 cum
1973 4165 2048 4220 sis

472 4239 574 4292 sita
604 4239 656 4292 in
704 4240 880 4296 medio
920 4243 1077 4307 mari,
1129 4244 1252 4298 audi
1294 4256 1495 4314 quanta
1545 4249 1640 4302 tibi
1680 4250 1773 4304 Dei
1800 4248 2049 4322 largitate

469 4332 664 4387 collata
693 4334 817 4388 sint.
855 4333 1090 4406 Finitimi
1119 4346 1173 4391 et
1200 4340 1523 4394 contermini
1574 4341 1678 4407 tui,
1727 4343 1818 4411 qui
1851 4361 1953 4397 non
1984 4345 2049 4399 de

469 4425 772 4497 longinquis
792 4426 883 4481 sed
917 4427 983 4481 de
1006 4428 1194 4483 vicinis
1218 4439 1344 4484 sunt
1373 4431 1698 4500 regionibus,
1721 4433 1822 4502 ipsi
1854 4435 2015 4504 imple

2149 3243 2230 3296 vel
2284 3258 2439 3298 usum
2495 3243 2735 3298 dentium
2783 3243 2850 3298 ad
2895 3244 3082 3299 laudes
3129 3243 3224 3298 Dei
3264 3243 3618 3299 contulerint.
3669 3244 3725 3298 Et

2147 3332 2451 3400 pnntoriola
2499 3332 2613 3388 sive
2657 3331 2876 3390 cellaria
2925 3335 2992 3388 de
3043 3333 3232 3390 insulis
3279 3332 3565 3399 Chettiim,
3615 3347 3726 3403 qtae

2143 3421 2298 3490 juxta
2353 3421 2603 3476 llebraici
2648 3422 2915 3476 sermonis
2965 3421 3347 3492 etymologiam
3400 3422 3634 3476 vertitur
3676 3421 3726 3476 in

2147 3527 2478 3580 percussam,
2508 3523 2566 3567 ut
2610 3513 2782 3584 plagis
2810 3513 3004 3568 diaboli
3038 3529 3142 3567 non
3189 3521 3300 3566 tam
3343 3511 3638 3567 interfecta
3661 3511 3724 3566 sit

2147 3616 2310 3670 quam
2343 3602 2592 3671 probata.
2634 3602 2930 3658 Possumus
2955 3619 3021 3658 ex
3049 3602 3216 3658 ebore
3233 3612 3288 3658 et
3319 3603 3619 3674 sylvestres
3639 3601 3724 3657 do-

2143 3698 2265 3744 mos
2314 3691 2496 3746 dicere
2538 3692 2604 3746 de
2635 3691 2823 3747 insulis
2850 3691 3135 3756 Cbettiim,
3172 3707 3306 3761 quas
3335 3691 3580 3748 haeretici
3625 3705 3722 3744 non

2148 3782 2203 3835 in
2233 3781 2393 3836 domo
2420 3781 2538 3847 Dei,
2570 3783 2662 3836 sed
2693 3783 2747 3837 in
2779 3783 2900 3836 navi
2928 3782 3092 3852 Tyria
3119 3782 3388 3838 fabricare
3415 3790 3718 3840 conantur:

2147 3879 2202 3925 et
2233 3871 2335 3940 ipsi
2375 3870 2640 3926 habentes
2690 3871 2824 3926 ebur
2864 3887 3021 3928 suum
3074 3871 3376 3935 sermonis,
3429 3881 3486 3926 et
3537 3871 3720 3941 lingua

2148 3960 2478 4016 aediﬁcantes
2525 3961 2719 4031 templa
2751 3963 2843 4017 Dei
2877 3963 3072 4032 templo
3101 3964 3397 4027 contraria,
3448 3972 3504 4017 et
3545 3963 3719 4018 domos

2149 4050 2464 4121 sylvestres,
2488 4052 2793 4107 habitacula
2823 4054 3141 4118 bestiarum,
3189 4069 3312 4109 eum
3345 4054 3626 4124 Scriptura
3649 4053 3720 4108 di-

2148 4152 2236 4197 cat
2265 4143 2317 4196 in
2353 4143 2514 4198 domo
2540 4143 2632 4199 Dei
2671 4149 2888 4200 nemora
2939 4153 2996 4200 et
3017 4145 3195 4218 sylvas
3219 4154 3273 4200 et
3299 4146 3453 4201 lucos
3478 4161 3586 4202 non
3609 4159 3719 4202 esse

2130 4234 2486 4304 .plantandos.

2225 4342 2242 4374 ‹
2280 4324 2480 4395 Dyssns
2507 4324 2652 4378 varia
2679 4324 2744 4379 de
2773 4323 3007 4396 Egypto
3035 4333 3180 4380 texta
3217 4333 3300 4380 est
3346 4325 3446 4382 tibi
3475 4326 3531 4381 in
3556 4325 3713 4383 velum

2157 4431 2175 4464 ι
2212 4423 2266 4468 ut
2297 4422 2584 4484 poneretur
2613 4413 2665 4467 in
2688 4415 2851 4480 malo,
2880 4416 3203 4486 hyacinthus
3227 4424 3282 4469 et
3300 4431 3542 4486 purpura
3567 4416 3627 4470 de
3645 4414 3718 4468 in-

469 4530 662 4576 verunt
688 4523 936 4578 decorem
970 4532 1150 4592 tuum;
1197 4536 1251 4580 et
1292 4534 1346 4580 tu
1391 4538 1550 4597 putas
1583 4537 1733 4583 tuum
1759 4545 1879 4586 esse
1903 4533 2047 4600 quod
2075 4505 2124 4561 Ῑ)
2156 4506 2340 4600 (ηδυιίδ
2369 4504 2498 4600 elisa
2550 4503 2689 4560 fama
2720 4514 2861 4600 Eun}
2905 4507 3299 4600 οΡθῗίωθΨυω
3343 4515 3514 4560 ι“¹¹¹¹¹”
3549 4525 3566 4558 ³
3595 4503 3714 4600 om?

470 4610 702 4664 alienum
733 4614 850 4665 est?
895 4614 958 4666 Et
988 4613 1226 4684 loquitur
1253 4617 1407 4684 quasi
1437 4616 1504 4670 ad
1546 4633 1736 4672 navem
1767 4629 2044 4693 τροπικῶς,

472 4700 621 4752 urbis
648 4701 957 4768 signiﬁcans
985 4703 1466 4772 pulchritudinem,
1503 4717 1556 4761 et
1594 4723 1774 4762 rerum
1807 4710 2046 4763 omnium

475 4788 858 4843 abundantiam
883 4828 898 4856 ,
947 4800 1006 4845 ut
1045 4802 1326 4862 postquam
1357 4795 1657 4850 universam
1689 4797 1830 4854 illius
1873 4800 2047 4868 supel-

474 4881 703 4934 .ectilem
730 4883 1092 4953 descripserit,
1124 4886 1339 4951 malum,
1365 4898 1649 4952 antennas,
1680 4905 1880 4954 remos,
1908 4890 2047 4958 vela,

475 4986 708 5040 proram,
735 4974 995 5039 carinam,
1021 4974 1196 5040 funes,
1220 4980 1514 5046 epertoria,
1540 4980 1726 5048 pelles,
1750 4990 1804 5036 et
1830 4991 2047 5048 cetera,

472 5063 670 5131 quibus
719 5064 936 5117 navium
988 5067 1188 5134 optime
1235 5068 1622 5125 instructarum
1651 5088 1782 5128 usus
1827 5074 2044 5145 indiget,

479 5161 604 5207 tunc
634 5161 1006 5223 tempestatem
1040 5155 1148 5218 illi,
1195 5165 1248 5211 et
1274 5167 1485 5213 ventum
1519 5170 1759 5217 austrum
1789 5179 1897 5234 quo
1945 5165 2046 5220 llu-

476 5251 596 5297 etus
639 5245 856 5298 maximi
901 5249 1399 5316 commovebuntur,
1444 5253 1625 5308 venire
1657 5255 1954 5320 denuntiet,
1993 5268 2048 5311 et

475 5348 596 5388 eam
650 5335 930 5403 subjacere
978 5337 1292 5408 naufragio;
1340 5357 1435 5410 per
1462 5358 1580 5412 qua:
1607 5345 1874 5412 signiticat
1902 5349 2050 5402 urbis

477 5420 650 5493 Tyria:
695 5427 1028 5481 eversionem
1051 5444 1082 5483 a
1128 5443 1253 5499 rege
1281 5428 1797 5499 Nabuchodonosor,
1827 5435 1963 5501 sive,
1994 5446 2051 5492 ut

478 5511 628 5566 multi
658 5523 868 5583 putant,
889 5516 956 5570 ah
980 5517 1282 5574 Alexandro
1306 5535 1434 5590 rege
1456 5520 1931 5594 Macedonum,qui
1959 5542 2053 5580 sex

480 5603 752 5656 mensibus
781 5605 949 5673 ipsam
977 5609 1164 5670 urbem
1195 5610 1471 5665 obsedisse
1518 5621 1572 5666 et
1614 5614 1822 5682 cepisse
1856 5631 2046 5670 narra-

480 5695 567 5740 ιω·
596 5703 874 5763 postquam
923 5697 1142 5754 Darium
1177 5701 1305 5755 vicit
1349 5702 1402 5754 in
1444 5701 1624 5772 Lycia.
1670 5703 1830 5761 Juxta
1862 5709 2050 5778 mysti-

2153 4593 2362 4646 dixerat
2413 4591 2588 4663 Tyrus
2620 4611 2632 4646 :
2672 4613 2688 4642 ι
2720 4593 2953 4650 Perfecti
2996 4594 3206 4650 decoris
3259 4610 3359 4665 ego
3410 4610 3566 4658 sum,
3601 4613 3617 4644 ο
3642 4589 3714 4646 vel

2159 4701 2176 4734 ‹
2210 4680 2540 4736 circumdedi
2583 4683 2713 4737 mihi
2749 4683 2862 4751 ipsa
2911 4683 3367 4753 pulchritudinem
3389 4725 3403 4748 ,
3444 4705 3462 4736 ι
3495 4682 3716 4754 arguitur

2153 4769 2279 4838 quid
2307 4784 2338 4822 a
2369 4768 2594 4838 singulis
2617 4770 2887 4839 acceperit
2925 4771 3252 4842 regionibus,
3283 4773 3574 4826 secundum
3600 4767 3711 4823 illud

2155 4859 2448 4930 Scriptura:
2492 4875 2508 4914 :
2543 4881 2560 4912 ε
2597 4860 2734 4928 Quid
2785 4862 2971 4924 habes,
3012 4863 3154 4932 quod
3195 4879 3302 4916 non
3349 4861 3627 4933 accepisti?
3657 4857 3712 4912 Si

2155 4957 2334 5003 autem
2382 4951 2662 5020 accepisti,
2692 4951 2818 5020 quid
2867 4951 3140 5021 gloriaris,
3167 4952 3323 5021 quasi
3358 4968 3464 5005 non
3511 4962 3711 5018 aecepe-

2157 5039 2268 5093 ris?
2297 5038 2346 5110 (1
2376 5039 2498 5094 Cor.
2525 5040 2621 5112 ιγ.)
2654 5061 2672 5094 ι
2703 5040 3038 5096 Describitur
3075 5058 3204 5113 ergo
3232 5043 3360 5112 quid
3402 5053 3711 5112 unaqumque

2153 5129 2332 5182 mittat
2361 5131 2658 5199 provincia,
2696 5131 2990 5186 secundum
3013 5132 3141 5186 illud
3173 5132 3522 5202 Virgilianum
3550 5148 3562 5184 :

2350 5280 2477 5328 India
2505 5284 2648 5330 mittit
2676 5284 2820 5337 ebur,
2847 5283 3017 5330 molles
3036 5295 3122 5330 sua
3144 5283 3279 5332 thura
3297 5285 3484 5331 Sabaei:

2345 5345 2404 5406 At
2425 5344 2630 5403 Calybes
2653 5345 2761 5392 duri
2789 5345 2990 5406 ferrum,
3017 5348 3272 5405 virosaque
3295 5345 3472 5394 Pontus

2346 5404 2591 5464 Castorea,
2621 5412 2716 5452 etc.

2159 5530 2360 5601 Byssus
2404 5531 2458 5584 in
2487 5530 2720 5603 IEgypto
2763 5549 2924 5602 quam
2953 5534 3188 5588 maxime
3223 5535 3481 5596 nascitur,
3505 5546 3563 5585 ex
3610 5537 3707 5595 qua

2159 5629 2470 5674 contextum
2519 5632 2602 5675 est
2649 5623 2825 5697 Tyrize
2853 5623 3006 5678 navis
3051 5624 3252 5688 velum,
3282 5624 3423 5693 quod
3455 5613 3710 5688 suspendi-

2161 5720 2249 5766 tur
2279 5712 2440 5774 malo,
2469 5720 2525 5767 et
2551 5714 2950 5781 operimentum
2993 5714 3152 5781 illius,
3197 5716 3340 5784 quod
3385 5714 3438 5769 in
3481 5709 3597 5767 solis
3620 5718 3702 5757 ea-
