3954 6182
317 403 411 438 λιιι

1261 387 1612 442 (ΖΟΜΜΕΝΤ.
1654 385 2210 456 ΙΝΕΖΕΟΗΙΕΙΑΕΜ.
2245 419 2314 428 -
2350 389 2476 446 LIB.
2521 390 2592 447 Χ.

3457 397 3558 449 ’ῐτιι

306 492 421 546 lore
459 503 618 564 atque
661 495 949 565 tranquillo
979 494 1156 548 nautis
1201 502 1361 563 atque
1405 494 1710 549 vectoribus
1743 507 1880 562 prm-
1907 502 1954 557 Α
1983 493 2049 546 Et
2075 503 2222 548 certe
2247 495 2401 564 juxta
2430 497 2746 566 Apostolum
2786 497 2968 569 (Rom.
2995 499 3072 572 lx)
3108 499 3238 556 nihil
3287 502 3340 556 in
3370 503 3560 555 matris

306 584 400 636 hct
428 584 798 638 umbraculmn
834 603 846 638 :
881 585 946 637 de
978 584 1270 654 hyacintho
1299 592 1354 638 et
1391 599 1627 652 purpura
1661 583 1740 648 ﬁt,
1766 597 1885 651 qum

303 685 432 729 sunt
462 677 525 729 dc
556 676 764 738 insulis,
796 676 941 729 Elisa
977 675 1107 728 lonii
1133 675 1299 728 maris
1325 675 1402 728 sic
1430 672 1704 743 appellans
1734 675 1884 727 insu-

304 767 416 832 las;
444 783 605 838 porro
627 767 782 837 juxta
804 767 945 821 LXX
965 768 1032 821 de
1056 768 1218 837 bysso
1241 767 1292 820 in
1319 775 1546 822 stratum
1571 774 1619 819 et
1643 765 1884 834 requiem

306 859 483 929 Tyria:
515 859 664 912 navis
690 859 988 912 velamenta
1023 865 1293 920 texuntur,
1325 865 1384 910 ut
1427 857 1510 908 his
1538 864 1722 924 aperta
1765 857 1883 922 glo-

305 952 501 1006 riosior
531 953 619 1011 sit,
651 959 704 1004 et
728 951 1056 1004 circumdata
1090 950 1344 1002 amictum
1378 949 1573 1001 haheat
1609 947 1882 1016 pulchrio—

303 1059 420 1096 rem
445 1062 456 1094 :
478 1045 695 1112 byssum
729 1051 907 1095 autem
935 1040 1124 1094 referri
1153 1039 1219 1093 ad
1257 1049 1477 1100 terram,
1497 1038 1621 1108 quia
1645 1052 1709 1089 ex
1739 1046 1880 1089 terra

299 1135 497 1195 Oritur,
528 1142 579 1185 et
609 1133 954 1202 hyacinthum
986 1132 1050 1184 ad
1079 1146 1281 1195 aerem,
1312 1145 1600 1199 purpuram
1624 1128 1691 1180 ad
1733 1142 1882 1180 mare

299 1237 369 1277 ex
402 1238 506 1290 quo
553 1222 854 1283 conﬁcitur,
887 1221 1065 1274 addito
1103 1220 1320 1272 coccino
1353 1220 1434 1272 bis
1462 1219 1652 1281 tincto,
1688 1219 1881 1287 quibus

303 1311 576 1381 pontiﬁcis
635 1311 948 1364 vestimenta
1000 1317 1276 1372 texuntur,
1322 1323 1462 1377 szepe
1509 1307 1882 1360 admonuimus

301 1397 449 1464 quod
504 1405 734 1465 quatuor
759 1395 1020 1448 elementa
1050 1393 1370 1465 signiﬁcent,
1423 1403 1645 1455 terram,
1679 1392 1877 1461 ignem,

298 1501 510 1549 acrem,
558 1496 611 1540 et
662 1500 848 1554 aquas,
885 1501 950 1538 ex
989 1485 1182 1552 quibus
1231 1489 1480 1538 constant
1525 1481 1726 1545 omnia,
1762 1495 1881 1548 quae

299 1576 406 1631 sibi
459 1574 746 1644 assumpsit
781 1574 974 1644 Tyrus,
1007 1581 1064 1626 ut
1112 1573 1204 1626 Dei
1236 1571 1498 1626 creaturis
1542 1585 1649 1624 non
1696 1579 1881 1624 utatur

297 1681 428 1721 cum
467 1665 659 1734 gratia,
690 1664 783 1718 sed
813 1664 979 1726 dicat,
1012 1683 1028 1712 ι
1052 1660 1281 1716 Perfecti
1308 1662 1518 1716 decoris
1545 1675 1645 1730 ego
1674 1675 1814 1724 sum,
1855 1680 1876 1712 ι

297 1755 388 1809 vel
415 1755 663 1808 decorem
694 1753 822 1806 mihi
851 1753 962 1821 ipsa
1001 1751 1349 1806 circumdedi.

1987 592 2140 638 utero
2173 587 2450 641 coristituti
2475 588 2599 641 boni
2626 588 2707 642 vel
2739 590 2862 642 mali
2888 589 3144 655 fecerant,
3167 606 3265 646 nec
3291 591 3562 646 hauebant

1986 676 2235 729 meritum
2271 692 2370 730 nec
2415 677 2695 742 oﬁ'eusam,
2729 688 2787 732 ut
2827 679 2962 733 alter
2985 680 3294 750 eligeretur,
3329 691 3384 736 et
3424 681 3562 736 alter

1986 767 2326 835 abjiceretur,
2351 768 2454 822 nisi
2478 771 2618 837 quod
2646 771 2698 822 in
2728 779 2872 840 typo.
2904 781 2961 824 ut
2984 771 3234 835 diximus,
3261 771 3560 843 Synagnga:

1983 866 2038 908 et
2052 857 2323 920 Ecclesim,
2341 859 2521 911 senior
2539 859 2834 928 repellitur,
2851 869 2902 914 et
2915 861 3205 914 assumitur
3210 861 3413 930 junior.
3431 861 3546 916 0m-

1983 962 2098 1009 nes,
2128 948 2317 1016 inquit,
2362 963 2524 1004 naves
2563 951 2726 1004 maris
2755 961 2808 1004 et
2844 963 3021 1004 nautae
3045 967 3232 1006 earum
3263 952 3481 1007 fuerunt
3501 953 3558 1008 in

1982 1037 2174 1104 populo
2209 1038 2588 1106 negotiationis
2619 1038 2811 1108 Tyrize,
2844 1041 2958 1093 sive
3004 1040 3056 1092 in
3096 1042 3376 1094 occidente
3414 1041 3558 1096 occi-

1981 1128 2177 1189 dentis,
2201 1131 2468 1195 quomodo
2492 1130 2978 1183 diciturCanticum
3004 1133 3356 1199 canticorum,
3387 1143 3442 1188 et
3459 1148 3562 1188 sre-

1981 1218 2098 1270 cula
2133 1220 2472 1284 saeculorum,
2502 1229 2557 1274 ct
2576 1236 2739 1290 opera
2781 1238 3026 1290 operum,
3055 1233 3114 1276 ut
3151 1225 3419 1278 canticum
3450 1240 3560 1278 ma-

1974 1308 2064 1377 jus
2099 1309 2220 1362 aliis
2248 1310 2476 1364 canticis
2520 1310 2610 1375 sit,
2642 1318 2696 1363 et
2726 1311 2979 1364 smcuium
3023 1311 3281 1379 prolixius
3310 1312 3430 1366 aliis
3460 1329 3558 1366 sas.

1979 1398 2136 1461 culis,
2168 1415 2410 1468 opusque
2445 1400 2655 1454 eteteris
2679 1401 2932 1468 operibus
2958 1401 3142 1454 utilius
3170 1419 3183 1454 :
3215 1402 3292 1454 sic
3322 1402 3558 1470 appella-

1983 1496 2068 1542 tur
2109 1489 2361 1544 occidens
2409 1491 2722 1554 occidentis,
2761 1499 2818 1544 ut
2868 1492 3286 1560 magnitudinem
3315 1492 3558 1546 occiden-

1979 1579 2163 1633 talium
2192 1579 2422 1648 partium
2450 1580 2732 1650 signiﬁcet.
2767 1580 2833 1633 Et
2860 1579 3094 1649 pulchra:
3121 1595 3286 1634 naves
3315 1580 3481 1634 maris
3502 1590 3558 1634 et

1978 1677 2155 1723 nauta:
2183 1684 2368 1724 earum
2393 1677 2447 1721 et
2483 1669 2733 1737 remiges,
2761 1671 2850 1738 qui
2883 1669 2933 1722 in
2965 1669 3142 1739 Tyria:
3180 1669 3332 1722 navis
3357 1669 3557 1724 auxilio

1979 1765 2121 1820 sunt,
2153 1771 2257 1809 non
2279 1765 2506 1827 pergunt
2532 1758 2598 1810 ad
2623 1757 2908 1819 orientem,
2937 1773 3040 1810 nec
3083 1757 3149 1811 ad
3177 1766 3355 1810 ortum
3399 1756 3560 1811 lumi-

378 1864 396 1896 ‹
437 1829 776 1898 Ηιὼίιειιότθε
826 1841 1043 1896 Sidonis
1076 1849 1131 1896 et
1158 1841 1342 1895 Aradii
1391 1839 1607 1894 fuerunt
1649 1840 1879 1908 remiges
1905 1835 1953 1894 B
1982 1848 2084 1912 nis,
2111 1847 2202 1901 ubi
2232 1847 2313 1901 soi
2342 1844 2568 1914 justiua;
2590 1846 2849 1908 nascitur,
2881 1847 2974 1900 sed
3013 1847 3080 1900 ad
3109 1845 3442 1900 occidentem
3469 1860 3560 1900 οο.

302 1953 330 1990 α
365 1937 461 1990 tui.
497 1935 780 2007 Sapientes
818 1935 914 2000 tui,
946 1934 1108 2005 Tyro,
1161 1932 1288 1986 facti
1337 1940 1463 1986 sunt
1491 1931 1878 2001 gubernatores

304 2045 324 2078 ι
365 2027 459 2080 tui.
491 2040 648 2081 senes
667 2025 828 2081 Giblii
856 2035 910 2079 et
933 2024 1225 2094 prudentes
1245 2023 1360 2092 ejus
1383 2023 1725 2092 praebuerunt
1746 2035 1880 2074 nau-

303 2135 324 2167 s
363 2126 467 2179 tas,
494 2117 556 2170 ad
582 2116 938 2170 ministerium
965 2115 1128 2168 variae
1155 2112 1502 2182 supellectilis
1532 2121 1654 2166 tua).
1679 2112 1878 2166 Omnes

303 2226 323 2256 ο
365 2222 526 2260 naves
557 2207 721 2260 maris
741 2215 796 2260 et
823 2215 998 2260 nautm
1021 2219 1206 2259 earum
1236 2203 1452 2258 fuerunt
1478 2203 1528 2257 in
1561 2202 1758 2270 populo
1784 2217 1878 2254 ne-

303 2315 324 2346 (
363 2296 673 2366 gotiationis
697 2305 851 2349 tuae.»
875 2295 1092 2349 Dixerat
1114 2309 1274 2363 supra
1295 2293 1588 2347 :«Finitimi
1613 2293 1688 2346 tui
1711 2291 1801 2360 qui
1828 2300 1879 2345 le

295 2385 702 2439 aediﬁcaveruut
725 2383 1080 2454 impleverunt
1101 2385 1348 2438 decorem
1372 2391 1571 2444 tuum,»
1592 2391 1876 2450 antequam

296 2476 521 2529 veniant
547 2473 614 2528 ad
645 2489 738 2528 eos
764 2475 855 2543 qui
893 2475 1047 2543 longe
1076 2475 1338 2536 habitant,
1365 2473 1730 2542 proximarum
1755 2486 1880 2541 pro-

299 2565 602 2620 vinciarum
626 2564 883 2618 describit
904 2564 1121 2618 auxilia.
1161 2563 1526 2625 Habitatores,
1559 2561 1751 2629 inquit,
1778 2561 1876 2625 tui,

297 2656 416 2710 sive
441 2655 709 2724 principes
735 2654 952 2708 Sidonis
975 2662 1030 2709 et
1066 2653 1272 2718 Aradii,
1299 2667 1419 2721 quae
1450 2652 1623 2705 vicina
1665 2661 1748 2704 est
1793 2651 1877 2703 in-

298 2745 443 2809 sula,
468 2745 699 2815 remiges
721 2744 827 2809 tui;
847 2744 1116 2813 sapientes
1136 2744 1233 2808 tui,
1249 2758 1283 2795 ο
1302 2742 1461 2811 Tyrc,
1480 2741 1604 2794 facti
1637 2751 1760 2794 sunt
1783 2727 1879 2810 gu-

297 2835 618 2888 bernatores
643 2833 740 2886 tui.
769 2833 848 2885 Ad
893 2833 1162 2902 sapientes
1206 2832 1350 2887 enim
1385 2831 1598 2900 proprie
1646 2831 1878 2899 pertinet

296 2923 644 2993 gubernatio,
676 2922 952 2993 Scriptura
979 2923 1189 2977 dicente
1217 2936 1232 2974 :
1266 2940 1284 2971 ι
1307 2922 1512 2988 Quibus
1546 2935 1650 2973 non
1677 2928 1760 2974 est
1784 2934 1879 2989 gu-

297 3014 784 3080 bernatio,cadunt
803 3013 958 3083 quasi
990 3011 1167 3068 folia.»
1189 3013 1357 3067 Senes
1388 3011 1501 3065 sive
1526 3011 1768 3065 seniores
1787 3009 1879 3064 Gi-

297 3105 393 3160 blii
425 3115 481 3158 et
509 3105 797 3173 prudentes
821 3105 937 3174 ejus
957 3103 1301 3172 praebuerunt
1325 3110 1518 3155 nautas
1541 3100 1608 3154 ad
1636 3099 1880 3153 ministe—

1977 1942 2224 2008 cidentis,
2257 1943 2346 1996 ubi
2390 1941 2568 1998 lumen
2614 1943 2902 2007 occumbit,
2931 1953 2989 1999 et
3025 1943 3164 1996 unde
3211 1942 3552 1996 tenebrarum

1977 2034 2256 2090 exordium
2283 2041 2385 2088 est.

2053 2143 2070 2174 ‹
2104 2122 2279 2176 Per-sae
2303 2131 2358 2176 et
2383 2123 2560 2193 Lydii,
2591 2131 2646 2177 et
2665 2123 2859 2192 Libyes
2888 2136 3044 2177 erant
3086 2123 3139 2175 in
3163 2122 3403 2176 exercitu
3441 2127 3554 2184 tuo,

1984 2229 2002 2262 α
2035 2213 2137 2264 viri
2166 2211 2452 2266 bellatores
2503 2213 2600 2277 tui,
2629 2213 2874 2282 clypeum
2913 2220 2968 2265 et
3011 2211 3216 2281 galeam
3263 2211 3557 2279 suspende-

1982 2318 2000 2350 ι
2033 2308 2156 2352 runt
2184 2301 2238 2352 in
2282 2307 2335 2353 te
2360 2315 2457 2368 pro
2479 2309 2672 2353 ornatu
2709 2309 2819 2352 tuo.
2859 2318 2877 2348 ι
2914 2299 3105 2352 Persas
3132 2297 3300 2351 fuisse
3329 2297 3557 2350 fortissi-

1977 2406 2113 2454 mos,
2144 2407 2373 2459 quorum
2418 2405 2512 2444 rex
2537 2391 2709 2460 Cyrus
2749 2391 2898 2444 lsaize
2925 2390 3180 2444 vaticinio
3209 2389 3551 2457 praedicatus,

1977 2481 2234 2534 subverso
2263 2480 2481 2549 Astiage
2510 2495 2634 2550 rege
2672 2480 2965 2542 Medorum,
2999 2478 3321 2548 Babylonem
3365 2491 3546 2545 cmpe-

1979 2569 2066 2632 rit,
2095 2576 2150 2622 et
2183 2583 2338 2622 sacra
2365 2576 2418 2622 et
2445 2569 2719 2622 saecularis
2742 2575 2926 2620 narrat
2945 2566 3190 2619 historia.
3214 2563 3391 2634 Lydos
3416 2579 3550 2632 quo-

1977 2676 2082 2730 que
2105 2661 2197 2715 illo
2237 2670 2478 2729 tempore
2507 2660 2648 2714 inter
2671 2668 2858 2729 gentes
2907 2656 3307 2711 robustissimas
3340 2665 3554 2723 reputa-

1978 2759 2080 2815 tos,
2107 2767 2335 2820 quorum
2367 2767 2460 2806 rex
2492 2751 2710 2806 Crmsus
2737 2749 2805 2804 ab
2833 2750 3018 2803 eodem
3045 2747 3187 2818 Cyro
3229 2755 3417 2816 captus
3459 2747 3548 2809 sit,

1978 2841 2273 2911 Xenophon
2303 2841 2492 2897 scribit
2519 2842 2852 2912 plenissime,
2876 2851 2930 2894 et
2956 2841 3153 2910 Libyas
3181 2856 3303 2894 cum
3343 2840 3551 2910 Trogo-

1977 2934 2137 3004 dytis,
2179 2947 2235 2988 et
2279 2933 2626 3002 Ethiopibus
2674 2933 2883 2987 venisse
2928 2939 3114 2986 contra
3155 2929 3450 2985 Jerusalem
3498 2930 3552 2982 in

1976 3023 2425 3094 Paralipomenon
2445 3023 2719 3079 volumine
2744 3022 2989 3092 legimus.
3009 3022 3110 3088 Qui
3139 3022 3265 3091 quia
3290 3020 3393 3074 illis
3420 3028 3554 3075 tem-

1977 3114 2198 3184 poribus
2247 3114 2612 3168 ﬁorent-issimi
2641 3119 2796 3168 erant
2841 3120 2896 3166 et
2932 3110 3124 3166 famosi
3155 3113 3220 3172 ad
3249 3110 3432 3180 praelia
3458 3125 3556 3180 pu-

301 3197 464 3259 rium,
498 3196 613 3249 sive
647 3195 1082 3249 confortaverunt
1111 3191 1392 3247 consilium
1419 3189 1565 3260 Tyri,
1591 3197 1647 3242 et
1671 3190 1873 3241 variam
1901 3182 1946 3244 C
1977 3182 2247 3273 έιωιοι-θε,
2272 3202 2449 3273 Tyria;
2472 3203 2623 3258 ιιι-διε
2651 3201 2962 3256 defensores
2994 3213 3113 3255 esse
3162 3208 3552 3264 memorantur,

295 3285 684 3356 supellectilem
731 3284 1090 3354 pnehuerunt.
1143 3281 1450 3348 Omnesque
1498 3279 1666 3332 maris
1709 3290 1872 3330 naves

295 3387 356 3432 et
382 3383 563 3431 nauta:
590 3391 776 3430 earum
813 3375 1028 3430 fuerunt
1065 3374 1116 3426 in
1150 3371 1344 3440 populo
1373 3366 1749 3437 negotiationis
1772 3365 1875 3436 'l‘yo

299 3469 417 3532 riae,
455 3467 570 3521 sive
596 3465 650 3519 in
678 3465 955 3519 occidente
980 3461 1292 3517 occidentis.
1314 3457 1425 3512 iloc
1459 3458 1650 3511 iterum
1677 3469 1872 3508 secun-

297 3557 429 3610 dum
477 3556 730 3610 litteram.
758 3555 1021 3608 Czeterum
1051 3552 1202 3622 juxta
1252 3549 1506 3619 mysticos
1549 3545 1872 3608 intellectus,

299 3647 428 3716 quia
463 3644 670 3700 Sidonii
699 3646 1119 3713 interpretantur
1147 3651 1448 3704 venatores,
1487 3648 1542 3694 et
1578 3639 1760 3692 Aradii
1785 3639 1877 3693 de-

299 3745 583 3807 ponentes,
607 3735 846 3790 dicemus
868 3734 1066 3803 Tyrum
1105 3732 1392 3801 gloriosam
1446 3740 1502 3784 et
1549 3729 1876 3796 superbissi-

303 3844 449 3882 mam
479 3829 770 3891 civitatem,
801 3841 920 3896 qua:
941 3833 1100 3879 vento
1127 3823 1288 3876 ﬂante
1329 3829 1517 3892 postea
1551 3821 1876 3875 conterenda

301 3927 406 3981 est,
450 3918 648 3971 habere
678 3917 824 3972 cives
864 3915 978 3970 sive
1009 3913 1278 3984 principes
1314 3918 1614 3972 venatores,
1645 3909 1712 3963 de
1754 3909 1877 3977 qui-

303 4008 407 4062 bus
435 4007 695 4077 scriptum
725 4013 809 4061 est
834 4023 848 4059 :
881 4023 900 4056 ι
933 4003 1125 4058 Anima
1156 4011 1337 4058 nostra
1369 4000 1522 4071 quasi
1553 4015 1740 4067 passer
1760 4014 1878 4054 ere-

303 4107 396 4168 pta
443 4106 529 4152 est
578 4098 643 4152 de
689 4097 879 4166 laqueo
926 4093 1236 4148 venantium
1258 4089 1430 4163 (l’sal.
1481 4091 1694 4158 cum).
1727 4109 1746 4140 ι
1779 4088 1878 4142 Ubi

301 4188 452 4242 enim
481 4202 580 4242 nos
623 4187 850 4254 legimus
894 4184 1224 4249 venantium,
1269 4183 1321 4236 in
1349 4181 1576 4236 Hebraeo
1618 4180 1878 4248 scriptum

303 4287 390 4334 εει
438 4277 778 4332 Sidoniorum
805 4294 819 4330 :
846 4274 938 4331 lsti
969 4283 1238 4329 venantur
1264 4272 1506 4327 incautas
1557 4271 1787 4334 animas,
1824 4270 1879 4324 in

303 4370 622 4426 sublimibus
649 4368 988 4431 constitutas,
1017 4365 1085 4421 ad
1113 4376 1328 4421 terrena
1368 4363 1659 4427 deducunt,
1687 4371 1742 4416 et
1765 4361 1877 4416 eiii-

303 4463 523 4517 ciuntur
553 4459 782 4528 remiges
807 4466 864 4512 ut
893 4458 1091 4512 ducant
1111 4471 1205 4511 eas
1231 4456 1299 4509 ad
1328 4452 1626 4523 naufragia.
1653 4450 1878 4522 Sapien-

306 4563 390 4608 tes
416 4560 597 4606 autem
627 4550 774 4621 Tyri,
815 4549 906 4619 qui
955 4549 1010 4602 in
1044 4546 1241 4601 malam
1279 4556 1488 4615 partem
1518 4543 1876 4614 accipiuntur,

303 4660 402 4715 per
428 4659 591 4712 quam
623 4641 978 4711 sapientiores
1011 4648 1139 4694 sunt
1163 4637 1258 4693 lilii
1291 4636 1635 4690 tenebrarum
1755 4634 1880 4688 ﬁliis

306 4737 461 4799 lucis,
493 4735 594 4804 ipsi
621 4736 922 4805 gubernant
951 4732 1152 4803 Tyrum
1196 4729 1474 4798 naufragio
1500 4734 1877 4796 prmparatam.

306 4828 565 4884 seniores
600 4824 759 4880 Gihlii
790 4833 845 4879 et
877 4825 1164 4893 prudentes
1202 4820 1319 4888 ejus
1361 4820 1704 4888 prmbuerunt
1750 4831 1881 4870 nau—

306 4927 391 4972 tas
415 4917 558 4988 Tyro
594 4918 660 4971 ad
687 4915 1065 4978 ministerium,
1096 4914 1210 4967 sive
1236 4911 1672 4965 conici-laverunt
1699 4906 1880 4962 consi-

308 5010 438 5063 lium
460 5008 597 5078 ejus.
631 5007 796 5062 Sacra
843 5014 1028 5060 narrat
1073 5003 1296 5058 historia
1344 5001 1582 5055 seniores
1615 4998 1876 5068 plurimos

307 5101 478 5156 fuisse
523 5114 554 5153 a
601 5099 829 5154 Domino
863 5099 1197 5168 reprobatos,
1224 5103 1280 5149 et
1317 5093 1560 5164 juniores
1584 5091 1782 5146 electos
1822 5090 1877 5144 in

310 5204 494 5260 typum
521 5189 817 5260 Synagogze
843 5197 898 5241 et
925 5186 1196 5240 Ecclesia.
1231 5184 1423 5238 Senior
1445 5182 1575 5236 Cain
1607 5181 1877 5250 abjicitur,

308 5290 364 5334 et
387 5280 521 5335 Abel
555 5279 738 5347 junior
779 5277 1011 5346 eligitur.
1044 5273 1233 5332 lsmael
1270 5273 1409 5329 ﬁlius
1435 5272 1726 5335 Abraham,
1753 5270 1881 5324 alie-

312 5387 412 5425 nus
437 5387 466 5423 a
493 5381 647 5440 patre
673 5379 774 5431 est,
798 5377 853 5422 et
877 5367 1025 5423 Isaac
1044 5367 1226 5435 junior
1253 5365 1621 5420 haereditatem
1643 5363 1878 5432 accepit;

312 5462 546 5516 ﬁliorum
589 5475 802 5529 quoque
848 5459 996 5513 Isaac
1057 5459 1237 5514 senior
1277 5459 1418 5514 Esau
1447 5468 1670 5512 venator
1696 5467 1796 5519 est,
1829 5464 1886 5511 et

310 5560 540 5620 vagatur
588 5551 641 5604 in
690 5550 911 5604 saltibus
943 5568 954 5602 :
983 5549 1164 5616 junior
1207 5547 1373 5604 Jacob
1422 5549 1736 5618 simpliciter
1782 5547 1883 5600 do-

311 5657 459 5696 mum
490 5640 713 5695 habitat.
762 5640 908 5695 Unde
957 5640 1214 5708 scriptum
1249 5648 1336 5693 est
1376 5648 1431 5693 et
1481 5641 1534 5693 in
1577 5639 1878 5693 Malacliia:

318 5753 342 5788 ι
361 5731 530 5790 Iacob
559 5732 745 5797 dilexi,
769 5733 906 5786 Esau
933 5741 1112 5784 autem
1141 5731 1265 5785 odio
1297 5731 1455 5785 habui
1481 5729 1733 5800 (Malarh.
1760 5732 1820 5800 ι).
1857 5750 1874 5782 i

1971 3297 2029 3342 et
2054 3290 2121 3343 ad
2167 3289 2448 3343 terrendos
2477 3289 2658 3343 hostes
2685 3297 2836 3342 scuta
2882 3295 2937 3341 et
2966 3285 3145 3354 galeas
3173 3287 3227 3340 in
3277 3301 3556 3343 murorum

1972 3377 2388 3447 propugnaculis
2430 3377 2796 3446 suspendisse.
2829 3375 3100 3444 Spiritalis
3144 3383 3322 3428 autem
3361 3375 3554 3430 intelli-

1973 3467 2153 3537 gentia
2200 3466 2326 3520 illud
2374 3474 2550 3529 sonat,
2578 3465 2719 3533 quod
2770 3463 2967 3526 Persae,
2991 3462 3082 3532 qui
3129 3463 3553 3532 interpretantur

1977 3565 2245 3612 tentantes
2275 3555 2389 3609 sive
2425 3554 2629 3616 tentati,
2661 3561 2716 3608 et
2751 3552 2922 3622 Lydii,
2968 3567 3105 3620 quos
3143 3560 3427 3622 generatos
3468 3553 3551 3606 in-

1977 3648 2285 3718 telligimus,
2314 3655 2368 3700 et
2405 3645 2618 3715 Libyes,
2647 3643 2739 3710 qui
2788 3641 3052 3696 Hebraico
3087 3656 3336 3696 sermone
3363 3641 3549 3710 appel-

1977 3741 2156 3795 lantur
2181 3741 2334 3809 phut,
2363 3746 2419 3791 et
2446 3744 2727 3790 vertuntur
2753 3734 2806 3787 iu
2834 3747 2896 3788 os
2924 3732 2993 3786 ab
3016 3747 3112 3787 ore
3141 3747 3252 3787 non
3293 3733 3362 3787 ab
3403 3746 3548 3798 osse,

1978 3831 2176 3885 frustra
2223 3830 2427 3898 Tyrum
2456 3826 2696 3880 nitantur
2739 3822 3043 3886 defendere,
3075 3823 3203 3878 dum
3259 3823 3554 3880 teutatione

1979 3929 2299 3992 superentur
2324 3925 2378 3973 et
2420 3915 2753 3988 generationi
2785 3929 2851 3968 ac
2877 3913 3087 3970 libidini
3116 3913 3378 3980 serviant,
3430 3928 3554 3970 cas-

1979 4027 2144 4081 saque
2187 4016 2394 4064 tantum
2425 4006 2590 4062 verba
2617 4003 2994 4074 multiplicent,
3017 4017 3124 4058 non
3169 4001 3430 4060 habentes
3461 4019 3554 4074 ga-

1979 4104 2117 4158 leam
2145 4100 2354 4166 salutis,
2387 4112 2488 4153 nec
2521 4104 2733 4152 scutum
2758 4095 2906 4161 ﬁdei,
2934 4095 3028 4150 sed
3075 4092 3301 4164 gloriam
3347 4100 3552 4148 tantum

1981 4192 2368 4261 strepitumque
2401 4200 2710 4244 sermonum
2760 4185 3099 4257 praetendant
3122 4183 3190 4238 ad
3217 4191 3465 4238 ornatum
3491 4181 3557 4236 il-

1979 4283 2102 4338 lius.

2055 4394 2072 4427 ι
2103 4373 2225 4429 Filii
2248 4371 2433 4428 Aradii
2465 4386 2584 4426 cum
2619 4367 2860 4425 exercitu
2902 4381 3000 4422 suo
3045 4371 3201 4418 erant
3229 4375 3390 4430 super
3429 4375 3553 4413 mu-

1985 4485 2004 4518 ι
2039 4481 2130 4520 ros
2155 4473 2276 4520 tuos
2316 4464 2372 4518 in
2409 4462 2658 4518 circuitu.
2695 4459 2800 4514 Sed
2827 4466 2881 4511 et
2904 4455 3144 4526 Pigmmi,
3177 4453 3268 4522 qui
3310 4457 3466 4506 erant
3500 4450 3552 4503 in

1986 4578 2005 4610 ι
2040 4558 2280 4611 turribus
2303 4555 2429 4619 tuis,
2454 4554 2736 4622 pharetras
2763 4563 2888 4601 suas
2929 4543 3321 4612 suspenderunt
3349 4540 3400 4594 in
3429 4553 3552 4592 mu-

1986 4667 2004 4699 ε
2040 4648 2116 4700 ris
2159 4647 2267 4700 tuis
2309 4659 2406 4714 per
2431 4656 2644 4713 gyrum,
2676 4637 2777 4708 ipsi
2807 4633 3211 4705 compleverunt
3254 4627 3554 4700 pulchritu-

1987 4757 2005 4788 ι
2039 4737 2217 4791 dinem
2271 4743 2436 4787 tuam.
2471 4751 2488 4781 ι
2521 4729 2640 4800 (ΙΙ.)
2697 4727 2932 4782 Verbum
2985 4721 3291 4793 gnmadim,
3345 4718 3554 4788 Aquilae

1981 4830 2154 4898 prima
2195 4825 2360 4880 editio
2395 4821 2668 4892 Pigmwos,
2701 4817 3058 4889 Symmachus
3084 4813 3284 4876 Medos,
3329 4809 3554 4880 Septua-

1983 4919 2128 4988 ginta
2146 4916 2404 4977 custodes,
2421 4911 2718 4967 Theodotio
2741 4907 3028 4979 gomadim,
3041 4906 3214 4976 ipsum
3231 4903 3552 4958 Hebraicum

1983 5005 2320 5076 interpretati
2364 5012 2510 5067 sunt,
2549 5001 2783 5055 Aradum
2822 4997 3070 5060 insulam,
3097 5011 3216 5066 qua:
3247 5002 3354 5049 tota
3384 4993 3456 5048 sit
3479 4993 3556 5047 ci-

1982 5100 2123 5153 vitas
2150 5106 2204 5152 et
2227 5107 2414 5152 contra
2457 5109 2517 5150 se
2559 5093 2790 5163 positum
2815 5091 3070 5160 oppidum
3095 5088 3422 5144 Antaradum
3460 5087 3556 5140 ha-

1985 5190 2126 5253 beat,
2169 5189 2451 5255 vicinaque
2481 5187 2550 5241 sit
2575 5185 2717 5255 Tyro
2763 5193 2817 5238 et
2846 5182 3142 5253 praetendat
3190 5181 3244 5234 in
3283 5178 3556 5232 thnicis

1986 5278 2168 5334 littore
2195 5276 2518 5331 continentis
2539 5283 2716 5339 terrae,
2750 5287 2918 5342 usque
2961 5272 3118 5325 hodie
3160 5268 3449 5324 cernimus.
3491 5266 3555 5320 lli

1987 5378 2114 5426 sunt
2158 5368 2212 5422 in
2241 5368 2480 5422 exercitu
2529 5365 2680 5421 urbis
2721 5365 2896 5435 Tyriae
2942 5361 3298 5427 custodesque
3329 5357 3555 5410 turrium

1985 5457 2121 5526 ejus,
2143 5465 2198 5512 et
2218 5457 2609 5526 suspenderunt
2627 5455 2906 5524 pharetras
2927 5465 3054 5506 suas
3072 5464 3168 5518 per
3189 5460 3399 5516 gyrum,
3415 5459 3557 5498 com-

1985 5549 2238 5618 plentque
2256 5545 2704 5616 pulchritudinem
2738 5541 2872 5611 ejus,
2905 5549 2963 5594 ut
2989 5536 3294 5610 sagittarios
3321 5548 3439 5588 esse
3465 5535 3559 5586 do-

1985 5647 2163 5701 ceant,
2195 5637 2309 5691 sive
2351 5635 2577 5706 pygmaei
2617 5643 2760 5697 sunt,
2801 5633 2903 5686 hoc
2933 5639 3016 5686 est
3058 5627 3369 5687 bellatores,
3394 5634 3449 5677 et
3491 5625 3557 5679 ad

1987 5729 2122 5784 bella
2161 5718 2563 5796 promptissimi.
2592 5725 2685 5780 Sin
2713 5733 2889 5778 autem
2911 5720 3092 5775 Aradii
3122 5718 3450 5787 deponentes
3475 5731 3557 5769 so-
