3954 6182
417 317 523 374 ’175

1052 313 1108 366 Β.
1150 307 1399 364 RABANI
1436 305 1652 362 MAURI
1691 303 2005 362 ARCIIIEP.
2048 299 2355 359 MOGUNT.
2398 299 2682 357 ΟΡΕῆοΜ
2720 298 2899 355 PARS
2934 299 2997 353 ll.

3551 301 3654 360 776

415 430 567 488 nant,
588 437 765 477 omnis
802 425 892 491 qui
930 419 1212 491 praetendit
1251 418 1366 474 falsi
1413 417 1644 472 nominis
1680 417 1980 477 scientiam,
2010 424 2060 482 Α
2087 415 2510 479 contemnendis,
2541 414 2682 482 quod
2712 415 2927 485 pr0pric
2964 415 3130 470 Stoici
3159 417 3260 472 sibi
3288 415 3580 480 vindicant,
3604 427 3660 473 et

416 521 472 566 et
505 511 666 568 habet
700 513 750 566 in
797 514 1044 581 pharetra
1078 510 1308 580 pectoris
1345 511 1430 564 sui
1459 508 1626 578 ignita
1665 506 1862 561 diaboli
1903 507 1987 576 ja-

419 602 558 666 rnla,
587 602 778 669 quibus
803 601 1146 669 deceptorum
1185 600 1346 654 corda
1376 599 1646 661 vulnerat,
1674 605 1837 665 atque
1865 613 1988 652 suc-

420 694 630 755 condat,
661 691 888 745 Aradius
933 691 1277 760 appellandus
1311 699 1411 744 est.
1448 688 1609 758 Cupit
1652 687 1794 741 enim
1823 687 1988 756 depo-

420 797 546 835 nere
565 796 656 834 eos
675 781 764 849 qui
789 780 1034 833 nituntur
1058 781 1124 833 ad
1150 779 1258 832 alta
1282 778 1664 841 conscendere,
1685 784 1742 830 et
1757 774 1988 844 complet

417 869 864 940 pulchritudinem
881 868 1026 939 Tyri,
1045 869 1110 922 de
1129 883 1234 935 qua
1255 876 1309 921 et
1331 867 1382 919 in
1407 865 1711 920 Proverbiis
1727 864 1988 932 scriptum

417 970 536 1011 est:
571 976 587 1005 ι
631 955 744 1009 Non
774 966 824 1009 te
849 957 1077 1025 decipiat
1106 955 1516 1024 pulchritudinis
1550 953 1892 1016 desiderium,
1923 967 1990 1007 ne

417 1049 647 1117 capiaris
672 1048 842 1101 oculis
870 1048 994 1100 tuis.
1030 1066 1048 1097 ι
1082 1047 1146 1100 Et
1175 1047 1367 1099 iterum
1406 1063 1418 1097 :
1467 1064 1484 1096 ι
1523 1045 1672 1099 Sicut
1710 1044 1914 1098 inauris
1934 1043 1988 1097 in

419 1140 639 1194 naribus
651 1155 845 1208 porcae,
862 1140 939 1193 sic
956 1139 1165 1193 mulieri
1192 1138 1330 1192 male
1350 1146 1569 1191 morata:
1584 1135 1940 1207 pulchritudo.
1965 1154 1983 1185 ι

493 1249 510 1280 ι
544 1229 1014 1298 Carthaginienses
1061 1229 1420 1298 negotiatores
1463 1227 1539 1280 tui
1585 1242 1615 1280 a
1652 1225 1993 1280 multitudine

423 1337 442 1368 ι
479 1327 792 1373 cunctarum
811 1320 1135 1382 divitiarum,
1155 1326 1399 1388 argento,
1425 1317 1585 1377 ferro,
1606 1326 1799 1370 stanno
1819 1316 1992 1384 plum-

423 1430 440 1460 ι
477 1411 650 1479 boque
679 1411 1017 1479 repleverunt
1059 1409 1325 1462 nundinas
1360 1416 1498 1462 tuas.
1531 1425 1549 1456 ι
1587 1405 1711 1473 Non.
1734 1403 1905 1458 soluat
1937 1404 1990 1458 in

415 1502 663 1569 praesenti
691 1501 824 1564 loco,
851 1501 943 1554 sed
967 1509 1021 1552 et
1043 1500 1094 1552 in
1117 1499 1252 1553 Isaia
1273 1499 1531 1567 scriptum
1553 1506 1637 1551 est
1665 1514 1677 1549 :
1709 1516 1727 1546 ι
1759 1495 1990 1559 Ululate,

416 1606 579 1645 naves
607 1590 945 1660 Carthaginis
979 1589 1112 1659 (lsa.
1151 1591 1328 1658 xxiii).
1379 1610 1394 1638 ι
1431 1589 1622 1643 Cmteri
1671 1588 1993 1656 interpretes

414 1682 635 1736 verbum
659 1681 968 1734 hchraicum
995 1679 1379 1734 transtulerunt
1397 1679 1628 1742 Tharsis,
1655 1694 1816 1748 quam
1843 1677 1992 1732 colo-

2085 503 2335 558 videntur
2359 504 2568 558 animas
2593 503 2893 570 hominum,
2921 519 3058 573 quos
3089 503 3420 572 deceperunt
3443 503 3662 558 lucrifa-

2085 607 2228 658 cere,
2267 594 2572 662 habentque
2606 609 2734 648 vasa
2760 609 2910 648 aenea
2955 593 3149 662 quibus
3191 594 3520 648 mentiuntur
3545 593 3661 648 auri

2087 685 2509 747 similitudinem,
2559 700 2677 753 qua:
2724 683 2975 754 ingerunt
3004 683 3214 753 pepulis
3260 682 3412 753 Tyri,
3462 692 3523 738 ut
3570 697 3663 738 eos

2087 774 2233 828 falsae
2261 775 2518 830 doctrinae
2539 773 2791 842 opinione
2813 773 3196 844 supplantent;
3235 774 3300 828 de
3341 773 3498 827 domo
3535 788 3666 842 quo-

2088 880 2192 934 que
2245 865 2569 936 Thogorma,
2620 868 2763 934 quod
2815 865 3202 934 interpretatur
3248 865 3564 934 peregrinus
3611 873 3666 919 et

2089 959 2312 1021 advena,
2345 959 2410 1012 ad
2440 956 2615 1012 forum
2637 965 2694 1010 et
2715 955 2980 1010 nundinas
3014 955 3131 1024 ejus
3169 956 3292 1024 equi
3333 955 3666 1010 adducentur

2088 1057 2143 1102 et
2164 1047 2370 1115 equites
2407 1055 2463 1100 et
2491 1045 2644 1109 muli,
2669 1046 2736 1099 de
2762 1044 2956 1113 quibus
2977 1045 3233 1114 scriptum
3270 1053 3353 1098 est
3382 1062 3394 1096 :
3430 1063 3446 1094 ι
3480 1043 3664 1096 Fallax

2089 1151 2258 1206 equus
2287 1137 2354 1191 ad
2381 1135 2607 1190 salutem
2636 1133 2808 1208 (Psal.
2857 1135 3048 1203 xxxn).
3088 1153 3106 1185 ι
3135 1134 3201 1187 Ει
3246 1134 3301 1186 in
3351 1133 3459 1186 alio
3507 1131 3662 1186 loco:

2095 1246 2113 1280 ι
2159 1227 2594 1282 Dormitaverunt
2645 1243 2879 1291 omnes,
2940 1227 3031 1296 qui
3081 1222 3440 1280 ascenderunt
3500 1235 3666 1290 equos

2093 1317 2263 1389 (I’sal.
2296 1318 2481 1386 Lxxv).
2517 1339 2535 1369 ι
2570 1317 2636 1372 Et
2664 1317 2717 1371 in
2741 1318 2846 1372 alio
2885 1317 3088 1386 psalmo
3117 1335 3129 1368 :
3169 1336 3186 1366 ι
3224 1317 3394 1372 Nolite
3417 1311 3536 1370 fieri
3563 1318 3666 1371 sic-

2093 1418 2153 1462 ut
2187 1421 2359 1477 equus
2386 1414 2443 1460 et
2485 1406 2679 1469 mulus,
2703 1407 2898 1475 quibus
2921 1421 3026 1460 non
3055 1414 3140 1460 est
3161 1407 3464 1460 intellectus
3493 1405 3662 1476 (Psal.

2092 1505 2262 1568 xxxi).
2301 1517 2318 1547 ι
2353 1497 2712 1563 Quamobrem
2756 1506 2812 1551 et
2838 1497 3019 1552 Doech
3067 1507 3368 1560 accusator,
3397 1506 3453 1550 et
3499 1498 3663 1552 inter-

2092 1587 2264 1643 fector
2296 1586 2649 1641 sacerdotum
2682 1585 2970 1654 praefectus
2993 1588 3277 1641 multorum
3327 1587 3442 1651 luit,
3474 1595 3532 1640 et
3572 1588 3665 1642 hos

2091 1695 2212 1734 esse
2237 1681 2302 1734 de
2329 1681 2488 1734 domo
2521 1680 2743 1734 advenae
2791 1687 2950 1748 atque
2979 1678 3264 1749 peregrini,
3295 1678 3386 1747 qui
3434 1693 3544 1732 non
3581 1693 3666 1731 co-

415 1770 561 1823 niam
580 1783 700 1823 esse
713 1769 994 1839 Tyriorum
1017 1769 1147 1822 nulli
1168 1769 1384 1823 dubium
1401 1777 1503 1823 est.
1529 1768 1630 1838 Ipsi
1655 1769 1721 1823 de
1734 1766 1993 1822 Occiden-
2021 1762 2066 1820 Β
2096 1769 2315 1824 medunt
2335 1783 2525 1823 carnes
2558 1769 2705 1839 agni,
2732 1769 2798 1822 de
2839 1768 3034 1836 quibus
3069 1767 3323 1836 scriptum
3351 1776 3435 1821 est
3467 1785 3481 1819 :
3516 1785 3536 1817 ‹
3569 1766 3665 1820 Ad-

419 1861 490 1915 tis
500 1861 743 1928 partibus
759 1869 1002 1929 argento,
1021 1860 1183 1925 ferro,
1200 1868 1389 1930 stagno
1402 1868 1458 1911 et
1481 1857 1696 1928 plumbo
1708 1857 1834 1928 Tyri
1855 1872 1990 1910 nuu-

414 1948 569 2002 dinas
592 1947 990 2015 compleverunt
1021 1967 1032 2000 :
1061 1949 1281 2001 Tharsis
1318 1948 1369 2000 in
1410 1947 1589 2017 lingua
1618 1954 1803 2000 nostra
1835 1954 1993 2001 sonat

413 2036 701 2103 exploratio
735 2037 930 2106 gaudii.
954 2036 1331 2106 Exploratores
1359 2046 1542 2090 autem
1577 2035 1666 2089 hic
1687 2051 1792 2090 non
1823 2034 1874 2087 in
1900 2034 1993 2088 bo-

415 2141 537 2180 nam
553 2136 760 2196 partem
783 2128 1037 2180 debemus
1057 2115 1370 2198 intelligere,
1395 2126 1580 2194 quales
1601 2124 1810 2195 Moyses
1833 2124 1992 2180 mise-

415 2227 499 2270 rat
541 2217 606 2270 ad
650 2217 1029 2284 explorandam
1076 2227 1271 2271 terram
1322 2219 1770 2286 repromissionis,
1803 2218 1895 2273 sed
1933 2218 1990 2274 in

413 2307 762 2372 contrariam,
786 2308 970 2376 quales
989 2317 1043 2362 et
1063 2308 1349 2378 Apostolus
1369 2311 1539 2364 vitare
1565 2325 1624 2364 se
1642 2310 1792 2376 dicit,
1820 2330 1838 2361 ι
1867 2326 1993 2380 pro-

412 2409 532 2468 pter
579 2398 1018 2454 subintroductos
1067 2398 1230 2454 falsos
1274 2400 1491 2464 fratres,
1531 2401 1621 2470 qui
1657 2402 1991 2457 intraverunt

410 2488 692 2556 explorare
744 2487 1051 2544 libertatem
1107 2499 1369 2554 nostram,
1407 2507 1570 2560 quam
1620 2492 1884 2547 habemus
1931 2493 1988 2548 in

410 2579 626 2635 Christo
668 2579 810 2650 (Gal.
848 2581 930 2650 ιι).
966 2601 984 2632 ι
1019 2582 1084 2636 Et
1127 2584 1194 2638 de
1238 2584 1436 2652 quibus
1480 2583 1680 2655 Joseph
1705 2585 1990 2655 loquitur:

417 2688 438 2724 ι
470 2669 852 2742 Exploratores
898 2672 1030 2729 estis
1053 2714 1066 2739 ,
1114 2675 1457 2732 considerare
1500 2675 1722 2748 vestigia
1761 2677 1994 2749 regionis

2094 1875 2227 1914 vena
2247 1869 2301 1915 et
2325 1861 2692 1916 mercenarius
2713 1875 2817 1915 non
2841 1861 3121 1915 comedent
3141 1874 3207 1914 ex
3229 1875 3326 1924 eo;
3353 1878 3372 1911 ι
3400 1868 3461 1913 ιιι
3477 1874 3665 1916 omnes

2092 1950 2343 2004 nundina:
2372 1951 2500 2020 Tyri
2527 1951 2612 2006 bis
2636 1951 3026 2021 compleantur.

2166 2062 2186 2093 ι
2219 2041 2340 2096 Filii
2370 2042 2553 2098 Dedan
2585 2043 2945 2112 negotiatores
2978 2042 3075 2096 tui.
3113 2061 3132 2093 ι
3186 2041 3292 2096 Pro
3335 2057 3444 2111 quo
3487 2041 3665 2097 nescio

2090 2134 2220 2205 quid
2240 2134 2482 2190 volentes
2509 2135 2854 2205 Septuaginta
2875 2155 2892 2186 ι
2925 2134 3061 2188 ﬁlios
3083 2133 3412 2188 Rhodiorum
3443 2153 3463 2185 ι
3505 2134 3667 2190 inter.

2090 2225 2288 2295 pretati
2328 2233 2473 2288 sunt,
2508 2225 2614 2278 nisi
2645 2224 2780 2280 forte
2807 2224 2994 2294 primae
3037 2222 3230 2278 littera:
3263 2221 3380 2277 falsi
3422 2222 3666 2279 similitu-

2091 2314 2216 2367 dine
2240 2322 2301 2366 ut
2330 2329 2427 2382 pro
2474 2313 2656 2368 Dedan
2684 2313 2920 2383 legerent
2946 2312 3154 2375 Radan,
3187 2328 3312 2388 quin
3337 2321 3395 2367 et
3423 2313 3547 2384 ipsa
3569 2312 3663 2383 Cy-

2091 2401 2368 2456 cladarum
2413 2401 2646 2455 maxima
2689 2410 2790 2464 est,
2819 2409 2877 2454 et
2925 2401 2980 2456 in
3020 2401 3167 2462 Ionio
3206 2401 3358 2464 mari,
3391 2402 3662 2470 quondam

2089 2491 2221 2546 urbs
2245 2491 2637 2561 potentissima,
2674 2491 2958 2560 navalique
2989 2491 3286 2550 certamine
3323 2491 3590 2562 gloriosa,
3613 2499 3665 2547 et

2090 2591 2310 2654 propter
2359 2583 2684 2638 tutissimum
2739 2591 2955 2656 portum
3006 2592 3368 2638 mercatorum
3422 2584 3662 2640 omnium

2092 2673 2512 2743 receptaculum.
2551 2673 2618 2732 Et
2655 2673 2782 2750 quia
2825 2672 3018 2730 Rhodii
3065 2672 3118 2730 in
3164 2671 3400 2741 linguam
3426 2681 3663 2729 nostram

415 2763 641 2817 venistis
671 2763 823 2833 (Ceu.
863 2765 1016 2834 xui).
1053 2784 1071 2816 ι
1116 2766 1437 2836 Fratresque
1475 2767 1592 2838 ejus
1632 2769 1994 2838 intelligentes
2089 2771 2373 2820 vertuntur
2399 2763 2642 2822 videntes
2661 2760 2941 2830 judicium,
2971 2762 3037 2816 de
3068 2761 3152 2815 his
3195 2776 3336 2816 nunc
3382 2761 3666 2833 tropologi-

415 2854 618 2908 crimen
642 2869 761 2908 esse
785 2871 893 2908 non
921 2855 1210 2919 modicum,
1241 2856 1414 2911 aliena
1442 2872 1537 2925 per
1565 2857 1787 2913 insidias
1811 2859 1988 2928 explo-
2090 2872 2152 2910 ce
2180 2857 2394 2920 dicitur,
2432 2855 2523 2925 qui
2564 2852 2990 2921 cernuntjudicii
3018 2853 3317 2918 veritatem,
3346 2860 3402 2908 et
3431 2853 3538 2922 ipsi
3561 2870 3662 2914 non

420 2960 563 3009 rare,
610 2945 1004 3012 responderunt
1036 2962 1048 2998 :
1094 2964 1113 2996 ι
1149 2945 1263 3000 Νοιι
1300 2956 1425 3000 sunt
1449 2947 1819 3016 exploratores
1845 2948 1988 3002 servi
2090 2946 2314 3011 iaciunt,
2346 2947 2559 3009 dicente
2580 2945 2834 3014 Aposon
2859 2945 3029 3015 (Itoni.
3062 2949 3122 3014 ιι)
3156 2963 3169 2997 :
3204 2965 3222 2998 ι
3257 2945 3488 3014 Propter
3526 2947 3662 3018 quod

415 3036 513 3091 tui.
546 3055 566 3089 ι
599 3037 695 3091 isti
738 3050 866 3106 ergo
893 3037 1161 3092 nundinas
1196 3038 1323 3108 Tyri
1369 3053 1477 3093 non
1507 3053 1658 3104 auro,
1691 3054 1789 3094 nec
1816 3039 1992 3116 lapide
2020 3101 2058 3116 ﬂ
2091 3037 2470 3099 inexcusabilis
2492 3053 2572 3101 es,
2599 3053 2632 3091 ο
2679 3037 2842 3092 homo
2869 3035 3067 3102 omnis,
3095 3037 3188 3104 qui
3209 3035 3443 3103 judicas.
3472 3035 3536 3089 In
3564 3051 3663 3104 quo

413 3128 670 3196 pretioso,
732 3127 825 3181 sed
879 3136 1120 3194 argento,
1177 3126 1345 3192 ferro,
1401 3136 1610 3196 stagno,
1666 3128 1988 3199 plumboque

414 3217 787 3285 multiplicant,
827 3218 1086 3272 habentes
1125 3217 1324 3288 eloquii
1363 3227 1696 3283 venustatem
1739 3231 1795 3282 et
1834 3236 1984 3275 arma

413 3307 482 3360 ad
503 3306 936 3376 expugnandum,
961 3314 1016 3361 et
1046 3307 1098 3361 in
1122 3316 1312 3380 stagno
1339 3308 1535 3377 eloquii
1558 3308 1982 3374 similitudinem,

410 3396 552 3468 qttod
593 3398 852 3452 mentitur
881 3406 1179 3467 argentum,
1213 3406 1269 3458 et
1311 3399 1364 3454 in
1395 3387 1984 3476 plumboimpietatem

410 3488 804 3559 gravissimam,
829 3487 981 3555 juxta
1009 3487 1324 3550 Zachriam
1349 3487 1535 3556 (Zac/t.
1568 3489 1622 3558 v)
1652 3489 1705 3542 in
1733 3504 1839 3556 quo
1861 3505 1983 3545 mus-

410 3575 508 3632 lier
554 3578 692 3642 sedit
743 3592 902 3649 super
933 3577 1186 3643 talentum
1239 3579 1460 3648 plumbi,
1501 3587 1559 3632 et
1601 3579 1838 3650 Egyptii
1885 3581 1982 3641 de-

412 3668 574 3736 mersi
595 3677 719 3722 sunt
738 3668 792 3721 in
815 3667 1134 3738 profundum
1173 3669 1316 3723 sicut
1337 3669 1632 3738 plumbum.
1665 3669 1848 3740 Longe
1870 3670 1982 3724 sin-

409 3759 653 3845 gulorum
683 3748 972 3830 disputatio
998 3760 1356 3827 metallorum,
1379 3760 1473 3816 sed
1492 3761 1739 3817 brevitati
1763 3763 1983 3819 studen-

411 3850 536 3919 dum
565 3851 664 3902 est.

487 3959 505 3997 ι
543 3939 771 4002 Graecia,
815 3939 1020 3995 Thubal
1065 3949 1120 3996 et
1163 3941 1378 3996 Mosoch
1431 3943 1531 4012 ipsi
1571 3944 1844 4000 institores
1878 3947 1978 4010 tui,

417 4051 437 4100 ς
469 4033 735 4101 mancipia
765 4042 820 4086 et
846 4046 968 4086 vasa
999 4046 1147 4086 amca
1179 4034 1515 4088 adduxerunt
1558 4036 1753 4104 populo
1780 4045 1886 4100 tuo,
1912 4037 1981 4092 de

417 4140 436 4189 ε
467 4122 628 4192 domo
646 4121 946 4193 Thogorma
969 4137 1135 4189 equos
1159 4131 1214 4178 et
1233 4124 1442 4192 equites
1461 4133 1516 4179 et
1543 4125 1715 4180 mulos
1744 4127 1981 4190 adduxe-

416 4221 594 4278 irunt
639 4211 704 4265 ad
764 4212 937 4265 forum
992 4220 1158 4264 tuum.
1207 4231 1224 4263 ι
1276 4213 1457 4277 Jones,
1507 4214 1699 4283 inquit,
1730 4216 1822 4283 qui
1867 4215 1976 4269 He-

409 4304 593 4376 braicc
620 4302 955 4373 appellantur
1002 4301 1167 4356 Javan
1212 4311 1268 4356 et
1317 4304 1555 4369 Thubal,
1599 4305 1648 4358 id
1686 4314 1790 4369 est,
1838 4305 1976 4360 lberi

410 4394 718 4460 orientales,
749 4393 832 4447 vel
878 4393 942 4447 de
989 4391 1293 4448 Occidentis
1321 4394 1563 4461 partibus
1601 4394 1840 4462 Hispani,
1885 4395 1977 4465 qui

410 4486 478 4556 ab
502 4484 654 4554 ibero
684 4483 900 4547 [lumine
928 4485 1030 4542 hoc
1057 4482 1317 4538 vocabulo
1353 4492 1746 4552 nuncupantur.
1776 4485 1840 4538 Et
1865 4485 1978 4540 Mo-

409 4576 535 4646 soch
580 4591 714 4645 quos
757 4575 1098 4644 Cappadocas
1126 4573 1486 4643 intelligimus,
1517 4589 1743 4642 quorum
1780 4583 1979 4629 metro-

409 4664 566 4749 polis,
597 4679 714 4730 qua:
758 4673 941 4731 postea
973 4663 1042 4716 ab
1069 4663 1306 4732 Augusto
1334 4661 1567 4726 Caesare,
1606 4660 1849 4718 Caesarea
1879 4677 1976 4740 ap-

407 4752 599 4834 pellata
636 4759 742 4822 est,
765 4766 931 4820 usque
963 4752 1120 4806 hodie
1160 4753 1338 4822 lingua
1373 4753 1606 4822 ipsorum
1636 4751 1850 4807 Mazaca
1897 4752 1978 4805 di-

408 4837 548 4910 citur
579 4859 592 4894 :
627 4842 712 4895 isti
748 4843 1040 4908 pretiosum
1083 4840 1212 4909 Tyri
1259 4841 1438 4895 fecere
1482 4842 1883 4906 commercium,
1919 4849 1977 4896 ut

410 4931 697 5000 mancipia,
745 4940 798 4984 et
845 4945 994 4983 aenea
1040 4945 1167 4997 vasa
1213 4947 1279 4984 ex
1334 4931 1593 4996 Corintho
1645 4932 1977 4988 adducerent

406 5025 628 5096 Tyrum,
674 5032 729 5081 et
765 5023 830 5076 de
869 5023 1026 5075 domo
1063 5022 1384 5091 Thogorma,
1418 5023 1469 5076 id
1507 5031 1607 5086 est,
1636 5023 1702 5077 de
1742 5022 1973 5093 Phrygia

403 5129 571 5186 equos
621 5121 676 5167 ct
705 5115 914 5183 equites
946 5121 1000 5166 et
1047 5113 1240 5177 mulos,
1289 5128 1515 5182 quorum
1562 5114 1834 5182 quondam
1883 5115 1974 5181 illa

402 5203 679 5279 provincia
715 5203 1004 5270 maximam
1053 5202 1240 5256 habuit
1290 5203 1516 5271 copiam.
1565 5203 1730 5256 Aiunt
1767 5201 1975 5266 Hebrzei

401 5295 684 5360 Graeciam,
709 5294 764 5348 id
797 5302 898 5358 est,
920 5293 1088 5358 Javan
1116 5293 1481 5363 interpretari,
1522 5293 1616 5346 Est
1638 5302 1695 5347 et
1733 5308 1837 5354 non
1867 5303 1970 5360 est,

402 5386 544 5455 quod
570 5385 785 5454 proprie
815 5383 1046 5438 refertur
1079 5383 1146 5444 ad
1188 5383 1504 5452 sapientiam
1553 5383 1885 5448 smcularem,
1917 5384 1972 5437 in

402 5492 503 5546 qua
530 5477 575 5530 si
603 5484 748 5532 recte
788 5475 988 5546 aliquid
1019 5475 1310 5544 reperiunt,
1342 5484 1424 5528 est
1465 5475 1796 5544 appellatur:
1823 5477 1868 5530 si
1917 5476 1969 5530 in

402 5572 729 5626 contrariam
751 5581 977 5640 partem,
1002 5585 1105 5624 non
1124 5577 1225 5624 est.
1246 5568 1406 5623 Multa
1427 5571 1570 5623 enim
1596 5579 1802 5635 natura:
1832 5570 1969 5634 bona

405 5669 461 5724 ct
483 5661 580 5730 ipsi
602 5661 873 5716 disserunt
899 5661 965 5715 de
987 5660 1193 5728 oﬂieiis,
1218 5661 1282 5714 de
1311 5661 1668 5728 continentia,
1685 5663 1752 5717 de
1779 5661 1970 5737 opibus

2091 3131 2233 3184 enim
2251 3130 2466 3199 judicas
2480 3129 2662 3194 alium,
2679 3139 2729 3183 te
2745 3129 2920 3199 ipsum
2939 3128 3292 3183 condemnas:
3308 3129 3508 3184 eadem
3525 3129 3661 3188 enim

2092 3219 2226 3274 facis
2251 3235 2370 3289 quae
2406 3219 2635 3288 judicas.
2672 3239 2690 3272 ι
2726 3219 2831 3273 Sed
2863 3218 3053 3273 melius
3080 3226 3164 3276 est
3209 3218 3389 3276 Dedan
3441 3218 3663 3273 alterius

2089 3309 2189 3365 loci
2220 3325 2413 3365 nomen
2440 3310 2704 3380 accipere,
2729 3317 2789 3362 ut
2816 3317 2870 3364 et
2896 3309 2950 3363 in
2972 3308 3240 3364 'Hebraico
3266 3304 3410 3376 apud
3437 3317 3663 3364 ceteros

2089 3400 2409 3476 interpretes
2436 3400 2684 3462 habetur.

2164 3513 2182 3544 c
2219 3492 2408 3547 Insulae
2463 3492 2643 3546 multae
2700 3491 2992 3563 negotiatio
3043 3505 3234 3544 manus
3287 3499 3412 3544 tuas.
3465 3489 3662 3545 Dentes

2093 3603 2112 3637 ι
2149 3587 2414 3642 eburneos
2449 3593 2504 3638 et
2540 3583 2834 3638 hebeninos
2877 3589 3346 3638 commutaverunt
3383 3581 3440 3634 in
3491 3582 3658 3653 pretio

2093 3694 2112 3727 ι
2146 3685 2258 3731 tuo.
2316 3677 2486 3745 Syrus
2525 3674 2825 3742 negotiator
2853 3681 2976 3727 tuus
3015 3680 3232 3742 propter
3262 3672 3657 3730 multitudinem

2093 3785 2113 3818 ι
2147 3780 2369 3836 operum
2397 3775 2609 3818 tuorum
2636 3771 2860 3834 guttam,
2902 3778 3212 3833 purpuram,
3233 3771 3288 3817 et
3309 3763 3585 3818 scutulata
3609 3771 3661 3818 et

2091 3878 2108 3910 ι
2145 3859 2364 3929 byssum
2419 3865 2472 3910 et
2503 3856 2735 3910 sericum
2767 3863 2821 3910 et
2858 3855 3146 3915 Chodchod
3180 3864 3578 3926 proposuerunt
3606 3855 3657 3910 in

2091 3965 2110 3998 ι
2147 3956 2390 4009 mercatu
2437 3955 2546 4002 tuo.
2586 3965 2602 3997 ι
2639 3944 2820 4016 Usque
2860 3945 3020 4000 hodie
3063 3954 3240 4001 autem
3271 3957 3563 4015 permanet
3605 3948 3656 4002 in

2087 4036 2240 4106 Syris
2269 4035 2538 4107 ingenitus
2563 4034 2944 4105 negotiationis
2981 4034 3164 4099 ardor,
3207 4034 3298 4103 qui
3341 4049 3443 4114 per
3489 4043 3654 4091 totum

2085 4128 2341 4182 mundum
2368 4126 2503 4180 lucri
2535 4127 2828 4197 cupiditate
2849 4126 3177 4189 discurrunt,
3207 4136 3263 4181 et
3288 4137 3500 4182 tantam
3521 4143 3657 4183 mer-

2085 4220 2240 4284 candi
2283 4219 2482 4276 habent
2508 4219 2800 4285 vesaniam,
2826 4228 2884 4273 ut
2921 4230 3184 4291 occupato
3218 4236 3361 4275 nunc
3389 4222 3526 4276 orbe
3555 4221 3655 4277 Ro-

2085 4327 2245 4365 mano
2271 4313 2409 4365 inter
2453 4311 2659 4381 gladios
2685 4321 2739 4366 et
2767 4297 3072 4367 inferorum.
3101 4329 3259 4368 neces
3301 4322 3554 4383 quaerant
3581 4315 3654 4368 di-

2007 4446 2060 4506 D
2087 4404 2244 4458 vitias
2287 4413 2341 4458 ct
2382 4412 2749 4484 paupertatem
2791 4405 3044 4474 periculis
3079 4405 3301 4476 fugiant.
3350 4405 3653 4462 Istiusmodi

2085 4494 2332 4549 homines
2370 4495 2726 4564 negotiatores
2756 4495 2881 4566 Tyri
2921 4503 3064 4560 sunt,
3095 4496 3185 4565 qui
3211 4495 3493 4566 polymita,
3533 4513 3655 4568 pur-

2083 4599 2274 4662 puram
2322 4593 2376 4638 et
2421 4584 2683 4638 scutulata
2735 4593 3062 4640 mercantur.
3094 4585 3317 4654 Byssum
3345 4601 3563 4656 quoque
3601 4595 3652 4640 et

2083 4675 2314 4730 sericum
2361 4683 2415 4728 et
2445 4673 2735 4729 Chodchod
2784 4684 3088 4745 proponunt
3120 4676 3174 4730 in
3223 4689 3470 4732 mercatu
3516 4679 3649 4748 ejus,

2083 4778 2181 4833 pro
2204 4777 2461 4832 purpura,
2489 4779 2647 4832 quam
2677 4779 2865 4820 omnes
2894 4766 3225 4834 interpretati
3267 4776 3395 4821 sunt
3422 4777 3648 4833 stacten,

2084 4853 2262 4916 idest,
2294 4859 2517 4920 guttam,
2561 4851 2696 4906 LXX
2733 4855 3118 4909 transtulerunt
3161 4874 3176 4910 ι
3227 4855 3520 4915 Chodchod
3559 4875 3639 4913 au-

2079 4954 2184 4996 tem
2209 4943 2337 5011 quid
2367 4942 2648 5011 signiﬁcet,
2701 4959 2868 5021 usque
2913 4945 3374 5014 inprzesentiarum
3409 4950 3644 5004 invenire

2077 5047 2183 5088 non
2209 5033 2375 5100 potui.
2402 5032 2569 5086 Aiunt
2595 5031 2806 5096 Hebrmi
2845 5050 3032 5090 omnes
3068 5037 3491 5104 pretiosissimas
3510 5055 3642 5094 mer-

2075 5137 2166 5176 ces
2197 5123 2298 5176 hoc
2341 5125 2558 5178 nomine
2609 5124 2922 5194 signiﬁcari,
2948 5126 3032 5180 vel
3080 5129 3314 5197 speciem
3358 5131 3642 5199 quamdam

2075 5225 2193 5266 esse
2232 5213 2588 5281 pretiosarum
2631 5217 2912 5281 mercium,
2945 5233 3106 5287 quam
3152 5218 3426 5282 Romanus
3466 5237 3642 5279 sermo

2079 5315 2185 5358 non
2214 5309 2431 5356 resonet
2459 5317 2474 5355 :
2502 5303 2586 5356 vel
2605 5306 2910 5360 communis
2923 5291 3166 5362 vocabuli
3208 5319 3388 5370 scruta
3417 5310 3642 5364 venden-

2078 5390 2230 5443 tium.
2258 5389 2336 5444 De
2358 5390 2538 5445 multis
2559 5401 2738 5445 autem
2760 5393 2950 5454 insulis
2974 5403 3032 5448 nt
3061 5405 3400 5453 transeamus
3417 5401 3483 5454 ad
3495 5405 3640 5457 Ἀνα-

2111 5486 2262 5552 ωγήν,
2292 5496 2412 5550 qua:
2437 5481 2592 5535 salsis
2633 5492 2690 5536 et
2721 5484 2920 5538 amaris
2945 5484 3102 5554 hujus
3129 5487 3313 5541 smculi
3349 5489 3640 5545 tunduntur

2075 5503 2262 5624 ᾔωγην,
2292 5503 2412 5550 qua:
2437 5503 2592 5535 saISIs
2633 5503 2690 5536 et
2721 5503 2920 5538 amaris
2945 5503 3102 5554 nujlts
3129 5503 3313 5541 smcutt
3349 5503 3637 5545 tunduntur

2116 5571 2323 5626 uctibus
2369 5571 2624 5626 deserunt
2665 5574 3024 5642 negotiatores
3060 5576 3238 5631 Dedan
3270 5577 3454 5632 dentes
3481 5577 3637 5632 ebur-

2075 5677 2227 5730 neos,
2275 5663 2562 5720 candorem
2591 5663 2912 5736 eloquentia:
2957 5666 3285 5742 pollicentes,
3335 5669 3402 5724 de
3447 5667 3637 5745 quibus
