3954 6182
286 314 391 369 777

1248 339 1601 397 COMMENT.
1640 343 1705 397 IN
1746 343 2202 403 EZECIIIELEM.
2243 381 2310 390 -
2342 350 2468 405 LIB.
2510 351 2575 405 Χ.

3447 358 3552 417 778

278 446 546 516 scriptum
569 454 652 502 est
682 465 696 500 :
729 467 745 497 ι
784 446 825 500 Α
857 446 1108 505 domibus
1135 450 1412 527 eburneis,
1443 468 1521 534 (ex
1559 454 1754 529 quibus
1783 456 1873 511 dc-
1901 463 1948 521 Α
1978 475 2102 525 nam
2132 458 2198 516 de
2226 462 2430 520 Galaad
2455 473 2513 520 et
2554 475 2784 523 stacten.
2826 468 2892 524 Et
2931 478 2989 525 ut
3036 473 3373 532 manifestius
3417 478 3558 534 scire

278 535 618 592 lectaverunt
664 546 717 594 te
764 537 890 593 filia:
938 553 1125 612 regum
1182 540 1237 597 in
1290 541 1499 599 honore
1546 551 1640 599 tuo
1674 543 1700 616 _(
1723 542 1869 600 Psal.
1913 570 1931 586 ί

278 623 453 696 xuv).
475 645 496 679 ι
519 624 626 681 Sed
644 642 753 682 non
781 634 907 683 sunt
929 628 1167 695 candidi,
1190 644 1294 687 nec
1318 630 1598 689 imitantur
1615 647 1872 704 sponsam

275 715 351 771 de
380 730 485 786 qua
512 716 714 787 dicitur
750 736 765 771 :
796 735 815 769 ι
850 717 984 786 Quae
1018 728 1104 775 est
1147 721 1252 781 ista
1297 738 1418 794 quae
1451 726 1696 781 ascendit
1727 726 1845 782 dcal

273 804 427 873 bata,
461 805 698 861 innitens
735 822 900 877 super
925 806 1243 866 fratruelem
1266 827 1424 871 suum
1456 811 1631 884 (Cant.
1658 815 1815 889 vui)"
1846 836 1865 873 ›
1932 822 1937 833 “

279 896 480 955 Verum
547 899 760 959 ebenini
792 901 930 973 nigri
962 901 1181 969 coloris,
1205 905 1295 975 qui
1322 921 1429 975 non
1467 916 1692 981 possunt
1717 924 1869 977 suam

271 995 494 1041 mutare
533 987 937 1058 nigritudincm,
967 989 1203 1047 Jeremia
1234 994 1446 1052 dicente
1490 1014 1502 1050 :
1537 1014 1556 1048 ι
1597 995 1654 1054 Si
1691 1008 1869 1054 mnta-

272 1074 359 1129 bit
377 1073 634 1147 IEtbiops
658 1075 852 1146 pellem
883 1094 1036 1135 suam
1060 1091 1113 1146 et
1137 1084 1338 1152 pardus
1368 1085 1683 1143 varietatem
1714 1102 1869 1145 suam

271 1163 415 1233 (ler.
447 1180 587 1235 xui).
618 1184 644 1221 ›
678 1165 852 1237 Syrus
879 1184 1115 1241 quoque,
1147 1171 1202 1227 id
1230 1181 1334 1239 est,
1375 1190 1547 1241 aram,
1575 1176 1667 1246 qtti
1707 1176 1857 1231 inter-

268 1260 529 1320 pretatur
554 1254 800 1311 excelsus
824 1265 879 1311 et
908 1265 1078 1315 tumet
1102 1263 1378 1336 superbia,
1399 1266 1709 1336 negotiator
1737 1267 1866 1338 Tyri

269 1349 380 1405 est,
408 1341 545 1395 etin
571 1342 917 1400 multitudine
953 1362 1177 1417 operum
1207 1350 1496 1423 Tyriorum
1541 1352 1716 1408 defert
1743 1353 1867 1410 falsi

270 1430 517 1486 nominis
542 1431 846 1497 scientiam,
876 1435 1075 1492 multas
1100 1439 1392 1495 varietates
1429 1448 1484 1494 et
1515 1449 1720 1497 stacten
1741 1444 1869 1499 odo-

268 1518 353 1572 ris
374 1519 565 1588 optimi
599 1523 999 1591 repromittens,
1031 1535 1087 1581 et
1110 1542 1405 1597 purpuram
1450 1529 1611 1601 regia:
1636 1533 1867 1603 dignita-

266 1609 365 1675 tis,
389 1618 447 1664 et
493 1612 758 1666 scutulata
807 1629 872 1668 ex
916 1624 1033 1671 arte
1059 1617 1363 1686 dialectica,
1407 1629 1462 1675 et
1504 1622 1727 1693 byssum
1764 1640 1865 1696 pro

263 1713 380 1767 quo
409 1698 761 1771 Septuaginta
793 1704 996 1761 tharsis
1016 1707 1356 1779 interpretati
1386 1721 1530 1778 sunt,
1558 1720 1716 1770 terrae
1741 1731 1866 1786 ope-

265 1791 425 1846 ribus
453 1793 669 1850 declitus
699 1812 712 1848 :
741 1804 795 1851 et
819 1797 1073 1861 sericum,
1101 1815 1202 1870 pro
1227 1818 1331 1871 quo
1357 1802 1409 1856 in
1452 1802 1681 1861 Hebraeo
1728 1807 1861 1861 scri-
1892 1827 1938 1886 Β

263 1892 421 1951 ptum
453 1891 538 1937 est
569 1886 803 1952 ramoth,
833 1887 977 1956 quod
1022 1888 1412 1958 interpretatur
1457 1894 1594 1950 visio
1622 1896 1811 1951 mortis
1842 1914 1854 1948 :

262 1968 454 2023 omnia
484 1970 629 2025 enim
657 1987 821 2042 opera
855 1972 1073 2030 terrena
1110 1978 1177 2032 ad
1230 1979 1507 2037 interitum
1545 1996 1855 2055 properant.

261 2059 338 2114 Et
369 2060 660 2118 Cbodchod
711 2065 971 2135 quidquid
1003 2066 1131 2123 illud
1175 2080 1288 2137 est,
1332 2073 1477 2141 quod
1520 2073 1854 2146 intelligitur,

258 2168 577 2223 proponens
624 2155 676 2210 in
728 2156 986 2214 nundinis
1018 2158 1169 2232 Tyri,
1203 2160 1388 2217 Dadan
1439 2173 1619 2233 autem
1663 2182 1731 2223 ex
1775 2168 1859 2223 his

261 2244 564 2311 mercibus,
596 2262 717 2317 quae
743 2250 1178 2341 negotiatoribus
1206 2251 1322 2322 ejus
1347 2255 1646 2327 insulisque
1672 2258 1860 2313 dicun-

261 2342 359 2387 tur
386 2335 612 2402 adferri,
637 2336 720 2393 vcl
747 2335 911 2394 India:
955 2340 1106 2412 regio
1133 2342 1477 2414 intelligenda
1509 2355 1613 2412 est,
1637 2347 1719 2402 vel
1746 2347 1860 2402 Idus

263 2439 528 2480 murorum
553 2440 618 2481 ac
645 2436 811 2483 vastae
841 2427 1171 2497 solitudinis,
1195 2439 1253 2485 ut
1282 2434 1519 2488 nonnulli
1564 2436 1854 2502 aestimant,

258 2522 530 2585 sonatque
567 2517 976 2587 cognationem,
1012 2527 1071 2574 ut
1105 2520 1515 2581 similitudinem
1551 2525 1856 2582 divinorum

260 2603 578 2674 dogmatum
609 2606 663 2662 in
684 2608 954 2667 hazreticis
978 2624 1390 2680 cognoscamus.

344 2710 363 2743 ι
406 2691 544 2749 .Iuda
574 2702 630 2749 et
660 2704 806 2751 terra
849 2696 1014 2752 Israel
1064 2698 1164 2771 ipsi
1209 2700 1488 2758 institores
1528 2704 1603 2759 tui
1641 2705 1695 2760 in
1736 2704 1853 2762 fru-

268 2806 287 2839 ι
321 2796 508 2844 mento
537 2788 735 2859 primo,
773 2789 1079 2847 balsamum
1108 2801 1163 2847 et
1191 2793 1295 2865 mel
1324 2802 1377 2849 et
1418 2795 1596 2851 oleum
1623 2806 1679 2852 et
1722 2800 1855 2854 resi-

265 2898 287 2932 σ
322 2895 449 2936 nam
470 2891 869 2952 proposuerunt
892 2883 947 2937 in
972 2882 1227 2941 nundinis
1252 2886 1375 2941 tuis.
1401 2906 1419 2939 ι
1447 2886 1654 2945 Dicitur
1671 2899 1851 2954 autem

257 2970 460 3041 quibus
491 2977 636 3025 terra
660 2969 866 3040 Judaea,
892 2989 1014 3044 quae
1050 2990 1195 3031 nunc
1220 2975 1522 3051 appellatur
1560 2977 1850 3049 Palestina,

256 3062 507 3129 abundet
532 3063 705 3135 copiis
753 3062 1026 3122 frumento
1072 3066 1320 3123 balsamo
1362 3069 1521 3126 melle
1546 3078 1599 3131 et
1636 3072 1757 3130 oleo
1798 3085 1855 3129 et

261 3153 473 3218 resina,
504 3168 625 3225 quae
651 3169 682 3208 a
702 3153 837 3224 Juda
860 3167 916 3211 ct
941 3155 1104 3213 Israel
1130 3158 1197 3215 ad
1237 3158 1365 3230 Tyri
1406 3162 1677 3219 nundinas
1705 3163 1856 3219 defc-

260 3254 483 3301 runtur.
526 3244 769 3317 Cumque
802 3248 1089 3307 manifesta
1124 3250 1199 3306 sit
1236 3251 1438 3319 littera,
1459 3251 1613 3320 juxta
1646 3257 1857 3325 spirita-

262 3335 371 3392 lem
414 3352 632 3394 sensum
671 3339 915 3397 dicemus
942 3356 1049 3396 non
1088 3341 1284 3398 debere
1315 3350 1517 3399 terram
1562 3347 1855 3402 confessio-

258 3428 348 3489 nis
376 3438 435 3486 et
459 3445 680 3489 sensum
704 3432 979 3488 cernentis
1003 3432 1196 3501 Deum,
1221 3435 1314 3505 qui
1335 3434 1572 3491 refertur
1592 3438 1660 3492 ad
1689 3438 1857 3494 eccle-

260 3520 401 3576 siam
450 3520 662 3577 deferre
708 3521 853 3594 Tyro
884 3524 1121 3595 primum
1158 3527 1429 3593 triticum,
1463 3530 1608 3599 quod
1653 3532 1854 3589 cadens

261 3612 318 3666 in
353 3621 557 3671 terram
600 3614 1008 3686 multiplicatur,
1029 3625 1085 3673 et
1111 3618 1378 3690 accipitur
1406 3635 1506 3691 pro
1533 3622 1698 3678 verbo
1732 3623 1850 3678 Dei.

265 3721 286 3755 ι
322 3701 442 3761 Non
472 3703 617 3760 enim
649 3705 702 3760 in
733 3720 876 3776 pane
921 3707 1036 3764 solo
1076 3709 1210 3764 vivit
1250 3711 1432 3777 homo,
1476 3712 1573 3768 sed
1609 3712 1662 3768 in
1703 3715 1853 3772 omni

259 3805 515 3851 sermone
542 3791 637 3853 Dei
665 3792 882 3865 (Matth.
923 3803 1018 3869 tv).
1059 3818 1077 3851 ι
1107 3797 1239 3854 Dein
1265 3799 1564 3857 balsamum
1591 3804 1734 3872 quod
1756 3819 1852 3861 na-

261 3882 436 3937 scitur
481 3883 535 3939 in
575 3885 743 3941 vineis
782 3886 1050 3961 Engaddi,
1101 3891 1217 3949 sive
1260 3901 1605 3962 unguentum
1648 3895 1715 3955 de
1743 3911 1851 3967 quo

258 3972 521 4043 scriptum
566 3984 687 4030 est:
719 3996 735 4026 ι
782 3977 935 4035 Sicut
987 3990 1317 4057 unguentum
1366 3983 1419 4037 in
1470 3984 1667 4054 capite,
1706 3989 1849 4057 quod

257 4064 540 4121 descendit
572 4067 624 4122 in
668 4068 888 4123 barbam
918 4071 1098 4128 Aaron
1130 4072 1300 4145 (Psal.
1329 4077 1558 4148 exxxn).
1593 4097 1610 4129 ›
1644 4078 1713 4133 Et
1740 4080 1848 4135 mel

257 4171 425 4226 super
465 4172 575 4226 quo
629 4159 866 4228 loquitur
914 4173 970 4216 et
1021 4164 1275 4222 Salomon
1316 4186 1329 4220 :
1375 4187 1393 4219 ε
1430 4167 1534 4223 Mel
1569 4169 1845 4237 invenisti,

256 4248 481 4305 comede
507 4244 769 4319 quantum
809 4254 945 4309 satis
971 4263 1073 4309 est.
1109 4256 1165 4311 Si
1207 4259 1348 4313 enim
1373 4260 1495 4330 plus
1523 4264 1843 4331 comederis,

253 4353 476 4394 evomes
504 4340 657 4407 illud,
691 4364 708 4393 ι
744 4344 869 4398 dum
893 4348 1180 4403 saturitate
1199 4350 1373 4409 nimia
1402 4352 1507 4407 mel
1535 4355 1763 4425 vertitur
1789 4357 1842 4410 in

252 4432 624 4501 absyntbium.
655 4432 842 4490 Oleum
888 4452 1123 4509 quoque,
1158 4439 1224 4494 de
1267 4456 1374 4511 quo
1405 4442 1456 4496 in
1496 4444 1844 4517 tabernaculo

249 4518 344 4574 Dei
384 4519 607 4575 lucerna
650 4525 986 4593 accenditur,
1017 4540 1328 4600 neraptctur
1368 4533 1495 4589 illud
1533 4537 1688 4592 nobis
1715 4554 1841 4607 pro-
1866 4534 1923 4591 Ι)

248 4610 526 4677 pheticum
559 4628 572 4663 :
612 4631 630 4663 ο
665 4613 852 4673 Oleum
897 4617 952 4672 in
996 4617 1231 4690 {Egypto
1273 4626 1620 4687 venundabas
1666 4627 1683 4696 (
1715 4626 1835 4680 Ose

246 4702 369 4769 xu).
404 4720 423 4751 ι
458 4700 613 4768 Quod
638 4703 684 4759 si
720 4704 771 4758 in
801 4705 1032 4777 Aigypto
1056 4719 1111 4763 et
1138 4711 1190 4764 in
1224 4709 1365 4782 Tyro
1388 4712 1569 4778 fuerit,
1601 4726 1842 4772 vertetur

245 4791 300 4844 in
349 4795 707 4860 contrarium,
746 4780 814 4853 et
859 4798 1070 4855 dicetur
1106 4802 1173 4865 de
1223 4819 1288 4857 eo
1321 4822 1332 4856 :
1370 4823 1387 4856 ι
1423 4804 1609 4862 Oleum
1657 4819 1838 4864 autem

245 4884 552 4949 peccatoris
579 4900 685 4940 non
715 4887 1009 4961 impinguet
1037 4903 1199 4962 caput
1224 4910 1426 4950 meum.
1467 4916 1486 4948 ι
1519 4896 1627 4952 Sed
1658 4910 1712 4953 et
1756 4918 1840 4954 rc-

245 4967 362 5029 sina
385 4973 524 5035 levis
544 4984 645 5040 est,
677 4987 799 5046 apta
830 4982 1165 5049 corporibus,
1193 4992 1247 5036 et
1268 5000 1368 5053 pro
1398 4986 1664 5041 medicina
1687 4991 1836 5046 acci-

244 5065 408 5131 pitur.
444 5066 598 5122 Unde
634 5078 687 5121 et
717 5072 767 5124 in
804 5070 1033 5127 Ieremia
1066 5076 1326 5143 scriptum
1353 5085 1438 5131 est
1475 5097 1487 5129 :
1530 5099 1548 5129 ι
1584 5080 1837 5152 Nunquid

245 5157 424 5210 resina
454 5175 561 5213 non
604 5172 687 5216 est
714 5163 769 5215 in
812 5164 1011 5220 Galaad
1053 5176 1146 5221 aut
1178 5169 1417 5243 medicus
1442 5187 1546 5226 non
1590 5185 1673 5228 est
1715 5176 1784 5229 ibi
1820 5197 1832 5230 :

242 5265 414 5317 quare
461 5267 566 5308 non
612 5258 856 5319 ascendit
899 5260 1107 5315 curatio
1157 5261 1277 5314 liliae
1332 5264 1510 5333 populi
1567 5267 1670 5320 mei
1699 5268 1833 5339 (λεν.

246 5343 384 5415 vui).
424 5364 444 5396 ι
474 5345 625 5403 Hanc
656 5350 891 5407 resinam
936 5354 1171 5409 habebat
1214 5366 1267 5411 et
1292 5356 1460 5415 Jacob
1488 5359 1641 5430 (Gen.
1680 5366 1834 5432 stin)

242 5448 409 5501 quam
440 5438 692 5495 mittebat
728 5442 838 5498 filio
867 5442 1061 5515 Ioseph
1089 5463 1211 5503 cum
1238 5450 1393 5507 melle
1422 5460 1478 5505 et
1509 5453 1835 5519 terebintho,

244 5525 497 5592 nucibus,
534 5529 887 5600 thymiamate
930 5546 987 5591 et
1033 5546 1222 5593 stacte.
1256 5540 1579 5599 Ismaltclitae
1606 5561 1837 5617 quoque

242 5615 336 5681 qui
373 5630 625 5674 emerunt
671 5621 867 5695 Ioseph
900 5628 968 5683 de
1015 5636 1158 5685 terra
1194 5631 1357 5686 Israel
1398 5633 1550 5699 (Ceu.
1598 5615 1832 5708 xxxvii),

244 5704 358 5761 lucc
396 5707 447 5762 in
482 5708 775 5781 :Egyptum
813 5718 1193 5788 deportabant,
1232 5723 1583 5793 tbymiamata
1609 5737 1665 5782 ct
1696 5704 1832 5786 resié

568 5808 838 5872 l-‘sruoL.
887 5814 1019 5874 CX.

1974 551 2269 629 possimus,
2307 554 2435 635 quid
2473 554 2546 611 sit
2576 540 2938 629 frumentum,
2987 561 3305 632 balsamum,
3342 567 3467 634 mel,
3505 580 3561 625 et

1972 638 2173 707 oleum,
2202 646 2549 715 res’namque
2586 649 2653 711 ad
2678 659 2974 719 mercatum
3016 652 3146 723 ferri
3186 654 3335 731 Tyri,
3368 661 3558 716 audia—

1973 745 2094 786 mus
2139 731 2349 788 Domini
2381 738 2543 793 verba
2566 738 2796 805 dicentis
2829 759 2843 796 :
2877 761 2895 795 ί
2931 742 3107 813 Nolite
3151 746 3280 809 dare
3309 761 3557 807 sanctum

1971 822 2195 877 canitus
2227 864 2241 887 ,
2283 841 2457 896 neque
2503 833 2833 905 margaritas
2876 844 3086 897 vestras
3151 840 3380 897 mittatis
3429 826 3558 900 ante

1970 927 2162 985 porcos
2185 914 2400 985 (Matth.
2429 919 2545 988 vn).
2584 940 2604 989 β
2634 922 2842 980 Mulieri
2871 941 3085 998 quoque
3106 930 3415 989 chananma:
3438 952 3558 1007 quae

1968 1018 2065 1073 pro
2090 1003 2197 1067 lilia
2223 1008 2549 1076 precabatur
2577 1014 2760 1070 dicens
2790 1034 2803 1070 :
2842 1037 2861 1070 ι
2892 1013 3027 1074 Filia
3068 1037 3189 1085 mea
3215 1024 3357 1082 male
3394 1003 3558 1083 vexa-

1970 1100 2059 1146 tur
2086 1110 2116 1148 a
2143 1094 2408 1151 dtemouio
2452 1099 2669 1169 (Matt/1.
2718 1105 2828 1176 xv).
2863 1128 2881 1160 ›
2910 1108 3210 1183 Respondit
3253 1115 3549 1171 Dominus:

1974 1200 1992 1231 ε
2019 1181 2133 1238 Non
2158 1196 2370 1254 oportet
2399 1190 2584 1246 tollere
2607 1208 2800 1262 panem
2827 1181 3057 1257 liliorum
3086 1210 3141 1258 et
3164 1204 3294 1260 dare
3321 1221 3443 1261 eum
3468 1223 3558 1263 ca-

1964 1271 2146 1339 nibus.
2190 1275 2297 1333 Sed
2337 1280 2461 1348 quia
2501 1266 2708 1339 exierat
2734 1287 2800 1342 de
2836 1287 3032 1347 finitus
3061 1293 3187 1365 Tyri
3216 1306 3270 1350 et
3314 1296 3550 1363 Sidonis,

1968 1372 2022 1417 et
2046 1365 2439 1437 propinquabat
2465 1378 2623 1428 terra:
2669 1375 2832 1435 Israel
2864 1380 3069 1438 idcirco
3098 1385 3240 1454 quod
3270 1399 3557 1459 rogaverat

1966 1465 2256 1510 consecuta
2281 1468 2381 1513 εει.

2044 1562 2063 1594 ς
2098 1534 2464 1607 Damascenus
2490 1556 2797 1625 negotiator
2823 1568 2944 1615 tuus
2968 1561 3020 1615 in
3053 1565 3399 1641 multitudine
3425 1586 3556 1641 ope-

1973 1652 1992 1685 ‹
2028 1650 2146 1691 rum
2202 1645 2417 1695 tuorum
2464 1643 2517 1697 in
2546 1647 2699 1715 copia
2748 1640 3297 1726 diversarum‘opum,
3346 1659 3400 1715 in
3428 1662 3554 1716 vino

1972 1742 1992 1775 ι
2028 1726 2232 1799 pingui,
2260 1730 2313 1785 in
2365 1730 2502 1789 lanis
2527 1735 2725 1799 coloris
2757 1742 2965 1811 ophmi.
3006 1764 3025 1796 ι
3060 1744 3344 1817 Significat
3371 1762 3551 1807 autem

1966 1817 2108 1882 quod
2143 1818 2284 1874 inter
2316 1831 2541 1879 caeteras
2578 1828 2969 1901 negotiationes
3005 1834 3131 1906 Tyri
3172 1837 3241 1891 ad
3281 1841 3552 1896 nundinas

1966 1901 2083 1971 ejus
2106 1906 2171 1961 de
2197 1908 2460 1973 Damasco
2482 1913 2824 1973 deferebatur
2843 1935 3024 1976 vanum
3047 1925 3479 1997 pinguissimum,
3497 1940 3554 1985 et

1963 1993 2086 2049 lana
2101 1999 2368 2069 praecipue
2391 2005 2534 2072 quod
2548 2021 2714 2075 usque
2740 2008 2899 2065 hodie
2917 1993 3207 2070 cernimus.
3240 2016 3336 2073 Sin
3368 2028 3552 2075 autem

1965 2083 2260 2144 Damascus
2304 2090 2696 2163 interpretatur
2742 2102 3056 2172 sanguinem
3092 2106 3301 2177 bibens,
3338 2119 3396 2165 et
3439 2110 3550 2167 lle-

1961 2175 2232 2235 brazorum
2265 2198 2391 2239 vera
2434 2188 2657 2247 traditio
2682 2200 2788 2258 est,
2828 2209 3077 2266 campum
3106 2198 3290 2270 inquo
3327 2203 3551 2260 interfe-

1962 2277 2082 2326 ctus
2108 2281 2194 2326 est
2238 2273 2394 2342 Abel,
2438 2293 2468 2331 a
2507 2281 2775 2349 parricida
2814 2283 2947 2340 Cain
2977 2285 3141 2345 fuisse
3183 2290 3234 2345 in
3268 2290 3546 2356 Damasco.

1962 2359 2107 2416 unde
2134 2372 2189 2417 et
2230 2363 2380 2421 locus
2420 2367 2525 2429 hoc
2563 2370 2851 2445 insignibus
2876 2378 3137 2456 vocabqu
3177 2381 3267 2437 sit.
3301 2381 3456 2440 Juste
3494 2394 3552 2442 et

1962 2447 2161 2511 Paulus
2185 2453 2322 2525 (Act.
2353 2456 2428 2528 ix)
2453 2470 2576 2529 post
2624 2447 3054 2523 interfectionem
3086 2467 3342 2543 Stephani
3380 2473 3548 2542 primi

1963 2541 2018 2597 in
2059 2542 2277 2604 Christo
2304 2551 2584 2623 martyris,
2614 2555 2859 2623 perrexit
2887 2557 2941 2612 in
2976 2541 3320 2631 Damastum,
3347 2541 3550 2621 utere-

1962 2632 2148 2689 dentes
2170 2635 2225 2691 in
2246 2635 2465 2697 Christo
2491 2641 2699 2699 vinctos
2723 2645 2947 2704 duceret
2970 2649 3022 2707 in
3046 2649 3402 2721 Ilierusalem,
3425 2657 3550 2713 Dei-

1958 2740 2066 2801 que
2093 2728 2464 2788 misericordia
2499 2736 2589 2806 qui
2624 2736 2748 2797 fecit
2773 2739 3038 2797 videntem
3062 2752 3124 2799 .et
3160 2760 3382 2810 caecum,
3416 2764 3549 2805 ocu-

1958 2815 2041 2871 los
2070 2819 2251 2876 carnis
2276 2822 2479 2889 amisit,
2506 2834 2564 2879 ut
2589 2828 2787 2883 mentis
2811 2830 3101 2903 acciperet,
3130 2835 3546 2910 ceciderunlqne

1959 2920 2198 2981 squamm
2240 2910 2493 2970 draconis
2512 2929 2587 2975 ex
2628 2918 2800 2975 oculis
2833 2919 2950 2988 ejus
2994 2924 3188 2993 quibus
3219 2925 3395 2985 lumen
3427 2946 3546 3002 per-

1959 2996 2171 3057 diderat
2212 3001 2478 3070 veritatis,
2524 3011 2585 3063 ut
2633 3006 2738 3087 iret
2768 3008 2835 3063 ad
2868 3010 3046 3071 vicum
3104 3016 3195 3085 qui
3246 2996 3548 3089 appellatur

1960 3087 2183 3158 Rectus,
2207 3099 2261 3146 et
2291 3092 2557 3153 inveniret
2589 3096 2879 3168 Ananiam,
2921 3105 3012 3174 qui
3045 3104 3096 3160 in
3141 3087 3331 3179 lingua
3359 3122 3546 3169 nostra

1881 3184 1926 3245 C
1958 3178 2351 3255 interpretatur
2396 3186 2673 3248 obediens.
2723 3192 2800 3247 De
2845 3194 2948 3252 hac
2992 3197 3158 3273 igitur
3200 3178 3286 3257 cui
3340 3205 3546 3262 dictum

1954 3278 2040 3324 est
2068 3287 2084 3325 :
2119 3293 2137 3325 ‹
2166 3275 2446 3337 Maledicta
2474 3289 2642 3348 terra,
2668 3298 2788 3353 qua:
2813 3288 3025 3356 aperuit
3045 3305 3108 3345 os
3130 3306 3311 3361 suum,
3337 3305 3393 3351 et
3412 3297 3545 3353 Itan-

1956 3360 2027 3415 sit
2052 3366 2368 3436 sanguinem
2425 3369 2608 3427 fratris
2647 3374 2723 3429 tui
2751 3374 2905 3447 (Gen.
2942 3381 3042 3452 Ir),
3072 3402 3093 3436 ›
3128 3383 3255 3456 Tyri
3288 3360 3545 3447 nundinre

1955 3466 2374 3529 congregantur,
2399 3473 2454 3516 et
2480 3463 2663 3523 vinum
2693 3467 2909 3539 pingue,
2932 3480 2988 3526 et
3013 3473 3148 3530 lana:
3177 3476 3542 3546 splendentes,

1955 3543 2071 3599 sive
2099 3565 2116 3596 ι
2146 3547 2328 3603 vinum
2350 3551 2416 3611 de
2436 3551 2677 3611 Chelbon
2701 3576 2720 3609 ι
2755 3559 2899 3627 quod
2918 3543 3540 3637 interpreta‘turlacteus.

1953 3635 2097 3692 LXX
2122 3655 2218 3709 pro
2248 3663 2265 3692 ι
2297 3641 2435 3700 lanis
2466 3648 2658 3703 coloris
2691 3651 2904 3721 optimi,
2924 3673 2944 3706 ι
2976 3673 2994 3707 ι
3013 3635 3165 3737 lana:
3191 3660 3256 3717 de
3284 3660 3481 3729 Mileto,
3514 3685 3535 3719 ι

1954 3731 2067 3783 sive
2097 3729 2235 3786 Soor
2264 3747 2567 3795 senserunt.
2608 3740 2846 3801 Miletum
2874 3748 2926 3802 in
2946 3730 3217 3808 Hebraico
3246 3768 3352 3819 non
3374 3756 3542 3811 habe-
3604 3786 3605 3791 η

1954 3827 2062 3884 tor,
2080 3823 2171 3876 sed
2194 3824 2318 3892 quia
2344 3825 2466 3882 inde
2483 3829 2618 3885 lana:
2631 3835 2915 3906 principum
2930 3838 3263 3910 deferuntur,
3279 3860 3378 3917 pro
3402 3846 3542 3905 Soor

1952 3908 2191 3971 Miletum
2244 3916 2579 3989 interpretati
2646 3936 2791 3989 sunt:
2866 3930 2946 3986 Ex
3018 3949 3125 4007 quo
3192 3908 3538 4013 perspicuum

1952 4001 2095 4070 quod
2122 4001 2297 4075 Tyrus
2340 4006 2481 4065 lacte
2524 4025 2774 4071 vescatur
2813 4001 3072 4089 infanti-ai,
3098 4035 3168 4103 _ct
3192 4001 3537 4087 aest-intenta

1952 4108 2059 4148 non
2080 4095 2279 4153 habeat
2304 4103 2541 4172 propria,
2565 4107 2656 4161 sed
2679 4108 2894 4169 aliunde
2917 4122 2974 4169 et
2998 4132 3066 4171 ex
3086 4096 3251 4175 variis
3280 4133 3536 4193 congesta

1950 4187 2267 4259 provinciis.
2294 4191 2423 4247 Illud
2461 4205 2644 4253 autem
2688 4203 2831 4273 quod
2865 4203 3160 4280 Damascus
3208 4211 3533 4284 interpreta-

1952 4285 2039 4331 tur
2067 4282 2287 4352 sanguis
2315 4285 2499 4353 cilicii,
2544 4298 2599 4343 et
2648 4293 2867 4361 sanguis
2895 4298 3087 4362 osculi,
3132 4282 3380 4365 praesenti
3426 4322 3535 4362 non

1950 4372 2201 4425 convenit
2237 4373 2373 4440 loco,
2423 4377 2734 4450 frequenter
2756 4384 2898 4441 enim
2929 4385 3151 4445 Hebraea
3188 4393 3405 4447 nomina
3435 4412 3534 4465 pro

1949 4461 2261 4520 diversitate
2293 4479 2606 4527 accentuum
2638 4482 2693 4528 et
2738 4476 3034 4533 mutatione
3082 4480 3399 4548 litterarum,
3443 4502 3535 4541 vo-

1948 4551 2252 4624 calinmquc
2278 4558 2359 4613 vel
2405 4562 2639 4616 maxime
2681 4552 2801 4633 quae
2841 4568 2981 4636 apud
3024 4569 3144 4639 illos
3180 4572 3381 4630 habent
3405 4592 3536 4648 pro-

1950 4644 2207 4711 prietates
2247 4664 2371 4703 suas
2408 4654 2557 4708 varie
2602 4654 3046 4725 interpretantur.

2026 4753 2043 4783 ι
2077 4736 2209 4803 Dan,
2238 4748 2292 4792 et
2323 4740 2551 4807 Graecia,
2581 4751 2652 4803 et
2698 4744 2886 4808 Mozel,
2916 4750 3169 4809 nundinis
3205 4756 3311 4811 tuis
3336 4773 3532 4827 posue—

1948 4833 2073 4877 runt
2100 4824 2299 4881 ferrum
2330 4828 2682 4893 fabrefactum
2720 4853 2732 4887 :
2769 4845 2942 4893 stacte
2970 4850 3027 4896 et
3067 4843 3309 4911 calamus
3338 4824 3391 4903 in
3435 4868 3531 4908 ne-

1945 4916 2237 4983 gotiatione
2273 4929 2384 4973 tua.
2422 4942 2439 4972 ι
2472 4922 2635 4987 LXX,
2668 4945 2686 4977 ι
2717 4927 2855 4993 Dan,
2880 4929 3145 4999 etJavan,
3175 4944 3229 4992 et
3253 4937 3444 5007 Mozel,
3472 4944 3526 4998 in

1947 5010 2204 5064 nundinis
2254 5012 2375 5075 tuis,
2418 5035 2435 5065 ι
2463 5031 2582 5086 qua:
2613 5018 2665 5073 in
2691 5020 2926 5091 editione
2951 5040 3138 5083 eorum
3182 5029 3248 5084 de
3268 5013 3527 5095 .Th‘codo-

1947 5100 2093 5154 tione
2121 5102 2300 5156 addita
2335 5115 2478 5171 sunt.
2519 5126 2538 5156 ι
2571 5107 2794 5179 Ferrum
2812 5111 3023 5177 factum
3052 5134 3215 5190 opere
3249 5131 3305 5175 et
3330 5126 3525 5185 retain

1943 5192 2597 5259 CﬂlllellOIlCltla051..)
2625 5199 2703 5254 Ex
2734 5203 2948 5267 nomine
2976 5207 3299 5275 patriarchae
3326 5210 3438 5266 Dan
3472 5224 3528 5267 et

1945 5281 2115 5335 tribus
2148 5294 2203 5335 et
2230 5282 2377 5339 locus
2410 5286 2592 5363 inquo
2627 5290 2889 5351 habitavit
2925 5296 3117 5361 tribus,
3144 5314 3337 5357 nouten
3370 5317 3524 5356 acce-

1942 5371 2039 5439 pit,
2071 5373 2159 5427 nbi
2182 5375 2355 5433 .hodie
2402 5377 2631 5440 Paucas,
2657 5397 2777 5451 quae
2807 5388 3077 5454 quondam
3115 5388 3359 5449 Cmsarea
3397 5391 3523 5446 Phi-

1942 5462 2068 5532 lippi
2099 5467 2410 5523 vocabatur.
2443 5470 2591 5527 Unde
2620 5482 2671 5527 et
2698 5472 2947 5534 Iordanis
2970 5480 3407 5547 tluviussortitus
3436 5495 3521 5541 est

1941 5556 2258 5614 vocabulum
2287 5558 2407 5626 lor,
2437 5563 2584 5625 rivus
2631 5564 2877 5625 videlicet
2902 5571 3026 5626 Dan
3068 5573 3158 5641 qui
3189 5573 3307 5631 ﬂuit
3334 5575 3401 5631 de
3430 5575 3493 5633 Li

1940 5647 2100 5704 bano.
2130 5646 2298 5705 .Iavan
2328 5662 2507 5709 autem
2542 5655 2804 5713 Graeciam
2834 5670 3010 5726 sonat,
3039 5678 3158 5731 qua:
3191 5664 3517 5736 interpreta-

1943 5745 2051 5802 tur,
2094 5748 2149 5792 ut
2189 5741 2443 5810 diximus,
2479 5745 2572 5800 Est
2604 5757 2659 5801 et
2697 5763 2801 5803 non
2845 5758 2928 5805 est
2954 5767 2968 5815 ;
2991 5750 3089 5821 pro
3127 5749 3292 5809 Μοίρι
3337 5764 3516 5813 autem

2961 5841 3040 5903 25

3554 5312 3602 5341 "1
