3954 6182
495 304 599 357 779

486 503 694 559 Gt‘zccia
745 500 1046 555 detulerunt
1075 499 1129 552 in
1165 497 1416 552 nundinis
1442 499 1547 553 luis
1585 498 1787 553 ferrum
1828 499 2063 555 fabrefa-

488 604 656 657 ctum,
685 601 788 647 etc.
819 588 1011 659 Aquila
1032 602 1159 644 vero
1181 602 1278 659 pro
1311 587 1477 642 Mozel
1512 589 1690 658 posuit
1717 591 1783 646 de
1818 590 1972 655 Uzal,
1999 591 2065 645 de

489 682 681 750 quibus
708 678 1030 733 credendum
1055 686 1137 733 est
1160 677 1487 748 regionibus,
1520 678 1740 745 ferrum,
1774 691 1829 736 et
1858 690 2062 735 stacten

488 778 544 824 et
567 769 854 835 calamum,
882 768 949 825 ad
975 768 1102 841 Tyri
1139 769 1407 824 nundinas
1446 770 1745 839 deportata.
1788 771 2064 827 Dicamus-

484 878 590 934 que
617 863 759 933 quod
783 862 990 919 Graecia
1011 904 1027 928 ,
1063 863 1115 918 id
1142 871 1243 929 est,
1275 863 1448 919 Javan
1479 904 1494 929 ,
1530 862 1730 918 ferrum
1758 864 1954 919 habeat
1982 864 2061 920 fa-

488 953 804 1018 brefactum,
834 962 887 1009 et
914 952 979 1008 ad
1006 952 1142 1008 bella
1170 954 1650 1024 promptissimum,
1676 953 2061 1024 dialectieaquc

486 1053 600 1099 arte
624 1052 990 1099 constructum
1015 1043 1229 1114 jactans
1251 1058 1308 1097 sc
1333 1051 1527 1098 cuncta
1544 1042 1745 1111 judicio
1770 1051 1825 1097 et
1854 1045 2062 1099 ratione
2085 1085 2089 1089 .

486 1134 746 1206 proferre,
774 1134 1124 1203 vocalemque
1147 1148 1337 1188 sonum
1361 1133 1449 1202 qui
1480 1134 1867 1203 interpretatur
1887 1133 1939 1188 in
1968 1149 2059 1189 ca-

488 1227 627 1279 lamo
653 1232 708 1279 ct
732 1232 939 1279 stacten
972 1223 1155 1285 odoris
1178 1223 1364 1292 optimi
1398 1223 1757 1291 repromittat.
1802 1222 1927 1277 Sive
1956 1222 2062 1277 fer-

488 1332 604 1369 rmn
632 1313 985 1369 fabrefactum
1013 1323 1065 1368 et
1095 1322 1287 1376 rotam,
1331 1328 1448 1382 qum
1486 1314 1773 1369 verborum
1796 1313 2061 1383 composi-

486 1409 629 1461 tione
659 1405 923 1469 volvatur,
953 1415 1007 1459 et
1036 1419 1253 1459 cursum
1279 1404 1479 1459 habeat
1500 1404 1781 1459 orationis.

559 1514 578 1547 ι
624 1495 800 1550 Dedau
844 1494 1117 1550 institores
1177 1494 1250 1549 tui
1314 1494 1366 1548 in
1436 1494 1701 1563 tapetibus
1760 1493 1826 1548 ad
1866 1493 2060 1547 seden-

490 1604 507 1635 ι
553 1588 698 1640 dum.
751 1605 770 1639 δ
819 1584 1217 1656 Septuaginta:
1262 1604 1280 1637 ι
1316 1586 1460 1640 Dean
1535 1584 1896 1656 negotiatores
1958 1583 2055 1647 tui,

483 1691 603 1730 cum
640 1674 899 1744 iumentis
926 1676 1113 1733 electis
1153 1678 1220 1731 ad
1264 1691 1472 1732 currus.
1505 1696 1524 1729 ι
1570 1676 1791 1732 Multum
1837 1673 2053 1735 Hebrai-

1144 301 1199 355 Β.
1246 298 1493 354 ΠΛΒΑΝΙ
1532 298 1752 354 MAURI
1793 300 2113 357 ARCIHEP.
2156 300 2463 358 MOGUNT.
2504 300 2790 360 OPERUM
2827 304 3007 363 PARS
3045 308 3108 362 il.

487 412 847 484 Symmachus
880 409 1147 465 transtulit
1170 408 1427 479 deferens,
1458 416 1515 461 ut
1542 408 1609 461 sit
1635 423 1855 465 sensus:
1885 409 1997 464 Dan
2020 418 2072 464 et
2102 422 2145 475 Α

3637 308 3728 364 789

2251 394 2285 459 ι’
2316 407 2631 477 Venditnrcs
2674 410 2812 465 Saba
2859 421 2914 467 et
2949 413 3116 469 Rcma
3159 416 3260 488 ipsi
3293 417 3599 475 venditores
3639 421 3728 476 tui.

2174 516 2195 550 ς
2240 513 2363 553 cum
2392 499 2655 554 universis
2686 501 2873 569 primis
2910 505 3269 571 aromatibus,
3305 514 3360 561 et
3404 506 3581 577 lapide
3622 524 3728 578 pre—

2174 607 2194 642 s
2240 590 2531 645 tiosissimo
2556 599 2611 645 et
2635 606 2791 657 auro,
2818 595 2961 663 quod
3003 608 3393 666 proposuerunt
3421 598 3475 652 in
3501 608 3727 654 mercatu

2172 698 2191 732 ι
2234 691 2345 735 tuo.
2378 700 2397 732 ι
2440 680 2498 734 in
2528 680 2758 736 Psalmis
2783 683 2873 737 ubi
2904 684 3165 755 scriptum
3188 695 3275 741 est
3308 704 3322 740 :
3361 705 3379 738 ι
3407 685 3586 758 Reges
3612 687 3730 741 Ara-

2165 769 2293 823 bum
2322 778 2377 823 et
2404 767 2545 825 Saba
2576 785 2801 826 munera
2838 772 3062 829 offerent
3095 775 3189 831 tibi
3230 775 3402 847 (Psal.
3441 777 3649 850 ικιι),ι
3681 778 3728 831 in

2165 856 2391 914 Hebraeo
2420 861 2583 917 habet
2611 877 2626 915 :
2671 880 2691 915 ι
2728 862 2898 934 Reges
2926 863 3069 921 Saba
3094 876 3148 921 et
3178 865 3320 923 Saba
3348 883 3577 924 munera
3608 868 3727 924 olle-

2165 952 2284 1003 rent
2335 950 2451 1005 tibi.
2491 969 2510 1003 ι
2567 951 2806 1019 Quorum
2845 970 3013 1009 unum
3060 955 3201 1012 Saba
3240 972 3338 1026 per
3388 958 3471 1011 sin
3508 957 3728 1013 litteram

2163 1039 2439 1107 scribitur,
2488 1042 2718 1098 alterum
2758 1059 2858 1114 per
2899 1047 3130 1112 sameclt,
3159 1062 3280 1117 qua:
3307 1056 3509 1103 nostra:
3550 1047 3731 1103 littcne

2163 1129 2356 1185 similis
2376 1140 2480 1186 est.
2512 1132 2646 1199 Quia
2671 1133 2836 1205 igitur
2858 1134 3000 1190 Saba
3030 1135 3417 1205 interpretatur
3436 1138 3728 1201 conversio,

2163 1218 2264 1273 hoc
2289 1221 2571 1276 dicendum
2593 1230 2698 1289 est,
2727 1227 2870 1294 quod
2891 1225 2942 1280 in
2966 1227 3221 1296 prmsenti
3249 1226 3366 1281 loco
3391 1243 3497 1282 non
3521 1243 3731 1283 convcr-

2165 1311 2369 1367 sionem
2417 1314 2724 1384 significet,
2786 1316 2881 1372 sed
2928 1316 3298 1383 eversionem,
3335 1318 3402 1373 de
3457 1333 3563 1387 qua
3601 1318 3730 1389 Tyro

2162 1418 2387 1459 munera
2435 1404 2763 1469 deferuntur,
2812 1421 2933 1461 cum
2991 1406 3258 1462 universis
3304 1407 3643 1462 aromatibns
3677 1419 3729 1461 et

2161 1492 2418 1547 odoribus
2464 1493 2684 1563 eptimis
2732 1505 2787 1549 et
2832 1494 3006 1566 lapide
3042 1497 3277 1566 pretioso
3322 1508 3376 1552 et
3421 1512 3578 1562 auro,
3619 1512 3729 1568 qure

2159 1586 2340 1640 omnia
2373 1586 2426 1639 in
2468 1570 2595 1656 Tyri
2634 1587 2888 1642 nundinis
2925 1596 3315 1657 proponuntur.
3360 1587 3425 1642 Et
3456 1587 3558 1657 ipsi
3597 1588 3728 1642 enim

2160 1674 2493 1729 mentiuntur
2513 1677 2731 1730 odorem
2753 1676 3015 1746 optimum
3047 1677 3382 1747 lapidemque
3417 1678 3727 1747 pretiosum,

483 1782 604 1821 cum
651 1774 706 1822 et
752 1764 895 1820 LXX
934 1766 988 1821 in
1036 1766 1285 1837 przescuti
1327 1768 1443 1822 loco
1485 1767 1812 1836 discrepant,
1859 1773 2054 1836 praeter
2082 1768 2127 1826 B
2156 1783 2262 1837 quo
2282 1775 2563 1822 exstruere
2583 1768 2952 1838 perversitatis
2973 1784 3084 1824 sua:
3113 1769 3356 1825 nituntur
3382 1770 3731 1837 ecclesias,ct

484 1873 675 1912 nomen
726 1857 956 1928 regionis
997 1857 1138 1927 quod
1186 1858 1423 1913 vicinum
1453 1867 1536 1913 est
1562 1857 1744 1913 Dedan
1777 1866 1833 1913 et
1862 1856 2046 1911 Dadan

480 1946 687 2002 infinita
717 1948 911 2017 quippe
939 1947 1189 2002 distantia
1237 1948 1289 2001 in
1328 1948 1596 2018 tapetibus
1633 1949 1699 2007 ad
1737 1946 2050 2009 sedendum,

479 2037 809 2108 ctjumcntis
835 2038 1019 2094 electis
1043 2038 1110 2092 ad
1141 2054 1353 2093 currus.
1382 2039 1489 2093 Nec
1522 2038 1743 2092 dubium
1767 2038 1896 2108 quin
1923 2052 2055 2107 qua-

480 2130 647 2201 drigm
675 2144 867 2185 currus
906 2138 961 2185 et
984 2130 1107 2199 equi
1143 2130 1196 2184 in
1222 2130 1417 2184 malam
1450 2138 1660 2199 partem
1703 2129 2052 2199 accipiantur,

480 2219 526 2275 si
560 2220 756 2275 terreni
784 2219 911 2285 sint,
937 2218 1173 2290 alioquin
1200 2220 1265 2275 de
1289 2220 1618 2284 cmlestibus,
1646 2228 1700 2275 et
1729 2220 1873 2275 Elias
1892 2234 2052 2274 curru

481 2310 686 2381 rapitur
723 2310 1126 2382 appellaturque
1164 2311 1232 2365 ab
1256 2310 1432 2366 Eliseo
1452 2329 1470 2361 ι
1492 2319 1646 2379 pater
1666 2310 1761 2375 mi,
1785 2318 1938 2380 pater
1957 2310 2052 2375 mi,

478 2398 663 2471 auriga
688 2407 744 2453 ct
786 2412 978 2454 currus
1004 2398 1168 2454 Israel
1194 2397 1301 2472 (IV
1332 2399 1456 2471 Reg.
1503 2415 1571 2467 tt;
1599 2399 1680 2453 IV
1710 2399 1836 2471 Reg.
1876 2401 1974 2472 γι),
2001 2408 2055 2456 et

477 2490 628 2546 Giezi
663 2490 978 2562 aperiuntur
1004 2491 1161 2555 oculi,
1206 2501 1264 2546 ut
1292 2506 1486 2547 currus
1515 2491 1568 2546 in
1594 2499 1774 2547 monte
1806 2500 1861 2546 et
1887 2507 2054 2562 equos

478 2583 656 2638 videat
680 2584 797 2639 sine
816 2582 1210 2649 ascensoribus,
1234 2583 1460 2639 sessioui
1480 2582 1687 2638 Domini
1702 2592 2049 2653 prmparatos.

478 2675 531 2728 In
555 2675 821 2745 tapetibus
841 2684 1019 2730 autem
1036 2690 1342 2731 sermonum
1359 2674 1699 2746 pulchritudo
1721 2682 2055 2729 monstratur

478 2767 532 2819 in
574 2764 767 2833 quibus
794 2764 1061 2819 vehuntur
1090 2772 1145 2818 et
1192 2764 1536 2834 requiescunt
1565 2765 1842 2819 institores
1867 2763 2051 2819 Dedan

475 2855 711 2909 sessione
738 2854 1031 2925 composita
1059 2854 1333 2908 venientes
1362 2854 1427 2908 ad
1458 2854 1726 2909 nundinas
1754 2854 1902 2926 'l‘.yri.

552 2963 570 2994 ι
613 2944 815 2999 Arabia
843 2952 897 2999 et
923 2944 1158 2999 universi
1185 2944 1453 3013 principes
1478 2943 1654 3000 Cedar
1684 2944 1781 3014 ipsi
1807 2945 2049 3016 negotia-

479 3056 496 3087 ς
544 3045 690 3092 tores
718 3051 911 3091 manus
940 3043 1067 3101 tute,
1091 3049 1211 3091 cum
1236 3036 1388 3105 agnis
1412 3044 1467 3090 et
1504 3035 1762 3091 arietibus
1786 3046 2050 3092 venerunt

2156 1873 2345 1912 aurum
2377 1859 2517 1928 quod
2547 1857 2827 1927 pollicetur
2850 1858 2903 1913 in
2949 1873 3133 1923 sensu,
3169 1860 3457 1930 omniaque
3484 1875 3729 1930 perversa

2156 1962 2301 2005 sunt:
2320 1950 2454 2005 nihil
2468 1952 2610 2005 enim
2626 1951 2860 2022 gratuito
2874 1951 3164 2020 accipiunt,
3181 1966 3276 2006 nec
3290 1951 3457 2022 gratis
3474 1951 3728 2015 tribuunt,

2154 2041 2250 2096 sed
2280 2042 2529 2097 universa
2556 2051 2880 2107 mereantur,
2912 2059 3033 2097 cum
3062 2057 3213 2114 rcges
3240 2042 3481 2097 Arabum
3510 2052 3570 2096 et
3597 2042 3729 2096 Saba

2155 2131 2322 2202 gratis
2341 2130 2555 2187 Christo
2578 2148 2799 2188 munera
2813 2132 3070 2198 offerant:
3094 2133 3145 2187 hi
3162 2142 3288 2187 sunt
3310 2132 3401 2202 qui
3426 2132 3609 2187 omnia
3633 2140 3733 2186 tur-

2154 2223 2237 2293 pis
2257 2223 2390 2278 lucri
2417 2218 2577 2279 causa
2604 2224 2823 2290 faciunt,
2843 2225 2978 2279 etab
3003 2238 3067 2279 eo
3090 2225 3203 2279 hzcc
3232 2237 3457 2277 munera
3481 2236 3728 2291 suscepe-

2154 2324 2301 2381 runt,
2327 2315 2415 2386 qui
2446 2316 2576 2371 dicit
2595 2317 2646 2370 iu
2672 2316 3187 2387 EvangelioUtlnuIt.
3214 2316 3327 2388 tv):
3358 2335 3377 2367 ‹
3408 2314 3537 2369 Ηςεο
3558 2315 3730 2369 omnia

2156 2404 2349 2459 tradita
2372 2413 2496 2459 sunt
2524 2405 2677 2469 mihi,
2701 2420 2820 2475 quae
2846 2404 2890 2460 si
2915 2404 3175 2461 cecideris
3196 2405 3331 2459 dabo
3358 2404 3475 2458 tibi.
3508 2422 3528 2454 ι
3551 2403 3730 2469 Reme,

2154 2494 2268 2549 sive
2295 2492 2449 2563 juxta
2491 2494 2631 2549 LXX
2656 2495 2922 2567 Rhegma,
2945 2496 2997 2549 in
3024 2496 3169 2550 nullo
3197 2495 3301 2549 alio
3330 2493 3731 2564 Seripturarum

2153 2583 2272 2639 loco
2303 2584 2544 2640 invenire
2574 2584 2745 2656 potui,
2772 2600 2871 2639 nec
2900 2600 3019 2655 qua:
3047 2584 3194 2655 regio
3218 2584 3307 2648 sit,
3338 2585 3538 2653 quidve
3563 2584 3728 2653 signi-

2156 2674 2299 2738 ticet,
2329 2673 2432 2728 nisi
2465 2675 2605 2743 quod
2633 2673 2976 2730 manifestum
3000 2684 3105 2739 est,
3137 2684 3194 2730 et
3220 2690 3286 2729 ex
3317 2688 3382 2729 eo
3437 2673 3583 2743 quod
3609 2671 3733 2741 jun-

2153 2764 2318 2834 gitur,
2350 2762 2491 2817 Saba
2517 2763 2747 2818 vicinam
2775 2764 2901 2819 huic
2930 2765 3220 2834 provincia:
3246 2778 3364 2819 esse
3397 2763 3695 2834 regionem.

2228 2870 2248 2902 ι
2288 2850 2458 2917 Aran,
2503 2860 2558 2905 et
2601 2851 2843 2918 Channe,
2902 2860 2957 2906 et
3012 2850 3183 2917 Edcn,
3238 2850 3604 2931 negotiatores
3631 2851 3730 2904 tui.

2159 2961 2177 2995 ι
2224 2941 2385 3006 Saba,
2417 2940 2586 2997 Assur
2608 2951 2663 2997 et
2688 2941 2942 2997 Chelmad
2975 2943 3279 2997 venditores
3301 2944 3401 3009 tui,
3431 2942 3536 3013 ipsi
3563 2956 3731 3012 nego-

2162 3051 2179 3084 ι
2222 3031 2443 3087 tiatores
2480 3031 2557 3087 tui
2607 3032 2955 3087 multifariam
3001 3032 3640 3104 involucrisJiyaeiuthi,
3678 3041 3733 3085 et

480 3148 497 3179 ι
543 3129 609 3183 ad
641 3137 711 3183 te.
749 3147 768 3181 ι
803 3126 910 3183 Pro
953 3146 972 3179 ι
1005 3126 1178 3196 agnis,
1209 3127 1469 3182 arietibus
1494 3137 1550 3181 et
1575 3127 1741 3183 lttedis
1773 3148 1792 3181 ι
1825 3126 2048 3197 Septua—
2078 3105 2122 3167 (ἶ
2160 3145 2177 3175 ι
2220 3124 2633 3195 polymitorum,
2662 3138 3025 3193 gazarumque
3053 3124 3449 3192 pretiosarum,
3476 3139 3598 3193 qua:
3625 3123 3728 3178 ob-

473 3218 619 3287 ginta
654 3235 672 3268 ι
714 3216 970 3283 camelos,
1003 3225 1057 3270 et
1084 3215 1302 3281 arietes,
1343 3226 1399 3271 et
1443 3230 1609 3286 agnos
1640 3235 1658 3268 ι
1711 3217 2046 3288 interpretati

470 3318 613 3364 sunt.
651 3308 850 3364 Arabia
881 3315 1060 3364 autem
1090 3316 1145 3364 et
1190 3308 1461 3380 principes
1508 3307 1685 3364 Cedar
1734 3325 1852 3378 qua:
1889 3309 2046 3366 hodie

468 3402 863 3470 Saracenorum
906 3400 1052 3471 regio
1091 3409 1198 3466 est,
1230 3399 1368 3455 sicut
1409 3391 1462 3454 in
1503 3397 1749 3456 Jcremize
1774 3416 2042 3467 sermone,

468 3493 556 3562 qui
596 3493 880 3548 adversum
918 3492 1092 3548 Cedar
1136 3492 1419 3557 scribitur,
1473 3492 1783 3562 plenissime
1825 3493 2045 3548 demon-

436 3590 695 3636 stratum
740 3591 852 3647 est,
892 3581 1166 3638 abundant
1201 3580 1285 3663 his
1319 3580 1684 3637 animantibus
1716 3582 1869 3653 agnis
1899 3583 2044 3638 vide-

469 3673 614 3736 licet,
645 3680 699 3727 et
725 3664 984 3728 arietibus
1008 3678 1062 3727 et
1089 3672 1255 3727 htcdis
1278 3679 1330 3727 ct
1359 3671 1485 3743 Tyri
1508 3672 1773 3728 nundinas
1802 3674 1902 3728 hac
1931 3673 2045 3728 illa-

467 3764 613 3819 tione
629 3763 1001 3835 multiplicant.
1021 3763 1128 3821 Sed
1143 3771 1198 3821 ct
1211 3764 1537 3821 camelorum
1551 3762 1879 3821 fertilissima
1894 3764 2043 3836 regio

398 3846 401 3849 ’
467 3864 552 3911 est
574 3856 644 3911 ob
671 3869 993 3925 pascuorum
1015 3856 1180 3912 eremi
1212 3856 1548 3913 latitudinem
1568 3858 1814 3928 aerisque
1838 3868 2038 3926 tempe-

466 3949 633 4010 riem,
666 3946 860 4016 quibus
908 3948 1010 4003 hoc
1039 3949 1235 4002 animal
1274 3948 1595 4005 delectatur.
1629 3949 1826 4004 Arabia
1861 3958 2040 4005 autem

465 4039 850 4120 interpretatur
875 4053 1082 4107 vespera
1108 4049 1162 4093 et
1190 4037 1366 4093 Cedar
1391 4039 1636 4092 tenebrrc.
1670 4038 1745 4094 De
1777 4054 1882 4109 qua
1904 4048 1960 4094 et
1986 4039 2039 4094 in

464 4127 691 4183 Psalmis
717 4126 954 4182 dicitur:
991 4143 1010 4177 ι
1042 4126 1295 4181 llabitavi
1324 4140 1448 4183 eum
1480 4127 1848 4182 habitantibus
1869 4127 2041 4184 Cedar

464 4216 639 4284 (Psal.
671 4216 842 4290 cxtx);
878 4234 899 4269 ι
939 4231 1056 4286 qua:
1088 4218 1335 4287 regiones
1364 4215 1611 4271 deferunt
1638 4214 1781 4287 Tyro
1805 4216 2040 4273 camelos

464 4307 794 4380 gravissimis
838 4314 1183 4378 peccatorum
1213 4305 1469 4361 oneribus
1502 4314 1888 4376 praegravatus,
1926 4307 2040 4362 sive

462 4413 628 4467 agnos
652 4408 707 4454 et
729 4398 946 4462 arietes,
963 4406 1020 4452 et
1041 4396 1222 4452 haedos
1241 4409 1376 4465 quos
1399 4393 1676 4449 immolant
1696 4394 1750 4449 in
1776 4394 2037 4450 altaribus

411 4502 421 4509 '
459 4489 595 4555 suis,
618 4503 738 4560 qua:
763 4488 839 4544 de
864 4486 1048 4557 iniquo
1077 4484 1258 4541 rebelli
1290 4484 1452 4540 corde
1476 4483 1815 4539 simularunt.
1854 4482 2037 4564 Sed,ct

460 4582 514 4635 in
557 4579 657 4634 hoc
684 4579 870 4634 eodem
900 4579 1160 4649 propheta
1196 4575 1250 4630 in
1291 4575 1498 4631 visione
1533 4585 1810 4644 pastorum
1839 4573 2036 4629 arietes

394 4680 429 4741 γ’
458 4684 625 4740 aquas
648 4668 963 4739 purissimas
981 4667 1366 4724 conturbantes
1384 4674 1436 4721 et
1471 4666 1824 4738 impingentes
1853 4663 2037 4719 lateri-

459 4763 560 4817 bus
627 4773 756 4816 ovcs
793 4767 850 4815 et
891 4758 1144 4815 cornibus
1192 4756 1527 4823 dimicantes,
1582 4754 1808 4827 legimus
1854 4754 2034 4811 hmdos

459 4866 673 4926 quoque
700 4852 792 4922 qui
818 4851 888 4905 ad
914 4850 1189 4905 sinistram
1206 4857 1354 4903 stare
1388 4853 1742 4911 consuerunt,
1766 4855 1822 4901 et
1843 4859 2030 4916 agnos,

459 4948 549 5017 qui
587 4943 916 4999 mentiuntur
941 4956 1158 5010 agnum,
1184 4941 1249 4996 de
1274 4955 1380 5011 quo
1404 4940 1664 5010 scriptum
1686 4949 1770 4995 est
1800 4957 1814 4993 :
1846 4957 1865 4990 ο
1895 4939 2033 4994 Ecce

464 5059 481 5089 ‹
511 5040 697 5108 Agnus
714 5033 832 5099 Dei,
852 5044 981 5087 ecce
999 5032 1089 5101 qui
1113 5032 1251 5086 tollit
1272 5039 1491 5103 peccata
1508 5032 1690 5086 mundi
1708 5029 1888 5103 (Joan.
1916 5030 1976 5101 l).
2007 5051 2025 5083 ι

460 5129 514 5182 lu
546 5128 739 5182 bonam
770 5129 979 5193 partem
1009 5119 1245 5177 camelos
1270 5120 1455 5177 scribit
1479 5120 1664 5188 lsaias,
1698 5121 1763 5176 de
1802 5120 2029 5186 Madian,

459 5218 614 5290 quod
631 5217 1015 5285 interpretatur
1042 5211 1247 5267 Domini
1262 5210 1544 5280 judicium,
1560 5210 1747 5266 venire
1775 5209 2029 5266 llierusa-

456 5309 586 5373 lem,
607 5317 660 5364 et
674 5306 846 5376 pra.
865 5310 921 5358 et
942 5302 1141 5359 arietes
1163 5298 1231 5355 de
1242 5297 1505 5368 Nabajoth
1533 5308 1588 5355 et
1611 5297 1754 5355 Saba
1781 5299 2029 5355 deferen-

460 5412 541 5456 tes
562 5413 756 5454 aurum
783 5404 836 5451 et
863 5396 1009 5459 thus,
1029 5406 1257 5463 quorum
1286 5391 1391 5447 duo
1411 5390 1595 5446 ultima
1621 5390 1784 5445 etiam
1810 5405 1842 5445 a
1863 5389 2030 5462 Magis

457 5490 753 5547 offeruntur
801 5484 1045 5542 Domino.
1083 5481 1279 5552 lstique
1332 5480 1526 5537 cameli
1583 5480 1828 5551 deposito
1866 5495 2031 5536 onere

458 5589 802 5651 peccatorum
822 5583 1046 5647 possunt
1068 5575 1268 5629 intrare
1290 5580 1493 5627 arctam
1518 5579 1574 5627 et
1589 5578 1874 5642 angustam
1888 5570 2028 5628 viam

390 5738 401 5747 _
459 5685 580 5740 qua:
602 5670 745 5724 ducit
767 5670 833 5723 ad
863 5667 1040 5721 vitam.

2156 3233 2174 3266 ε
2220 3216 2414 3271 volutae
2439 3224 2494 3270 et
2517 3217 2751 3270 astrictm
2780 3224 2936 3270 erant
2966 3214 3197 3271 funibus.
3235 3236 3254 3269 ι
3293 3216 3462 3281 Aran,
3494 3217 3634 3282 sive,
3671 3226 3729 3272 ut

2148 3302 2292 3358 LXX
2320 3303 2524 3367 dixere,
2558 3302 2821 3368 Charran,
2850 3303 2901 3358 in
2930 3303 3109 3376 lingua
3150 3314 3333 3358 nostra
3382 3315 3541 3359 sonat
3586 3305 3731 3375 fora»-

2150 3394 2309 3457 mina,
2343 3393 2564 3450 Channe
2606 3394 3063 3464 prwparutionem,
3091 3394 3238 3449 Eden
3263 3394 3503 3448 delicias.
3545 3394 3605 3448 lu
3633 3410 3728 3449 ne-

2146 3486 2437 3557 gotiatione
2478 3500 2606 3556 ergo
2637 3485 2762 3555 Tyri
2801 3499 2898 3555 per
2916 3500 3160 3540 -carneos
3197 3499 3409 3552 sensus,
3456 3486 3548 3554 qui
3591 3486 3726 3540 indi-

2145 3584 2338 3630 cantur
2363 3575 2415 3629 in
2445 3573 2825 3640 foraminibus,
2859 3584 2968 3630 tota
2995 3574 3173 3631 saeculi
3209 3574 3485 3629 hominum
3515 3589 3720 3645 przepa-

2145 3665 2281 3719 ratio
2311 3672 2414 3728 est,
2437 3664 2531 3733 qui
2561 3663 2705 3718 solas
2735 3663 2952 3718 delicias
2972 3673 3183 3732 putant,
3215 3665 3261 3718 si
3290 3672 3524 3734 augeant
3547 3662 3720 3734 Tyria:

2143 3754 2293 3809 urbis
2315 3753 2658 3809 commercia.
2698 3754 2772 3808 De
2795 3752 2934 3808 Saba
2961 3769 3119 3823 supra
3143 3754 3395 3809 diximus.
3438 3755 3609 3808 Assur
3636 3756 3713 3808 in—

2144 3850 2469 3914 tcrpretatur
2499 3842 2751 3912 dirigens.
2799 3842 3084 3909 Cltelmad,
3117 3846 3230 3900 sive
3255 3852 3316 3898 ut
3356 3845 3410 3898 in
3448 3845 3715 3913 aliquibus

2116 3932 2538 4002 “exemplaribus
2559 3933 2890 3999 continetur,
2919 3932 3164 3999 Cherma,
3197 3933 3523 3989 transfertur
3544 3936 3600 3988 in
3636 3935 3713 3987 ri-

2142 4042 2301 4091 neas;
2324 4024 2463 4079 haud
2494 4025 2714 4081 dubium
2735 4025 2861 4095 quin
2898 4025 3253 4082 Sodomorum
3280 4030 3371 4097 qui
3412 4029 3621 4082 veniunt
3650 4026 3714 4080 in

2142 4123 2381 4169 mercatu
2411 4113 2578 4184 Tyri,
2616 4122 2673 4168 ut
2701 4128 2864 4183 prava
2897 4115 3161 4186 dirigant,
3189 4116 3299 4171 imo
3335 4126 3559 4188 arguant
3592 4130 3712 4184 puto

2141 4206 2245 4273 nis,
2275 4215 2330 4261 et
2364 4206 2641 4276 corrigant
2668 4221 2786 4278 quae
2819 4204 3029 4263 fuerant
3057 4206 3374 4280 depravata,
3404 4208 3552 4280 juxta
3582 4206 3709 4263 illud

2139 4299 2281 4369 quod
2323 4300 2376 4353 in
2417 4299 2646 4355 Psalmis
2683 4300 2883 4355 dicitur
2919 4319 2933 4355 :
2976 4301 3048 4358 Ut
3074 4303 3322 4358 destruas
3355 4304 3619 4359 inimicum
3648 4312 3710 4355 et

2140 4389 2388 4445 ultorem.
2418 4389 2732 4460 llabeutque
2753 4391 3101 4447 multifariam
3130 4393 3603 4463 supellectilcm,ct
3626 4393 3707 4446 iu—

2138 4481 2378 4538 credibili
2422 4482 2689 4538 varietate
2727 4483 3064 4546 distinctam,
3106 4500 3228 4553 qua:
3252 4483 3542 4538 involucris
3571 4483 3707 4553 Hya-

2135 4573 2300 4628 cinthi
2356 4572 2576 4627 astricta
2629 4582 2757 4639 est,
2807 4573 2923 4628 sive
2978 4572 3215 4627 thesauri
3263 4588 3454 4628 eorum
3497 4573 3707 4626 iuuans

2134 4665 2596 4736 constringuntur,
2618 4719 2630 4729 ,
2649 4680 2786 4735 quos
2812 4665 3313 4720 thesaurizaverunt
3337 4664 3441 4720 sibi
3465 4665 3516 4718 in
3542 4673 3701 4725 terra,

2127 4751 2283 4823 juxta
2308 4754 2437 4809 illud
2449 4754 2592 4823 quod
2612 4754 2873 4822 scriptum
2890 4762 3003 4808 est:
3032 4773 3050 4806 ι
3075 4752 3314 4807 Funibus
3333 4763 3701 4824 pecccatoriun

2138 4859 2360 4899 suorum
2389 4845 2755 4914 unusquisque
2784 4846 3173 4916 conttringitur
3201 4843 3388 4916 (Prov.
3428 4845 3521 4919 γ),
3553 4863 3570 4896 ι
3600 4855 3702 4896 nec

2135 4935 2438 4992 habuennt
2457 4920 2878 5007 negotiationem
2896 4936 3152 5015 liberam,
3183 4937 3277 4992 sed
3301 4947 3493 4992 cuncta
3511 4946 3699 5007 pecca-

2134 5034 2311 5081 torum
2339 5027 2565 5083 vinculis
2589 5036 2909 5083 nexuerant.
2930 5026 3211 5082 Involucra
3226 5026 3560 5099 hyacinthina
3578 5036 3701 5093 pro-

2132 5126 2251 5187 pter
2264 5116 2460 5173 coloris
2471 5117 2874 5172 similitudinem
2890 5115 3187 5171 referamus
3199 5118 3265 5171 ad
3281 5132 3465 5171 aereas
3476 5123 3627 5184 poteSt
3636 5124 3705 5162 a-

2137 5217 2244 5274 les,
2277 5222 2397 5277 quae
2423 5208 2703 5262 thesauros
2728 5222 2857 5262 suos
2885 5205 3066 5261 saeculi
3105 5207 3358 5261 nundinis
3385 5205 3697 5276 largiuntur.

2209 5315 2228 5350 ι
2272 5299 2474 5353 Cedros
2494 5313 2706 5368 quoque
2729 5297 3000 5352 habebant
3026 5297 3080 5351 in
3103 5289 3539 5368 negotiationibus
3563 5292 3700 5345 tuis.

2139 5406 2158 5439 ι
2199 5386 2373 5449 Naves
2409 5386 2599 5452 maris,
2636 5386 2908 5456 principes
2943 5386 3019 5440 tui
3045 5387 3098 5440 in
3139 5386 3491 5456 negotiatione
3522 5392 3625 5435 tua.
3671 5398 3697 5429 ι

2132 5478 2239 5535 Pro
2268 5478 2444 5535 cedris
2485 5477 2838 5548 Septuaginta
2873 5480 3164 5550 cyparissos
3196 5476 3578 5533 transtulerunt.
3618 5460 3707 5526 ιῗι

2132 5572 2258 5641 quia
2306 5586 2469 5641 supra
2500 5570 2567 5626 de
2592 5577 2824 5640 utroque
2854 5570 3107 5638 diximus,
3154 5570 3471 5640 superfluum
3497 5575 3569 5621 est
3603 5564 3702 5617 le-

2134 5661 2269 5716 ctori
2297 5675 2494 5733 augere
2525 5641 2818 5716 fastidium.
