  <div class='ocr_page' id='page_1' title='image "/cluster/home/n/w/nwhite01/storage/ocr_20150623/110/hvd.32044054759758/397.png"; bbox 0 0 3954 6182; ppageno 0'>
   <div class='ocr_carea' id='block_1_1' title="bbox 369 324 527 393">
    <p class='ocr_par' dir='ltr' id='par_1_1' title="bbox 369 324 527 393">
     <span class='ocr_line' id='line_1_1' title="bbox 369 324 527 393; baseline 0.006 -1"><span class='ocrx_word' id='word_1_1' title='bbox 369 324 379 342; x_wconf 88' lang='lat'><strong>‘</strong></span> <span class='ocrx_word' id='word_1_2' title='bbox 427 341 527 393; x_wconf 65' lang='lat'><strong>73&#39;,</strong></span> 
     </span>
    </p>
   </div>
   <div class='ocr_carea' id='block_1_2' title="bbox 1069 325 3041 390">
    <p class='ocr_par' dir='ltr' id='par_1_2' title="bbox 1069 325 3041 390">
     <span class='ocr_line' id='line_1_2' title="bbox 1069 325 3041 390; baseline -0.004 -2"><span class='ocrx_word' id='word_1_3' title='bbox 1069 330 1130 390; x_wconf 84' lang='grc' dir='ltr'><strong>Β.</strong></span> <span class='ocrx_word' id='word_1_4' title='bbox 1171 330 1422 388; x_wconf 67' lang='grc' dir='ltr'><strong>ΒᾹΙΞΑΝΙ</strong></span> <span class='ocrx_word' id='word_1_5' title='bbox 1459 331 1674 387; x_wconf 79' lang='lat' dir='ltr'><strong>MAURI</strong></span> <span class='ocrx_word' id='word_1_6' title='bbox 1713 327 2030 386; x_wconf 70' lang='lat' dir='ltr'><strong>AllCllIEP.</strong></span> <span class='ocrx_word' id='word_1_7' title='bbox 2072 327 2382 386; x_wconf 79' lang='lat' dir='ltr'><strong>MOGUN&#39;I‘.</strong></span> <span class='ocrx_word' id='word_1_8' title='bbox 2422 325 2705 384; x_wconf 74' lang='lat' dir='ltr'><strong>OPERUM</strong></span> <span class='ocrx_word' id='word_1_9' title='bbox 2764 328 2943 382; x_wconf 75' lang='lat' dir='ltr'><strong>PARS</strong></span> <span class='ocrx_word' id='word_1_10' title='bbox 2983 328 3041 382; x_wconf 93' lang='lat' dir='ltr'><strong>Il.</strong></span> 
     </span>
    </p>
   </div>
   <div class='ocr_carea' id='block_1_3' title="bbox 3579 329 3682 382">
    <p class='ocr_par' dir='ltr' id='par_1_3' title="bbox 3579 329 3682 382">
     <span class='ocr_line' id='line_1_3' title="bbox 3579 329 3682 382; baseline 0.01 -1"><span class='ocrx_word' id='word_1_11' title='bbox 3579 329 3682 382; x_wconf 62' lang='lat'><strong>78&quot;.</strong></span> 
     </span>
    </p>
   </div>
   <div class='ocr_carea' id='block_1_4' title="bbox 429 442 3678 516">
    <p class='ocr_par' dir='ltr' id='par_1_4' title="bbox 429 442 3678 516">
     <span class='ocr_line' id='line_1_4' title="bbox 429 442 3678 516; baseline -0.002 -9"><span class='ocrx_word' id='word_1_12' title='bbox 429 453 826 513; x_wconf 66' lang='lat' dir='ltr'><strong>hereticorum,</strong></span> <span class='ocrx_word' id='word_1_13' title='bbox 851 449 1218 503; x_wconf 76' lang='lat' dir='ltr'><strong>consiliatores</strong></span> <span class='ocrx_word' id='word_1_14' title='bbox 1249 447 1611 516; x_wconf 83' lang='lat' dir='ltr'><strong>presbyteros,</strong></span> <span class='ocrx_word' id='word_1_15' title='bbox 1639 453 1883 513; x_wconf 85' lang='lat' dir='ltr'><strong>proretas</strong></span> <span class='ocrx_word' id='word_1_16' title='bbox 1919 458 2006 496; x_wconf 87' lang='lat' dir='ltr'><strong>ar-</strong></span> <span class='ocrx_word' id='word_1_17' title='bbox 2036 445 2081 502; x_wconf 78' lang='grc' dir='ltr'><strong>Α</strong></span> <span class='ocrx_word' id='word_1_18' title='bbox 2112 444 2277 496; x_wconf 87' lang='lat' dir='ltr'><strong>maris</strong></span> <span class='ocrx_word' id='word_1_19' title='bbox 2323 451 2372 497; x_wconf 86' lang='lat' dir='ltr'><strong>et</strong></span> <span class='ocrx_word' id='word_1_20' title='bbox 2433 450 2724 511; x_wconf 85' lang='lat' dir='ltr'><strong>tempestas</strong></span> <span class='ocrx_word' id='word_1_21' title='bbox 2752 442 3007 497; x_wconf 77' lang='lat' dir='ltr'><strong>demersit</strong></span> <span class='ocrx_word' id='word_1_22' title='bbox 3049 457 3133 495; x_wconf 88' lang='lat' dir='ltr'><strong>me</strong></span> <span class='ocrx_word' id='word_1_23' title='bbox 3175 442 3344 512; x_wconf 75' lang='lat' dir='ltr'><strong>(Psal.</strong></span> <span class='ocrx_word' id='word_1_24' title='bbox 3395 448 3605 516; x_wconf 68' lang='grc' dir='ltr'><strong>ωενιη).</strong></span> <span class='ocrx_word' id='word_1_25' title='bbox 3661 468 3678 498; x_wconf 74' lang='grc' dir='ltr'><strong>ο</strong></span> 
     </span>
    </p>
   </div>
   <div class='ocr_carea' id='block_1_5' title="bbox 425 533 1998 604">
    <p class='ocr_par' dir='ltr' id='par_1_5' title="bbox 425 533 1998 604">
     <span class='ocr_line' id='line_1_5' title="bbox 425 533 1998 604; baseline -0.004 -11"><span class='ocrx_word' id='word_1_26' title='bbox 425 541 786 600; x_wconf 82' lang='lat' dir='ltr'><strong>chidiaconos,</strong></span> <span class='ocrx_word' id='word_1_27' title='bbox 813 535 1042 604; x_wconf 76' lang='lat' dir='ltr'><strong>remiges</strong></span> <span class='ocrx_word' id='word_1_28' title='bbox 1065 542 1223 604; x_wconf 88' lang='lat' dir='ltr'><strong>atque</strong></span> <span class='ocrx_word' id='word_1_29' title='bbox 1253 543 1442 587; x_wconf 86' lang='lat' dir='ltr'><strong>nautas</strong></span> <span class='ocrx_word' id='word_1_30' title='bbox 1465 534 1716 587; x_wconf 81' lang='lat' dir='ltr'><strong>diaconos</strong></span> <span class='ocrx_word' id='word_1_31' title='bbox 1739 533 1998 600; x_wconf 87' lang='lat' dir='ltr'><strong>interpre—</strong></span> 
     </span>
    </p>
   </div>
   <div class='ocr_carea' id='block_1_6' title="bbox 430 622 1998 694">
    <p class='ocr_par' dir='ltr' id='par_1_6' title="bbox 430 622 1998 694">
     <span class='ocr_line' id='line_1_6' title="bbox 430 622 1998 694; baseline -0.005 -9"><span class='ocrx_word' id='word_1_32' title='bbox 430 641 614 685; x_wconf 92' lang='lat' dir='ltr'><strong>tantur</strong></span> <span class='ocrx_word' id='word_1_33' title='bbox 653 648 664 682; x_wconf 93' lang='lat'><strong>:</strong></span> <span class='ocrx_word' id='word_1_34' title='bbox 721 637 961 681; x_wconf 91' lang='lat' dir='ltr'><strong>vectores</strong></span> <span class='ocrx_word' id='word_1_35' title='bbox 991 640 1119 679; x_wconf 89' lang='lat' dir='ltr'><strong>vero</strong></span> <span class='ocrx_word' id='word_1_36' title='bbox 1163 625 1229 678; x_wconf 88' lang='lat' dir='ltr'><strong>ad</strong></span> <span class='ocrx_word' id='word_1_37' title='bbox 1271 633 1521 679; x_wconf 89' lang='lat' dir='ltr'><strong>cunctum</strong></span> <span class='ocrx_word' id='word_1_38' title='bbox 1560 622 1811 694; x_wconf 81' lang='lat' dir='ltr'><strong>populant</strong></span> <span class='ocrx_word' id='word_1_39' title='bbox 1857 623 1998 677; x_wconf 88' lang='lat' dir='ltr'><strong>refe-</strong></span> 
     </span>
    </p>
   </div>
   <div class='ocr_carea' id='block_1_7' title="bbox 426 712 1994 782">
    <p class='ocr_par' dir='ltr' id='par_1_7' title="bbox 426 712 1994 782">
     <span class='ocr_line' id='line_1_7' title="bbox 426 712 1994 782; baseline -0.006 -6"><span class='ocrx_word' id='word_1_40' title='bbox 426 730 567 776; x_wconf 89' lang='lat' dir='ltr'><strong>runt.</strong></span> <span class='ocrx_word' id='word_1_41' title='bbox 620 719 676 774; x_wconf 89' lang='lat' dir='ltr'><strong>Si</strong></span> <span class='ocrx_word' id='word_1_42' title='bbox 715 718 1036 773; x_wconf 74' lang='lat' dir='ltr'><strong>addidissent</strong></span> <span class='ocrx_word' id='word_1_43' title='bbox 1085 715 1395 770; x_wconf 87' lang='lat' dir='ltr'><strong>nauclerum</strong></span> <span class='ocrx_word' id='word_1_44' title='bbox 1435 714 1726 778; x_wconf 88' lang='lat' dir='ltr'><strong>diabolum,</strong></span> <span class='ocrx_word' id='word_1_45' title='bbox 1778 712 1994 782; x_wconf 83' lang='lat' dir='ltr'><strong>imples-</strong></span> 
     </span>
    </p>
   </div>
   <div class='ocr_carea' id='block_1_8' title="bbox 423 802 1996 880">
    <p class='ocr_par' dir='ltr' id='par_1_8' title="bbox 423 802 1996 880">
     <span class='ocr_line' id='line_1_8' title="bbox 423 802 1996 880; baseline -0.006 -15"><span class='ocrx_word' id='word_1_46' title='bbox 423 820 538 866; x_wconf 89' lang='lat' dir='ltr'><strong>sent</strong></span> <span class='ocrx_word' id='word_1_47' title='bbox 567 809 898 880; x_wconf 75' lang='lat' dir='ltr'><strong>tragmdiam.</strong></span> <span class='ocrx_word' id='word_1_48' title='bbox 932 806 1030 873; x_wconf 88' lang='lat' dir='ltr'><strong>Qui</strong></span> <span class='ocrx_word' id='word_1_49' title='bbox 1063 822 1250 862; x_wconf 88' lang='lat' dir='ltr'><strong>omnes</strong></span> <span class='ocrx_word' id='word_1_50' title='bbox 1281 805 1556 875; x_wconf 80' lang='lat' dir='ltr'><strong>ejulabant</strong></span> <span class='ocrx_word' id='word_1_51' title='bbox 1580 804 1804 874; x_wconf 80' lang='lat' dir='ltr'><strong>pariter,</strong></span> <span class='ocrx_word' id='word_1_52' title='bbox 1828 813 1883 856; x_wconf 90' lang='lat' dir='ltr'><strong>et</strong></span> <span class='ocrx_word' id='word_1_53' title='bbox 1905 802 1996 856; x_wconf 84' lang='lat' dir='ltr'><strong>ilc-</strong></span> 
     </span>
    </p>
   </div>
   <div class='ocr_carea' id='block_1_9' title="bbox 424 897 1992 970">
    <p class='ocr_par' dir='ltr' id='par_1_9' title="bbox 424 897 1992 970">
     <span class='ocr_line' id='line_1_9' title="bbox 424 897 1992 970; baseline -0.006 -14"><span class='ocrx_word' id='word_1_54' title='bbox 424 903 553 956; x_wconf 87' lang='lat' dir='ltr'><strong>bttnt</strong></span> <span class='ocrx_word' id='word_1_55' title='bbox 594 901 951 963; x_wconf 87' lang='lat' dir='ltr'><strong>amarissime,</strong></span> <span class='ocrx_word' id='word_1_56' title='bbox 995 907 1048 953; x_wconf 89' lang='lat' dir='ltr'><strong>et</strong></span> <span class='ocrx_word' id='word_1_57' title='bbox 1087 907 1251 970; x_wconf 82' lang='lat' dir='ltr'><strong>agent</strong></span> <span class='ocrx_word' id='word_1_58' title='bbox 1287 897 1677 966; x_wconf 79' lang='lat' dir='ltr'><strong>pmnitentiam,</strong></span> <span class='ocrx_word' id='word_1_59' title='bbox 1707 907 1992 965; x_wconf 83' lang='lat' dir='ltr'><strong>postquam</strong></span> 
     </span>
    </p>
   </div>
   <div class='ocr_carea' id='block_1_10' title="bbox 424 987 1992 1062">
    <p class='ocr_par' dir='ltr' id='par_1_10' title="bbox 424 987 1992 1062">
     <span class='ocr_line' id='line_1_10' title="bbox 424 987 1992 1062; baseline -0.005 -16"><span class='ocrx_word' id='word_1_60' title='bbox 424 992 754 1062; x_wconf 70' lang='lat' dir='ltr'><strong>naufragium</strong></span> <span class='ocrx_word' id='word_1_61' title='bbox 787 991 1049 1046; x_wconf 79' lang='lat' dir='ltr'><strong>senserint</strong></span> <span class='ocrx_word' id='word_1_62' title='bbox 1091 990 1245 1043; x_wconf 88' lang='lat' dir='ltr'><strong>navis</strong></span> <span class='ocrx_word' id='word_1_63' title='bbox 1284 1004 1392 1043; x_wconf 70' lang='lat' dir='ltr'><strong>suze</strong></span> <span class='ocrx_word' id='word_1_64' title='bbox 1417 1029 1430 1051; x_wconf 92' lang='lat'><strong>,</strong></span> <span class='ocrx_word' id='word_1_65' title='bbox 1471 995 1525 1040; x_wconf 93' lang='lat' dir='ltr'><strong>et</strong></span> <span class='ocrx_word' id='word_1_66' title='bbox 1560 987 1612 1040; x_wconf 90' lang='lat' dir='ltr'><strong>in</strong></span> <span class='ocrx_word' id='word_1_67' title='bbox 1651 994 1794 1040; x_wconf 91' lang='lat' dir='ltr'><strong>terra</strong></span> <span class='ocrx_word' id='word_1_68' title='bbox 1831 992 1992 1039; x_wconf 91' lang='lat' dir='ltr'><strong>stete—</strong></span> 
     </span>
    </p>
   </div>
   <div class='ocr_carea' id='block_1_11' title="bbox 424 1073 1994 1150">
    <p class='ocr_par' dir='ltr' id='par_1_11' title="bbox 424 1073 1994 1150">
     <span class='ocr_line' id='line_1_11' title="bbox 424 1073 1994 1150; baseline -0.006 -14"><span class='ocrx_word' id='word_1_69' title='bbox 424 1085 550 1140; x_wconf 86' lang='lat' dir='ltr'><strong>rint.</strong></span> <span class='ocrx_word' id='word_1_70' title='bbox 579 1096 896 1150; x_wconf 81' lang='lat' dir='ltr'><strong>omuemque</strong></span> <span class='ocrx_word' id='word_1_71' title='bbox 923 1080 1171 1134; x_wconf 80' lang='lat' dir='ltr'><strong>decorem</strong></span> <span class='ocrx_word' id='word_1_72' title='bbox 1200 1077 1314 1131; x_wconf 87' lang='lat' dir='ltr'><strong>falsi</strong></span> <span class='ocrx_word' id='word_1_73' title='bbox 1349 1077 1579 1131; x_wconf 86' lang='lat' dir='ltr'><strong>nominis</strong></span> <span class='ocrx_word' id='word_1_74' title='bbox 1601 1075 1837 1130; x_wconf 66' lang='lat' dir='ltr'><strong>scientia}</strong></span> <span class='ocrx_word' id='word_1_75' title='bbox 1861 1073 1994 1127; x_wconf 87' lang='lat' dir='ltr'><strong>ami-</strong></span> 
     </span>
    </p>
   </div>
   <div class='ocr_carea' id='block_1_12' title="bbox 421 1164 1994 1240">
    <p class='ocr_par' dir='ltr' id='par_1_12' title="bbox 421 1164 1994 1240">
     <span class='ocr_line' id='line_1_12' title="bbox 421 1164 1994 1240; baseline -0.004 -16"><span class='ocrx_word' id='word_1_76' title='bbox 421 1174 612 1238; x_wconf 85' lang='lat' dir='ltr'><strong>serittt,</strong></span> <span class='ocrx_word' id='word_1_77' title='bbox 633 1181 683 1226; x_wconf 88' lang='lat' dir='ltr'><strong>et</strong></span> <span class='ocrx_word' id='word_1_78' title='bbox 713 1187 807 1240; x_wconf 78' lang='lat' dir='ltr'><strong>pm</strong></span> <span class='ocrx_word' id='word_1_79' title='bbox 833 1171 1022 1240; x_wconf 78' lang='lat' dir='ltr'><strong>gaudio</strong></span> <span class='ocrx_word' id='word_1_80' title='bbox 1049 1177 1209 1237; x_wconf 86' lang='lat' dir='ltr'><strong>atque</strong></span> <span class='ocrx_word' id='word_1_81' title='bbox 1230 1166 1430 1230; x_wconf 74' lang='lat' dir='ltr'><strong>lzetitia,</strong></span> <span class='ocrx_word' id='word_1_82' title='bbox 1463 1167 1515 1219; x_wconf 92' lang='lat' dir='ltr'><strong>in</strong></span> <span class='ocrx_word' id='word_1_83' title='bbox 1539 1166 1716 1220; x_wconf 85' lang='lat' dir='ltr'><strong>cordis</strong></span> <span class='ocrx_word' id='word_1_84' title='bbox 1737 1164 1994 1219; x_wconf 89' lang='lat' dir='ltr'><strong>amaritu-</strong></span> 
     </span>
    </p>
   </div>
   <div class='ocr_carea' id='block_1_13' title="bbox 421 1259 1573 1333">
    <p class='ocr_par' dir='ltr' id='par_1_13' title="bbox 421 1259 1573 1333">
     <span class='ocr_line' id='line_1_13' title="bbox 421 1259 1573 1333; baseline -0.007 -16"><span class='ocrx_word' id='word_1_85' title='bbox 421 1265 541 1317; x_wconf 84' lang='lat' dir='ltr'><strong>dine</strong></span> <span class='ocrx_word' id='word_1_86' title='bbox 567 1264 933 1333; x_wconf 74' lang='lat' dir='ltr'><strong>pmnitcutiam</strong></span> <span class='ocrx_word' id='word_1_87' title='bbox 967 1276 1196 1314; x_wconf 71' lang='lat' dir='ltr'><strong>interere</strong></span> <span class='ocrx_word' id='word_1_88' title='bbox 1222 1259 1573 1329; x_wconf 81' lang='lat' dir='ltr'><strong>signavcrint.</strong></span> 
     </span>
    </p>
   </div>
   <div class='ocr_carea' id='block_1_14' title="bbox 494 1347 1994 1422">
    <p class='ocr_par' dir='ltr' id='par_1_14' title="bbox 494 1347 1994 1422">
     <span class='ocr_line' id='line_1_14' title="bbox 494 1347 1994 1422; baseline -0.002 -18"><span class='ocrx_word' id='word_1_89' title='bbox 494 1372 510 1404; x_wconf 71' lang='grc' dir='ltr'>ι</span> <span class='ocrx_word' id='word_1_90' title='bbox 557 1353 684 1418; x_wconf 67' lang='lat' dir='ltr'><strong>Qua:</strong></span> <span class='ocrx_word' id='word_1_91' title='bbox 706 1361 784 1407; x_wconf 83' lang='lat' dir='ltr'><strong>est</strong></span> <span class='ocrx_word' id='word_1_92' title='bbox 808 1361 859 1406; x_wconf 87' lang='lat' dir='ltr'><strong>ut</strong></span> <span class='ocrx_word' id='word_1_93' title='bbox 884 1351 1076 1422; x_wconf 79' lang='lat' dir='ltr'><strong>Tyrus,</strong></span> <span class='ocrx_word' id='word_1_94' title='bbox 1099 1364 1214 1418; x_wconf 70' lang='lat' dir='ltr'><strong>qurc</strong></span> <span class='ocrx_word' id='word_1_95' title='bbox 1236 1349 1500 1402; x_wconf 72' lang='lat' dir='ltr'><strong>obmutuit</strong></span> <span class='ocrx_word' id='word_1_96' title='bbox 1521 1349 1571 1401; x_wconf 91' lang='lat' dir='ltr'><strong>iu</strong></span> <span class='ocrx_word' id='word_1_97' title='bbox 1596 1348 1771 1403; x_wconf 81' lang='lat' dir='ltr'><strong>medio</strong></span> <span class='ocrx_word' id='word_1_98' title='bbox 1795 1347 1994 1401; x_wconf 83' lang='lat' dir='ltr'><strong>maris?</strong></span> 
     </span>
    </p>
   </div>
   <div class='ocr_carea' id='block_1_15' title="bbox 425 1437 1991 1511">
    <p class='ocr_par' dir='ltr' id='par_1_15' title="bbox 425 1437 1991 1511">
     <span class='ocr_line' id='line_1_15' title="bbox 425 1437 1991 1511; baseline -0.003 -18"><span class='ocrx_word' id='word_1_99' title='bbox 425 1464 440 1493; x_wconf 85' lang='grc'><strong>‹</strong></span> <span class='ocrx_word' id='word_1_100' title='bbox 488 1461 604 1511; x_wconf 69' lang='lat' dir='ltr'><strong>qttzz&#39;.</strong></span> <span class='ocrx_word' id='word_1_101' title='bbox 645 1444 695 1496; x_wconf 89' lang='lat' dir='ltr'><strong>in</strong></span> <span class='ocrx_word' id='word_1_102' title='bbox 740 1443 881 1496; x_wconf 75' lang='lat' dir='ltr'><strong>exitu</strong></span> <span class='ocrx_word' id='word_1_103' title='bbox 925 1441 1341 1509; x_wconf 81' lang='lat' dir='ltr'><strong>negotiationum</strong></span> <span class='ocrx_word' id='word_1_104' title='bbox 1371 1449 1581 1490; x_wconf 89' lang='lat' dir='ltr'><strong>tuarum</strong></span> <span class='ocrx_word' id='word_1_105' title='bbox 1623 1438 1686 1490; x_wconf 90' lang='lat' dir='ltr'><strong>de</strong></span> <span class='ocrx_word' id='word_1_106' title='bbox 1725 1437 1856 1489; x_wconf 90' lang='lat' dir='ltr'><strong>mari</strong></span> <span class='ocrx_word' id='word_1_107' title='bbox 1894 1437 1991 1488; x_wconf 89' lang='lat' dir='ltr'><strong>im-</strong></span> 
     </span>
    </p>
   </div>
   <div class='ocr_carea' id='block_1_16' title="bbox 425 1527 1988 1602">
    <p class='ocr_par' dir='ltr' id='par_1_16' title="bbox 425 1527 1988 1602">
     <span class='ocr_line' id='line_1_16' title="bbox 425 1527 1988 1602; baseline -0.003 -20"><span class='ocrx_word' id='word_1_108' title='bbox 425 1553 442 1582; x_wconf 83' lang='grc'><strong><em>‹</em></strong></span> <span class='ocrx_word' id='word_1_109' title='bbox 489 1534 641 1602; x_wconf 56' lang='grc' dir='ltr'>ιδιρδῑί</span> <span class='ocrx_word' id='word_1_110' title='bbox 690 1532 910 1602; x_wconf 80' lang='lat' dir='ltr'><strong>populos</strong></span> <span class='ocrx_word' id='word_1_111' title='bbox 954 1530 1169 1590; x_wconf 89' lang='lat' dir='ltr'><strong>multos,</strong></span> <span class='ocrx_word' id='word_1_112' title='bbox 1201 1531 1250 1581; x_wconf 91' lang='lat' dir='ltr'><strong>in</strong></span> <span class='ocrx_word' id='word_1_113' title='bbox 1303 1528 1642 1582; x_wconf 88' lang='lat' dir='ltr'><strong>multitudine</strong></span> <span class='ocrx_word' id='word_1_114' title='bbox 1681 1527 1988 1580; x_wconf 80' lang='lat' dir='ltr'><strong>divitiarum</strong></span> 
     </span>
    </p>
   </div>
   <div class='ocr_carea' id='block_1_17' title="bbox 424 1618 1990 1693">
    <p class='ocr_par' dir='ltr' id='par_1_17' title="bbox 424 1618 1990 1693">
     <span class='ocr_line' id='line_1_17' title="bbox 424 1618 1990 1693; baseline -0.004 -17"><span class='ocrx_word' id='word_1_115' title='bbox 424 1645 441 1676; x_wconf 72' lang='grc' dir='ltr'><strong>ε</strong></span> <span class='ocrx_word' id='word_1_116' title='bbox 489 1634 719 1688; x_wconf 85' lang='lat' dir='ltr'><strong>tuarum,</strong></span> <span class='ocrx_word' id='word_1_117' title='bbox 756 1634 809 1677; x_wconf 92' lang='lat' dir='ltr'><strong>et</strong></span> <span class='ocrx_word' id='word_1_118' title='bbox 833 1623 1148 1693; x_wconf 82' lang='lat' dir='ltr'><strong>populorum</strong></span> <span class='ocrx_word' id='word_1_119' title='bbox 1181 1630 1413 1683; x_wconf 88' lang='lat' dir='ltr'><strong>tuorum,</strong></span> <span class='ocrx_word' id='word_1_120' title='bbox 1460 1619 1640 1673; x_wconf 88' lang='lat' dir='ltr'><strong>ditasti</strong></span> <span class='ocrx_word' id='word_1_121' title='bbox 1673 1633 1823 1687; x_wconf 83' lang='lat' dir='ltr'><strong>rech</strong></span> <span class='ocrx_word' id='word_1_122' title='bbox 1852 1618 1990 1670; x_wconf 84' lang='lat' dir='ltr'><strong>mul-</strong></span> 
     </span>
    </p>
   </div>
   <div class='ocr_carea' id='block_1_18' title="bbox 487 1709 1988 1780">
    <p class='ocr_par' dir='ltr' id='par_1_18' title="bbox 487 1709 1988 1780">
     <span class='ocr_line' id='line_1_18' title="bbox 487 1709 1988 1780; baseline -0.005 -11"><span class='ocrx_word' id='word_1_123' title='bbox 487 1725 585 1770; x_wconf 83' lang='lat' dir='ltr'><strong>tos.</strong></span> <span class='ocrx_word' id='word_1_124' title='bbox 615 1715 761 1769; x_wconf 77' lang='lat' dir='ltr'><strong>Nunc</strong></span> <span class='ocrx_word' id='word_1_125' title='bbox 793 1715 1018 1768; x_wconf 87' lang='lat' dir='ltr'><strong>contrita</strong></span> <span class='ocrx_word' id='word_1_126' title='bbox 1037 1730 1096 1768; x_wconf 88' lang='lat' dir='ltr'><strong>es</strong></span> <span class='ocrx_word' id='word_1_127' title='bbox 1121 1729 1148 1767; x_wconf 89' lang='lat' dir='ltr'><strong>a</strong></span> <span class='ocrx_word' id='word_1_128' title='bbox 1175 1713 1330 1776; x_wconf 87' lang='lat' dir='ltr'><strong>mari,</strong></span> <span class='ocrx_word' id='word_1_129' title='bbox 1360 1713 1409 1765; x_wconf 90' lang='lat' dir='ltr'><strong>in</strong></span> <span class='ocrx_word' id='word_1_130' title='bbox 1432 1709 1707 1780; x_wconf 78' lang='lat' dir='ltr'><strong>profundis</strong></span> <span class='ocrx_word' id='word_1_131' title='bbox 1732 1725 1988 1778; x_wconf 85' lang='lat' dir='ltr'><strong>aquarum</strong></span> 
     </span>
    </p>
   </div>
   <div class='ocr_carea' id='block_1_19' title="bbox 2103 531 3679 602">
    <p class='ocr_par' dir='ltr' id='par_1_19' title="bbox 2103 531 3679 602">
     <span class='ocr_line' id='line_1_19' title="bbox 2103 531 3679 602; baseline 0.001 -14"><span class='ocrx_word' id='word_1_132' title='bbox 2103 532 2305 588; x_wconf 91' lang='lat' dir='ltr'><strong>Omnes</strong></span> <span class='ocrx_word' id='word_1_133' title='bbox 2335 532 2520 588; x_wconf 79' lang='lat' dir='ltr'><strong>insula:</strong></span> <span class='ocrx_word' id='word_1_134' title='bbox 2551 533 2629 586; x_wconf 91' lang='lat' dir='ltr'><strong>vel</strong></span> <span class='ocrx_word' id='word_1_135' title='bbox 2657 534 2987 587; x_wconf 78' lang='lat' dir='ltr'><strong>habitatores</strong></span> <span class='ocrx_word' id='word_1_136' title='bbox 3013 531 3331 597; x_wconf 72' lang='lat' dir='ltr'><strong>insularem,</strong></span> <span class='ocrx_word' id='word_1_137' title='bbox 3355 548 3477 602; x_wconf 69' lang='lat' dir='ltr'><strong>quae</strong></span> <span class='ocrx_word' id='word_1_138' title='bbox 3497 537 3679 591; x_wconf 63' lang='lat' dir='ltr'><strong>seculi</strong></span> 
     </span>
    </p>
   </div>
   <div class='ocr_carea' id='block_1_20' title="bbox 2101 623 3682 694">
    <p class='ocr_par' dir='ltr' id='par_1_20' title="bbox 2101 623 3682 694">
     <span class='ocr_line' id='line_1_20' title="bbox 2101 623 3682 694; baseline 0.003 -16"><span class='ocrx_word' id='word_1_139' title='bbox 2101 625 2258 694; x_wconf 87' lang='lat' dir='ltr'><strong>hujus</strong></span> <span class='ocrx_word' id='word_1_140' title='bbox 2285 623 2536 678; x_wconf 80' lang='lat' dir='ltr'><strong>fluetibus</strong></span> <span class='ocrx_word' id='word_1_141' title='bbox 2575 627 2954 687; x_wconf 76' lang='lat' dir='ltr'><strong>verberantur,</strong></span> <span class='ocrx_word' id='word_1_142' title='bbox 2999 623 3292 693; x_wconf 77' lang='lat' dir='ltr'><strong>stupebant</strong></span> <span class='ocrx_word' id='word_1_143' title='bbox 3330 640 3492 694; x_wconf 82' lang='lat' dir='ltr'><strong>super</strong></span> <span class='ocrx_word' id='word_1_144' title='bbox 3521 635 3597 687; x_wconf 85' lang='lat' dir='ltr'><strong>te,</strong></span> <span class='ocrx_word' id='word_1_145' title='bbox 3627 637 3682 682; x_wconf 85' lang='lat' dir='ltr'><strong>et</strong></span> 
     </span>
    </p>
   </div>
   <div class='ocr_carea' id='block_1_21' title="bbox 2101 713 3678 783">
    <p class='ocr_par' dir='ltr' id='par_1_21' title="bbox 2101 713 3678 783">
     <span class='ocr_line' id='line_1_21' title="bbox 2101 713 3678 783; baseline 0.004 -17"><span class='ocrx_word' id='word_1_146' title='bbox 2101 730 2252 783; x_wconf 77' lang='lat' dir='ltr'><strong>reges</strong></span> <span class='ocrx_word' id='word_1_147' title='bbox 2285 729 2467 769; x_wconf 89' lang='lat' dir='ltr'><strong>earum</strong></span> <span class='ocrx_word' id='word_1_148' title='bbox 2510 720 2827 783; x_wconf 80' lang='lat' dir='ltr'><strong>tempestate</strong></span> <span class='ocrx_word' id='word_1_149' title='bbox 2855 713 3107 782; x_wconf 85' lang='lat' dir='ltr'><strong>petculsi,</strong></span> <span class='ocrx_word' id='word_1_150' title='bbox 3140 715 3375 768; x_wconf 88' lang='lat' dir='ltr'><strong>sentient</strong></span> <span class='ocrx_word' id='word_1_151' title='bbox 3401 715 3678 772; x_wconf 88' lang='lat' dir='ltr'><strong>interitum</strong></span> 
     </span>
    </p>
   </div>
   <div class='ocr_carea' id='block_1_22' title="bbox 2095 805 3678 874">
    <p class='ocr_par' dir='ltr' id='par_1_22' title="bbox 2095 805 3678 874">
     <span class='ocr_line' id='line_1_22' title="bbox 2095 805 3678 874; baseline 0.004 -16"><span class='ocrx_word' id='word_1_152' title='bbox 2095 811 2248 859; x_wconf 83' lang='lat' dir='ltr'><strong>suum</strong></span> <span class='ocrx_word' id='word_1_153' title='bbox 2278 823 2289 858; x_wconf 89' lang='lat'><strong>:</strong></span> <span class='ocrx_word' id='word_1_154' title='bbox 2334 806 2713 874; x_wconf 84' lang='lat' dir='ltr'><strong>imitantesqtte</strong></span> <span class='ocrx_word' id='word_1_155' title='bbox 2745 820 2928 859; x_wconf 91' lang='lat' dir='ltr'><strong>vocem</strong></span> <span class='ocrx_word' id='word_1_156' title='bbox 2954 805 3159 860; x_wconf 86' lang='lat' dir='ltr'><strong>colubri</strong></span> <span class='ocrx_word' id='word_1_157' title='bbox 3194 805 3482 860; x_wconf 82' lang='lat' dir='ltr'><strong>sibilabunt</strong></span> <span class='ocrx_word' id='word_1_158' title='bbox 3509 818 3566 862; x_wconf 90' lang='lat' dir='ltr'><strong>et</strong></span> <span class='ocrx_word' id='word_1_159' title='bbox 3594 811 3678 864; x_wconf 80' lang='lat' dir='ltr'><strong>di-</strong></span> 
     </span>
    </p>
   </div>
   <div class='ocr_carea' id='block_1_23' title="bbox 2094 895 3680 967">
    <p class='ocr_par' dir='ltr' id='par_1_23' title="bbox 2094 895 3680 967">
     <span class='ocr_line' id='line_1_23' title="bbox 2094 895 3680 967; baseline 0.004 -20"><span class='ocrx_word' id='word_1_160' title='bbox 2094 903 2218 948; x_wconf 87' lang='lat' dir='ltr'><strong>cent</strong></span> <span class='ocrx_word' id='word_1_161' title='bbox 2254 913 2266 948; x_wconf 91' lang='lat'><strong>:</strong></span> <span class='ocrx_word' id='word_1_162' title='bbox 2307 913 2326 946; x_wconf 72' lang='grc' dir='ltr'>ι</span> <span class='ocrx_word' id='word_1_163' title='bbox 2360 895 2440 948; x_wconf 86' lang='lat' dir='ltr'><strong>Ad</strong></span> <span class='ocrx_word' id='word_1_164' title='bbox 2471 895 2693 949; x_wconf 84' lang='lat' dir='ltr'><strong>nihilum</strong></span> <span class='ocrx_word' id='word_1_165' title='bbox 2731 896 2954 949; x_wconf 86' lang='lat' dir='ltr'><strong>deducta</strong></span> <span class='ocrx_word' id='word_1_166' title='bbox 2986 910 3064 958; x_wconf 88' lang='lat' dir='ltr'><strong>es,</strong></span> <span class='ocrx_word' id='word_1_167' title='bbox 3101 915 3118 946; x_wconf 72' lang='grc' dir='ltr'><strong><em>ι</em></strong></span> <span class='ocrx_word' id='word_1_168' title='bbox 3162 896 3277 950; x_wconf 86' lang='lat' dir='ltr'><strong>sive</strong></span> <span class='ocrx_word' id='word_1_169' title='bbox 3321 914 3338 946; x_wconf 83' lang='grc'><em>‹</em></span> <span class='ocrx_word' id='word_1_170' title='bbox 3388 895 3529 951; x_wconf 84' lang='lat' dir='ltr'><strong>facta</strong></span> <span class='ocrx_word' id='word_1_171' title='bbox 3561 911 3680 967; x_wconf 83' lang='lat' dir='ltr'><strong>pcr-</strong></span> 
     </span>
    </p>
   </div>
   <div class='ocr_carea' id='block_1_24' title="bbox 2095 983 3675 1052">
    <p class='ocr_par' dir='ltr' id='par_1_24' title="bbox 2095 983 3675 1052">
     <span class='ocr_line' id='line_1_24' title="bbox 2095 983 3675 1052; baseline 0.004 -17"><span class='ocrx_word' id='word_1_172' title='bbox 2095 983 2227 1037; x_wconf 91' lang='lat' dir='ltr'><strong>ditio</strong></span> <span class='ocrx_word' id='word_1_173' title='bbox 2257 999 2336 1048; x_wconf 90' lang='lat' dir='ltr'><strong>es,</strong></span> <span class='ocrx_word' id='word_1_174' title='bbox 2377 1003 2393 1035; x_wconf 73' lang='grc' dir='ltr'>ι</span> <span class='ocrx_word' id='word_1_175' title='bbox 2429 995 2485 1036; x_wconf 89' lang='lat' dir='ltr'><strong>ut</strong></span> <span class='ocrx_word' id='word_1_176' title='bbox 2529 999 2633 1037; x_wconf 90' lang='lat' dir='ltr'><strong>non</strong></span> <span class='ocrx_word' id='word_1_177' title='bbox 2680 992 2869 1036; x_wconf 89' lang='lat' dir='ltr'><strong>natura</strong></span> <span class='ocrx_word' id='word_1_178' title='bbox 2915 983 3234 1052; x_wconf 53' lang='lat' dir='ltr'><strong>perditionis</strong></span> <span class='ocrx_word' id='word_1_179' title='bbox 3271 985 3547 1051; x_wconf 84' lang='lat' dir='ltr'><strong>habueris,</strong></span> <span class='ocrx_word' id='word_1_180' title='bbox 3582 988 3675 1041; x_wconf 84' lang='lat' dir='ltr'><strong>sed</strong></span> 
     </span>
    </p>
   </div>
   <div class='ocr_carea' id='block_1_25' title="bbox 2095 1075 3671 1144">
    <p class='ocr_par' dir='ltr' id='par_1_25' title="bbox 2095 1075 3671 1144">
     <span class='ocr_line' id='line_1_25' title="bbox 2095 1075 3671 1144; baseline 0.002 -15"><span class='ocrx_word' id='word_1_181' title='bbox 2095 1075 2445 1141; x_wconf 80' lang='lat' dir='ltr'><strong>voluntatem,</strong></span> <span class='ocrx_word' id='word_1_182' title='bbox 2473 1086 2528 1130; x_wconf 89' lang='lat' dir='ltr'><strong>et</strong></span> <span class='ocrx_word' id='word_1_183' title='bbox 2562 1092 2666 1130; x_wconf 87' lang='lat' dir='ltr'><strong>non</strong></span> <span class='ocrx_word' id='word_1_184' title='bbox 2690 1077 2818 1129; x_wconf 90' lang='lat' dir='ltr'><strong>eris.</strong></span> <span class='ocrx_word' id='word_1_185' title='bbox 2847 1075 2999 1142; x_wconf 83' lang='lat' dir='ltr'><strong>Quod</strong></span> <span class='ocrx_word' id='word_1_186' title='bbox 3027 1076 3071 1128; x_wconf 90' lang='lat' dir='ltr'><strong>si</strong></span> <span class='ocrx_word' id='word_1_187' title='bbox 3108 1075 3212 1128; x_wconf 90' lang='lat' dir='ltr'><strong>huc</strong></span> <span class='ocrx_word' id='word_1_188' title='bbox 3234 1091 3402 1144; x_wconf 90' lang='lat' dir='ltr'><strong>usque</strong></span> <span class='ocrx_word' id='word_1_189' title='bbox 3429 1077 3671 1144; x_wconf 78' lang='lat' dir='ltr'><strong>dixisset,</strong></span> 
     </span>
    </p>
   </div>
   <div class='ocr_carea' id='block_1_26' title="bbox 2094 1167 3670 1236">
    <p class='ocr_par' dir='ltr' id='par_1_26' title="bbox 2094 1167 3670 1236">
     <span class='ocr_line' id='line_1_26' title="bbox 2094 1167 3670 1236; baseline 0.001 -17"><span class='ocrx_word' id='word_1_190' title='bbox 2094 1182 2286 1236; x_wconf 81' lang='lat' dir='ltr'><strong>magna</strong></span> <span class='ocrx_word' id='word_1_191' title='bbox 2352 1167 2576 1236; x_wconf 82' lang='lat' dir='ltr'><strong>qtnestio</strong></span> <span class='ocrx_word' id='word_1_192' title='bbox 2629 1176 2987 1230; x_wconf 82' lang='lat' dir='ltr'><strong>nasceretur,</strong></span> <span class='ocrx_word' id='word_1_193' title='bbox 3044 1168 3310 1235; x_wconf 86' lang='lat' dir='ltr'><strong>quomodo</strong></span> <span class='ocrx_word' id='word_1_194' title='bbox 3355 1183 3461 1222; x_wconf 88' lang='lat' dir='ltr'><strong>non</strong></span> <span class='ocrx_word' id='word_1_195' title='bbox 3509 1179 3670 1231; x_wconf 82' lang='lat' dir='ltr'><strong>esset,</strong></span> 
     </span>
    </p>
   </div>
   <div class='ocr_carea' id='block_1_27' title="bbox 2093 1257 3673 1329">
    <p class='ocr_par' dir='ltr' id='par_1_27' title="bbox 2093 1257 3673 1329">
     <span class='ocr_line' id='line_1_27' title="bbox 2093 1257 3673 1329; baseline 0.003 -21"><span class='ocrx_word' id='word_1_196' title='bbox 2093 1272 2252 1326; x_wconf 90' lang='lat' dir='ltr'><strong>quam</strong></span> <span class='ocrx_word' id='word_1_197' title='bbox 2301 1272 2442 1311; x_wconf 88' lang='lat' dir='ltr'><strong>nunc</strong></span> <span class='ocrx_word' id='word_1_198' title='bbox 2474 1257 2716 1310; x_wconf 88' lang='lat' dir='ltr'><strong>videmus</strong></span> <span class='ocrx_word' id='word_1_199' title='bbox 2759 1265 3089 1310; x_wconf 75' lang='lat' dir='ltr'><strong>exstructam</strong></span> <span class='ocrx_word' id='word_1_200' title='bbox 3120 1275 3131 1309; x_wconf 94' lang='lat'>:</span> <span class='ocrx_word' id='word_1_201' title='bbox 3165 1259 3262 1310; x_wconf 79' lang='lat' dir='ltr'><strong>sed</strong></span> <span class='ocrx_word' id='word_1_202' title='bbox 3300 1273 3362 1311; x_wconf 81' lang='lat' dir='ltr'><strong>ex</strong></span> <span class='ocrx_word' id='word_1_203' title='bbox 3405 1274 3492 1322; x_wconf 90' lang='lat' dir='ltr'><strong>eo,</strong></span> <span class='ocrx_word' id='word_1_204' title='bbox 3530 1261 3673 1329; x_wconf 88' lang='lat' dir='ltr'><strong>quod</strong></span> 
     </span>
    </p>
   </div>
   <div class='ocr_carea' id='block_1_28' title="bbox 2094 1347 3676 1420">
    <p class='ocr_par' dir='ltr' id='par_1_28' title="bbox 2094 1347 3676 1420">
     <span class='ocr_line' id='line_1_28' title="bbox 2094 1347 3676 1420; baseline 0.001 -16"><span class='ocrx_word' id='word_1_205' title='bbox 2094 1349 2381 1417; x_wconf 81' lang='lat' dir='ltr'><strong>sequitur:</strong></span> <span class='ocrx_word' id='word_1_206' title='bbox 2423 1364 2584 1418; x_wconf 81' lang='lat' dir='ltr'><strong>usque</strong></span> <span class='ocrx_word' id='word_1_207' title='bbox 2625 1349 2678 1401; x_wconf 87' lang='lat' dir='ltr'><strong>in</strong></span> <span class='ocrx_word' id='word_1_208' title='bbox 2716 1347 2985 1411; x_wconf 67' lang='lat' dir='ltr'><strong>mentum,</strong></span> <span class='ocrx_word' id='word_1_209' title='bbox 3037 1348 3194 1401; x_wconf 86' lang='lat' dir='ltr'><strong>unius</strong></span> <span class='ocrx_word' id='word_1_210' title='bbox 3235 1350 3408 1402; x_wconf 65' lang='lat' dir='ltr'><strong>sa‘culi</strong></span> <span class='ocrx_word' id='word_1_211' title='bbox 3461 1360 3676 1420; x_wconf 86' lang='lat' dir='ltr'><strong>tempus</strong></span> 
     </span>
    </p>
   </div>
   <div class='ocr_carea' id='block_1_29' title="bbox 2092 1438 3675 1510">
    <p class='ocr_par' dir='ltr' id='par_1_29' title="bbox 2092 1438 3675 1510">
     <span class='ocr_line' id='line_1_29' title="bbox 2092 1438 3675 1510; baseline -0.003 -15"><span class='ocrx_word' id='word_1_212' title='bbox 2092 1442 2344 1505; x_wconf 84' lang='lat' dir='ltr'><strong>ostendit,</strong></span> <span class='ocrx_word' id='word_1_213' title='bbox 2391 1440 2530 1508; x_wconf 88' lang='lat' dir='ltr'><strong>quod</strong></span> <span class='ocrx_word' id='word_1_214' title='bbox 2556 1438 2711 1506; x_wconf 83' lang='lat' dir='ltr'><strong>juxta</strong></span> <span class='ocrx_word' id='word_1_215' title='bbox 2742 1446 2950 1491; x_wconf 55' lang='lat' dir='ltr'><strong>attatem</strong></span> <span class='ocrx_word' id='word_1_216' title='bbox 2985 1438 3218 1490; x_wconf 88' lang='lat' dir='ltr'><strong>hominis</strong></span> <span class='ocrx_word' id='word_1_217' title='bbox 3252 1453 3515 1493; x_wconf 86' lang='lat' dir='ltr'><strong>annorum</strong></span> <span class='ocrx_word' id='word_1_218' title='bbox 3554 1456 3675 1510; x_wconf 75' lang='lat' dir='ltr'><strong>sep-</strong></span> 
     </span>
    </p>
   </div>
   <div class='ocr_carea' id='block_1_30' title="bbox 2095 1529 3671 1602">
    <p class='ocr_par' dir='ltr' id='par_1_30' title="bbox 2095 1529 3671 1602">
     <span class='ocr_line' id='line_1_30' title="bbox 2095 1529 3671 1602; baseline -0.002 -15"><span class='ocrx_word' id='word_1_219' title='bbox 2095 1534 2331 1602; x_wconf 77' lang='lat' dir='ltr'><strong>tuaginta</strong></span> <span class='ocrx_word' id='word_1_220' title='bbox 2364 1533 2564 1586; x_wconf 86' lang='lat' dir='ltr'><strong>circulo</strong></span> <span class='ocrx_word' id='word_1_221' title='bbox 2599 1538 2934 1600; x_wconf 78' lang='lat' dir='ltr'><strong>supputatur,</strong></span> <span class='ocrx_word' id='word_1_222' title='bbox 2971 1530 3085 1582; x_wconf 85' lang='lat' dir='ltr'><strong>sive</strong></span> <span class='ocrx_word' id='word_1_223' title='bbox 3125 1545 3228 1582; x_wconf 90' lang='lat' dir='ltr'><strong>non</strong></span> <span class='ocrx_word' id='word_1_224' title='bbox 3273 1529 3382 1583; x_wconf 84' lang='lat' dir='ltr'><strong>eris</strong></span> <span class='ocrx_word' id='word_1_225' title='bbox 3422 1529 3552 1595; x_wconf 89' lang='lat' dir='ltr'><strong>Deo,</strong></span> <span class='ocrx_word' id='word_1_226' title='bbox 3587 1532 3671 1584; x_wconf 81' lang='lat' dir='ltr'><strong>di-</strong></span> 
     </span>
    </p>
   </div>
   <div class='ocr_carea' id='block_1_31' title="bbox 2093 1603 3673 1691">
    <p class='ocr_par' dir='ltr' id='par_1_31' title="bbox 2093 1603 3673 1691">
     <span class='ocr_line' id='line_1_31' title="bbox 2093 1603 3673 1691; baseline 0 -16"><span class='ocrx_word' id='word_1_227' title='bbox 2093 1631 2247 1675; x_wconf 86' lang='lat' dir='ltr'><strong>ccatc</strong></span> <span class='ocrx_word' id='word_1_228' title='bbox 2295 1621 2567 1691; x_wconf 76' lang='lat' dir='ltr'><strong>Apostolo,</strong></span> <span class='ocrx_word' id='word_1_229' title='bbox 2619 1640 2635 1669; x_wconf 86' lang='grc'><strong>‹</strong></span> <span class='ocrx_word' id='word_1_230' title='bbox 2685 1619 2784 1685; x_wconf 86' lang='lat' dir='ltr'><strong>Qui</strong></span> <span class='ocrx_word' id='word_1_231' title='bbox 2827 1619 3039 1671; x_wconf 88' lang='lat' dir='ltr'><strong>vocavit</strong></span> <span class='ocrx_word' id='word_1_232' title='bbox 3084 1633 3167 1681; x_wconf 90' lang='lat' dir='ltr'><strong>ca,</strong></span> <span class='ocrx_word' id='word_1_233' title='bbox 3212 1633 3328 1686; x_wconf 72' lang='lat' dir='ltr'><strong>qua:</strong></span> <span class='ocrx_word' id='word_1_234' title='bbox 3372 1603 3484 1672; x_wconf 72' lang='lat' dir='ltr'><strong>non</strong></span> <span class='ocrx_word' id='word_1_235' title='bbox 3519 1632 3673 1675; x_wconf 87' lang='lat' dir='ltr'><strong>erant</strong></span> 
     </span>
    </p>
   </div>
   <div class='ocr_carea' id='block_1_32' title="bbox 2095 1710 3671 1783">
    <p class='ocr_par' dir='ltr' id='par_1_32' title="bbox 2095 1710 3671 1783">
     <span class='ocr_line' id='line_1_32' title="bbox 2095 1710 3671 1783; baseline 0.001 -18"><span class='ocrx_word' id='word_1_236' title='bbox 2095 1713 2265 1783; x_wconf 80' lang='lat' dir='ltr'><strong>(Rom.</strong></span> <span class='ocrx_word' id='word_1_237' title='bbox 2297 1713 2390 1780; x_wconf 86' lang='lat' dir='ltr'><strong>tv).</strong></span> <span class='ocrx_word' id='word_1_238' title='bbox 2431 1732 2448 1763; x_wconf 74' lang='grc' dir='ltr'>ι</span> <span class='ocrx_word' id='word_1_239' title='bbox 2485 1713 2549 1764; x_wconf 83' lang='lat' dir='ltr'><strong>Et</strong></span> <span class='ocrx_word' id='word_1_240' title='bbox 2591 1711 2725 1764; x_wconf 88' lang='lat' dir='ltr'><strong>Isaia</strong></span> <span class='ocrx_word' id='word_1_241' title='bbox 2757 1711 3014 1779; x_wconf 78' lang='lat' dir='ltr'><strong>propheta</strong></span> <span class='ocrx_word' id='word_1_242' title='bbox 3053 1728 3064 1762; x_wconf 92' lang='lat'>:</span> <span class='ocrx_word' id='word_1_243' title='bbox 3111 1727 3129 1759; x_wconf 68' lang='grc' dir='ltr'><em>ς</em></span> <span class='ocrx_word' id='word_1_244' title='bbox 3167 1710 3301 1764; x_wconf 79' lang='lat' dir='ltr'><strong>Ecce</strong></span> <span class='ocrx_word' id='word_1_245' title='bbox 3339 1710 3671 1766; x_wconf 82' lang='lat' dir='ltr'><strong>confunden-</strong></span> 
     </span>
    </p>
   </div>
   <div class='ocr_carea' id='block_1_33' title="bbox 483 1799 3668 1876">
    <p class='ocr_par' dir='ltr' id='par_1_33' title="bbox 483 1799 3668 1876">
     <span class='ocr_line' id='line_1_33' title="bbox 483 1799 3668 1876; baseline 0 -18"><span class='ocrx_word' id='word_1_246' title='bbox 483 1823 611 1876; x_wconf 87' lang='lat' dir='ltr'><strong>opcs</strong></span> <span class='ocrx_word' id='word_1_247' title='bbox 665 1815 796 1868; x_wconf 59' lang='lat' dir='ltr'><strong>tum,</strong></span> <span class='ocrx_word' id='word_1_248' title='bbox 830 1813 882 1858; x_wconf 90' lang='lat' dir='ltr'><strong>et</strong></span> <span class='ocrx_word' id='word_1_249' title='bbox 925 1805 1098 1857; x_wconf 86' lang='lat' dir='ltr'><strong>omnis</strong></span> <span class='ocrx_word' id='word_1_250' title='bbox 1142 1801 1426 1856; x_wconf 80' lang='lat' dir='ltr'><strong>multitudo</strong></span> <span class='ocrx_word' id='word_1_251' title='bbox 1457 1810 1573 1865; x_wconf 89' lang='lat' dir='ltr'><strong>tua,</strong></span> <span class='ocrx_word' id='word_1_252' title='bbox 1614 1815 1731 1868; x_wconf 80' lang='lat' dir='ltr'><strong>quae</strong></span> <span class='ocrx_word' id='word_1_253' title='bbox 1779 1809 1896 1852; x_wconf 88' lang='lat' dir='ltr'><strong>erat</strong></span> <span class='ocrx_word' id='word_1_254' title='bbox 1934 1799 1984 1851; x_wconf 91' lang='lat' dir='ltr'><strong>in</strong></span> <span class='ocrx_word' id='word_1_255' title='bbox 2020 1799 2060 1855; x_wconf 81' lang='grc' dir='ltr'><strong>Β</strong></span> <span class='ocrx_word' id='word_1_256' title='bbox 2092 1811 2176 1855; x_wconf 92' lang='lat' dir='ltr'><strong>tur</strong></span> <span class='ocrx_word' id='word_1_257' title='bbox 2203 1811 2256 1855; x_wconf 92' lang='lat' dir='ltr'><strong>et</strong></span> <span class='ocrx_word' id='word_1_258' title='bbox 2279 1803 2594 1856; x_wconf 57' lang='lat' dir='ltr'><strong>erubeaccnt</strong></span> <span class='ocrx_word' id='word_1_259' title='bbox 2631 1815 2818 1854; x_wconf 88' lang='lat' dir='ltr'><strong>omnes</strong></span> <span class='ocrx_word' id='word_1_260' title='bbox 2849 1801 3139 1854; x_wconf 84' lang='lat' dir='ltr'><strong>adversarii</strong></span> <span class='ocrx_word' id='word_1_261' title='bbox 3169 1801 3263 1852; x_wconf 90' lang='lat' dir='ltr'><strong>tui.</strong></span> <span class='ocrx_word' id='word_1_262' title='bbox 3314 1803 3484 1855; x_wconf 83' lang='lat' dir='ltr'><strong>Erunt</strong></span> <span class='ocrx_word' id='word_1_263' title='bbox 3519 1804 3668 1858; x_wconf 83' lang='lat' dir='ltr'><strong>enim</strong></span> 
     </span>
    </p>
   </div>
   <div class='ocr_carea' id='block_1_34' title="bbox 423 1888 1986 1955">
    <p class='ocr_par' dir='ltr' id='par_1_34' title="bbox 423 1888 1986 1955">
     <span class='ocr_line' id='line_1_34' title="bbox 423 1888 1986 1955; baseline -0.003 -10"><span class='ocrx_word' id='word_1_264' title='bbox 423 1915 440 1945; x_wconf 75' lang='grc' dir='ltr'><strong><em>ι</em></strong></span> <span class='ocrx_word' id='word_1_265' title='bbox 488 1896 660 1949; x_wconf 91' lang='lat' dir='ltr'><strong>medio</strong></span> <span class='ocrx_word' id='word_1_266' title='bbox 691 1896 766 1948; x_wconf 92' lang='lat' dir='ltr'><strong>tui</strong></span> <span class='ocrx_word' id='word_1_267' title='bbox 795 1895 1131 1955; x_wconf 84' lang='lat' dir='ltr'><strong>ceciderunt,</strong></span> <span class='ocrx_word' id='word_1_268' title='bbox 1161 1891 1394 1944; x_wconf 85' lang='lat' dir='ltr'><strong>universi</strong></span> <span class='ocrx_word' id='word_1_269' title='bbox 1435 1889 1765 1943; x_wconf 82' lang='lat' dir='ltr'><strong>habitatores</strong></span> <span class='ocrx_word' id='word_1_270' title='bbox 1789 1888 1986 1942; x_wconf 84' lang='lat' dir='ltr'><strong>insula-</strong></span> 
     </span>
    </p>
   </div>
   <div class='ocr_carea' id='block_1_35' title="bbox 421 1987 1986 2054">
    <p class='ocr_par' dir='ltr' id='par_1_35' title="bbox 421 1987 1986 2054">
     <span class='ocr_line' id='line_1_35' title="bbox 421 1987 1986 2054; baseline -0.002 -17"><span class='ocrx_word' id='word_1_271' title='bbox 421 2007 439 2037; x_wconf 75' lang='grc' dir='ltr'>ι</span> <span class='ocrx_word' id='word_1_272' title='bbox 489 2004 604 2041; x_wconf 92' lang='lat' dir='ltr'><strong>rum</strong></span> <span class='ocrx_word' id='word_1_273' title='bbox 635 1987 1027 2054; x_wconf 86' lang='lat' dir='ltr'><strong>obstupuerunt</strong></span> <span class='ocrx_word' id='word_1_274' title='bbox 1048 2000 1209 2054; x_wconf 89' lang='lat' dir='ltr'><strong>super</strong></span> <span class='ocrx_word' id='word_1_275' title='bbox 1235 1992 1308 2047; x_wconf 91' lang='lat' dir='ltr'><strong>te,</strong></span> <span class='ocrx_word' id='word_1_276' title='bbox 1339 1992 1392 2036; x_wconf 89' lang='lat' dir='ltr'><strong>et</strong></span> <span class='ocrx_word' id='word_1_277' title='bbox 1414 1997 1568 2050; x_wconf 80' lang='lat' dir='ltr'><strong>reges</strong></span> <span class='ocrx_word' id='word_1_278' title='bbox 1592 1997 1774 2034; x_wconf 88' lang='lat' dir='ltr'><strong>earum</strong></span> <span class='ocrx_word' id='word_1_279' title='bbox 1798 1993 1986 2034; x_wconf 88' lang='lat' dir='ltr'><strong>omnes</strong></span> 
     </span>
    </p>
   </div>
   <div class='ocr_carea' id='block_1_36' title="bbox 421 2069 1985 2146">
    <p class='ocr_par' dir='ltr' id='par_1_36' title="bbox 421 2069 1985 2146">
     <span class='ocr_line' id='line_1_36' title="bbox 421 2069 1985 2146; baseline -0.004 -18"><span class='ocrx_word' id='word_1_280' title='bbox 421 2097 438 2128; x_wconf 74' lang='grc' dir='ltr'>ι</span> <span class='ocrx_word' id='word_1_281' title='bbox 483 2083 796 2146; x_wconf 80' lang='lat' dir='ltr'><strong>tempestate</strong></span> <span class='ocrx_word' id='word_1_282' title='bbox 822 2073 1049 2143; x_wconf 87' lang='lat' dir='ltr'><strong>perculsi</strong></span> <span class='ocrx_word' id='word_1_283' title='bbox 1079 2081 1421 2126; x_wconf 85' lang='lat' dir='ltr'><strong>mutaverunt</strong></span> <span class='ocrx_word' id='word_1_284' title='bbox 1447 2071 1645 2124; x_wconf 89' lang='lat' dir='ltr'><strong>vultus.</strong></span> <span class='ocrx_word' id='word_1_285' title='bbox 1680 2069 1985 2139; x_wconf 80' lang='lat' dir='ltr'><strong>Negotiato-</strong></span> 
     </span>
    </p>
   </div>
   <div class='ocr_carea' id='block_1_37' title="bbox 421 2160 1986 2234">
    <p class='ocr_par' dir='ltr' id='par_1_37' title="bbox 421 2160 1986 2234">
     <span class='ocr_line' id='line_1_37' title="bbox 421 2160 1986 2234; baseline -0.003 -16"><span class='ocrx_word' id='word_1_286' title='bbox 421 2187 438 2218; x_wconf 75' lang='grc' dir='ltr'><strong>ε</strong></span> <span class='ocrx_word' id='word_1_287' title='bbox 487 2181 572 2220; x_wconf 80' lang='lat' dir='ltr'><strong>res</strong></span> <span class='ocrx_word' id='word_1_288' title='bbox 595 2165 830 2234; x_wconf 73' lang='lat' dir='ltr'><strong>gentium</strong></span> <span class='ocrx_word' id='word_1_289' title='bbox 866 2164 1216 2219; x_wconf 86' lang='lat' dir='ltr'><strong>sibilavernnt</strong></span> <span class='ocrx_word' id='word_1_290' title='bbox 1241 2177 1404 2231; x_wconf 89' lang='lat' dir='ltr'><strong>super</strong></span> <span class='ocrx_word' id='word_1_291' title='bbox 1429 2170 1502 2216; x_wconf 91' lang='lat' dir='ltr'><strong>te.</strong></span> <span class='ocrx_word' id='word_1_292' title='bbox 1528 2161 1606 2214; x_wconf 84' lang='lat' dir='ltr'><strong>Ad</strong></span> <span class='ocrx_word' id='word_1_293' title='bbox 1635 2160 1858 2214; x_wconf 90' lang='lat' dir='ltr'><strong>nihilum</strong></span> <span class='ocrx_word' id='word_1_294' title='bbox 1889 2160 1986 2214; x_wconf 88' lang='lat' dir='ltr'><strong>de-</strong></span> 
     </span>
    </p>
   </div>
   <div class='ocr_carea' id='block_1_38' title="bbox 421 2250 1980 2320">
    <p class='ocr_par' dir='ltr' id='par_1_38' title="bbox 421 2250 1980 2320">
     <span class='ocr_line' id='line_1_38' title="bbox 421 2250 1980 2320; baseline -0.004 -12"><span class='ocrx_word' id='word_1_295' title='bbox 421 2277 438 2308; x_wconf 75' lang='grc' dir='ltr'>ι</span> <span class='ocrx_word' id='word_1_296' title='bbox 485 2257 643 2310; x_wconf 88' lang='lat' dir='ltr'><strong>ducta</strong></span> <span class='ocrx_word' id='word_1_297' title='bbox 678 2270 760 2320; x_wconf 90' lang='lat' dir='ltr'><strong>es,</strong></span> <span class='ocrx_word' id='word_1_298' title='bbox 799 2264 855 2309; x_wconf 87' lang='lat' dir='ltr'><strong>et</strong></span> <span class='ocrx_word' id='word_1_299' title='bbox 888 2270 991 2309; x_wconf 91' lang='lat' dir='ltr'><strong>non</strong></span> <span class='ocrx_word' id='word_1_300' title='bbox 1017 2254 1126 2307; x_wconf 91' lang='lat' dir='ltr'><strong>eris</strong></span> <span class='ocrx_word' id='word_1_301' title='bbox 1159 2252 1296 2305; x_wconf 89' lang='lat' dir='ltr'><strong>ultra</strong></span> <span class='ocrx_word' id='word_1_302' title='bbox 1337 2267 1509 2320; x_wconf 88' lang='lat' dir='ltr'><strong>usque</strong></span> <span class='ocrx_word' id='word_1_303' title='bbox 1553 2251 1605 2304; x_wconf 93' lang='lat' dir='ltr'><strong>in</strong></span> <span class='ocrx_word' id='word_1_304' title='bbox 1643 2250 1918 2304; x_wconf 72' lang='lat' dir='ltr'><strong>szeculum.</strong></span> <span class='ocrx_word' id='word_1_305' title='bbox 1963 2269 1980 2302; x_wconf 75' lang='grc' dir='ltr'><strong>ι</strong></span> 
     </span>
    </p>
   </div>
   <div class='ocr_carea' id='block_1_39' title="bbox 412 2341 1984 2414">
    <p class='ocr_par' dir='ltr' id='par_1_39' title="bbox 412 2341 1984 2414">
     <span class='ocr_line' id='line_1_39' title="bbox 412 2341 1984 2414; baseline -0.003 -14"><span class='ocrx_word' id='word_1_306' title='bbox 412 2346 812 2400; x_wconf 82' lang='lat' dir='ltr'><strong>Gubernatores</strong></span> <span class='ocrx_word' id='word_1_307' title='bbox 863 2345 1092 2414; x_wconf 78' lang='lat' dir='ltr'><strong>remiges</strong></span> <span class='ocrx_word' id='word_1_308' title='bbox 1139 2353 1365 2410; x_wconf 65' lang='lat' dir='ltr'><strong>proreta:</strong></span> <span class='ocrx_word' id='word_1_309' title='bbox 1416 2349 1576 2410; x_wconf 87' lang='lat' dir='ltr'><strong>atque</strong></span> <span class='ocrx_word' id='word_1_310' title='bbox 1630 2350 1876 2396; x_wconf 88' lang='lat' dir='ltr'><strong>vectores</strong></span> <span class='ocrx_word' id='word_1_311' title='bbox 1932 2341 1984 2396; x_wconf 92' lang='lat' dir='ltr'><strong>in</strong></span> 
     </span>
    </p>
   </div>
   <div class='ocr_carea' id='block_1_40' title="bbox 413 2431 1986 2506">
    <p class='ocr_par' dir='ltr' id='par_1_40' title="bbox 413 2431 1986 2506">
     <span class='ocr_line' id='line_1_40' title="bbox 413 2431 1986 2506; baseline -0.003 -17"><span class='ocrx_word' id='word_1_312' title='bbox 413 2437 630 2505; x_wconf 81' lang='lat' dir='ltr'><strong>planctu</strong></span> <span class='ocrx_word' id='word_1_313' title='bbox 651 2435 777 2506; x_wconf 92' lang='lat' dir='ltr'><strong>Tyri</strong></span> <span class='ocrx_word' id='word_1_314' title='bbox 807 2435 905 2491; x_wconf 85' lang='lat' dir='ltr'><strong>ista</strong></span> <span class='ocrx_word' id='word_1_315' title='bbox 931 2434 1323 2497; x_wconf 88' lang='lat' dir='ltr'><strong>memorabunt,</strong></span> <span class='ocrx_word' id='word_1_316' title='bbox 1345 2446 1463 2501; x_wconf 68' lang='lat' dir='ltr'><strong>qua:</strong></span> <span class='ocrx_word' id='word_1_317' title='bbox 1490 2432 1592 2485; x_wconf 90' lang='lat' dir='ltr'><strong>alia</strong></span> <span class='ocrx_word' id='word_1_318' title='bbox 1615 2431 1890 2485; x_wconf 88' lang='lat' dir='ltr'><strong>civitatum</strong></span> <span class='ocrx_word' id='word_1_319' title='bbox 1914 2431 1986 2485; x_wconf 91' lang='lat' dir='ltr'><strong>ita</strong></span> 
     </span>
    </p>
   </div>
   <div class='ocr_carea' id='block_1_41' title="bbox 412 2520 1988 2594">
    <p class='ocr_par' dir='ltr' id='par_1_41' title="bbox 412 2520 1988 2594">
     <span class='ocr_line' id='line_1_41' title="bbox 412 2520 1988 2594; baseline -0.005 -14"><span class='ocrx_word' id='word_1_320' title='bbox 412 2526 686 2590; x_wconf 89' lang='lat' dir='ltr'><strong>conticuit,</strong></span> <span class='ocrx_word' id='word_1_321' title='bbox 703 2533 761 2578; x_wconf 90' lang='lat' dir='ltr'><strong>ut</strong></span> <span class='ocrx_word' id='word_1_322' title='bbox 786 2524 1032 2594; x_wconf 89' lang='lat' dir='ltr'><strong>loquendi</strong></span> <span class='ocrx_word' id='word_1_323' title='bbox 1058 2522 1305 2576; x_wconf 83' lang='lat' dir='ltr'><strong>ﬁduciam</strong></span> <span class='ocrx_word' id='word_1_324' title='bbox 1323 2537 1426 2574; x_wconf 91' lang='lat' dir='ltr'><strong>non</strong></span> <span class='ocrx_word' id='word_1_325' title='bbox 1447 2521 1688 2584; x_wconf 86' lang='lat' dir='ltr'><strong>haberet,</strong></span> <span class='ocrx_word' id='word_1_326' title='bbox 1704 2531 1757 2574; x_wconf 89' lang='lat' dir='ltr'><strong>et</strong></span> <span class='ocrx_word' id='word_1_327' title='bbox 1779 2520 1988 2574; x_wconf 87' lang='lat' dir='ltr'><strong>audiret</strong></span> 
     </span>
    </p>
   </div>
   <div class='ocr_carea' id='block_1_42' title="bbox 415 2613 1982 2688">
    <p class='ocr_par' dir='ltr' id='par_1_42' title="bbox 415 2613 1982 2688">
     <span class='ocr_line' id='line_1_42' title="bbox 415 2613 1982 2688; baseline -0.004 -18"><span class='ocrx_word' id='word_1_328' title='bbox 415 2619 540 2670; x_wconf 88' lang='lat' dir='ltr'><strong>illtul</strong></span> <span class='ocrx_word' id='word_1_329' title='bbox 565 2617 940 2688; x_wconf 75' lang='lat' dir='ltr'><strong>Evangelicum</strong></span> <span class='ocrx_word' id='word_1_330' title='bbox 967 2634 980 2672; x_wconf 89' lang='lat'><strong>:</strong></span> <span class='ocrx_word' id='word_1_331' title='bbox 1019 2635 1036 2667; x_wconf 74' lang='grc' dir='ltr'>ι</span> <span class='ocrx_word' id='word_1_332' title='bbox 1057 2615 1196 2669; x_wconf 88' lang='lat' dir='ltr'><strong>Tace</strong></span> <span class='ocrx_word' id='word_1_333' title='bbox 1218 2623 1270 2670; x_wconf 91' lang='lat' dir='ltr'><strong>ct</strong></span> <span class='ocrx_word' id='word_1_334' title='bbox 1296 2617 1603 2670; x_wconf 82' lang='lat' dir='ltr'><strong>obmutesce</strong></span> <span class='ocrx_word' id='word_1_335' title='bbox 1630 2613 1822 2683; x_wconf 76' lang='lat' dir='ltr'><strong>(Marc.</strong></span> <span class='ocrx_word' id='word_1_336' title='bbox 1844 2613 1939 2683; x_wconf 82' lang='lat' dir='ltr'><strong>tv).</strong></span> <span class='ocrx_word' id='word_1_337' title='bbox 1965 2630 1982 2664; x_wconf 73' lang='grc' dir='ltr'><strong><em>ι</em></strong></span> 
     </span>
    </p>
   </div>
   <div class='ocr_carea' id='block_1_43' title="bbox 414 2701 1989 2770">
    <p class='ocr_par' dir='ltr' id='par_1_43' title="bbox 414 2701 1989 2770">
     <span class='ocr_line' id='line_1_43' title="bbox 414 2701 1989 2770; baseline -0.001 -11"><span class='ocrx_word' id='word_1_338' title='bbox 414 2707 477 2759; x_wconf 78' lang='lat' dir='ltr'><strong>Et</strong></span> <span class='ocrx_word' id='word_1_339' title='bbox 497 2705 562 2758; x_wconf 85' lang='lat' dir='ltr'><strong>de</strong></span> <span class='ocrx_word' id='word_1_340' title='bbox 582 2705 843 2761; x_wconf 79' lang='lat' dir='ltr'><strong>Psalmis:</strong></span> <span class='ocrx_word' id='word_1_341' title='bbox 879 2725 895 2756; x_wconf 74' lang='grc' dir='ltr'>ι</span> <span class='ocrx_word' id='word_1_342' title='bbox 928 2705 1202 2759; x_wconf 89' lang='lat' dir='ltr'><strong>Peccatori</strong></span> <span class='ocrx_word' id='word_1_343' title='bbox 1234 2714 1412 2758; x_wconf 89' lang='lat' dir='ltr'><strong>autem</strong></span> <span class='ocrx_word' id='word_1_344' title='bbox 1440 2703 1573 2758; x_wconf 72' lang='lat' dir='ltr'><strong>dixit</strong></span> <span class='ocrx_word' id='word_1_345' title='bbox 1599 2703 1740 2758; x_wconf 87' lang='lat' dir='ltr'><strong>Deus</strong></span> <span class='ocrx_word' id='word_1_346' title='bbox 1767 2722 1779 2756; x_wconf 91' lang='lat'><strong>:</strong></span> <span class='ocrx_word' id='word_1_347' title='bbox 1811 2701 1989 2770; x_wconf 84' lang='lat' dir='ltr'><strong>Quare</strong></span> 
     </span>
    </p>
   </div>
   <div class='ocr_carea' id='block_1_44' title="bbox 415 2795 1987 2864">
    <p class='ocr_par' dir='ltr' id='par_1_44' title="bbox 415 2795 1987 2864">
     <span class='ocr_line' id='line_1_44' title="bbox 415 2795 1987 2864; baseline -0.003 -13"><span class='ocrx_word' id='word_1_348' title='bbox 415 2808 468 2851; x_wconf 89' lang='lat' dir='ltr'><strong>tu</strong></span> <span class='ocrx_word' id='word_1_349' title='bbox 513 2811 734 2851; x_wconf 87' lang='lat' dir='ltr'><strong>enarras</strong></span> <span class='ocrx_word' id='word_1_350' title='bbox 772 2795 1008 2864; x_wconf 88' lang='lat' dir='ltr'><strong>justitias</strong></span> <span class='ocrx_word' id='word_1_351' title='bbox 1045 2804 1215 2861; x_wconf 85' lang='lat' dir='ltr'><strong>meas,</strong></span> <span class='ocrx_word' id='word_1_352' title='bbox 1256 2804 1310 2848; x_wconf 89' lang='lat' dir='ltr'><strong>et</strong></span> <span class='ocrx_word' id='word_1_353' title='bbox 1337 2796 1566 2849; x_wconf 87' lang='lat' dir='ltr'><strong>assumis</strong></span> <span class='ocrx_word' id='word_1_354' title='bbox 1608 2803 1987 2848; x_wconf 89' lang='lat' dir='ltr'><strong>testamentum</strong></span> 
     </span>
    </p>
   </div>
   <div class='ocr_carea' id='block_1_45' title="bbox 413 2883 1986 2958">
    <p class='ocr_par' dir='ltr' id='par_1_45' title="bbox 413 2883 1986 2958">
     <span class='ocr_line' id='line_1_45' title="bbox 413 2883 1986 2958; baseline -0.003 -16"><span class='ocrx_word' id='word_1_355' title='bbox 413 2903 589 2942; x_wconf 90' lang='lat' dir='ltr'><strong>meum</strong></span> <span class='ocrx_word' id='word_1_356' title='bbox 612 2902 708 2958; x_wconf 89' lang='lat' dir='ltr'><strong>per</strong></span> <span class='ocrx_word' id='word_1_357' title='bbox 729 2883 1366 2958; x_wconf 75' lang='lat' dir='ltr'><strong>ostuum?(Psal.x1.tx.)</strong></span> <span class='ocrx_word' id='word_1_358' title='bbox 1401 2903 1418 2935; x_wconf 76' lang='grc' dir='ltr'><strong>ι</strong></span> <span class='ocrx_word' id='word_1_359' title='bbox 1447 2884 1672 2952; x_wconf 87' lang='lat' dir='ltr'><strong>Quantis</strong></span> <span class='ocrx_word' id='word_1_360' title='bbox 1694 2884 1986 2949; x_wconf 89' lang='lat' dir='ltr'><strong>mercibus,</strong></span> 
     </span>
    </p>
   </div>
   <div class='ocr_carea' id='block_1_46' title="bbox 411 2975 1988 3052">
    <p class='ocr_par' dir='ltr' id='par_1_46' title="bbox 411 2975 1988 3052">
     <span class='ocr_line' id='line_1_46' title="bbox 411 2975 1988 3052; baseline -0.003 -19"><span class='ocrx_word' id='word_1_361' title='bbox 411 2996 444 3033; x_wconf 90' lang='grc' dir='ltr'><strong>ο</strong></span> <span class='ocrx_word' id='word_1_362' title='bbox 483 2979 643 3052; x_wconf 84' lang='lat' dir='ltr'><strong>Tyre,</strong></span> <span class='ocrx_word' id='word_1_363' title='bbox 687 2977 851 3034; x_wconf 89' lang='lat' dir='ltr'><strong>ditata</strong></span> <span class='ocrx_word' id='word_1_364' title='bbox 900 2993 979 3043; x_wconf 85' lang='lat' dir='ltr'><strong>es,</strong></span> <span class='ocrx_word' id='word_1_365' title='bbox 1014 2985 1068 3031; x_wconf 87' lang='lat' dir='ltr'><strong>et</strong></span> <span class='ocrx_word' id='word_1_366' title='bbox 1094 2977 1220 3045; x_wconf 87' lang='lat' dir='ltr'><strong>quid</strong></span> <span class='ocrx_word' id='word_1_367' title='bbox 1259 2985 1407 3030; x_wconf 89' lang='lat' dir='ltr'><strong>tanto</strong></span> <span class='ocrx_word' id='word_1_368' title='bbox 1441 2975 1622 3031; x_wconf 85' lang='lat' dir='ltr'><strong>labore</strong></span> <span class='ocrx_word' id='word_1_369' title='bbox 1651 2976 1888 3046; x_wconf 72' lang='lat' dir='ltr'><strong>qumsisti</strong></span> <span class='ocrx_word' id='word_1_370' title='bbox 1929 2983 1988 3028; x_wconf 89' lang='lat' dir='ltr'><strong>ut</strong></span> 
     </span>
    </p>
   </div>
   <div class='ocr_carea' id='block_1_47' title="bbox 412 3063 1980 3138">
    <p class='ocr_par' dir='ltr' id='par_1_47' title="bbox 412 3063 1980 3138">
     <span class='ocr_line' id='line_1_47' title="bbox 412 3063 1980 3138; baseline -0.003 -14"><span class='ocrx_word' id='word_1_371' title='bbox 412 3069 598 3124; x_wconf 85' lang='lat' dir='ltr'><strong>diebus</strong></span> <span class='ocrx_word' id='word_1_372' title='bbox 642 3083 706 3124; x_wconf 85' lang='lat' dir='ltr'><strong>ac</strong></span> <span class='ocrx_word' id='word_1_373' title='bbox 742 3067 985 3122; x_wconf 90' lang='lat' dir='ltr'><strong>noctibus</strong></span> <span class='ocrx_word' id='word_1_374' title='bbox 1015 3066 1249 3138; x_wconf 91' lang='lat' dir='ltr'><strong>peritura</strong></span> <span class='ocrx_word' id='word_1_375' title='bbox 1291 3063 1573 3136; x_wconf 84' lang='lat' dir='ltr'><strong>naufragio</strong></span> <span class='ocrx_word' id='word_1_376' title='bbox 1607 3078 1980 3136; x_wconf 78' lang='lat' dir='ltr'><strong>congregares.</strong></span> 
     </span>
    </p>
   </div>
   <div class='ocr_carea' id='block_1_48' title="bbox 411 3137 2054 3231">
    <p class='ocr_par' dir='ltr' id='par_1_48' title="bbox 411 3137 2054 3231">
     <span class='ocr_line' id='line_1_48' title="bbox 411 3137 2054 3231; baseline -0.002 -17"><span class='ocrx_word' id='word_1_377' title='bbox 411 3160 644 3231; x_wconf 81' lang='lat' dir='ltr'><strong>lmplesti</strong></span> <span class='ocrx_word' id='word_1_378' title='bbox 685 3161 896 3229; x_wconf 86' lang='lat' dir='ltr'><strong>quidem</strong></span> <span class='ocrx_word' id='word_1_379' title='bbox 921 3137 1141 3229; x_wconf 87' lang='lat' dir='ltr'><strong>populos</strong></span> <span class='ocrx_word' id='word_1_380' title='bbox 1171 3156 1380 3220; x_wconf 88' lang='lat' dir='ltr'><strong>multos,</strong></span> <span class='ocrx_word' id='word_1_381' title='bbox 1405 3166 1458 3212; x_wconf 88' lang='lat' dir='ltr'><strong>et</strong></span> <span class='ocrx_word' id='word_1_382' title='bbox 1486 3157 1675 3227; x_wconf 89' lang='lat' dir='ltr'><strong>opibus</strong></span> <span class='ocrx_word' id='word_1_383' title='bbox 1703 3157 1812 3212; x_wconf 90' lang='lat' dir='ltr'><strong>tuis</strong></span> <span class='ocrx_word' id='word_1_384' title='bbox 1835 3156 1981 3212; x_wconf 83' lang='lat' dir='ltr'><strong>locu-</strong></span> <span class='ocrx_word' id='word_1_385' title='bbox 2009 3137 2054 3197; x_wconf 60' lang='grc' dir='ltr'><strong>(ἶ</strong></span> 
     </span>
    </p>
   </div>
   <div class='ocr_carea' id='block_1_49' title="bbox 412 3237 1981 3321">
    <p class='ocr_par' dir='ltr' id='par_1_49' title="bbox 412 3237 1981 3321">
     <span class='ocr_line' id='line_1_49' title="bbox 412 3237 1981 3321; baseline 0.001 -19"><span class='ocrx_word' id='word_1_386' title='bbox 412 3237 622 3320; x_wconf 65' lang='grc' dir='ltr'><strong>ῃιρῑιιὲιί</strong></span> <span class='ocrx_word' id='word_1_387' title='bbox 647 3265 797 3321; x_wconf 78' lang='lat' dir='ltr'><strong>reges</strong></span> <span class='ocrx_word' id='word_1_388' title='bbox 816 3290 830 3314; x_wconf 91' lang='lat'><strong>,</strong></span> <span class='ocrx_word' id='word_1_389' title='bbox 872 3251 937 3304; x_wconf 89' lang='lat' dir='ltr'><strong>de</strong></span> <span class='ocrx_word' id='word_1_390' title='bbox 959 3250 1152 3318; x_wconf 85' lang='lat' dir='ltr'><strong>quibus</strong></span> <span class='ocrx_word' id='word_1_391' title='bbox 1175 3248 1430 3317; x_wconf 89' lang='lat' dir='ltr'><strong>scriptum</strong></span> <span class='ocrx_word' id='word_1_392' title='bbox 1457 3257 1540 3303; x_wconf 90' lang='lat' dir='ltr'><strong>est</strong></span> <span class='ocrx_word' id='word_1_393' title='bbox 1569 3266 1581 3301; x_wconf 88' lang='lat'><strong>:</strong></span> <span class='ocrx_word' id='word_1_394' title='bbox 1614 3266 1633 3299; x_wconf 72' lang='grc' dir='ltr'><strong><em>ι</em></strong></span> <span class='ocrx_word' id='word_1_395' title='bbox 1679 3249 1981 3305; x_wconf 83' lang='lat' dir='ltr'><strong>Astiterunt</strong></span> 
     </span>
    </p>
   </div>
   <div class='ocr_carea' id='block_1_50' title="bbox 411 3337 1982 3410">
    <p class='ocr_par' dir='ltr' id='par_1_50' title="bbox 411 3337 1982 3410">
     <span class='ocr_line' id='line_1_50' title="bbox 411 3337 1982 3410; baseline -0.001 -17"><span class='ocrx_word' id='word_1_396' title='bbox 411 3355 564 3410; x_wconf 82' lang='lat' dir='ltr'><strong>reges</strong></span> <span class='ocrx_word' id='word_1_397' title='bbox 587 3349 759 3402; x_wconf 79' lang='lat' dir='ltr'><strong>terrae,</strong></span> <span class='ocrx_word' id='word_1_398' title='bbox 777 3349 830 3393; x_wconf 89' lang='lat' dir='ltr'><strong>et</strong></span> <span class='ocrx_word' id='word_1_399' title='bbox 851 3338 1119 3409; x_wconf 88' lang='lat' dir='ltr'><strong>principes</strong></span> <span class='ocrx_word' id='word_1_400' title='bbox 1141 3345 1504 3392; x_wconf 81' lang='lat' dir='ltr'><strong>convenerunt</strong></span> <span class='ocrx_word' id='word_1_401' title='bbox 1532 3337 1584 3391; x_wconf 91' lang='lat' dir='ltr'><strong>in</strong></span> <span class='ocrx_word' id='word_1_402' title='bbox 1613 3353 1776 3390; x_wconf 91' lang='lat' dir='ltr'><strong>unum</strong></span> <span class='ocrx_word' id='word_1_403' title='bbox 1800 3338 1982 3392; x_wconf 82' lang='lat' dir='ltr'><strong>adver-</strong></span> 
     </span>
    </p>
   </div>
   <div class='ocr_carea' id='block_1_51' title="bbox 409 3410 2022 3498">
    <p class='ocr_par' dir='ltr' id='par_1_51' title="bbox 409 3410 2022 3498">
     <span class='ocr_line' id='line_1_51' title="bbox 409 3410 2022 3498; baseline -0.001 -17"><span class='ocrx_word' id='word_1_404' title='bbox 409 3445 502 3484; x_wconf 87' lang='lat' dir='ltr'><strong>sus</strong></span> <span class='ocrx_word' id='word_1_405' title='bbox 528 3429 806 3482; x_wconf 89' lang='lat' dir='ltr'><strong>Dominum</strong></span> <span class='ocrx_word' id='word_1_406' title='bbox 834 3438 887 3481; x_wconf 89' lang='lat' dir='ltr'><strong>et</strong></span> <span class='ocrx_word' id='word_1_407' title='bbox 910 3428 1164 3482; x_wconf 89' lang='lat' dir='ltr'><strong>adversus</strong></span> <span class='ocrx_word' id='word_1_408' title='bbox 1192 3426 1462 3481; x_wconf 91' lang='lat' dir='ltr'><strong>Christum</strong></span> <span class='ocrx_word' id='word_1_409' title='bbox 1489 3426 1605 3496; x_wconf 82' lang='lat' dir='ltr'><strong>ejus</strong></span> <span class='ocrx_word' id='word_1_410' title='bbox 1636 3425 1804 3498; x_wconf 80' lang='lat' dir='ltr'><strong>(Psal.</strong></span> <span class='ocrx_word' id='word_1_411' title='bbox 1831 3427 1922 3498; x_wconf 86' lang='lat' dir='ltr'><strong>tt);</strong></span> <span class='ocrx_word' id='word_1_412' title='bbox 1956 3447 1974 3480; x_wconf 73' lang='grc' dir='ltr'><strong>ι</strong></span> <span class='ocrx_word' id='word_1_413' title='bbox 2007 3410 2022 3418; x_wconf 56' lang='grc'><em>’</em></span> 
     </span>
    </p>
   </div>
   <div class='ocr_carea' id='block_1_52' title="bbox 409 3515 1974 3587">
    <p class='ocr_par' dir='ltr' id='par_1_52' title="bbox 409 3515 1974 3587">
     <span class='ocr_line' id='line_1_52' title="bbox 409 3515 1974 3587; baseline 0.001 -17"><span class='ocrx_word' id='word_1_414' title='bbox 409 3518 503 3571; x_wconf 88' lang='lat' dir='ltr'><strong>sed</strong></span> <span class='ocrx_word' id='word_1_415' title='bbox 544 3531 684 3570; x_wconf 91' lang='lat' dir='ltr'><strong>nunc</strong></span> <span class='ocrx_word' id='word_1_416' title='bbox 727 3516 958 3570; x_wconf 89' lang='lat' dir='ltr'><strong>contrita</strong></span> <span class='ocrx_word' id='word_1_417' title='bbox 1001 3530 1060 3570; x_wconf 90' lang='lat' dir='ltr'><strong>es</strong></span> <span class='ocrx_word' id='word_1_418' title='bbox 1104 3517 1156 3570; x_wconf 93' lang='lat' dir='ltr'><strong>in</strong></span> <span class='ocrx_word' id='word_1_419' title='bbox 1203 3515 1360 3580; x_wconf 88' lang='lat' dir='ltr'><strong>mari,</strong></span> <span class='ocrx_word' id='word_1_420' title='bbox 1389 3524 1443 3570; x_wconf 89' lang='lat' dir='ltr'><strong>et</strong></span> <span class='ocrx_word' id='word_1_421' title='bbox 1475 3516 1527 3570; x_wconf 91' lang='lat' dir='ltr'><strong>in</strong></span> <span class='ocrx_word' id='word_1_422' title='bbox 1551 3531 1812 3585; x_wconf 89' lang='lat' dir='ltr'><strong>aquarum</strong></span> <span class='ocrx_word' id='word_1_423' title='bbox 1844 3531 1974 3587; x_wconf 83' lang='lat' dir='ltr'><strong>pro-</strong></span> 
     </span>
    </p>
   </div>
   <div class='ocr_carea' id='block_1_53' title="bbox 413 3602 1971 3674">
    <p class='ocr_par' dir='ltr' id='par_1_53' title="bbox 413 3602 1971 3674">
     <span class='ocr_line' id='line_1_53' title="bbox 413 3602 1971 3674; baseline 0.003 -17"><span class='ocrx_word' id='word_1_424' title='bbox 413 3605 606 3667; x_wconf 83' lang='lat' dir='ltr'><strong>fundis,</strong></span> <span class='ocrx_word' id='word_1_425' title='bbox 631 3602 782 3672; x_wconf 72' lang='lat' dir='ltr'><strong>juxta</strong></span> <span class='ocrx_word' id='word_1_426' title='bbox 803 3603 957 3667; x_wconf 82' lang='lat' dir='ltr'><strong>illud,</strong></span> <span class='ocrx_word' id='word_1_427' title='bbox 988 3603 1127 3673; x_wconf 90' lang='lat' dir='ltr'><strong>quod</strong></span> <span class='ocrx_word' id='word_1_428' title='bbox 1153 3604 1217 3658; x_wconf 89' lang='lat' dir='ltr'><strong>de</strong></span> <span class='ocrx_word' id='word_1_429' title='bbox 1241 3604 1521 3660; x_wconf 86' lang='lat' dir='ltr'><strong>Pharaone</strong></span> <span class='ocrx_word' id='word_1_430' title='bbox 1554 3607 1812 3674; x_wconf 90' lang='lat' dir='ltr'><strong>scriptum</strong></span> <span class='ocrx_word' id='word_1_431' title='bbox 1849 3617 1931 3662; x_wconf 87' lang='lat' dir='ltr'><strong>est</strong></span> <span class='ocrx_word' id='word_1_432' title='bbox 1959 3627 1971 3661; x_wconf 88' lang='lat'>:</span> 
     </span>
    </p>
   </div>
   <div class='ocr_carea' id='block_1_54' title="bbox 417 3692 1976 3773">
    <p class='ocr_par' dir='ltr' id='par_1_54' title="bbox 417 3692 1976 3773">
     <span class='ocr_line' id='line_1_54' title="bbox 417 3692 1976 3773; baseline 0.004 -28"><span class='ocrx_word' id='word_1_433' title='bbox 417 3715 435 3745; x_wconf 78' lang='grc' dir='ltr'>ι</span> <span class='ocrx_word' id='word_1_434' title='bbox 481 3695 683 3773; x_wconf 78' lang='lat' dir='ltr'><strong>Curras</strong></span> <span class='ocrx_word' id='word_1_435' title='bbox 724 3693 1020 3747; x_wconf 81' lang='lat' dir='ltr'><strong>Pharaonis</strong></span> <span class='ocrx_word' id='word_1_436' title='bbox 1047 3702 1101 3747; x_wconf 90' lang='lat' dir='ltr'><strong>et</strong></span> <span class='ocrx_word' id='word_1_437' title='bbox 1131 3692 1496 3749; x_wconf 79' lang='lat' dir='ltr'><strong>fortitudinem</strong></span> <span class='ocrx_word' id='word_1_438' title='bbox 1533 3693 1647 3762; x_wconf 84' lang='lat' dir='ltr'><strong>ejus</strong></span> <span class='ocrx_word' id='word_1_439' title='bbox 1675 3695 1896 3764; x_wconf 87' lang='lat' dir='ltr'><strong>projecit</strong></span> <span class='ocrx_word' id='word_1_440' title='bbox 1923 3697 1976 3750; x_wconf 94' lang='lat' dir='ltr'><strong>in</strong></span> 
     </span>
    </p>
   </div>
   <div class='ocr_carea' id='block_1_55' title="bbox 414 3785 1980 3858">
    <p class='ocr_par' dir='ltr' id='par_1_55' title="bbox 414 3785 1980 3858">
     <span class='ocr_line' id='line_1_55' title="bbox 414 3785 1980 3858; baseline 0.003 -20"><span class='ocrx_word' id='word_1_441' title='bbox 414 3785 680 3854; x_wconf 86' lang='lat' dir='ltr'><strong>mari,qui</strong></span> <span class='ocrx_word' id='word_1_442' title='bbox 725 3785 1000 3839; x_wconf 89' lang='lat' dir='ltr'><strong>demersus</strong></span> <span class='ocrx_word' id='word_1_443' title='bbox 1051 3793 1134 3839; x_wconf 89' lang='lat' dir='ltr'><strong>est</strong></span> <span class='ocrx_word' id='word_1_444' title='bbox 1170 3785 1222 3838; x_wconf 92' lang='lat' dir='ltr'><strong>in</strong></span> <span class='ocrx_word' id='word_1_445' title='bbox 1277 3785 1598 3854; x_wconf 85' lang='lat' dir='ltr'><strong>profundum</strong></span> <span class='ocrx_word' id='word_1_446' title='bbox 1647 3788 1799 3856; x_wconf 89' lang='lat' dir='ltr'><strong>quasi</strong></span> <span class='ocrx_word' id='word_1_447' title='bbox 1847 3788 1980 3858; x_wconf 88' lang='lat' dir='ltr'><strong>lapis</strong></span> 
     </span>
    </p>
   </div>
   <div class='ocr_carea' id='block_1_56' title="bbox 414 3874 1979 3949">
    <p class='ocr_par' dir='ltr' id='par_1_56' title="bbox 414 3874 1979 3949">
     <span class='ocr_line' id='line_1_56' title="bbox 414 3874 1979 3949; baseline 0.005 -21"><span class='ocrx_word' id='word_1_448' title='bbox 414 3876 610 3945; x_wconf 68' lang='lat' dir='ltr'><strong>(Exod.</strong></span> <span class='ocrx_word' id='word_1_449' title='bbox 642 3874 780 3943; x_wconf 73' lang='lat' dir='ltr'><strong>XV),)</strong></span> <span class='ocrx_word' id='word_1_450' title='bbox 811 3883 864 3927; x_wconf 90' lang='lat' dir='ltr'><strong>et</strong></span> <span class='ocrx_word' id='word_1_451' title='bbox 895 3875 1070 3929; x_wconf 88' lang='lat' dir='ltr'><strong>dicere</strong></span> <span class='ocrx_word' id='word_1_452' title='bbox 1093 3884 1300 3943; x_wconf 88' lang='lat' dir='ltr'><strong>poterat</strong></span> <span class='ocrx_word' id='word_1_453' title='bbox 1329 3895 1342 3931; x_wconf 92' lang='lat'><strong>:</strong></span> <span class='ocrx_word' id='word_1_454' title='bbox 1377 3875 1539 3932; x_wconf 71' lang='lat' dir='ltr'><strong>«Veni</strong></span> <span class='ocrx_word' id='word_1_455' title='bbox 1571 3880 1623 3932; x_wconf 94' lang='lat' dir='ltr'><strong>in</strong></span> <span class='ocrx_word' id='word_1_456' title='bbox 1657 3879 1979 3949; x_wconf 87' lang='lat' dir='ltr'><strong>profundum</strong></span> 
     </span>
    </p>
   </div>
   <div class='ocr_carea' id='block_1_57' title="bbox 1657 3973 1668 3994">
    <p class='ocr_par' dir='ltr' id='par_1_57' title="bbox 1657 3973 1668 3994">
     <span class='ocr_line' id='line_1_57' title="bbox 1657 3973 1668 3994; baseline 0 0"><span class='ocrx_word' id='word_1_457' title='bbox 1657 3973 1668 3994; x_wconf 76' lang='grc' dir='ltr'><strong><em>Ι</em></strong></span> 
     </span>
    </p>
   </div>
   <div class='ocr_carea' id='block_1_58' title="bbox 419 4023 635 4034">
    <p class='ocr_par' dir='ltr' id='par_1_58' title="bbox 419 4023 635 4034">
     <span class='ocr_line' id='line_1_58' title="bbox 419 4023 635 4034; baseline -0.005 0"><span class='ocrx_word' id='word_1_458' title='bbox 419 4023 635 4034; x_wconf 47' lang='grc' dir='ltr'><strong>ψη</strong></span> 
     </span>
    </p>
   </div>
   <div class='ocr_carea' id='block_1_59' title="bbox 2087 1892 3669 1967">
    <p class='ocr_par' dir='ltr' id='par_1_59' title="bbox 2087 1892 3669 1967">
     <span class='ocr_line' id='line_1_59' title="bbox 2087 1892 3669 1967; baseline 0.001 -18"><span class='ocrx_word' id='word_1_459' title='bbox 2087 1898 2236 1966; x_wconf 89' lang='lat' dir='ltr'><strong>quasi</strong></span> <span class='ocrx_word' id='word_1_460' title='bbox 2253 1913 2355 1950; x_wconf 87' lang='lat' dir='ltr'><strong>non</strong></span> <span class='ocrx_word' id='word_1_461' title='bbox 2373 1897 2481 1951; x_wconf 88' lang='lat' dir='ltr'><strong>sint</strong></span> <span class='ocrx_word' id='word_1_462' title='bbox 2496 1894 2628 1967; x_wconf 84' lang='lat' dir='ltr'><strong>(Isa.</strong></span> <span class='ocrx_word' id='word_1_463' title='bbox 2649 1893 2778 1965; x_wconf 70' lang='lat' dir='ltr'><strong>XLI).</strong></span> <span class='ocrx_word' id='word_1_464' title='bbox 2805 1914 2821 1946; x_wconf 69' lang='grc' dir='ltr'><strong><em>ι</em></strong></span> <span class='ocrx_word' id='word_1_465' title='bbox 2845 1894 2909 1948; x_wconf 86' lang='lat' dir='ltr'><strong>Et</strong></span> <span class='ocrx_word' id='word_1_466' title='bbox 2923 1893 3298 1963; x_wconf 74' lang='lat' dir='ltr'><strong>Esther,jnxta</strong></span> <span class='ocrx_word' id='word_1_467' title='bbox 3317 1892 3669 1964; x_wconf 82' lang='lat' dir='ltr'><strong>Septuaginta</strong></span> 
     </span>
    </p>
   </div>
   <div class='ocr_carea' id='block_1_60' title="bbox 2086 1969 3668 2058">
    <p class='ocr_par' dir='ltr' id='par_1_60' title="bbox 2086 1969 3668 2058">
     <span class='ocr_line' id='line_1_60' title="bbox 2086 1969 3668 2058; baseline -0.002 -16"><span class='ocrx_word' id='word_1_468' title='bbox 2086 1989 2412 2058; x_wconf 87' lang='lat' dir='ltr'><strong>lnterpretes</strong></span> <span class='ocrx_word' id='word_1_469' title='bbox 2447 2007 2459 2041; x_wconf 89' lang='lat'><strong>:</strong></span> <span class='ocrx_word' id='word_1_470' title='bbox 2491 2008 2508 2039; x_wconf 83' lang='lat'><strong>(</strong></span> <span class='ocrx_word' id='word_1_471' title='bbox 2546 1987 2621 2041; x_wconf 84' lang='lat' dir='ltr'><strong>Ne</strong></span> <span class='ocrx_word' id='word_1_472' title='bbox 2649 1988 2832 2041; x_wconf 85' lang='lat' dir='ltr'><strong>tradas</strong></span> <span class='ocrx_word' id='word_1_473' title='bbox 2855 1995 3124 2054; x_wconf 89' lang='lat' dir='ltr'><strong>sceptrum</strong></span> <span class='ocrx_word' id='word_1_474' title='bbox 3155 1969 3303 2039; x_wconf 73' lang='lat' dir='ltr'><strong>tuuin</strong></span> <span class='ocrx_word' id='word_1_475' title='bbox 3332 1987 3416 2039; x_wconf 92' lang='lat' dir='ltr'><strong>his</strong></span> <span class='ocrx_word' id='word_1_476' title='bbox 3445 1987 3535 2053; x_wconf 88' lang='lat' dir='ltr'><strong>qui</strong></span> <span class='ocrx_word' id='word_1_477' title='bbox 3563 2004 3668 2040; x_wconf 86' lang='lat' dir='ltr'><strong>non</strong></span> 
     </span>
    </p>
   </div>
   <div class='ocr_carea' id='block_1_61' title="bbox 2085 2075 3666 2152">
    <p class='ocr_par' dir='ltr' id='par_1_61' title="bbox 2085 2075 3666 2152">
     <span class='ocr_line' id='line_1_61' title="bbox 2085 2075 3666 2152; baseline -0.003 -18"><span class='ocrx_word' id='word_1_478' title='bbox 2085 2089 2209 2134; x_wconf 91' lang='lat' dir='ltr'><strong>sunt</strong></span> <span class='ocrx_word' id='word_1_479' title='bbox 2245 2080 2457 2152; x_wconf 77' lang='lat' dir='ltr'><strong>(Esther</strong></span> <span class='ocrx_word' id='word_1_480' title='bbox 2501 2077 2633 2149; x_wconf 79' lang='lat' dir='ltr'><strong>xw).</strong></span> <span class='ocrx_word' id='word_1_481' title='bbox 2681 2097 2699 2128; x_wconf 73' lang='grc' dir='ltr'><strong>ι</strong></span> <span class='ocrx_word' id='word_1_482' title='bbox 2745 2077 2808 2130; x_wconf 87' lang='lat' dir='ltr'><strong>Et</strong></span> <span class='ocrx_word' id='word_1_483' title='bbox 2853 2077 2905 2130; x_wconf 90' lang='lat' dir='ltr'><strong>in</strong></span> <span class='ocrx_word' id='word_1_484' title='bbox 2945 2075 3216 2130; x_wconf 87' lang='lat' dir='ltr'><strong>Psalmis:</strong></span> <span class='ocrx_word' id='word_1_485' title='bbox 3263 2076 3482 2146; x_wconf 84' lang='lat' dir='ltr'><strong>Dimitte</strong></span> <span class='ocrx_word' id='word_1_486' title='bbox 3537 2077 3666 2130; x_wconf 83' lang='lat' dir='ltr'><strong>mihi</strong></span> 
     </span>
    </p>
   </div>
   <div class='ocr_carea' id='block_1_62' title="bbox 2086 2161 3664 2239">
    <p class='ocr_par' dir='ltr' id='par_1_62' title="bbox 2086 2161 3664 2239">
     <span class='ocr_line' id='line_1_62' title="bbox 2086 2161 3664 2239; baseline -0.005 -17"><span class='ocrx_word' id='word_1_487' title='bbox 2086 2178 2143 2223; x_wconf 92' lang='lat' dir='ltr'><strong>ut</strong></span> <span class='ocrx_word' id='word_1_488' title='bbox 2169 2167 2254 2222; x_wconf 91' lang='lat' dir='ltr'><strong>ref</strong></span> <span class='ocrx_word' id='word_1_489' title='bbox 2255 2161 2454 2239; x_wconf 81' lang='lat' dir='ltr'><strong>rigerer</strong></span> <span class='ocrx_word' id='word_1_490' title='bbox 2468 2168 2782 2237; x_wconf 83' lang='lat' dir='ltr'><strong>priusquam</strong></span> <span class='ocrx_word' id='word_1_491' title='bbox 2802 2166 3011 2225; x_wconf 88' lang='lat' dir='ltr'><strong>abeam,</strong></span> <span class='ocrx_word' id='word_1_492' title='bbox 3033 2175 3089 2219; x_wconf 89' lang='lat' dir='ltr'><strong>et</strong></span> <span class='ocrx_word' id='word_1_493' title='bbox 3114 2163 3345 2233; x_wconf 85' lang='lat' dir='ltr'><strong>amplius</strong></span> <span class='ocrx_word' id='word_1_494' title='bbox 3365 2177 3470 2217; x_wconf 89' lang='lat' dir='ltr'><strong>non</strong></span> <span class='ocrx_word' id='word_1_495' title='bbox 3499 2178 3613 2218; x_wconf 90' lang='lat' dir='ltr'><strong>ero.</strong></span> <span class='ocrx_word' id='word_1_496' title='bbox 3645 2183 3664 2214; x_wconf 73' lang='grc'><strong>9</strong></span> 
     </span>
    </p>
   </div>
   <div class='ocr_carea' id='block_1_63' title="bbox 2085 2252 3668 2323">
    <p class='ocr_par' dir='ltr' id='par_1_63' title="bbox 2085 2252 3668 2323">
     <span class='ocr_line' id='line_1_63' title="bbox 2085 2252 3668 2323; baseline -0.002 -14"><span class='ocrx_word' id='word_1_497' title='bbox 2085 2256 2215 2323; x_wconf 63' lang='lat' dir='ltr'><strong>Quae</strong></span> <span class='ocrx_word' id='word_1_498' title='bbox 2247 2255 2572 2319; x_wconf 81' lang='lat' dir='ltr'><strong>testimonia,</strong></span> <span class='ocrx_word' id='word_1_499' title='bbox 2621 2269 2727 2323; x_wconf 90' lang='lat' dir='ltr'><strong>quo</strong></span> <span class='ocrx_word' id='word_1_500' title='bbox 2763 2268 2927 2308; x_wconf 90' lang='lat' dir='ltr'><strong>sensu</strong></span> <span class='ocrx_word' id='word_1_501' title='bbox 2977 2252 3288 2322; x_wconf 87' lang='lat' dir='ltr'><strong>accipienda</strong></span> <span class='ocrx_word' id='word_1_502' title='bbox 3333 2252 3466 2314; x_wconf 84' lang='lat' dir='ltr'><strong>sint,</strong></span> <span class='ocrx_word' id='word_1_503' title='bbox 3506 2265 3668 2322; x_wconf 84' lang='lat' dir='ltr'><strong>supra</strong></span> 
     </span>
    </p>
   </div>
   <div class='ocr_carea' id='block_1_64' title="bbox 2086 2344 3668 2414">
    <p class='ocr_par' dir='ltr' id='par_1_64' title="bbox 2086 2344 3668 2414">
     <span class='ocr_line' id='line_1_64' title="bbox 2086 2344 3668 2414; baseline -0.003 -12"><span class='ocrx_word' id='word_1_504' title='bbox 2086 2349 2339 2403; x_wconf 77' lang='lat' dir='ltr'><strong>diximus.</strong></span> <span class='ocrx_word' id='word_1_505' title='bbox 2371 2345 2560 2400; x_wconf 89' lang='lat' dir='ltr'><strong>Omnia</strong></span> <span class='ocrx_word' id='word_1_506' title='bbox 2601 2355 2780 2400; x_wconf 86' lang='lat' dir='ltr'><strong>autem</strong></span> <span class='ocrx_word' id='word_1_507' title='bbox 2815 2345 2929 2398; x_wconf 72' lang='lat' dir='ltr'><strong>hzec</strong></span> <span class='ocrx_word' id='word_1_508' title='bbox 2969 2345 3035 2398; x_wconf 91' lang='lat' dir='ltr'><strong>ad</strong></span> <span class='ocrx_word' id='word_1_509' title='bbox 3067 2344 3442 2398; x_wconf 67' lang='lat' dir='ltr'><strong>hatreticorum</strong></span> <span class='ocrx_word' id='word_1_510' title='bbox 3476 2361 3668 2414; x_wconf 86' lang='lat' dir='ltr'><strong>possu-</strong></span> 
     </span>
    </p>
   </div>
   <div class='ocr_carea' id='block_1_65' title="bbox 2088 2435 3668 2509">
    <p class='ocr_par' dir='ltr' id='par_1_65' title="bbox 2088 2435 3668 2509">
     <span class='ocr_line' id='line_1_65' title="bbox 2088 2435 3668 2509; baseline 0 -17"><span class='ocrx_word' id='word_1_511' title='bbox 2088 2454 2206 2493; x_wconf 90' lang='lat' dir='ltr'><strong>mus</strong></span> <span class='ocrx_word' id='word_1_512' title='bbox 2243 2437 2446 2492; x_wconf 87' lang='lat' dir='ltr'><strong>referre</strong></span> <span class='ocrx_word' id='word_1_513' title='bbox 2473 2451 2757 2508; x_wconf 90' lang='lat' dir='ltr'><strong>personam</strong></span> <span class='ocrx_word' id='word_1_514' title='bbox 2779 2477 2793 2502; x_wconf 94' lang='lat'><strong>,</strong></span> <span class='ocrx_word' id='word_1_515' title='bbox 2839 2436 2928 2506; x_wconf 87' lang='lat' dir='ltr'><strong>qui</strong></span> <span class='ocrx_word' id='word_1_516' title='bbox 2970 2437 3023 2489; x_wconf 91' lang='lat' dir='ltr'><strong>in</strong></span> <span class='ocrx_word' id='word_1_517' title='bbox 3058 2435 3381 2491; x_wconf 81' lang='lat' dir='ltr'><strong>contritione</strong></span> <span class='ocrx_word' id='word_1_518' title='bbox 3421 2437 3550 2509; x_wconf 80' lang='lat' dir='ltr'><strong>Tyri</strong></span> <span class='ocrx_word' id='word_1_519' title='bbox 3587 2447 3668 2492; x_wconf 89' lang='lat' dir='ltr'><strong>at-</strong></span> 
     </span>
    </p>
   </div>
   <div class='ocr_carea' id='block_1_66' title="bbox 2087 2529 3670 2601">
    <p class='ocr_par' dir='ltr' id='par_1_66' title="bbox 2087 2529 3670 2601">
     <span class='ocr_line' id='line_1_66' title="bbox 2087 2529 3670 2601; baseline -0.001 -17"><span class='ocrx_word' id='word_1_520' title='bbox 2087 2548 2191 2601; x_wconf 93' lang='lat' dir='ltr'><strong>que</strong></span> <span class='ocrx_word' id='word_1_521' title='bbox 2235 2530 2513 2600; x_wconf 82' lang='lat' dir='ltr'><strong>naufragio</strong></span> <span class='ocrx_word' id='word_1_522' title='bbox 2543 2530 2776 2585; x_wconf 86' lang='lat' dir='ltr'><strong>sentient</strong></span> <span class='ocrx_word' id='word_1_523' title='bbox 2803 2543 3046 2583; x_wconf 90' lang='lat' dir='ltr'><strong>errorem</strong></span> <span class='ocrx_word' id='word_1_524' title='bbox 3073 2543 3226 2581; x_wconf 90' lang='lat' dir='ltr'><strong>suum</strong></span> <span class='ocrx_word' id='word_1_525' title='bbox 3251 2567 3266 2591; x_wconf 91' lang='lat'><strong>,</strong></span> <span class='ocrx_word' id='word_1_526' title='bbox 3305 2537 3360 2581; x_wconf 87' lang='lat' dir='ltr'><strong>et</strong></span> <span class='ocrx_word' id='word_1_527' title='bbox 3403 2529 3456 2582; x_wconf 91' lang='lat' dir='ltr'><strong>in</strong></span> <span class='ocrx_word' id='word_1_528' title='bbox 3493 2530 3670 2584; x_wconf 88' lang='lat' dir='ltr'><strong>medio</strong></span> 
     </span>
    </p>
   </div>
   <div class='ocr_carea' id='block_1_67' title="bbox 2088 2619 3662 2690">
    <p class='ocr_par' dir='ltr' id='par_1_67' title="bbox 2088 2619 3662 2690">
     <span class='ocr_line' id='line_1_67' title="bbox 2088 2619 3662 2690; baseline -0.001 -16"><span class='ocrx_word' id='word_1_529' title='bbox 2088 2621 2254 2674; x_wconf 89' lang='lat' dir='ltr'><strong>maris</strong></span> <span class='ocrx_word' id='word_1_530' title='bbox 2294 2620 2488 2690; x_wconf 88' lang='lat' dir='ltr'><strong>positi,</strong></span> <span class='ocrx_word' id='word_1_531' title='bbox 2542 2619 2772 2683; x_wconf 80' lang='lat' dir='ltr'><strong>liberare</strong></span> <span class='ocrx_word' id='word_1_532' title='bbox 2828 2633 2955 2673; x_wconf 87' lang='lat' dir='ltr'><strong>suas</strong></span> <span class='ocrx_word' id='word_1_533' title='bbox 3013 2619 3220 2672; x_wconf 89' lang='lat' dir='ltr'><strong>animas</strong></span> <span class='ocrx_word' id='word_1_534' title='bbox 3260 2620 3662 2689; x_wconf 87' lang='lat' dir='ltr'><strong>concupiscent,</strong></span> 
     </span>
    </p>
   </div>
   <div class='ocr_carea' id='block_1_68' title="bbox 2087 2709 3666 2782">
    <p class='ocr_par' dir='ltr' id='par_1_68' title="bbox 2087 2709 3666 2782">
     <span class='ocr_line' id='line_1_68' title="bbox 2087 2709 3666 2782; baseline -0.001 -18"><span class='ocrx_word' id='word_1_535' title='bbox 2087 2712 2448 2782; x_wconf 81' lang='lat' dir='ltr'><strong>plangentque</strong></span> <span class='ocrx_word' id='word_1_536' title='bbox 2484 2709 2621 2764; x_wconf 90' lang='lat' dir='ltr'><strong>male</strong></span> <span class='ocrx_word' id='word_1_537' title='bbox 2653 2709 2870 2764; x_wconf 88' lang='lat' dir='ltr'><strong>divitias</strong></span> <span class='ocrx_word' id='word_1_538' title='bbox 2892 2716 3262 2778; x_wconf 76' lang='lat' dir='ltr'><strong>congregatas,</strong></span> <span class='ocrx_word' id='word_1_539' title='bbox 3304 2710 3502 2776; x_wconf 77' lang='lat' dir='ltr'><strong>quibus</strong></span> <span class='ocrx_word' id='word_1_540' title='bbox 3530 2711 3666 2763; x_wconf 88' lang='lat' dir='ltr'><strong>mul-</strong></span> 
     </span>
    </p>
   </div>
   <div class='ocr_carea' id='block_1_69' title="bbox 2089 2798 3663 2870">
    <p class='ocr_par' dir='ltr' id='par_1_69' title="bbox 2089 2798 3663 2870">
     <span class='ocr_line' id='line_1_69' title="bbox 2089 2798 3663 2870; baseline -0.002 -15"><span class='ocrx_word' id='word_1_541' title='bbox 2089 2811 2169 2856; x_wconf 90' lang='lat' dir='ltr'><strong>tos</strong></span> <span class='ocrx_word' id='word_1_542' title='bbox 2206 2802 2509 2864; x_wconf 85' lang='lat' dir='ltr'><strong>ditaverant</strong></span> <span class='ocrx_word' id='word_1_543' title='bbox 2543 2815 2696 2870; x_wconf 77' lang='lat' dir='ltr'><strong>reges</strong></span> <span class='ocrx_word' id='word_1_544' title='bbox 2721 2817 2734 2852; x_wconf 90' lang='lat'><strong>:</strong></span> <span class='ocrx_word' id='word_1_545' title='bbox 2777 2800 3115 2868; x_wconf 90' lang='lat' dir='ltr'><strong>patriarchas</strong></span> <span class='ocrx_word' id='word_1_546' title='bbox 3141 2798 3394 2852; x_wconf 64' lang='lat' dir='ltr'><strong>videlicet</strong></span> <span class='ocrx_word' id='word_1_547' title='bbox 3421 2813 3578 2861; x_wconf 80' lang='lat' dir='ltr'><strong>suos,</strong></span> <span class='ocrx_word' id='word_1_548' title='bbox 3608 2808 3663 2852; x_wconf 84' lang='lat' dir='ltr'><strong>et</strong></span> 
     </span>
    </p>
   </div>
   <div class='ocr_carea' id='block_1_70' title="bbox 2087 2887 3664 2961">
    <p class='ocr_par' dir='ltr' id='par_1_70' title="bbox 2087 2887 3664 2961">
     <span class='ocr_line' id='line_1_70' title="bbox 2087 2887 3664 2961; baseline -0.002 -18"><span class='ocrx_word' id='word_1_549' title='bbox 2087 2891 2276 2960; x_wconf 79' lang='lat' dir='ltr'><strong>vulgus</strong></span> <span class='ocrx_word' id='word_1_550' title='bbox 2320 2889 2584 2961; x_wconf 83' lang='lat' dir='ltr'><strong>ignobile,</strong></span> <span class='ocrx_word' id='word_1_551' title='bbox 2629 2903 2856 2957; x_wconf 88' lang='lat' dir='ltr'><strong>quorum</strong></span> <span class='ocrx_word' id='word_1_552' title='bbox 2901 2889 2955 2942; x_wconf 91' lang='lat' dir='ltr'><strong>in</strong></span> <span class='ocrx_word' id='word_1_553' title='bbox 3001 2887 3179 2940; x_wconf 89' lang='lat' dir='ltr'><strong>medio</strong></span> <span class='ocrx_word' id='word_1_554' title='bbox 3223 2901 3354 2956; x_wconf 87' lang='lat' dir='ltr'><strong>opes</strong></span> <span class='ocrx_word' id='word_1_555' title='bbox 3409 2897 3664 2940; x_wconf 81' lang='lat' dir='ltr'><strong>cet-ruent</strong></span> 
     </span>
    </p>
   </div>
   <div class='ocr_carea' id='block_1_71' title="bbox 2087 2977 3662 3049">
    <p class='ocr_par' dir='ltr' id='par_1_71' title="bbox 2087 2977 3662 3049">
     <span class='ocr_line' id='line_1_71' title="bbox 2087 2977 3662 3049; baseline -0.003 -12"><span class='ocrx_word' id='word_1_556' title='bbox 2087 2984 2243 3038; x_wconf 89' lang='lat' dir='ltr'><strong>mari.</strong></span> <span class='ocrx_word' id='word_1_557' title='bbox 2300 2983 2642 3036; x_wconf 86' lang='lat' dir='ltr'><strong>Ilabitatores</strong></span> <span class='ocrx_word' id='word_1_558' title='bbox 2687 2994 2900 3049; x_wconf 91' lang='lat' dir='ltr'><strong>quoque</strong></span> <span class='ocrx_word' id='word_1_559' title='bbox 2944 2978 3183 3034; x_wconf 89' lang='lat' dir='ltr'><strong>omnium</strong></span> <span class='ocrx_word' id='word_1_560' title='bbox 3231 2977 3572 3042; x_wconf 82' lang='lat' dir='ltr'><strong>insularum,</strong></span> <span class='ocrx_word' id='word_1_561' title='bbox 3619 2980 3662 3032; x_wconf 88' lang='lat' dir='ltr'><strong>si</strong></span> 
     </span>
    </p>
   </div>
   <div class='ocr_carea' id='block_1_72' title="bbox 2091 3069 3665 3144">
    <p class='ocr_par' dir='ltr' id='par_1_72' title="bbox 2091 3069 3665 3144">
     <span class='ocr_line' id='line_1_72' title="bbox 2091 3069 3665 3144; baseline -0.004 -14"><span class='ocrx_word' id='word_1_562' title='bbox 2091 3084 2270 3130; x_wconf 82' lang='lat' dir='ltr'><strong>tamen</strong></span> <span class='ocrx_word' id='word_1_563' title='bbox 2285 3074 2612 3142; x_wconf 80' lang='lat' dir='ltr'><strong>voluerimus</strong></span> <span class='ocrx_word' id='word_1_564' title='bbox 2625 3073 2692 3126; x_wconf 87' lang='lat' dir='ltr'><strong>ad</strong></span> <span class='ocrx_word' id='word_1_565' title='bbox 2711 3070 2904 3144; x_wconf 83' lang='lat' dir='ltr'><strong>bonam</strong></span> <span class='ocrx_word' id='word_1_566' title='bbox 2925 3079 3132 3140; x_wconf 89' lang='lat' dir='ltr'><strong>partem</strong></span> <span class='ocrx_word' id='word_1_567' title='bbox 3152 3069 3372 3133; x_wconf 87' lang='lat' dir='ltr'><strong>referre,</strong></span> <span class='ocrx_word' id='word_1_568' title='bbox 3388 3084 3512 3139; x_wconf 69' lang='lat' dir='ltr'><strong>qua:</strong></span> <span class='ocrx_word' id='word_1_569' title='bbox 3527 3071 3665 3124; x_wconf 81' lang='lat' dir='ltr'><strong>dicta</strong></span> 
     </span>
    </p>
   </div>
   <div class='ocr_carea' id='block_1_73' title="bbox 2086 3161 3667 3233">
    <p class='ocr_par' dir='ltr' id='par_1_73' title="bbox 2086 3161 3667 3233">
     <span class='ocr_line' id='line_1_73' title="bbox 2086 3161 3667 3233; baseline -0.004 -11"><span class='ocrx_word' id='word_1_570' title='bbox 2086 3175 2233 3230; x_wconf 90' lang='lat' dir='ltr'><strong>sunt,</strong></span> <span class='ocrx_word' id='word_1_571' title='bbox 2275 3167 2656 3233; x_wconf 83' lang='lat' dir='ltr'><strong>obstupescent</strong></span> <span class='ocrx_word' id='word_1_572' title='bbox 2689 3177 2850 3231; x_wconf 88' lang='lat' dir='ltr'><strong>super</strong></span> <span class='ocrx_word' id='word_1_573' title='bbox 2870 3162 3193 3216; x_wconf 80' lang='lat' dir='ltr'><strong>contritione</strong></span> <span class='ocrx_word' id='word_1_574' title='bbox 3227 3161 3382 3232; x_wconf 81' lang='lat' dir='ltr'><strong>Tyri,</strong></span> <span class='ocrx_word' id='word_1_575' title='bbox 3413 3171 3470 3215; x_wconf 83' lang='lat' dir='ltr'><strong>et</strong></span> <span class='ocrx_word' id='word_1_576' title='bbox 3513 3176 3667 3231; x_wconf 76' lang='lat' dir='ltr'><strong>reges</strong></span> 
     </span>
    </p>
   </div>
   <div class='ocr_carea' id='block_1_74' title="bbox 2085 3245 3664 3321">
    <p class='ocr_par' dir='ltr' id='par_1_74' title="bbox 2085 3245 3664 3321">
     <span class='ocr_line' id='line_1_74' title="bbox 2085 3245 3664 3321; baseline -0.003 -12"><span class='ocrx_word' id='word_1_577' title='bbox 2085 3255 2379 3309; x_wconf 88' lang='lat' dir='ltr'><strong>insularum</strong></span> <span class='ocrx_word' id='word_1_578' title='bbox 2423 3253 2692 3317; x_wconf 90' lang='lat' dir='ltr'><strong>omnium,</strong></span> <span class='ocrx_word' id='word_1_579' title='bbox 2731 3251 2814 3305; x_wconf 86' lang='lat' dir='ltr'><strong>vel</strong></span> <span class='ocrx_word' id='word_1_580' title='bbox 2853 3245 2951 3320; x_wconf 88' lang='lat' dir='ltr'><strong>ipsi</strong></span> <span class='ocrx_word' id='word_1_581' title='bbox 2989 3253 3143 3321; x_wconf 86' lang='lat' dir='ltr'><strong>quasi</strong></span> <span class='ocrx_word' id='word_1_582' title='bbox 3186 3258 3511 3320; x_wconf 87' lang='lat' dir='ltr'><strong>tempestate</strong></span> <span class='ocrx_word' id='word_1_583' title='bbox 3549 3267 3664 3321; x_wconf 87' lang='lat' dir='ltr'><strong>per-</strong></span> 
     </span>
    </p>
   </div>
   <div class='ocr_carea' id='block_1_75' title="bbox 2085 3343 3662 3409">
    <p class='ocr_par' dir='ltr' id='par_1_75' title="bbox 2085 3343 3662 3409">
     <span class='ocr_line' id='line_1_75' title="bbox 2085 3343 3662 3409; baseline -0.002 -9"><span class='ocrx_word' id='word_1_584' title='bbox 2085 3345 2217 3400; x_wconf 86' lang='lat' dir='ltr'><strong>culsi</strong></span> <span class='ocrx_word' id='word_1_585' title='bbox 2245 3386 2258 3409; x_wconf 92' lang='lat'><strong>,</strong></span> <span class='ocrx_word' id='word_1_586' title='bbox 2299 3343 2581 3398; x_wconf 88' lang='lat' dir='ltr'><strong>mutabunt</strong></span> <span class='ocrx_word' id='word_1_587' title='bbox 2610 3343 2806 3407; x_wconf 85' lang='lat' dir='ltr'><strong>vultus,</strong></span> <span class='ocrx_word' id='word_1_588' title='bbox 2854 3343 2939 3397; x_wconf 89' lang='lat' dir='ltr'><strong>vel</strong></span> <span class='ocrx_word' id='word_1_589' title='bbox 2981 3351 3128 3398; x_wconf 85' lang='lat' dir='ltr'><strong>certe</strong></span> <span class='ocrx_word' id='word_1_590' title='bbox 3147 3343 3332 3397; x_wconf 84' lang='lat' dir='ltr'><strong>cordis</strong></span> <span class='ocrx_word' id='word_1_591' title='bbox 3375 3357 3662 3398; x_wconf 67' lang='lat' dir='ltr'><strong>memorem</strong></span> 
     </span>
    </p>
   </div>
   <div class='ocr_carea' id='block_1_76' title="bbox 2087 3434 3662 3507">
    <p class='ocr_par' dir='ltr' id='par_1_76' title="bbox 2087 3434 3662 3507">
     <span class='ocr_line' id='line_1_76' title="bbox 2087 3434 3662 3507; baseline -0.003 -15"><span class='ocrx_word' id='word_1_592' title='bbox 2087 3437 2210 3492; x_wconf 85' lang='lat' dir='ltr'><strong>ﬂetu</strong></span> <span class='ocrx_word' id='word_1_593' title='bbox 2237 3449 2291 3492; x_wconf 90' lang='lat' dir='ltr'><strong>et</strong></span> <span class='ocrx_word' id='word_1_594' title='bbox 2329 3435 2932 3507; x_wconf 83' lang='lat' dir='ltr'><strong>lacrymisiudicabunt,</strong></span> <span class='ocrx_word' id='word_1_595' title='bbox 2956 3435 3297 3505; x_wconf 87' lang='lat' dir='ltr'><strong>stuporisque</strong></span> <span class='ocrx_word' id='word_1_596' title='bbox 3337 3434 3662 3505; x_wconf 81' lang='lat' dir='ltr'><strong>magnitudi-</strong></span> 
     </span>
    </p>
   </div>
   <div class='ocr_carea' id='block_1_77' title="bbox 2088 3523 3659 3592">
    <p class='ocr_par' dir='ltr' id='par_1_77' title="bbox 2088 3523 3659 3592">
     <span class='ocr_line' id='line_1_77' title="bbox 2088 3523 3659 3592; baseline -0.005 -10"><span class='ocrx_word' id='word_1_597' title='bbox 2088 3544 2209 3582; x_wconf 91' lang='lat' dir='ltr'><strong>nem</strong></span> <span class='ocrx_word' id='word_1_598' title='bbox 2238 3527 2594 3581; x_wconf 89' lang='lat' dir='ltr'><strong>admirationc</strong></span> <span class='ocrx_word' id='word_1_599' title='bbox 2631 3535 2686 3579; x_wconf 90' lang='lat' dir='ltr'><strong>et</strong></span> <span class='ocrx_word' id='word_1_600' title='bbox 2719 3524 2880 3578; x_wconf 84' lang='lat' dir='ltr'><strong>sibilo</strong></span> <span class='ocrx_word' id='word_1_601' title='bbox 2906 3523 3266 3586; x_wconf 89' lang='lat' dir='ltr'><strong>testabuntur,</strong></span> <span class='ocrx_word' id='word_1_602' title='bbox 3289 3523 3560 3592; x_wconf 89' lang='lat' dir='ltr'><strong>quomodo</strong></span> <span class='ocrx_word' id='word_1_603' title='bbox 3582 3523 3659 3575; x_wconf 88' lang='lat' dir='ltr'><strong>ni-</strong></span> 
     </span>
    </p>
   </div>
   <div class='ocr_carea' id='block_1_78' title="bbox 2085 3613 3659 3684">
    <p class='ocr_par' dir='ltr' id='par_1_78' title="bbox 2085 3613 3659 3684">
     <span class='ocr_line' id='line_1_78' title="bbox 2085 3613 3659 3684; baseline -0.004 -13"><span class='ocrx_word' id='word_1_604' title='bbox 2085 3617 2176 3671; x_wconf 89' lang='lat' dir='ltr'><strong>hili</strong></span> <span class='ocrx_word' id='word_1_605' title='bbox 2201 3616 2341 3670; x_wconf 77' lang='lat' dir='ltr'><strong>facta</strong></span> <span class='ocrx_word' id='word_1_606' title='bbox 2364 3616 2458 3680; x_wconf 89' lang='lat' dir='ltr'><strong>sit,</strong></span> <span class='ocrx_word' id='word_1_607' title='bbox 2483 3625 2537 3669; x_wconf 91' lang='lat' dir='ltr'><strong>et</strong></span> <span class='ocrx_word' id='word_1_608' title='bbox 2559 3615 2796 3684; x_wconf 90' lang='lat' dir='ltr'><strong>perierit,</strong></span> <span class='ocrx_word' id='word_1_609' title='bbox 2816 3630 2932 3682; x_wconf 69' lang='lat' dir='ltr'><strong>qua:</strong></span> <span class='ocrx_word' id='word_1_610' title='bbox 2959 3613 3183 3667; x_wconf 85' lang='lat' dir='ltr'><strong>salutem</strong></span> <span class='ocrx_word' id='word_1_611' title='bbox 3212 3614 3394 3667; x_wconf 87' lang='lat' dir='ltr'><strong>multis</strong></span> <span class='ocrx_word' id='word_1_612' title='bbox 3416 3614 3659 3683; x_wconf 83' lang='lat' dir='ltr'><strong>gentibus</strong></span> 
     </span>
    </p>
   </div>
   <div class='ocr_carea' id='block_1_79' title="bbox 2084 3705 3660 3777">
    <p class='ocr_par' dir='ltr' id='par_1_79' title="bbox 2084 3705 3660 3777">
     <span class='ocr_line' id='line_1_79' title="bbox 2084 3705 3660 3777; baseline -0.003 -16"><span class='ocrx_word' id='word_1_613' title='bbox 2084 3707 2448 3777; x_wconf 87' lang='lat' dir='ltr'><strong>promittebat.</strong></span> <span class='ocrx_word' id='word_1_614' title='bbox 2473 3706 2537 3759; x_wconf 81' lang='lat' dir='ltr'><strong>Et</strong></span> <span class='ocrx_word' id='word_1_615' title='bbox 2563 3705 2700 3759; x_wconf 89' lang='lat' dir='ltr'><strong>ultra</strong></span> <span class='ocrx_word' id='word_1_616' title='bbox 2726 3723 2830 3759; x_wconf 89' lang='lat' dir='ltr'><strong>non</strong></span> <span class='ocrx_word' id='word_1_617' title='bbox 2852 3707 2978 3768; x_wconf 89' lang='lat' dir='ltr'><strong>erit,</strong></span> <span class='ocrx_word' id='word_1_618' title='bbox 2999 3721 3333 3774; x_wconf 79' lang='lat' dir='ltr'><strong>nequaquam</strong></span> <span class='ocrx_word' id='word_1_619' title='bbox 3355 3714 3507 3760; x_wconf 89' lang='lat' dir='ltr'><strong>certo</strong></span> <span class='ocrx_word' id='word_1_620' title='bbox 3529 3714 3660 3759; x_wconf 88' lang='lat' dir='ltr'><strong>tem-</strong></span> 
     </span>
    </p>
   </div>
   <div class='ocr_carea' id='block_1_80' title="bbox 2085 3796 3657 3867">
    <p class='ocr_par' dir='ltr' id='par_1_80' title="bbox 2085 3796 3657 3867">
     <span class='ocr_line' id='line_1_80' title="bbox 2085 3796 3657 3867; baseline -0.003 -16"><span class='ocrx_word' id='word_1_621' title='bbox 2085 3813 2233 3867; x_wconf 91' lang='lat' dir='ltr'><strong>pore,</strong></span> <span class='ocrx_word' id='word_1_622' title='bbox 2263 3806 2318 3851; x_wconf 89' lang='lat' dir='ltr'><strong>ttt</strong></span> <span class='ocrx_word' id='word_1_623' title='bbox 2339 3801 2495 3853; x_wconf 70' lang='grc' dir='ltr'><strong>αἰῶνα</strong></span> <span class='ocrx_word' id='word_1_624' title='bbox 2519 3798 2929 3867; x_wconf 87' lang='lat' dir='ltr'><strong>interpretemur</strong></span> <span class='ocrx_word' id='word_1_625' title='bbox 2951 3796 3003 3849; x_wconf 94' lang='lat' dir='ltr'><strong>in</strong></span> <span class='ocrx_word' id='word_1_626' title='bbox 3027 3796 3302 3858; x_wconf 60' lang='lat' dir='ltr'><strong>sateulum,</strong></span> <span class='ocrx_word' id='word_1_627' title='bbox 3330 3796 3427 3850; x_wconf 85' lang='lat' dir='ltr'><strong>sed</strong></span> <span class='ocrx_word' id='word_1_628' title='bbox 3456 3796 3508 3848; x_wconf 91' lang='lat' dir='ltr'><strong>in</strong></span> <span class='ocrx_word' id='word_1_629' title='bbox 3536 3809 3657 3864; x_wconf 85' lang='lat' dir='ltr'><strong>per-</strong></span> 
     </span>
    </p>
   </div>
   <div class='ocr_carea' id='block_1_81' title="bbox 2087 3886 3488 3957">
    <p class='ocr_par' dir='ltr' id='par_1_81' title="bbox 2087 3886 3488 3957">
     <span class='ocr_line' id='line_1_81' title="bbox 2087 3886 3488 3957; baseline -0.001 -15"><span class='ocrx_word' id='word_1_630' title='bbox 2087 3897 2323 3957; x_wconf 88' lang='lat' dir='ltr'><strong>petuum,</strong></span> <span class='ocrx_word' id='word_1_631' title='bbox 2357 3888 2478 3957; x_wconf 88' lang='lat' dir='ltr'><strong>quia</strong></span> <span class='ocrx_word' id='word_1_632' title='bbox 2519 3888 2656 3942; x_wconf 90' lang='lat' dir='ltr'><strong>idem</strong></span> <span class='ocrx_word' id='word_1_633' title='bbox 2688 3904 2867 3942; x_wconf 85' lang='lat' dir='ltr'><strong>sermo</strong></span> <span class='ocrx_word' id='word_1_634' title='bbox 2889 3897 3176 3956; x_wconf 89' lang='lat' dir='ltr'><strong>utrumque</strong></span> <span class='ocrx_word' id='word_1_635' title='bbox 3200 3886 3488 3956; x_wconf 79' lang='lat' dir='ltr'><strong>significat.</strong></span> 
     </span>
    </p>
   </div>
   <div class='ocr_carea' id='block_1_82' title="bbox 1526 4126 2522 4260">
    <p class='ocr_par' dir='ltr' id='par_1_82' title="bbox 1526 4126 2522 4260">
     <span class='ocr_line' id='line_1_82' title="bbox 1526 4126 2522 4260; baseline 0.003 -60"><span class='ocrx_word' id='word_1_636' title='bbox 1526 4126 1824 4200; x_wconf 81' lang='lat' dir='ltr'><strong>LIBER</strong></span> <span class='ocrx_word' id='word_1_637' title='bbox 1901 4126 2522 4260; x_wconf 39' lang='lat' dir='ltr'><strong>UNDECIMU‘S.</strong></span> 
     </span>
    </p>
   </div>
   <div class='ocr_carea' id='block_1_83' title="bbox 482 4319 3654 4395">
    <p class='ocr_par' dir='ltr' id='par_1_83' title="bbox 482 4319 3654 4395">
     <span class='ocr_line' id='line_1_83' title="bbox 482 4319 3654 4395; baseline -0.002 -14"><span class='ocrx_word' id='word_1_638' title='bbox 482 4327 826 4394; x_wconf 88' lang='lat' dir='ltr'><strong>Consequens</strong></span> <span class='ocrx_word' id='word_1_639' title='bbox 866 4331 986 4378; x_wconf 88' lang='lat' dir='ltr'><strong>erat</strong></span> <span class='ocrx_word' id='word_1_640' title='bbox 1022 4329 1080 4375; x_wconf 90' lang='lat' dir='ltr'><strong>ut</strong></span> <span class='ocrx_word' id='word_1_641' title='bbox 1118 4320 1453 4390; x_wconf 87' lang='lat' dir='ltr'><strong>prophetiam</strong></span> <span class='ocrx_word' id='word_1_642' title='bbox 1486 4319 1612 4391; x_wconf 84' lang='lat' dir='ltr'><strong>Tyri</strong></span> <span class='ocrx_word' id='word_1_643' title='bbox 1645 4331 1697 4375; x_wconf 93' lang='lat' dir='ltr'><strong>et</strong></span> <span class='ocrx_word' id='word_1_644' title='bbox 1724 4325 1982 4395; x_wconf 90' lang='lat' dir='ltr'><strong>principis</strong></span> <span class='ocrx_word' id='word_1_645' title='bbox 2013 4332 2059 4388; x_wconf 83' lang='grc' dir='ltr'><strong>Ι)</strong></span> <span class='ocrx_word' id='word_1_646' title='bbox 2093 4347 2110 4378; x_wconf 73' lang='grc' dir='ltr'>ι</span> <span class='ocrx_word' id='word_1_647' title='bbox 2146 4328 2320 4380; x_wconf 87' lang='lat' dir='ltr'><strong>minus</strong></span> <span class='ocrx_word' id='word_1_648' title='bbox 2357 4327 2494 4380; x_wconf 88' lang='lat' dir='ltr'><strong>Deus</strong></span> <span class='ocrx_word' id='word_1_649' title='bbox 2530 4344 2541 4378; x_wconf 90' lang='lat'><strong>:</strong></span> <span class='ocrx_word' id='word_1_650' title='bbox 2583 4325 2657 4378; x_wconf 82' lang='lat' dir='ltr'><strong>Eo</strong></span> <span class='ocrx_word' id='word_1_651' title='bbox 2691 4325 2833 4393; x_wconf 87' lang='lat' dir='ltr'><strong>quol</strong></span> <span class='ocrx_word' id='word_1_652' title='bbox 2869 4324 3137 4379; x_wconf 85' lang='lat' dir='ltr'><strong>elevatum</strong></span> <span class='ocrx_word' id='word_1_653' title='bbox 3172 4333 3257 4378; x_wconf 91' lang='lat' dir='ltr'><strong>est</strong></span> <span class='ocrx_word' id='word_1_654' title='bbox 3288 4339 3385 4378; x_wconf 94' lang='lat' dir='ltr'><strong>cor</strong></span> <span class='ocrx_word' id='word_1_655' title='bbox 3422 4331 3565 4377; x_wconf 91' lang='lat' dir='ltr'><strong>tuum</strong></span> <span class='ocrx_word' id='word_1_656' title='bbox 3597 4332 3654 4376; x_wconf 86' lang='lat' dir='ltr'><strong>et</strong></span> 
     </span>
    </p>
   </div>
   <div class='ocr_carea' id='block_1_84' title="bbox 414 4416 1977 4490">
    <p class='ocr_par' dir='ltr' id='par_1_84' title="bbox 414 4416 1977 4490">
     <span class='ocr_line' id='line_1_84' title="bbox 414 4416 1977 4490; baseline -0.003 -15"><span class='ocrx_word' id='word_1_657' title='bbox 414 4421 538 4490; x_wconf 89' lang='lat' dir='ltr'><strong>Tyri</strong></span> <span class='ocrx_word' id='word_1_658' title='bbox 571 4435 677 4474; x_wconf 86' lang='lat' dir='ltr'><strong>uno</strong></span> <span class='ocrx_word' id='word_1_659' title='bbox 708 4418 974 4473; x_wconf 90' lang='lat' dir='ltr'><strong>volumine</strong></span> <span class='ocrx_word' id='word_1_660' title='bbox 1007 4416 1553 4486; x_wconf 88' lang='lat' dir='ltr'><strong>comprehenderem,</strong></span> <span class='ocrx_word' id='word_1_661' title='bbox 1586 4425 1639 4470; x_wconf 91' lang='lat' dir='ltr'><strong>et</strong></span> <span class='ocrx_word' id='word_1_662' title='bbox 1677 4425 1782 4469; x_wconf 90' lang='lat' dir='ltr'><strong>tam</strong></span> <span class='ocrx_word' id='word_1_663' title='bbox 1818 4417 1977 4481; x_wconf 88' lang='lat' dir='ltr'><strong>locis,</strong></span> 
     </span>
    </p>
   </div>
   <div class='ocr_carea' id='block_1_85' title="bbox 413 4508 1981 4583">
    <p class='ocr_par' dir='ltr' id='par_1_85' title="bbox 413 4508 1981 4583">
     <span class='ocr_line' id='line_1_85' title="bbox 413 4508 1981 4583; baseline -0.004 -16"><span class='ocrx_word' id='word_1_664' title='bbox 413 4529 571 4583; x_wconf 89' lang='lat' dir='ltr'><strong>quam</strong></span> <span class='ocrx_word' id='word_1_665' title='bbox 598 4513 976 4567; x_wconf 89' lang='lat' dir='ltr'><strong>vaticinatione</strong></span> <span class='ocrx_word' id='word_1_666' title='bbox 1001 4510 1337 4580; x_wconf 87' lang='lat' dir='ltr'><strong>conjunctos,</strong></span> <span class='ocrx_word' id='word_1_667' title='bbox 1363 4523 1699 4577; x_wconf 86' lang='lat' dir='ltr'><strong>nequaquam</strong></span> <span class='ocrx_word' id='word_1_668' title='bbox 1728 4508 1981 4562; x_wconf 90' lang='lat' dir='ltr'><strong>librorum</strong></span> 
     </span>
    </p>
   </div>
   <div class='ocr_carea' id='block_1_86' title="bbox 413 4598 1984 4671">
    <p class='ocr_par' dir='ltr' id='par_1_86' title="bbox 413 4598 1984 4671">
     <span class='ocr_line' id='line_1_86' title="bbox 413 4598 1984 4671; baseline -0.001 -17"><span class='ocrx_word' id='word_1_669' title='bbox 413 4604 600 4657; x_wconf 86' lang='lat' dir='ltr'><strong>ordine</strong></span> <span class='ocrx_word' id='word_1_670' title='bbox 632 4617 936 4671; x_wconf 60' lang='lat' dir='ltr'><strong>separamm</strong></span> <span class='ocrx_word' id='word_1_671' title='bbox 958 4642 972 4665; x_wconf 95' lang='lat'><strong>,</strong></span> <span class='ocrx_word' id='word_1_672' title='bbox 1007 4602 1100 4654; x_wconf 89' lang='lat' dir='ltr'><strong>sed</strong></span> <span class='ocrx_word' id='word_1_673' title='bbox 1129 4602 1250 4670; x_wconf 89' lang='lat' dir='ltr'><strong>quia</strong></span> <span class='ocrx_word' id='word_1_674' title='bbox 1286 4599 1434 4668; x_wconf 90' lang='lat' dir='ltr'><strong>plura</strong></span> <span class='ocrx_word' id='word_1_675' title='bbox 1471 4607 1626 4661; x_wconf 91' lang='lat' dir='ltr'><strong>sunt,</strong></span> <span class='ocrx_word' id='word_1_676' title='bbox 1656 4615 1773 4668; x_wconf 67' lang='lat' dir='ltr'><strong>qum</strong></span> <span class='ocrx_word' id='word_1_677' title='bbox 1802 4598 1984 4653; x_wconf 86' lang='lat' dir='ltr'><strong>dicun—</strong></span> 
     </span>
    </p>
   </div>
   <div class='ocr_carea' id='block_1_87' title="bbox 414 4690 1984 4763">
    <p class='ocr_par' dir='ltr' id='par_1_87' title="bbox 414 4690 1984 4763">
     <span class='ocr_line' id='line_1_87' title="bbox 414 4690 1984 4763; baseline -0.003 -14"><span class='ocrx_word' id='word_1_678' title='bbox 414 4705 522 4758; x_wconf 92' lang='lat' dir='ltr'><strong>tur,</strong></span> <span class='ocrx_word' id='word_1_679' title='bbox 555 4704 607 4747; x_wconf 91' lang='lat' dir='ltr'><strong>et</strong></span> <span class='ocrx_word' id='word_1_680' title='bbox 637 4694 851 4747; x_wconf 88' lang='lat' dir='ltr'><strong>modum</strong></span> <span class='ocrx_word' id='word_1_681' title='bbox 885 4693 1210 4763; x_wconf 76' lang='lat' dir='ltr'><strong>prolixitatis</strong></span> <span class='ocrx_word' id='word_1_682' title='bbox 1239 4690 1536 4753; x_wconf 75' lang='lat' dir='ltr'><strong>excedunt,</strong></span> <span class='ocrx_word' id='word_1_683' title='bbox 1570 4691 1688 4744; x_wconf 87' lang='lat' dir='ltr'><strong>ideo</strong></span> <span class='ocrx_word' id='word_1_684' title='bbox 1725 4692 1775 4744; x_wconf 91' lang='lat' dir='ltr'><strong>iu</strong></span> <span class='ocrx_word' id='word_1_685' title='bbox 1818 4691 1984 4744; x_wconf 89' lang='lat' dir='ltr'><strong>unde-</strong></span> 
     </span>
    </p>
   </div>
   <div class='ocr_carea' id='block_1_88' title="bbox 414 4781 1987 4850">
    <p class='ocr_par' dir='ltr' id='par_1_88' title="bbox 414 4781 1987 4850">
     <span class='ocr_line' id='line_1_88' title="bbox 414 4781 1987 4850; baseline -0.003 -12"><span class='ocrx_word' id='word_1_686' title='bbox 414 4786 611 4838; x_wconf 90' lang='lat' dir='ltr'><strong>cimum</strong></span> <span class='ocrx_word' id='word_1_687' title='bbox 643 4783 836 4837; x_wconf 87' lang='lat' dir='ltr'><strong>librum</strong></span> <span class='ocrx_word' id='word_1_688' title='bbox 867 4783 1026 4835; x_wconf 82' lang='lat' dir='ltr'><strong>dilata</strong></span> <span class='ocrx_word' id='word_1_689' title='bbox 1058 4791 1142 4835; x_wconf 88' lang='lat' dir='ltr'><strong>est</strong></span> <span class='ocrx_word' id='word_1_690' title='bbox 1171 4781 1510 4850; x_wconf 80' lang='lat' dir='ltr'><strong>explanatio,</strong></span> <span class='ocrx_word' id='word_1_691' title='bbox 1542 4796 1701 4849; x_wconf 88' lang='lat' dir='ltr'><strong>quam</strong></span> <span class='ocrx_word' id='word_1_692' title='bbox 1736 4781 1987 4834; x_wconf 73' lang='lat' dir='ltr'><strong>videlicet</strong></span> 
     </span>
    </p>
   </div>
   <div class='ocr_carea' id='block_1_89' title="bbox 418 4872 1984 4940">
    <p class='ocr_par' dir='ltr' id='par_1_89' title="bbox 418 4872 1984 4940">
     <span class='ocr_line' id='line_1_89' title="bbox 418 4872 1984 4940; baseline -0.001 -14"><span class='ocrx_word' id='word_1_693' title='bbox 418 4883 522 4927; x_wconf 87' lang='lat' dir='ltr'><strong>tant</strong></span> <span class='ocrx_word' id='word_1_694' title='bbox 562 4874 654 4926; x_wconf 92' lang='lat' dir='ltr'><strong>Dci</strong></span> <span class='ocrx_word' id='word_1_695' title='bbox 691 4872 1086 4932; x_wconf 86' lang='lat' dir='ltr'><strong>misericordia,</strong></span> <span class='ocrx_word' id='word_1_696' title='bbox 1121 4887 1280 4940; x_wconf 89' lang='lat' dir='ltr'><strong>quam</strong></span> <span class='ocrx_word' id='word_1_697' title='bbox 1313 4872 1476 4924; x_wconf 86' lang='lat' dir='ltr'><strong>etiam</strong></span> <span class='ocrx_word' id='word_1_698' title='bbox 1505 4872 1740 4924; x_wconf 90' lang='lat' dir='ltr'><strong>omnium</strong></span> <span class='ocrx_word' id='word_1_699' title='bbox 1773 4880 1984 4924; x_wconf 89' lang='lat' dir='ltr'><strong>sancto-</strong></span> 
     </span>
    </p>
   </div>
   <div class='ocr_carea' id='block_1_90' title="bbox 418 4962 1978 5030">
    <p class='ocr_par' dir='ltr' id='par_1_90' title="bbox 418 4962 1978 5030">
     <span class='ocr_line' id='line_1_90' title="bbox 418 4962 1978 5030; baseline -0.001 -14"><span class='ocrx_word' id='word_1_700' title='bbox 418 4978 532 5017; x_wconf 89' lang='lat' dir='ltr'><strong>rum</strong></span> <span class='ocrx_word' id='word_1_701' title='bbox 561 4963 922 5023; x_wconf 87' lang='lat' dir='ltr'><strong>orationibus,</strong></span> <span class='ocrx_word' id='word_1_702' title='bbox 956 4962 1020 5016; x_wconf 91' lang='lat' dir='ltr'><strong>ad</strong></span> <span class='ocrx_word' id='word_1_703' title='bbox 1048 4962 1246 5015; x_wconf 83' lang='lat' dir='ltr'><strong>calcem</strong></span> <span class='ocrx_word' id='word_1_704' title='bbox 1274 4963 1542 5016; x_wconf 89' lang='lat' dir='ltr'><strong>credimus</strong></span> <span class='ocrx_word' id='word_1_705' title='bbox 1566 4970 1941 5030; x_wconf 88' lang='lat' dir='ltr'><strong>perventuram</strong></span> <span class='ocrx_word' id='word_1_706' title='bbox 1968 4979 1978 5014; x_wconf 92' lang='lat'>:</span> 
     </span>
    </p>
   </div>
   <div class='ocr_carea' id='block_1_91' title="bbox 415 5049 1984 5121">
    <p class='ocr_par' dir='ltr' id='par_1_91' title="bbox 415 5049 1984 5121">
     <span class='ocr_line' id='line_1_91' title="bbox 415 5049 1984 5121; baseline -0.003 -15"><span class='ocrx_word' id='word_1_707' title='bbox 415 5062 475 5106; x_wconf 90' lang='lat' dir='ltr'><strong>ut</strong></span> <span class='ocrx_word' id='word_1_708' title='bbox 509 5061 696 5106; x_wconf 90' lang='lat' dir='ltr'><strong>contra</strong></span> <span class='ocrx_word' id='word_1_709' title='bbox 734 5050 1064 5104; x_wconf 87' lang='lat' dir='ltr'><strong>Pharaonem</strong></span> <span class='ocrx_word' id='word_1_710' title='bbox 1105 5063 1351 5119; x_wconf 86' lang='lat' dir='ltr'><strong>quoque,</strong></span> <span class='ocrx_word' id='word_1_711' title='bbox 1390 5058 1443 5103; x_wconf 89' lang='lat' dir='ltr'><strong>et</strong></span> <span class='ocrx_word' id='word_1_712' title='bbox 1483 5051 1785 5103; x_wconf 87' lang='lat' dir='ltr'><strong>universam</strong></span> <span class='ocrx_word' id='word_1_713' title='bbox 1821 5049 1984 5121; x_wconf 59' lang='lat' dir='ltr'><strong>Egy-</strong></span> 
     </span>
    </p>
   </div>
   <div class='ocr_carea' id='block_1_92' title="bbox 415 5139 1980 5214">
    <p class='ocr_par' dir='ltr' id='par_1_92' title="bbox 415 5139 1980 5214">
     <span class='ocr_line' id='line_1_92' title="bbox 415 5139 1980 5214; baseline -0.003 -18"><span class='ocrx_word' id='word_1_714' title='bbox 415 5151 599 5214; x_wconf 86' lang='lat' dir='ltr'><strong>ptum,</strong></span> <span class='ocrx_word' id='word_1_715' title='bbox 632 5157 751 5211; x_wconf 70' lang='lat' dir='ltr'><strong>qua:</strong></span> <span class='ocrx_word' id='word_1_716' title='bbox 791 5141 842 5195; x_wconf 91' lang='lat' dir='ltr'><strong>in</strong></span> <span class='ocrx_word' id='word_1_717' title='bbox 883 5139 1163 5194; x_wconf 86' lang='lat' dir='ltr'><strong>Ezechiele</strong></span> <span class='ocrx_word' id='word_1_718' title='bbox 1197 5141 1398 5210; x_wconf 86' lang='lat' dir='ltr'><strong>scripta</strong></span> <span class='ocrx_word' id='word_1_719' title='bbox 1434 5151 1591 5206; x_wconf 88' lang='lat' dir='ltr'><strong>sunt,</strong></span> <span class='ocrx_word' id='word_1_720' title='bbox 1633 5140 1980 5193; x_wconf 88' lang='lat' dir='ltr'><strong>disseramus.</strong></span> 
     </span>
    </p>
   </div>
   <div class='ocr_carea' id='block_1_93' title="bbox 955 5253 1449 5310">
    <p class='ocr_par' dir='ltr' id='par_1_93' title="bbox 955 5253 1449 5310">
     <span class='ocr_line' id='line_1_93' title="bbox 955 5253 1449 5310; baseline -0.006 0"><span class='ocrx_word' id='word_1_721' title='bbox 955 5253 1179 5310; x_wconf 79' lang='lat' dir='ltr'><strong>CAPUT</strong></span> <span class='ocrx_word' id='word_1_722' title='bbox 1220 5253 1449 5308; x_wconf 76' lang='lat' dir='ltr'><strong>XXVIII.</strong></span> 
     </span>
    </p>
   </div>
   <div class='ocr_carea' id='block_1_94' title="bbox 425 5341 2023 5415">
    <p class='ocr_par' dir='ltr' id='par_1_94' title="bbox 425 5341 2023 5415">
     <span class='ocr_line' id='line_1_94' title="bbox 425 5341 2023 5415; baseline -0.006 -12"><span class='ocrx_word' id='word_1_723' title='bbox 425 5343 644 5403; x_wconf 81' lang='lat' dir='ltr'><strong>Verbum</strong></span> <span class='ocrx_word' id='word_1_724' title='bbox 681 5346 887 5399; x_wconf 79' lang='lat' dir='ltr'><strong>Domini</strong></span> <span class='ocrx_word' id='word_1_725' title='bbox 912 5355 1090 5398; x_wconf 70' lang='lat' dir='ltr'><strong>contra</strong></span> <span class='ocrx_word' id='word_1_726' title='bbox 1115 5345 1405 5415; x_wconf 75' lang='lat' dir='ltr'><strong>principem</strong></span> <span class='ocrx_word' id='word_1_727' title='bbox 1428 5342 1550 5413; x_wconf 75' lang='lat' dir='ltr'><strong>Tyri</strong></span> <span class='ocrx_word' id='word_1_728' title='bbox 1576 5354 1622 5396; x_wconf 72' lang='lat' dir='ltr'><strong>et</strong></span> <span class='ocrx_word' id='word_1_729' title='bbox 1654 5343 1715 5396; x_wconf 80' lang='lat' dir='ltr'><strong>de</strong></span> <span class='ocrx_word' id='word_1_730' title='bbox 1743 5341 1983 5415; x_wconf 76' lang='lat' dir='ltr'><strong>superbia</strong></span> <span class='ocrx_word' id='word_1_731' title='bbox 2016 5365 2023 5371; x_wconf 63' lang='grc' dir='ltr'><em>ν</em></span> 
     </span>
    </p>
   </div>
   <div class='ocr_carea' id='block_1_95' title="bbox 482 5413 1984 5482">
    <p class='ocr_par' dir='ltr' id='par_1_95' title="bbox 482 5413 1984 5482">
     <span class='ocr_line' id='line_1_95' title="bbox 482 5413 1984 5482; baseline -0.006 -11"><span class='ocrx_word' id='word_1_732' title='bbox 482 5418 615 5482; x_wconf 74' lang='lat' dir='ltr'><strong>ejus.</strong></span> <span class='ocrx_word' id='word_1_733' title='bbox 649 5415 829 5469; x_wconf 78' lang='lat' dir='ltr'><strong>Sermo</strong></span> <span class='ocrx_word' id='word_1_734' title='bbox 863 5416 1067 5468; x_wconf 80' lang='lat' dir='ltr'><strong>Domini</strong></span> <span class='ocrx_word' id='word_1_735' title='bbox 1100 5413 1279 5467; x_wconf 73' lang='lat' dir='ltr'><strong>contra</strong></span> <span class='ocrx_word' id='word_1_736' title='bbox 1312 5413 1559 5467; x_wconf 82' lang='lat' dir='ltr'><strong>Sidonem</strong></span> <span class='ocrx_word' id='word_1_737' title='bbox 1582 5453 1596 5476; x_wconf 91' lang='lat'><strong>,</strong></span> <span class='ocrx_word' id='word_1_738' title='bbox 1632 5425 1677 5466; x_wconf 75' lang='lat' dir='ltr'><strong>et</strong></span> <span class='ocrx_word' id='word_1_739' title='bbox 1709 5413 1984 5482; x_wconf 79' lang='lat' dir='ltr'><strong>promissio</strong></span> 
     </span>
    </p>
   </div>
   <div class='ocr_carea' id='block_1_96' title="bbox 537 5483 1564 5556">
    <p class='ocr_par' dir='ltr' id='par_1_96' title="bbox 537 5483 1564 5556">
     <span class='ocr_line' id='line_1_96' title="bbox 537 5483 1564 5556; baseline -0.005 -16"><span class='ocrx_word' id='word_1_740' title='bbox 537 5490 692 5540; x_wconf 82' lang='lat' dir='ltr'><strong>omini</strong></span> <span class='ocrx_word' id='word_1_741' title='bbox 723 5488 786 5539; x_wconf 78' lang='lat' dir='ltr'><strong>de</strong></span> <span class='ocrx_word' id='word_1_742' title='bbox 812 5484 1188 5556; x_wconf 78' lang='lat' dir='ltr'><strong>congregandis</strong></span> <span class='ocrx_word' id='word_1_743' title='bbox 1218 5483 1342 5553; x_wconf 77' lang='lat' dir='ltr'><strong>[iliis</strong></span> <span class='ocrx_word' id='word_1_744' title='bbox 1379 5483 1564 5537; x_wconf 73' lang='lat' dir='ltr'><strong>Israel.</strong></span> 
     </span>
    </p>
   </div>
   <div class='ocr_carea' id='block_1_97' title="bbox 493 5594 1981 5676">
    <p class='ocr_par' dir='ltr' id='par_1_97' title="bbox 493 5594 1981 5676">
     <span class='ocr_line' id='line_1_97' title="bbox 493 5594 1981 5676; baseline -0.007 -23"><span class='ocrx_word' id='word_1_745' title='bbox 493 5620 510 5647; x_wconf 75' lang='grc' dir='ltr'>ι</span> <span class='ocrx_word' id='word_1_746' title='bbox 544 5602 606 5653; x_wconf 79' lang='lat' dir='ltr'><strong>Et</strong></span> <span class='ocrx_word' id='word_1_747' title='bbox 658 5601 826 5653; x_wconf 85' lang='lat' dir='ltr'><strong>factus</strong></span> <span class='ocrx_word' id='word_1_748' title='bbox 872 5610 951 5676; x_wconf 75' lang='lat' dir='ltr'><strong>est</strong></span> <span class='ocrx_word' id='word_1_749' title='bbox 1000 5615 1178 5652; x_wconf 68' lang='lat' dir='ltr'><strong>set-mo</strong></span> <span class='ocrx_word' id='word_1_750' title='bbox 1227 5598 1435 5652; x_wconf 88' lang='lat' dir='ltr'><strong>Domini</strong></span> <span class='ocrx_word' id='word_1_751' title='bbox 1487 5597 1551 5649; x_wconf 89' lang='lat' dir='ltr'><strong>ad</strong></span> <span class='ocrx_word' id='word_1_752' title='bbox 1600 5609 1715 5655; x_wconf 88' lang='lat' dir='ltr'><strong>me,</strong></span> <span class='ocrx_word' id='word_1_753' title='bbox 1757 5594 1981 5646; x_wconf 80' lang='lat' dir='ltr'><strong>dicens:</strong></span> 
     </span>
    </p>
   </div>
   <div class='ocr_carea' id='block_1_98' title="bbox 427 5677 1981 5758">
    <p class='ocr_par' dir='ltr' id='par_1_98' title="bbox 427 5677 1981 5758">
     <span class='ocr_line' id='line_1_98' title="bbox 427 5677 1981 5758; baseline -0.002 -21"><span class='ocrx_word' id='word_1_754' title='bbox 427 5707 442 5737; x_wconf 76' lang='grc' dir='ltr'>ι</span> <span class='ocrx_word' id='word_1_755' title='bbox 479 5690 580 5742; x_wconf 80' lang='lat' dir='ltr'><strong>Fili</strong></span> <span class='ocrx_word' id='word_1_756' title='bbox 621 5691 878 5750; x_wconf 84' lang='lat' dir='ltr'><strong>hominis,</strong></span> <span class='ocrx_word' id='word_1_757' title='bbox 924 5677 1006 5742; x_wconf 80' lang='lat' dir='ltr'><strong>dir</strong></span> <span class='ocrx_word' id='word_1_758' title='bbox 1043 5689 1267 5758; x_wconf 88' lang='lat' dir='ltr'><strong>principi</strong></span> <span class='ocrx_word' id='word_1_759' title='bbox 1318 5687 1443 5754; x_wconf 80' lang='lat' dir='ltr'><strong>Tyri</strong></span> <span class='ocrx_word' id='word_1_760' title='bbox 1482 5705 1491 5737; x_wconf 79' lang='grc' dir='ltr'><strong>ι</strong></span> <span class='ocrx_word' id='word_1_761' title='bbox 1536 5685 1654 5739; x_wconf 58' lang='lat' dir='ltr'><strong>Haec</strong></span> <span class='ocrx_word' id='word_1_762' title='bbox 1705 5683 1832 5734; x_wconf 80' lang='lat' dir='ltr'><strong>dicit</strong></span> <span class='ocrx_word' id='word_1_763' title='bbox 1881 5682 1981 5734; x_wconf 85' lang='lat' dir='ltr'><strong>Do-</strong></span> 
     </span>
    </p>
   </div>
   <div class='ocr_carea' id='block_1_99' title="bbox 2097 4413 3647 4483">
    <p class='ocr_par' dir='ltr' id='par_1_99' title="bbox 2097 4413 3647 4483">
     <span class='ocr_line' id='line_1_99' title="bbox 2097 4413 3647 4483; baseline -0.001 -17"><span class='ocrx_word' id='word_1_764' title='bbox 2097 4435 2113 4466; x_wconf 72' lang='lat' dir='ltr'><strong>c</strong></span> <span class='ocrx_word' id='word_1_765' title='bbox 2149 4417 2365 4479; x_wconf 78' lang='lat' dir='ltr'><strong>dixisti,</strong></span> <span class='ocrx_word' id='word_1_766' title='bbox 2406 4415 2544 4467; x_wconf 88' lang='lat' dir='ltr'><strong>Deus</strong></span> <span class='ocrx_word' id='word_1_767' title='bbox 2580 4429 2679 4483; x_wconf 78' lang='lat' dir='ltr'><strong>ego</strong></span> <span class='ocrx_word' id='word_1_768' title='bbox 2714 4430 2866 4478; x_wconf 88' lang='lat' dir='ltr'><strong>sum,</strong></span> <span class='ocrx_word' id='word_1_769' title='bbox 2906 4423 2962 4467; x_wconf 89' lang='lat' dir='ltr'><strong>et</strong></span> <span class='ocrx_word' id='word_1_770' title='bbox 3001 4413 3054 4466; x_wconf 88' lang='lat' dir='ltr'><strong>in</strong></span> <span class='ocrx_word' id='word_1_771' title='bbox 3089 4414 3342 4467; x_wconf 85' lang='lat' dir='ltr'><strong>cathedra</strong></span> <span class='ocrx_word' id='word_1_772' title='bbox 3380 4413 3473 4467; x_wconf 91' lang='lat' dir='ltr'><strong>Dei</strong></span> <span class='ocrx_word' id='word_1_773' title='bbox 3509 4414 3647 4471; x_wconf 88' lang='lat' dir='ltr'><strong>sedi,</strong></span> 
     </span>
    </p>
   </div>
   <div class='ocr_carea' id='block_1_100' title="bbox 2093 4502 3652 4567">
    <p class='ocr_par' dir='ltr' id='par_1_100' title="bbox 2093 4502 3652 4567">
     <span class='ocr_line' id='line_1_100' title="bbox 2093 4502 3652 4567; baseline -0.001 -11"><span class='ocrx_word' id='word_1_774' title='bbox 2093 4524 2112 4556; x_wconf 83' lang='grc'><em>‹</em></span> <span class='ocrx_word' id='word_1_775' title='bbox 2151 4507 2202 4558; x_wconf 91' lang='lat' dir='ltr'><strong>in</strong></span> <span class='ocrx_word' id='word_1_776' title='bbox 2243 4506 2405 4559; x_wconf 89' lang='lat' dir='ltr'><strong>corde</strong></span> <span class='ocrx_word' id='word_1_777' title='bbox 2443 4505 2641 4567; x_wconf 89' lang='lat' dir='ltr'><strong>maris,</strong></span> <span class='ocrx_word' id='word_1_778' title='bbox 2681 4519 2802 4556; x_wconf 88' lang='lat' dir='ltr'><strong>cum</strong></span> <span class='ocrx_word' id='word_1_779' title='bbox 2843 4502 2918 4558; x_wconf 88' lang='lat' dir='ltr'><strong>sis</strong></span> <span class='ocrx_word' id='word_1_780' title='bbox 2967 4503 3126 4556; x_wconf 90' lang='lat' dir='ltr'><strong>homo</strong></span> <span class='ocrx_word' id='word_1_781' title='bbox 3163 4510 3216 4555; x_wconf 90' lang='lat' dir='ltr'><strong>et</strong></span> <span class='ocrx_word' id='word_1_782' title='bbox 3251 4517 3354 4555; x_wconf 93' lang='lat' dir='ltr'><strong>non</strong></span> <span class='ocrx_word' id='word_1_783' title='bbox 3391 4503 3561 4564; x_wconf 87' lang='lat' dir='ltr'><strong>Deus,</strong></span> <span class='ocrx_word' id='word_1_784' title='bbox 3597 4511 3652 4555; x_wconf 86' lang='lat' dir='ltr'><strong>et</strong></span> 
     </span>
    </p>
   </div>
   <div class='ocr_carea' id='block_1_101' title="bbox 2091 4592 3649 4661">
    <p class='ocr_par' dir='ltr' id='par_1_101' title="bbox 2091 4592 3649 4661">
     <span class='ocr_line' id='line_1_101' title="bbox 2091 4592 3649 4661; baseline -0.001 -15"><span class='ocrx_word' id='word_1_785' title='bbox 2091 4615 2108 4646; x_wconf 74' lang='grc' dir='ltr'>ι</span> <span class='ocrx_word' id='word_1_786' title='bbox 2147 4597 2338 4651; x_wconf 80' lang='lat' dir='ltr'><strong>dedisti</strong></span> <span class='ocrx_word' id='word_1_787' title='bbox 2371 4611 2467 4649; x_wconf 90' lang='lat' dir='ltr'><strong>eor</strong></span> <span class='ocrx_word' id='word_1_788' title='bbox 2493 4603 2640 4647; x_wconf 89' lang='lat' dir='ltr'><strong>tuum</strong></span> <span class='ocrx_word' id='word_1_789' title='bbox 2668 4594 2823 4661; x_wconf 83' lang='lat' dir='ltr'><strong>quasi</strong></span> <span class='ocrx_word' id='word_1_790' title='bbox 2853 4609 2945 4646; x_wconf 88' lang='lat' dir='ltr'><strong>cor</strong></span> <span class='ocrx_word' id='word_1_791' title='bbox 2976 4593 3088 4646; x_wconf 91' lang='lat' dir='ltr'><strong>Dei.</strong></span> <span class='ocrx_word' id='word_1_792' title='bbox 3116 4592 3251 4646; x_wconf 86' lang='lat' dir='ltr'><strong>Ecce</strong></span> <span class='ocrx_word' id='word_1_793' title='bbox 3279 4593 3568 4661; x_wconf 89' lang='lat' dir='ltr'><strong>sapientior</strong></span> <span class='ocrx_word' id='word_1_794' title='bbox 3594 4606 3649 4645; x_wconf 83' lang='lat' dir='ltr'><strong>es</strong></span> 
     </span>
    </p>
   </div>
   <div class='ocr_carea' id='block_1_102' title="bbox 2091 4681 3648 4739">
    <p class='ocr_par' dir='ltr' id='par_1_102' title="bbox 2091 4681 3648 4739">
     <span class='ocr_line' id='line_1_102' title="bbox 2091 4681 3648 4739; baseline -0.003 -3"><span class='ocrx_word' id='word_1_795' title='bbox 2091 4705 2107 4736; x_wconf 77' lang='grc' dir='ltr'>ι</span> <span class='ocrx_word' id='word_1_796' title='bbox 2143 4694 2196 4739; x_wconf 84' lang='grc' dir='ltr'><strong>ιιι</strong></span> <span class='ocrx_word' id='word_1_797' title='bbox 2226 4683 2476 4738; x_wconf 85' lang='lat' dir='ltr'><strong>Danicle?</strong></span> <span class='ocrx_word' id='word_1_798' title='bbox 2500 4683 2670 4736; x_wconf 90' lang='lat' dir='ltr'><strong>Omne</strong></span> <span class='ocrx_word' id='word_1_799' title='bbox 2699 4690 2964 4735; x_wconf 86' lang='lat' dir='ltr'><strong>secretum</strong></span> <span class='ocrx_word' id='word_1_800' title='bbox 2989 4695 3094 4734; x_wconf 87' lang='lat' dir='ltr'><strong>non</strong></span> <span class='ocrx_word' id='word_1_801' title='bbox 3119 4688 3201 4733; x_wconf 82' lang='lat' dir='ltr'><strong>est</strong></span> <span class='ocrx_word' id='word_1_802' title='bbox 3225 4681 3595 4734; x_wconf 85' lang='lat' dir='ltr'><strong>absconditum</strong></span> <span class='ocrx_word' id='word_1_803' title='bbox 3621 4695 3648 4732; x_wconf 86' lang='lat' dir='ltr'><strong>a</strong></span> 
     </span>
    </p>
   </div>
   <div class='ocr_carea' id='block_1_103' title="bbox 2089 4771 3645 4846">
    <p class='ocr_par' dir='ltr' id='par_1_103' title="bbox 2089 4771 3645 4846">
     <span class='ocr_line' id='line_1_103' title="bbox 2089 4771 3645 4846; baseline -0.004 -16"><span class='ocrx_word' id='word_1_804' title='bbox 2089 4799 2105 4830; x_wconf 76' lang='grc' dir='ltr'>ι</span> <span class='ocrx_word' id='word_1_805' title='bbox 2143 4787 2212 4832; x_wconf 91' lang='lat' dir='ltr'><strong>te.</strong></span> <span class='ocrx_word' id='word_1_806' title='bbox 2251 4778 2304 4831; x_wconf 93' lang='lat' dir='ltr'><strong>ln</strong></span> <span class='ocrx_word' id='word_1_807' title='bbox 2337 4777 2598 4846; x_wconf 88' lang='lat' dir='ltr'><strong>sapientia</strong></span> <span class='ocrx_word' id='word_1_808' title='bbox 2628 4785 2682 4828; x_wconf 87' lang='lat' dir='ltr'><strong>et</strong></span> <span class='ocrx_word' id='word_1_809' title='bbox 2712 4775 2993 4842; x_wconf 86' lang='lat' dir='ltr'><strong>prudentia</strong></span> <span class='ocrx_word' id='word_1_810' title='bbox 3031 4781 3120 4826; x_wconf 89' lang='lat' dir='ltr'><strong>tua</strong></span> <span class='ocrx_word' id='word_1_811' title='bbox 3159 4771 3342 4825; x_wconf 70' lang='lat' dir='ltr'><strong>fecisti.</strong></span> <span class='ocrx_word' id='word_1_812' title='bbox 3372 4773 3464 4826; x_wconf 88' lang='lat' dir='ltr'><strong>tibi</strong></span> <span class='ocrx_word' id='word_1_813' title='bbox 3501 4772 3645 4825; x_wconf 86' lang='lat' dir='ltr'><strong>forti-</strong></span> 
     </span>
    </p>
   </div>
   <div class='ocr_carea' id='block_1_104' title="bbox 2091 4862 3646 4933">
    <p class='ocr_par' dir='ltr' id='par_1_104' title="bbox 2091 4862 3646 4933">
     <span class='ocr_line' id='line_1_104' title="bbox 2091 4862 3646 4933; baseline -0.006 -16"><span class='ocrx_word' id='word_1_814' title='bbox 2091 4887 2107 4917; x_wconf 75' lang='grc' dir='ltr'>ι</span> <span class='ocrx_word' id='word_1_815' title='bbox 2145 4867 2382 4920; x_wconf 90' lang='lat' dir='ltr'><strong>tudinem</strong></span> <span class='ocrx_word' id='word_1_816' title='bbox 2403 4906 2416 4928; x_wconf 92' lang='lat'><strong>,</strong></span> <span class='ocrx_word' id='word_1_817' title='bbox 2447 4873 2501 4919; x_wconf 91' lang='lat' dir='ltr'><strong>et</strong></span> <span class='ocrx_word' id='word_1_818' title='bbox 2531 4864 2805 4933; x_wconf 88' lang='lat' dir='ltr'><strong>acquisisti</strong></span> <span class='ocrx_word' id='word_1_819' title='bbox 2837 4878 3027 4916; x_wconf 87' lang='lat' dir='ltr'><strong>aurum</strong></span> <span class='ocrx_word' id='word_1_820' title='bbox 3058 4871 3111 4914; x_wconf 91' lang='lat' dir='ltr'><strong>ct</strong></span> <span class='ocrx_word' id='word_1_821' title='bbox 3141 4871 3421 4930; x_wconf 77' lang='lat' dir='ltr'><strong>argentum</strong></span> <span class='ocrx_word' id='word_1_822' title='bbox 3454 4862 3509 4914; x_wconf 91' lang='lat' dir='ltr'><strong>in</strong></span> <span class='ocrx_word' id='word_1_823' title='bbox 3539 4862 3646 4914; x_wconf 68' lang='lat' dir='ltr'><strong>the-</strong></span> 
     </span>
    </p>
   </div>
   <div class='ocr_carea' id='block_1_105' title="bbox 2088 4949 3648 5020">
    <p class='ocr_par' dir='ltr' id='par_1_105' title="bbox 2088 4949 3648 5020">
     <span class='ocr_line' id='line_1_105' title="bbox 2088 4949 3648 5020; baseline -0.003 -13"><span class='ocrx_word' id='word_1_824' title='bbox 2088 4975 2106 5007; x_wconf 73' lang='grc' dir='ltr'>ι</span> <span class='ocrx_word' id='word_1_825' title='bbox 2142 4957 2318 5010; x_wconf 89' lang='lat' dir='ltr'><strong>sauris</strong></span> <span class='ocrx_word' id='word_1_826' title='bbox 2340 4956 2461 5008; x_wconf 88' lang='lat' dir='ltr'><strong>tttis.</strong></span> <span class='ocrx_word' id='word_1_827' title='bbox 2491 4955 2547 5007; x_wconf 91' lang='lat' dir='ltr'><strong>lu</strong></span> <span class='ocrx_word' id='word_1_828' title='bbox 2575 4949 2915 5007; x_wconf 83' lang='lat' dir='ltr'><strong>multitudine</strong></span> <span class='ocrx_word' id='word_1_829' title='bbox 2943 4952 3216 5020; x_wconf 65' lang='lat' dir='ltr'><strong>sapientia:</strong></span> <span class='ocrx_word' id='word_1_830' title='bbox 3243 4959 3369 5015; x_wconf 65' lang='lat' dir='ltr'><strong>tuae,</strong></span> <span class='ocrx_word' id='word_1_831' title='bbox 3399 4962 3452 5004; x_wconf 86' lang='lat' dir='ltr'><strong>et</strong></span> <span class='ocrx_word' id='word_1_832' title='bbox 3480 4951 3532 5006; x_wconf 91' lang='lat' dir='ltr'><strong>in</strong></span> <span class='ocrx_word' id='word_1_833' title='bbox 3561 4965 3648 5003; x_wconf 81' lang='lat' dir='ltr'><strong>ne-</strong></span> 
     </span>
    </p>
   </div>
   <div class='ocr_carea' id='block_1_106' title="bbox 2089 5040 3644 5116">
    <p class='ocr_par' dir='ltr' id='par_1_106' title="bbox 2089 5040 3644 5116">
     <span class='ocr_line' id='line_1_106' title="bbox 2089 5040 3644 5116; baseline -0.005 -20"><span class='ocrx_word' id='word_1_834' title='bbox 2089 5065 2106 5096; x_wconf 70' lang='grc' dir='ltr'><strong>ε</strong></span> <span class='ocrx_word' id='word_1_835' title='bbox 2145 5046 2435 5116; x_wconf 77' lang='lat' dir='ltr'><strong>gotiatione</strong></span> <span class='ocrx_word' id='word_1_836' title='bbox 2503 5053 2588 5097; x_wconf 92' lang='lat' dir='ltr'><strong>tua</strong></span> <span class='ocrx_word' id='word_1_837' title='bbox 2655 5043 3015 5112; x_wconf 88' lang='lat' dir='ltr'><strong>multiplicasti</strong></span> <span class='ocrx_word' id='word_1_838' title='bbox 3085 5043 3180 5096; x_wconf 92' lang='lat' dir='ltr'><strong>tibi</strong></span> <span class='ocrx_word' id='word_1_839' title='bbox 3251 5040 3644 5102; x_wconf 83' lang='lat' dir='ltr'><strong>fortitudinem,</strong></span> 
     </span>
    </p>
   </div>
   <div class='ocr_carea' id='block_1_107' title="bbox 2088 5133 3646 5201">
    <p class='ocr_par' dir='ltr' id='par_1_107' title="bbox 2088 5133 3646 5201">
     <span class='ocr_line' id='line_1_107' title="bbox 2088 5133 3646 5201; baseline -0.003 -13"><span class='ocrx_word' id='word_1_840' title='bbox 2088 5157 2106 5188; x_wconf 72' lang='grc' dir='ltr'>ι</span> <span class='ocrx_word' id='word_1_841' title='bbox 2143 5147 2195 5190; x_wconf 91' lang='lat' dir='ltr'><strong>et</strong></span> <span class='ocrx_word' id='word_1_842' title='bbox 2246 5137 2506 5191; x_wconf 87' lang='lat' dir='ltr'><strong>elevatum</strong></span> <span class='ocrx_word' id='word_1_843' title='bbox 2543 5145 2624 5188; x_wconf 88' lang='lat' dir='ltr'><strong>est</strong></span> <span class='ocrx_word' id='word_1_844' title='bbox 2680 5150 2776 5189; x_wconf 89' lang='lat' dir='ltr'><strong>cor</strong></span> <span class='ocrx_word' id='word_1_845' title='bbox 2829 5144 2974 5187; x_wconf 90' lang='lat' dir='ltr'><strong>tuum</strong></span> <span class='ocrx_word' id='word_1_846' title='bbox 3032 5135 3085 5187; x_wconf 92' lang='lat' dir='ltr'><strong>in</strong></span> <span class='ocrx_word' id='word_1_847' title='bbox 3141 5133 3334 5188; x_wconf 90' lang='lat' dir='ltr'><strong>robore</strong></span> <span class='ocrx_word' id='word_1_848' title='bbox 3379 5141 3502 5186; x_wconf 89' lang='lat' dir='ltr'><strong>tuo:</strong></span> <span class='ocrx_word' id='word_1_849' title='bbox 3531 5145 3646 5201; x_wconf 83' lang='lat' dir='ltr'><strong>pro-</strong></span> 
     </span>
    </p>
   </div>
   <div class='ocr_carea' id='block_1_108' title="bbox 2087 5221 3645 5297">
    <p class='ocr_par' dir='ltr' id='par_1_108' title="bbox 2087 5221 3645 5297">
     <span class='ocr_line' id='line_1_108' title="bbox 2087 5221 3645 5297; baseline -0.004 -19"><span class='ocrx_word' id='word_1_850' title='bbox 2087 5249 2104 5278; x_wconf 72' lang='grc' dir='ltr'><strong>σ</strong></span> <span class='ocrx_word' id='word_1_851' title='bbox 2140 5237 2324 5297; x_wconf 87' lang='lat' dir='ltr'><strong>pterea</strong></span> <span class='ocrx_word' id='word_1_852' title='bbox 2372 5228 2483 5281; x_wconf 79' lang='lat' dir='ltr'><strong>hzec</strong></span> <span class='ocrx_word' id='word_1_853' title='bbox 2530 5226 2658 5279; x_wconf 89' lang='lat' dir='ltr'><strong>dicit</strong></span> <span class='ocrx_word' id='word_1_854' title='bbox 2687 5225 2946 5278; x_wconf 87' lang='lat' dir='ltr'><strong>Dominus</strong></span> <span class='ocrx_word' id='word_1_855' title='bbox 2974 5223 3135 5286; x_wconf 88' lang='lat' dir='ltr'><strong>Deus,</strong></span> <span class='ocrx_word' id='word_1_856' title='bbox 3171 5223 3245 5277; x_wconf 83' lang='lat' dir='ltr'><strong>Eo</strong></span> <span class='ocrx_word' id='word_1_857' title='bbox 3287 5221 3432 5291; x_wconf 89' lang='lat' dir='ltr'><strong>quod</strong></span> <span class='ocrx_word' id='word_1_858' title='bbox 3481 5221 3645 5275; x_wconf 86' lang='lat' dir='ltr'><strong>eleva-</strong></span> 
     </span>
    </p>
   </div>
   <div class='ocr_carea' id='block_1_109' title="bbox 2088 5313 3644 5384">
    <p class='ocr_par' dir='ltr' id='par_1_109' title="bbox 2088 5313 3644 5384">
     <span class='ocr_line' id='line_1_109' title="bbox 2088 5313 3644 5384; baseline -0.003 -14"><span class='ocrx_word' id='word_1_859' title='bbox 2088 5339 2106 5370; x_wconf 71' lang='grc' dir='ltr'><strong>ε</strong></span> <span class='ocrx_word' id='word_1_860' title='bbox 2144 5331 2254 5373; x_wconf 92' lang='lat' dir='ltr'><strong>tum</strong></span> <span class='ocrx_word' id='word_1_861' title='bbox 2282 5327 2366 5371; x_wconf 89' lang='lat' dir='ltr'><strong>est</strong></span> <span class='ocrx_word' id='word_1_862' title='bbox 2389 5334 2483 5372; x_wconf 90' lang='lat' dir='ltr'><strong>cor</strong></span> <span class='ocrx_word' id='word_1_863' title='bbox 2513 5327 2661 5370; x_wconf 85' lang='lat' dir='ltr'><strong>luunt</strong></span> <span class='ocrx_word' id='word_1_864' title='bbox 2683 5357 2697 5378; x_wconf 92' lang='lat'><strong>,</strong></span> <span class='ocrx_word' id='word_1_865' title='bbox 2729 5315 2880 5384; x_wconf 89' lang='lat' dir='ltr'><strong>quasi</strong></span> <span class='ocrx_word' id='word_1_866' title='bbox 2910 5330 2997 5368; x_wconf 78' lang='lat' dir='ltr'><strong>cor</strong></span> <span class='ocrx_word' id='word_1_867' title='bbox 3032 5315 3153 5374; x_wconf 85' lang='lat' dir='ltr'><strong>Dei,</strong></span> <span class='ocrx_word' id='word_1_868' title='bbox 3180 5313 3378 5368; x_wconf 88' lang='lat' dir='ltr'><strong>ideirco</strong></span> <span class='ocrx_word' id='word_1_869' title='bbox 3407 5323 3533 5366; x_wconf 83' lang='lat' dir='ltr'><strong>ecce</strong></span> <span class='ocrx_word' id='word_1_870' title='bbox 3555 5321 3644 5376; x_wconf 73' lang='lat' dir='ltr'><strong>ego</strong></span> 
     </span>
    </p>
   </div>
   <div class='ocr_carea' id='block_1_110' title="bbox 2087 5403 3639 5480">
    <p class='ocr_par' dir='ltr' id='par_1_110' title="bbox 2087 5403 3639 5480">
     <span class='ocr_line' id='line_1_110' title="bbox 2087 5403 3639 5480; baseline -0.005 -19"><span class='ocrx_word' id='word_1_871' title='bbox 2087 5430 2105 5461; x_wconf 72' lang='grc' dir='ltr'><strong>ε</strong></span> <span class='ocrx_word' id='word_1_872' title='bbox 2143 5412 2402 5464; x_wconf 87' lang='lat' dir='ltr'><strong>adducam</strong></span> <span class='ocrx_word' id='word_1_873' title='bbox 2433 5424 2594 5477; x_wconf 90' lang='lat' dir='ltr'><strong>super</strong></span> <span class='ocrx_word' id='word_1_874' title='bbox 2630 5418 2681 5460; x_wconf 88' lang='lat' dir='ltr'><strong>te</strong></span> <span class='ocrx_word' id='word_1_875' title='bbox 2719 5406 2923 5460; x_wconf 90' lang='lat' dir='ltr'><strong>alienos</strong></span> <span class='ocrx_word' id='word_1_876' title='bbox 2955 5405 3358 5480; x_wconf 76' lang='lat' dir='ltr'><strong>robustissimos</strong></span> <span class='ocrx_word' id='word_1_877' title='bbox 3386 5403 3639 5474; x_wconf 78' lang='lat' dir='ltr'><strong>gentium,</strong></span> 
     </span>
    </p>
   </div>
   <div class='ocr_carea' id='block_1_111' title="bbox 2087 5492 3642 5564">
    <p class='ocr_par' dir='ltr' id='par_1_111' title="bbox 2087 5492 3642 5564">
     <span class='ocr_line' id='line_1_111' title="bbox 2087 5492 3642 5564; baseline -0.006 -15"><span class='ocrx_word' id='word_1_878' title='bbox 2087 5519 2104 5549; x_wconf 70' lang='grc' dir='ltr'><strong>ε</strong></span> <span class='ocrx_word' id='word_1_879' title='bbox 2139 5511 2191 5550; x_wconf 89' lang='lat' dir='ltr'><strong>et</strong></span> <span class='ocrx_word' id='word_1_880' title='bbox 2221 5496 2497 5552; x_wconf 84' lang='lat' dir='ltr'><strong>nudabunt</strong></span> <span class='ocrx_word' id='word_1_881' title='bbox 2525 5495 2730 5564; x_wconf 81' lang='lat' dir='ltr'><strong>gladios</strong></span> <span class='ocrx_word' id='word_1_882' title='bbox 2755 5509 2882 5547; x_wconf 90' lang='lat' dir='ltr'><strong>suos</strong></span> <span class='ocrx_word' id='word_1_883' title='bbox 2908 5507 3070 5562; x_wconf 87' lang='lat' dir='ltr'><strong>super</strong></span> <span class='ocrx_word' id='word_1_884' title='bbox 3097 5492 3542 5560; x_wconf 85' lang='lat' dir='ltr'><strong>pulchritudinem</strong></span> <span class='ocrx_word' id='word_1_885' title='bbox 3567 5501 3642 5539; x_wconf 85' lang='lat' dir='ltr'><strong>sa-</strong></span> 
     </span>
    </p>
   </div>
   <div class='ocr_carea' id='block_1_112' title="bbox 2089 5573 3643 5655">
    <p class='ocr_par' dir='ltr' id='par_1_112' title="bbox 2089 5573 3643 5655">
     <span class='ocr_line' id='line_1_112' title="bbox 2089 5573 3643 5655; baseline -0.008 -19"><span class='ocrx_word' id='word_1_886' title='bbox 2089 5607 2106 5636; x_wconf 77' lang='grc' dir='ltr'>ι</span> <span class='ocrx_word' id='word_1_887' title='bbox 2141 5586 2354 5655; x_wconf 74' lang='lat' dir='ltr'><strong>pientizc</strong></span> <span class='ocrx_word' id='word_1_888' title='bbox 2395 5593 2534 5644; x_wconf 76' lang='lat' dir='ltr'><strong>tne,</strong></span> <span class='ocrx_word' id='word_1_889' title='bbox 2572 5592 2624 5636; x_wconf 88' lang='lat' dir='ltr'><strong>et</strong></span> <span class='ocrx_word' id='word_1_890' title='bbox 2677 5583 2914 5649; x_wconf 90' lang='lat' dir='ltr'><strong>pollucnt</strong></span> <span class='ocrx_word' id='word_1_891' title='bbox 2966 5582 3214 5635; x_wconf 86' lang='lat' dir='ltr'><strong>decorem</strong></span> <span class='ocrx_word' id='word_1_892' title='bbox 3269 5573 3450 5642; x_wconf 89' lang='lat' dir='ltr'><strong>tuum,</strong></span> <span class='ocrx_word' id='word_1_893' title='bbox 3498 5580 3643 5631; x_wconf 83' lang='lat' dir='ltr'><strong>inter-</strong></span> 
     </span>
    </p>
   </div>
   <div class='ocr_carea' id='block_1_113' title="bbox 2091 5665 3638 5742">
    <p class='ocr_par' dir='ltr' id='par_1_113' title="bbox 2091 5665 3638 5742">
     <span class='ocr_line' id='line_1_113' title="bbox 2091 5665 3638 5742; baseline -0.012 -12"><span class='ocrx_word' id='word_1_894' title='bbox 2091 5700 2105 5724; x_wconf 75' lang='grc' dir='ltr'><strong>ε</strong></span> <span class='ocrx_word' id='word_1_895' title='bbox 2145 5677 2321 5730; x_wconf 63' lang='grc' dir='ltr'><strong>Ιὶιὶρηι</strong></span> <span class='ocrx_word' id='word_1_896' title='bbox 2361 5683 2411 5742; x_wconf 65' lang='lat' dir='ltr'><strong>te</strong></span> <span class='ocrx_word' id='word_1_897' title='bbox 2479 5682 2531 5726; x_wconf 92' lang='lat' dir='ltr'><strong>et</strong></span> <span class='ocrx_word' id='word_1_898' title='bbox 2573 5674 2784 5726; x_wconf 85' lang='lat' dir='ltr'><strong>tradent</strong></span> <span class='ocrx_word' id='word_1_899' title='bbox 2823 5683 2903 5736; x_wconf 91' lang='lat' dir='ltr'><strong>te,</strong></span> <span class='ocrx_word' id='word_1_900' title='bbox 2953 5682 3005 5724; x_wconf 90' lang='lat' dir='ltr'><strong>et</strong></span> <span class='ocrx_word' id='word_1_901' title='bbox 3050 5670 3295 5724; x_wconf 74' lang='lat' dir='ltr'><strong>morieris</strong></span> <span class='ocrx_word' id='word_1_902' title='bbox 3342 5670 3395 5722; x_wconf 86' lang='lat' dir='ltr'><strong>iu</strong></span> <span class='ocrx_word' id='word_1_903' title='bbox 3442 5665 3638 5720; x_wconf 71' lang='lat' dir='ltr'><strong>interitu</strong></span> 
     </span>
    </p>
   </div>
  </div>
