1977 3091
155 120 206 148 785

621 107 794 142 COMMENT.
815 113 847 140 IN
866 113 1087 141 EZECIIIELEM.
1106 129 1141 133 —
1160 113 1222 141 LIB.
1245 113 1288 141 XI.

1722 115 1772 142 736

157 186 167 203 ι
184 176 335 204 occisorum
352 173 379 201 in
397 172 477 201 corde
494 172 585 199 maris.
604 170 727 205 Nunquid
740 170 833 198 dicens
852 170 943 205 loque-
958 171 980 201 Α
996 177 1074 204 pum,
1091 178 1149 204 quae
1163 170 1262 205 scripta
1276 174 1339 198 sunt
1353 170 1525 201 disseramus.
1544 180 1552 196 I
1569 172 1635 199 Cum
1651 172 1703 203 sis,
1719 173 1771 206 ait,
1783 171 1791 174 ”

157 233 167 249 ι
185 222 233 254 ris,
248 221 318 248 Deus
334 227 385 255 ego
400 226 460 248 sum
475 225 566 246 coram
581 217 803 246 iuterlicientibus
823 222 858 248 te,
877 224 938 244 cum

158 277 168 294 ι
184 267 223 294 sis
240 267 320 293 homo
337 270 365 293 et
386 273 438 292 non
455 264 541 296 Deus,
560 263 585 290 iu
599 270 679 293 manu
693 263 871 291 occidentium
896 263 942 289 te?

158 322 167 337 ι
185 311 270 338 Morte
290 309 539 338 incircumcisoruai
558 309 682 337 merieris
699 309 726 336 in
744 316 825 336 manu
841 307 941 335 alieno-

160 366 168 382 l
185 364 256 388 rom,
269 355 332 390 quia
348 362 397 390 ego
415 355 518 382 locutus
535 362 606 386 sum,
625 354 663 382 ait
680 354 809 382 Dominus
827 353 907 380 Deus.
929 362 937 378 ι

155 401 291 436 (uictam)
303 400 441 433 Quomodo
455 404 543 427 autem
551 399 718 435 Tyri:eurbis
731 399 781 427 sub
796 399 878 433 figura
894 406 940 426 ua-

154 447 196 474 vis
208 446 323 480 primum
335 446 444 477 divitim,
457 445 554 473 deinde
568 445 644 473 ruina
656 445 830 479 planctusque
841 444 942 472 descri-

154 497 217 526 plus
233 495 288 523 est,
318 491 356 520 sic
371 491 404 518 ad
422 490 569 525 principem
585 489 646 525 Tyri
670 489 785 524 primum
805 496 894 516 sermo
912 489 941 516 fit

154 536 329 571 prophetaiis,
341 535 411 570 quod
418 540 524 563 erectus
532 535 568 563 sit
578 543 625 570 per
636 535 801 570 superbiam,
810 543 858 562 nec
872 535 939 562 bene

154 590 221 609 usus
232 583 335 616 opibus,
347 590 415 616 quas
425 582 551 608 habebat.
562 581 628 608 Dein
641 580 728 608 luctus
742 585 769 608 et
783 581 940 608 lamentatio

153 627 187 654 de
205 627 314 662 quantis
332 627 409 657 bonis
424 627 456 654 ad
475 627 545 654 mala
569 630 668 661 quanta
688 626 856 661 pervenerit;
882 625 940 659 pri-

154 681 228 700 mum
253 673 335 708 igitur
360 673 444 707 prima
469 672 581 700 dicenda
603 676 673 698 sunt.
694 671 828 705 Scriptum
847 675 889 698 est
913 671 939 697 in

154 717 225 744 Isaia
242 717 275 744 ad
291 724 380 751 regem
396 716 538 751 Babylonis
553 715 808 747 Nabuchodonosor,
824 715 894 748 quod
910 722 939 742 se

155 763 203 789 Dei
221 762 346 797 potentia:
361 763 523 796 comquarit,
539 767 566 789 et
580 762 606 789 iu
623 766 725 788 tantam
740 761 827 789 elatus
844 761 880 788 sit
896 769 939 788 ar-

153 808 323 843 rogantiam,
339 799 494 835 utlttuderet
508 807 598 834 dicere
615 816 621 833 :
640 816 649 832 ι
667 806 754 841 Super
768 806 856 833 sidera
877 805 938 833 cteli

154 854 313 886 ascendam,
337 858 364 883 et
385 861 432 880 cro
454 853 550 880 similis
572 852 708 879 Altissimo
733 851 807 887 (Isa.
822 850 886 887 xiv)
900 872 906 877 .

154 901 393 935 prmeipitatusque
404 900 437 927 de
455 899 521 927 solio
536 899 634 926 meruit
648 898 758 925 audire:
775 907 784 923 ι
801 897 940 930 Quomodo

155 945 255 972 recidit
273 944 390 977 Lucifer,
409 944 455 979 qui
473 950 551 970 mane
563 943 719 970 oriebatur?
741 952 749 967 ι
768 942 800 969 Et
819 942 851 969 de
867 941 938 968 Pha-

155 996 239 1016 raone
258 989 283 1015 in
303 989 354 1016 hoc
372 988 465 1015 eodem
481 988 610 1023 propheta
626 996 633 1013 :
652 996 661 1012 ε
679 987 735 1014 Mea
754 991 817 1014 sunt
831 986 940 1013 ﬂuniina

154 1039 182 1061 et
207 1042 256 1069 ego
279 1033 330 1061 feci
355 1041 396 1060 ea.
415 1043 425 1059 ›
441 1033 475 1060 Ει
489 1034 521 1060 de
536 1033 657 1067 principe
672 1032 751 1067 Tyri,
777 1032 848 1067 quod
870 1032 941 1059 elato

154 1079 238 1106 corde
261 1079 360 1106 dixerit
384 1083 562 1113 arroganter:
579 1087 588 1102 ι
607 1078 677 1104 Deus
701 1085 751 1111 ego
768 1085 842 1108 sum,
862 1081 889 1104 et
914 1077 940 1103 in

154 1122 284 1151 cathedra
300 1123 345 1152 Dei
358 1123 425 1155 sedi,
445 1133 455 1149 ι
470 1123 527 1150 sive
543 1131 552 1147 ‹
570 1122 597 1149 in
619 1122 773 1150 habitacula
794 1122 840 1149 Dei
862 1122 940 1149 habi-

156 1169 223 1195 tavi.
242 1178 251 1194 )
268 1168 335 1195 Cum
351 1168 386 1196 sit
403 1168 482 1195 homo
497 1172 524 1195 et
540 1176 592 1195 non
608 1168 689 1195 Deus.
706 1168 771 1201 Qua:
786 1176 939 1204 quanquam

155 1214 299 1240 videantur
309 1214 380 1241 vires
394 1214 518 1241 humana:
533 1214 684 1248 fragilitatis
694 1214 833 1245 excedere,
849 1218 876 1241 et
887 1222 940 1241 non

157 1263 215 1285 tam
232 1259 370 1286 hominum
388 1258 469 1286 verba
488 1265 561 1290 esse,
578 1267 657 1293 quam
678 1258 869 1286 iusanieutiutn
886 1259 940 1285 daa-

157 1311 266 1331 monum
277 1324 285 1336 ,
302 1309 391 1331 tamen
404 1304 479 1339 juxta
494 1304 635 1341 ύπιρεολὴν
653 1304 782 1331 deiemos
802 1304 940 1338 accipere,

158 1349 230 1384 quod
247 1348 273 1376 in
294 1353 396 1376 tantum
413 1348 590 1377 intumuerint
612 1353 640 1376 et
664 1349 811 1376 nescierint
834 1356 943 1377 mensu-

157 1401 217 1420 ram
238 1401 314 1421 suam
334 1399 363 1421 ut
379 1393 440 1421 elati
455 1393 583 1421 felicitate
597 1393 685 1421 saeculi
696 1413 703 1425 ,
719 1398 744 1420 et
761 1393 834 1428 regni
849 1397 943 1428 poten-

159 1440 196 1467 tia
206 1460 213 1471 ,
230 1440 293 1467 dum
308 1440 450 1474 praesentia
465 1440 534 1467 tona
549 1444 643 1474 putant
659 1447 718 1466 esse
732 1443 858 1473 perpetua
868 1458 876 1470 ,
892 1439 942 1465 ho—

157 1485 244 1512 mines
258 1493 287 1512 se
299 1492 360 1513 esse
375 1485 536 1517 nescierint,
550 1490 576 1512 et
591 1490 719 1512 mtcrnum
736 1485 784 1511 sibi
801 1485 941 1519 imperium

156 1530 338 1563 vindicarint,
359 1531 422 1558 licet
440 1531 490 1558 sub
509 1535 572 1565 typo
593 1531 758 1565 principum,
779 1537 941 1565 regumque,

158 1580 186 1602 ct
201 1575 377 1610 Singularium
392 1576 497 1603 urbium
513 1576 553 1602 vel
574 1576 772 1610 provinciarum
793 1577 941 1610 potestates

157 1620 320 1648 adversaria:
347 1621 573 1648 demonstrentur.
610 1621 648 1648 De
679 1621 775 1655 quibus
801 1620 895 1647 scribit
914 1623 942 1647 et

158 1665 297 1699 apostolus
312 1665 410 1693 Paulus
424 1665 540 1701 (Ep/tea.
558 1673 582 1693 Vl
596 1666 605 1701 )
622 1675 628 1692 :
647 1674 655 1691 ι
673 1665 731 1693 Non
747 1669 788 1693 est
803 1665 879 1692 nobis
893 1673 941 1700 pu-

157 1718 211 1744 gna
233 1710 362 1738 adversus
385 1718 509 1743 carnem,
534 1714 561 1738 et
584 1711 756 1746 sanguinem,
778 1711 825 1737 sed
848 1714 941 1737 contra

159 1756 296 1791 principes
307 1762 334 1783 et
347 1761 493 1791 potestates
505 1761 676 1791 rectoresque
689 1757 860 1784 tenebrarum
875 1757 941 1783 ista-

159 1809 235 1834 rum,
260 1805 288 1829 et
309 1801 439 1836 spiritalia
464 1802 589 1836 nequitia:
612 1803 637 1829 iu
660 1803 824 1830 coelestibus.
844 1811 852 1827 ι
868 1802 900 1829 Ει
915 1802 942 1828 1ιι

159 1847 214 1874 alio
235 1846 295 1874 loco
315 1846 350 1883 (Ι
365 1846 426 1874 Cor.
444 1847 483 1883 ιι)
499 1855 506 1874 :
524 1857 533 1873 ‹
551 1847 715 1882 Sapientiam
736 1848 852 1882 loquitur
873 1848 943 1875 inter

160 1891 312 1927 perfectos,
328 1893 485 1927 sapientiam
501 1900 564 1919 vero
585 1900 638 1919 non
653 1893 744 1919 mundi
758 1892 836 1927 hujus
857 1900 943 1926 neque

160 1939 310 1975 principum
336 1939 427 1966 satculi
452 1939 529 1966 istius
547 1938 593 1973 qui
612 1939 797 1966 destruantur.
815 1948 823 1964 I
844 1938 875 1965 Et
891 1938 942 1966 ite<

113 1994 117 2001 υ
163 1992 221 2011 rum
233 2004 240 2016 ,
256 1984 289 2011 de
304 1983 436 2018 sapientia
457 1984 614 2018 disputans,
629 1983 667 2009 ait
680 1984 688 2017 (
701 1982 790 2017 Ibid.)
807 1991 839 2009 με
858 1982 943 2015 Quam

133 2023 135 2025 ’
161 2028 250 2055 nullus
263 2028 296 2055 de
307 2028 473 2062 principibus
488 2028 577 2054 mundi
593 2026 671 2061 hujus
684 2027 817 2061 cognovit.
829 2026 858 2053 Si
871 2026 944 2053 enim

162 2073 350 2108 cognovissent
369 2065 506 2107 nunquam
527 2072 664 2099 dominum
683 2072 775 2107 gloria:
795 2072 945 2101 crucifixis-

162 2123 232 2146 sent.
250 2129 259 2144 ι
277 2118 306 2145 In
320 2118 438 2146 Danielis
453 2125 558 2152 quoque
573 2118 713 2152 prophetia
727 2117 867 2152 perspicue
882 2117 948 2152 legi-

162 2172 206 2194 tur
221 2166 311 2201 (Dan.
326 2174 342 2192 χ
355 2165 365 2201 )
378 2185 386 2197 ,
401 2166 525 2200 princeps
545 2165 684 2192 Israelitici
705 2164 809 2199 populi,
832 2163 945 2191 Michael

992 216 1019 243 in
1036 216 1123 243 medio
1137 216 1221 248 mari,
1240 226 1249 242 ι
1265 220 1292 244 et
1318 216 1346 246 in
1371 216 1463 244 insulzc
1486 217 1603 244 tenearis
1626 219 1773 253 angustiis,

992 260 1051 295 plus
1066 261 1165 293 dicam,
1180 268 1242 288 cum
1256 261 1294 288 sis
1309 262 1401 293 homo,
1412 267 1439 289 et
1453 262 1576 290 humanm
1590 263 1679 290 carnis
1695 253 1789 298 fragi-I

991 307 1066 334 litate
1089 307 1287 340 circumdatus,
1313 313 1417 335 tumore
1434 309 1522 335 cordis
1538 308 1640 340 elatus,
1662 309 1688 336 in
1706 309 1775 336 solio

991 352 1056 384 Dei,
1077 353 1103 379 in
1123 353 1200 381 caalis
1220 358 1245 380 te
1266 353 1390 381 habitare
1411 354 1557 382 arbitratus
1579 361 1618 381 es.
1638 353 1776 389 Simulque

991 399 1053 434 quia
1072 399 1158 434 jactas
1180 399 1338 434 sapientiam
1360 400 1493 428 iutantum
1505 420 1512 432 ,
1528 403 1557 427 ut
1572 401 1646 435 regni
1664 401 1702 428 tui
1725 401 1774 428 ho-

991 444 1077 471 mines
1100 443 1268 472 Salomonem
1292 445 1478 479 aenigmatibus
1497 450 1690 480 provocarent,
1711 454 1778 474 nun-

991 490 1055 524 quid
1079 489 1225 524 sapientior
1248 498 1277 517 es
1308 489 1432 523 Daniele,
1457 491 1502 525 qui
1530 491 1576 518 Dei
1600 492 1686 526 gratia
1711 492 1776 520 vicit

991 542 1084 561 omnes
1097 539 1223 569 magosct
1234 535 1360 568 hariolos,
1371 540 1398 563 et
1407 543 1479 563 nunc
1491 536 1517 562 in
1525 536 1659 571 Babylone
1669 538 1775 572 sapien-

992 580 1112 608 tissimus
1124 581 1183 607 est?
1193 580 1255 607 Sive
1271 581 1305 608 ita
1321 581 1521 616 intelligendum
1535 582 1616 609 etiam
1629 582 1776 617 sapientior

991 626 1028 653 sis
1044 626 1167 658 Danicle,
1184 627 1228 660 qui
1244 627 1362 653 onmium
1376 626 1544 655 confessione
1559 628 1773 662 sapientissimus

991 675 1031 698 est
1047 679 1053 697 :
1069 676 1097 697 et
1111 671 1263 698 divitiarum
1279 679 1310 698 ae
1330 672 1456 706 potentia:
1481 672 1663 707 magnitudine
1679 674 1726 701 Dei
1749 678 1775 700 te

991 716 1083 751 cupias
1094 717 1219 751 potentiae
1234 724 1382 751 comqnare,
1396 721 1484 744 tamen
1496 718 1613 752 capiaris
1627 719 1661 745 ab
1676 720 1772 747 adver-

991 763 1077 793 sariis,
1088 767 1114 789 et
1125 763 1191 789 urbe
1203 763 1317 797 perdita,
1333 763 1422 790 multis
1433 763 1597 791 confodieris
1608 764 1771 792 vulneribus.

991 808 1023 834 Et
1033 808 1102 835 ultra
1115 816 1166 835 nou
1177 808 1258 839 dices,
1275 809 1344 835 Deus
1352 816 1401 843 ego
1414 816 1482 840 sum,
1498 809 1544 836 sed
1558 810 1651 837 doctus
1665 810 1774 838 interitu

926 860 936 877 ι
954 858 975 887 Β
990 854 1123 881 hominem
1147 858 1172 881 te
1186 861 1246 881 esse
1261 861 1415 888 cognosces,
1430 862 1482 881 non
1498 855 1592 882 Deum.
1615 855 1661 882 Sin
1683 859 1773 882 autem

990 898 1111 924 volumus
1126 897 1272 932 principem
1287 897 1348 932 Tyri
1374 899 1494 925 eamdem
1510 899 1599 926 dicere
1614 905 1774 933 potestatein

990 944 1058 971 cuia
1070 944 1124 971 Deo
1131 943 1231 971 credita
1242 948 1281 971 cst
1293 944 1349 978 ipsa
1361 944 1465 975 civitas,
1479 945 1535 971 sive
1548 945 1695 979 provincia,
1709 945 1773 972 illud

990 997 1160 1017 assumamus
1177 990 1368 1017 testimonium.
1384 990 1438 1025 Ego
1452 990 1516 1022 dixi,
1540 990 1575 1016 dii
1589 990 1669 1022 estis,
1686 995 1712 1017 et
1727 990 1773 1017 filii

991 1034 1098 1061 Excelsi
1122 1041 1225 1061 omnes.
1244 1033 1296 1061 Vos
1318 1039 1407 1061 autem
1434 1035 1501 1061 sicut
1528 1035 1650 1061 homines
1676 1034 1776 1061 morie-

992 1079 1075 1111 mini,
1089 1083 1115 1105 et
1132 1080 1202 1106 sicut
1217 1087 1286 1106 unus
1301 1080 1333 1106 de
1347 1079 1513 1114 principibus
1528 1079 1639 1106 cadetis.
1656 1079 1774 1106 Tradita:

991 1124 1062 1151 cnim
1078 1124 1129 1151 illis
1145 1129 1208 1151 sunt
1221 1124 1254 1151 ad
1270 1124 1415 1159 regendum
1432 1124 1592 1158 provinciae,
1609 1124 1684 1158 quasi
1702 1124 1774 1158 judi-

992 1169 1067 1196 cibus
1087 1169 1121 1195 ab
1140 1169 1318 1203 imperatore,
1340 1169 1385 1203 qui
1406 1168 1481 1196 obliti
1500 1170 1630 1196 honorem
1649 1176 1727 1196 suum
1742 1176 1776 1196 ex

992 1214 1102 1241 alterius
1117 1213 1239 1247 iussione
1259 1214 1391 1248 pendere,
1407 1214 1494 1248 qualis
1509 1221 1594 1248 nuper
1609 1214 1776 1241 Herodianus

993 1260 1020 1287 in
1039 1259 1129 1287 Africa
1150 1259 1209 1286 fuit.
1227 1259 1315 1286 Erecti
1338 1263 1400 1286 sunt
1419 1263 1509 1287 mente
1530 1259 1667 1293 tyrannica
1682 1263 1775 1286 contra

993 1313 1082 1340 regem
1097 1309 1124 1332 et
1140 1304 1282 1332 Dominum
1299 1298 1379 1331 suum
1390 1324 1398 1337 ,
1412 1309 1441 1331 ut
1456 1304 1482 1331 in
1505 1309 1560 1331 toto
1578 1304 1643 1331 orbe
1664 1304 1776 1339 dispersi

993 1351 1043 1378 sub
1057 1350 1210 1378 nominibus
1226 1349 1384 1377 idololatria:
1395 1369 1402 1382 ,
1415 1349 1526 1377 deorum
1541 1349 1591 1378 sibi
1606 1349 1714 1376 nomina
1729 1356 1777 1378 as~

993 1399 1147 1427 sumerent,
1173 1400 1200 1422 et
1222 1394 1306 1422 inflati
1329 1394 1452 1429 superbia
1474 1394 1501 1421 in
1523 1393 1654 1427 judicium
1678 1393 1777 1420 diaboli

994 1441 1143 1470 inciderent
1163 1445 1190 1467 et
1212 1439 1348 1474 laqueum.
1369 1440 1407 1467 De
1422 1447 1476 1474 quo
1491 1444 1518 1467 et
1534 1439 1659 1466 Salvator
1672 1439 1778 1466 locutus

995 1486 1022 1514 in
1042 1485 1184 1520 Evangelio
1203 1489 1263 1512 est:
1281 1494 1289 1511 ι
1306 1485 1366 1515 Vidi
1385 1484 1514 1512 Satanam
1529 1484 1607 1519 quasi
1624 1483 1712 1519 fulgur
1731 1491 1777 1510 ra-

955 1533 977 1564 C
994 1532 1099 1558 dentem
1116 1531 1148 1558 de
1162 1531 1231 1558 coelo
1246 1530 1331 1567 (Luc.
1348 1530 1393 1565 χ).
1410 1541 1419 1556 ι

1032 1586 1041 1602 ‹
1059 1576 1092 1603 Et
1107 1576 1194 1603 factus
1209 1581 1251 1603 est
1265 1583 1355 1603 seruio
1371 1576 1476 1603 Domini
1491 1576 1524 1603 ad
1540 1584 1583 1603 me
1599 1576 1691 1603 dicens
1705 1585 1711 1602 :
1727 1575 1777 1603 Fili

996 1630 1005 1646 ‹
1023 1621 1140 1648 hominis
1150 1641 1158 1653 ,
1174 1620 1231 1649 leva
1247 1620 1383 1654 planctum
1398 1629 1478 1655 super
1496 1629 1583 1655 regem
1598 1622 1660 1656 'l‘yri
1671 1642 1678 1653 ,
1694 1626 1721 1648 et
1736 1621 1778 1648 di-

995 1675 1003 1691 ‹
1023 1673 1068 1692 ces
1084 1665 1108 1692 ei
1122 1674 1128 1691 :
1143 1664 1204 1692 Haec
1223 1665 1287 1692 dicit
1305 1665 1433 1693 Dominus
1451 1666 1520 1693 Deus
1533 1675 1539 1692 :
1554 1666 1591 1692 Tu
1610 1666 1777 1701 signaculum

995 1721 1004 1736 ι
1021 1710 1214 1743 similitudinis,
1229 1710 1323 1745 plenus
1335 1710 1466 1745 sapientia
1478 1715 1505 1738 et
1517 1711 1651 1745 perfectus
1662 1712 1775 1743 decore;

995 1768 1004 1783 ι
1021 1758 1047 1784 1η
1062 1757 1164 1786 deliciis
1179 1757 1296 1792 paradisi
1312 1757 1359 1784 Dei
1377 1757 1462 1788 fuisti.
1485 1758 1579 1785 Οιιιιιὶε
1599 1758 1607 1784 l
1623 1758 1665 1795 pis
1680 1758 1779 1792 pretio-

996 1812 1004 1826 ι
1021 1811 1067 1830 sus
1078 1802 1272 1837 operimentum
1283 1806 1355 1830 tuum
1366 1822 1374 1834 ,
1385 1802 1503 1834 sardius,
1516 1802 1635 1836 topazius
1647 1802 1777 1836 etjaspis,

996 1858 1005 1874 ι
1022 1853 1048 1875 et
1058 1848 1230 1883 chrysolitus,
1241 1853 1267 1875 et
1274 1857 1358 1884 onyx,
1368 1853 1396 1876 et
1408 1849 1517 1876 berillus
1527 1849 1669 1883 sapphirus
1681 1854 1709 1876 et
1719 1857 1778 1876 car—

997 1903 1005 1919 ι
1024 1894 1157 1921 bunculus
1171 1897 1197 1920 et
1211 1894 1379 1928 smaragdus.
1401 1893 1504 1922 Aurum
1520 1901 1587 1929 opus
1602 1894 1708 1931 decoris
1724 1894 1760 1921 tui
1770 1914 1779 1926 .

996 1948 1005 1963 ‹
1023 1943 1050 1966 et
1064 1938 1195 1966 foramina
1205 1942 1256 1969 tua
1271 1938 1297 1966 in
1312 1939 1354 1966 die
1365 1959 1372 1971 ,
1385 1947 1437 1973 qua
1450 1939 1574 1966 conditus
1587 1946 1617 1966 es
1629 1944 1781 1974 praeparata

997 1995 1005 2010 ι
1022 1988 1095 2012 sunt.
1115 1984 1154 2012 Tu
1174 1985 1276 2012 cherub
1293 1989 1419 2013 extentus
1438 1989 1465 2013 et
1483 1990 1641 2020 protegens,
1659 1989 1686 2012 et
1704 1986 1780 2020 posui

999 2040 1007 2056 ι
1026 2034 1051 2058 te
1067 2031 1093 2057 in
1110 2035 1200 2058 monte
1215 2035 1308 2058 sancto
1324 2031 1381 2058 Dei.
1397 2031 1424 2059 In
1440 2031 1528 2060 medio
1543 2031 1660 2065 lapidum
1682 2031 1781 2066 ignita-

998 2087 1007 2103 ‹
1025 2085 1083 2104 rum
1100 2077 1240 2104 ambulasti
1251 2097 1258 2108 ,
1275 2077 1411 2111 perfectus
1426 2077 1452 2104 in
1469 2077 1519 2107 viis
1535 2077 1587 2104 tuis
1600 2085 1616 2103 a
1631 2077 1674 2104 dic
1687 2077 1782 2104 condi—

1000 2131 1008 2146 I
1027 2121 1107 2148 tionis
1126 2126 1193 2153 tute,
1212 2122 1297 2150 donec
1316 2122 1421 2149 inventa
1441 2125 1482 2148 est
1501 2121 1628 2155 iniquitas
1649 2121 1676 2148 iu
1695 2125 1729 2148 te.
1750 2121 1781 2149 In

1001 2176 1009 2192 ι
1027 2166 1198 2194 multitudine
1217 2167 1406 2201 negotiationis
1431 2170 1481 2193 tua:
1501 2166 1601 2200 repleta
1626 2171 1689 2193 sunt
1714 2166 1783 2192 inte»:

161 2217 188 2238 ct
215 2211 340 2246 princeps
367 2210 476 2238 (inscius
506 2210 684 2245 princepsque
716 2209 871 2236 Persarum.
911 2209 945 2235 Et
960 2206 982 2234 I)
999 2220 1007 2235 ι
1027 2211 1098 2238 riora
1124 2215 1168 2238 tua
1194 2211 1349 2245 iniquitate,
1373 2214 1401 2237 et
1425 2210 1553 2243 peccasti,
1569 2214 1596 2236 ct
1611 2208 1684 2243 'ejcci
1701 2214 1727 2237 te
1747 2210 1781 2237 de

163 2258 250 2285 Moses
277 2257 395 2291 apertius
420 2257 514 2284 scribit
538 2257 565 2283 in
589 2255 790 2283 Deutcrouomii
816 2255 944 2282 cantico:

164 2312 173 2328 ι
191 2303 303 2336 Quando
316 2302 450 2330 dividebat
463 2301 616 2329 Altissimus
630 2305 740 2336 gentes,
755 2301 947 2328 disseminabat

163 2347 232 2375 filios
250 2348 335 2375 Adam
352 2357 357 2374 :
382 2347 521 2375 constituit
540 2347 669 2378 terminos
690 2346 845 2378 nationum,
869 2345 948 2380 juxta

163 2401 305 2420 numerum
320 2393 473 2428 angelorum
483 2393 556 2425 DCI,I
566 2392 633 2424 sive,
641 2396 671 2418 ut
684 2391 779 2419 melius
793 2391 906 2418 habetur
921 2391 947 2418 in

164 2439 311 2470 Hebr-sieo,
329 2438 338 2464 ἱ
353 2439 429 2474 juxta
445 2446 587 2466 numerum
607 2437 722 2465 filiorum
738 2437 831 2465 Israel.
851 2438 884 2465 Et
905 2438 945 2464 fa-

164 2488 236 2512 ctum
256 2487 316 2516 est,
335 2491 398 2518 pars
415 2483 519 2510 Domini
542 2483 655 2518 populus
676 2482 733 2517 ejus
754 2482 853 2514 Jacob,
873 2482 945 2509 funi-

164 2528 240 2557 culus
263 2529 427 2558 haaredilatis
452 2529 509 2564 ejus
523 2529 604 2557 Israel
628 2529 724 2564 (Deut.
740 2537 815 2557 χχχιι
828 2528 848 2563 ).
867 2538 875 2554 ι
893 2528 947 2555 Nec

165 2575 322 2602 mirabimur
336 2576 362 2603 in
376 2576 454 2610 parte
468 2575 603 2602 contraria
614 2575 746 2609 pessimos
756 2582 831 2609 reges
845 2574 871 2600 in
887 2578 948 2608 typo

164 2621 400 2654 pmvaricatorum
414 2620 565 2656 praecedere
579 2620 728 2654 principum
738 2640 745 2652 ,
759 2627 819 2647 cum
832 2619 949 2653 optimos

166 2672 243 2699 reges
257 2665 341 2693 David
354 2670 382 2692 et
397 2665 566 2693 Salomonem
579 2669 607 2692 et
619 2664 720 2692 Josiam
734 2669 762 2691 et
776 2664 948 2691 Patriarchas

167 2714 195 2736 et
212 2709 360 2745 Prophetas
380 2711 408 2737 in
429 2710 514 2744 figura
538 2710 644 2739 Domini
664 2710 813 2738 Salvatoris
834 2717 949 2744 princes-

167 2755 235 2782 sisse
246 2755 397 2783 doceamus.
411 2756 494 2791 Igitur
503 2756 578 2790 juxta
592 2760 733 2790 utramque
746 2755 949 2790 intelligentiam

168 2807 259 2835 regum
279 2801 380 2835 pariter
404 2802 579 2836 superborum
600 2806 627 2828 et
647 2805 828 2835 apostatarum
848 2800 948 2835 princi-

1001 2267 1009 2282 ι
1029 2262 1118 2284 monte
1143 2257 1206 2288 Dei,
1231 2261 1258 2283 et
1283 2256 1387 2290 perdidi
1409 2261 1447 2288 te,
1465 2264 1482 2283 ο
1501 2256 1616 2287 cherub,
1639 2260 1782 2291 protegens

1001 2314 1009 2330 ι
1027 2304 1059 2331 de
1076 2304 1164 2331 medio
1182 2303 1300 2337 lapidum
1318 2303 1473 2336 iguitorum.
1493 2302 1526 2329 Et
1544 2302 1661 2329 lcvattuu
1677 2308 1720 2330 est
1735 2311 1782 2332 cor

1000 2358 1009 2373 ‹
1027 2353 1100 2375 tuum
1116 2348 1143 2374 iu
1159 2348 1256 2374 decore
1272 2351 1328 2373 tuo.
1344 2346 1488 2374 Perdidisti
1504 2347 1662 2381 sapientiam
1681 2341 1707 2373 in
1724 2348 1783 2382 pul-

1001 2402 1009 2417 ‹
1027 2392 1178 2419 chritudine
1196 2396 1251 2424 tua,
1271 2392 1297 2418 in
1316 2395 1414 2418 terram
1428 2390 1527 2425 projcci
1547 2395 1571 2418 te
1586 2400 1591 2417 :
1604 2396 1667 2418 ante
1686 2392 1783 2424 faciem

1001 2447 1009 2462 ι
1029 2445 1120 2472 regum
1144 2437 1204 2466 dedi
1224 2441 1263 2469 te,
1285 2440 1314 2463 ut
1332 2440 1475 2463 cernerent
1499 2441 1533 2463 te.
1560 2436 1587 2462 In
1610 2436 1783 2464 multitudine

1002 2491 1010 2507 ι
1030 2482 1200 2516 iniquitatum
1216 2486 1321 2507 tuarum
1341 2486 1368 2507 ct
1386 2481 1411 2507 in
1432 2481 1573 2516 iniquitate
1592 2483 1781 2517 negotiationis

1002 2536 1010 2551 ι
1029 2531 1099 2558 tuae,
1123 2525 1238 2560 polluisti
1260 2525 1500 2553 sanctiticatioucm
1525 2530 1612 2560 tuam,
1638 2528 1783 2562 producam

1002 2581 1010 2597 ι
1026 2579 1090 2606 ergo
1105 2571 1192 2605 ignem
1207 2571 1239 2598 de
1254 2570 1342 2598 medio
1358 2571 1395 2597 tui
1410 2571 1455 2606 qui
1473 2573 1595 2600 comedat
1613 2577 1654 2605 te,
1672 2577 1698 2600 et
1715 2573 1785 2600 dabo

1003 2627 1011 2641 ‹
1028 2621 1052 2644 te
1068 2617 1094 2643 in
1110 2616 1228 2643 cinerem
1243 2623 1322 2651 super
1339 2621 1437 2643 terram
1458 2618 1484 2644 in
1502 2623 1645 2653 conspectu
1664 2608 1784 2645 omnium

1004 2671 1012 2687 ι
1031 2661 1176 2691 videntium
1201 2666 1237 2688 te.
1256 2662 1356 2690 Omnes
1372 2663 1417 2698 qui
1437 2664 1553 2691 viderint
1571 2669 1596 2691 te
1615 2665 1641 2691 in
1659 2666 1784 2700 gentibus

1003 2718 1011 2731 ε
1027 2707 1218 2741 obstupescent
1238 2714 1318 2741 super
1342 2712 1377 2734 te.
1405 2708 1484 2736 Nihili
1506 2710 1592 2736 factus
1612 2718 1658 2742 es,
1679 2714 1708 2737 et
1731 2718 1784 2737 non

1004 2761 1012 2776 ι
1030 2752 1083 2779 eris
1100 2752 1125 2779 in
1141 2757 1309 2787 perpetuum.
1326 2764 1336 2781 ›
1353 2753 1500 2790 (ΙΙίενοη.)
1519 2755 1586 2788 Quia
1605 2754 1725 2782 diximus
1738 2756 1782 2789 qui

1002 2798 1036 2825 sit
1060 2798 1184 2833 princeps
1202 2798 1276 2833 Tyri,
1301 2804 1327 2826 ct
1346 2800 1477 2834 quomodo
1494 2800 1627 2826 corruerit
1645 2800 1781 2835 superbia,
