  <div class='ocr_page' id='page_1' title='image "/cluster/home/n/w/nwhite01/storage/ocr_20150623/110/hvd.32044054759758/399.png"; bbox 0 0 3954 6182; ppageno 0'>
   <div class='ocr_carea' id='block_1_1' title="bbox 423 267 525 328">
    <p class='ocr_par' dir='ltr' id='par_1_1' title="bbox 423 267 525 328">
     <span class='ocr_line' id='line_1_1' title="bbox 423 267 525 328; baseline -0.049 0"><span class='ocrx_word' id='word_1_1' title='bbox 423 267 525 328; x_wconf 68' lang='lat'><strong>7‘87</strong></span> 
     </span>
    </p>
   </div>
   <div class='ocr_carea' id='block_1_2' title="bbox 1056 271 2986 335">
    <p class='ocr_par' dir='ltr' id='par_1_2' title="bbox 1056 271 2986 335">
     <span class='ocr_line' id='line_1_2' title="bbox 1056 271 2986 335; baseline 0.004 -10"><span class='ocrx_word' id='word_1_2' title='bbox 1056 271 1116 325; x_wconf 89' lang='grc' dir='ltr'><strong>Β.</strong></span> <span class='ocrx_word' id='word_1_3' title='bbox 1160 271 1409 328; x_wconf 70' lang='lat' dir='ltr'><strong>RABANI</strong></span> <span class='ocrx_word' id='word_1_4' title='bbox 1449 272 1665 330; x_wconf 75' lang='lat' dir='ltr'><strong>MAURI</strong></span> <span class='ocrx_word' id='word_1_5' title='bbox 1703 273 2016 330; x_wconf 79' lang='lat' dir='ltr'><strong>ARCHIEP.</strong></span> <span class='ocrx_word' id='word_1_6' title='bbox 2050 273 2355 332; x_wconf 78' lang='lat' dir='ltr'><strong>MOGUNT.</strong></span> <span class='ocrx_word' id='word_1_7' title='bbox 2390 276 2672 334; x_wconf 79' lang='lat' dir='ltr'><strong>OPERUM</strong></span> <span class='ocrx_word' id='word_1_8' title='bbox 2707 278 2888 335; x_wconf 77' lang='lat' dir='ltr'><strong>PARS</strong></span> <span class='ocrx_word' id='word_1_9' title='bbox 2925 279 2986 334; x_wconf 86' lang='lat' dir='ltr'><strong>ll.</strong></span> 
     </span>
    </p>
   </div>
   <div class='ocr_carea' id='block_1_3' title="bbox 3561 282 3660 336">
    <p class='ocr_par' dir='ltr' id='par_1_3' title="bbox 3561 282 3660 336">
     <span class='ocr_line' id='line_1_3' title="bbox 3561 282 3660 336; baseline -0.01 0"><span class='ocrx_word' id='word_1_10' title='bbox 3561 282 3660 336; x_wconf 74' lang='lat'><strong>788</strong></span> 
     </span>
    </p>
   </div>
   <div class='ocr_carea' id='block_1_4' title="bbox 421 378 3662 459">
    <p class='ocr_par' dir='ltr' id='par_1_4' title="bbox 421 378 3662 459">
     <span class='ocr_line' id='line_1_4' title="bbox 421 378 3662 459; baseline 0.003 -21"><span class='ocrx_word' id='word_1_11' title='bbox 421 381 861 438; x_wconf 77' lang='lat' dir='ltr'><strong>lamentationem</strong></span> <span class='ocrx_word' id='word_1_12' title='bbox 898 378 1015 449; x_wconf 87' lang='lat' dir='ltr'><strong>ejus</strong></span> <span class='ocrx_word' id='word_1_13' title='bbox 1051 395 1215 451; x_wconf 83' lang='lat' dir='ltr'><strong>super</strong></span> <span class='ocrx_word' id='word_1_14' title='bbox 1252 380 1478 451; x_wconf 87' lang='lat' dir='ltr'><strong>pristina</strong></span> <span class='ocrx_word' id='word_1_15' title='bbox 1504 381 1676 452; x_wconf 85' lang='lat' dir='ltr'><strong>gloria</strong></span> <span class='ocrx_word' id='word_1_16' title='bbox 1701 396 1992 454; x_wconf 89' lang='lat' dir='ltr'><strong>coguosea-</strong></span> <span class='ocrx_word' id='word_1_17' title='bbox 2017 389 2065 448; x_wconf 79' lang='grc' dir='ltr'><strong>Α</strong></span> <span class='ocrx_word' id='word_1_18' title='bbox 2093 382 2335 440; x_wconf 89' lang='lat' dir='ltr'><strong>litudinis</strong></span> <span class='ocrx_word' id='word_1_19' title='bbox 2356 384 2491 440; x_wconf 84' lang='lat' dir='ltr'><strong>fuit?</strong></span> <span class='ocrx_word' id='word_1_20' title='bbox 2510 387 2584 441; x_wconf 90' lang='lat' dir='ltr'><strong>De</strong></span> <span class='ocrx_word' id='word_1_21' title='bbox 2605 387 2777 458; x_wconf 86' lang='lat' dir='ltr'><strong>sigillo</strong></span> <span class='ocrx_word' id='word_1_22' title='bbox 2799 390 2996 459; x_wconf 88' lang='lat' dir='ltr'><strong>quippe</strong></span> <span class='ocrx_word' id='word_1_23' title='bbox 3017 389 3198 444; x_wconf 89' lang='lat' dir='ltr'><strong>annuli</strong></span> <span class='ocrx_word' id='word_1_24' title='bbox 3222 389 3344 446; x_wconf 89' lang='lat' dir='ltr'><strong>talis</strong></span> <span class='ocrx_word' id='word_1_25' title='bbox 3370 391 3662 448; x_wconf 74' lang='lat' dir='ltr'><strong>similitudo</strong></span> 
     </span>
    </p>
   </div>
   <div class='ocr_carea' id='block_1_5' title="bbox 421 471 1988 543">
    <p class='ocr_par' dir='ltr' id='par_1_5' title="bbox 421 471 1988 543">
     <span class='ocr_line' id='line_1_5' title="bbox 421 471 1988 543; baseline 0.001 -16"><span class='ocrx_word' id='word_1_26' title='bbox 421 485 579 528; x_wconf 84' lang='lat' dir='ltr'><strong>mus:</strong></span> <span class='ocrx_word' id='word_1_27' title='bbox 610 472 844 542; x_wconf 83' lang='lat' dir='ltr'><strong>primum</strong></span> <span class='ocrx_word' id='word_1_28' title='bbox 871 479 1265 538; x_wconf 88' lang='lat' dir='ltr'><strong>commonetur,</strong></span> <span class='ocrx_word' id='word_1_29' title='bbox 1296 472 1426 543; x_wconf 85' lang='lat' dir='ltr'><strong>quid</strong></span> <span class='ocrx_word' id='word_1_30' title='bbox 1453 471 1618 528; x_wconf 90' lang='lat' dir='ltr'><strong>fuerit</strong></span> <span class='ocrx_word' id='word_1_31' title='bbox 1638 481 1696 527; x_wconf 94' lang='lat' dir='ltr'><strong>ut</strong></span> <span class='ocrx_word' id='word_1_32' title='bbox 1716 474 1894 529; x_wconf 87' lang='lat' dir='ltr'><strong>doleat</strong></span> <span class='ocrx_word' id='word_1_33' title='bbox 1931 488 1988 529; x_wconf 90' lang='lat' dir='ltr'><strong>se</strong></span> 
     </span>
    </p>
   </div>
   <div class='ocr_carea' id='block_1_6' title="bbox 419 561 2026 635">
    <p class='ocr_par' dir='ltr' id='par_1_6' title="bbox 419 561 2026 635">
     <span class='ocr_line' id='line_1_6' title="bbox 419 561 2026 635; baseline -0.001 -14"><span class='ocrx_word' id='word_1_34' title='bbox 419 562 746 635; x_wconf 77' lang='lat' dir='ltr'><strong>perdidisse,</strong></span> <span class='ocrx_word' id='word_1_35' title='bbox 780 563 920 632; x_wconf 88' lang='lat' dir='ltr'><strong>quod</strong></span> <span class='ocrx_word' id='word_1_36' title='bbox 948 563 1152 617; x_wconf 79' lang='lat' dir='ltr'><strong>habuit.</strong></span> <span class='ocrx_word' id='word_1_37' title='bbox 1197 561 1296 629; x_wconf 92' lang='lat' dir='ltr'><strong>Tu,</strong></span> <span class='ocrx_word' id='word_1_38' title='bbox 1337 564 1530 632; x_wconf 84' lang='lat' dir='ltr'><strong>inquit,</strong></span> <span class='ocrx_word' id='word_1_39' title='bbox 1557 564 1887 635; x_wconf 80' lang='lat' dir='ltr'><strong>signaculum</strong></span> <span class='ocrx_word' id='word_1_40' title='bbox 1915 565 1987 620; x_wconf 89' lang='lat' dir='ltr'><strong>si-</strong></span> <span class='ocrx_word' id='word_1_41' title='bbox 2017 598 2026 607; x_wconf 86' lang='lat'><strong>-</strong></span> 
     </span>
    </p>
   </div>
   <div class='ocr_carea' id='block_1_7' title="bbox 418 651 1988 722">
    <p class='ocr_par' dir='ltr' id='par_1_7' title="bbox 418 651 1988 722">
     <span class='ocr_line' id='line_1_7' title="bbox 418 651 1988 722; baseline -0.001 -14"><span class='ocrx_word' id='word_1_42' title='bbox 418 652 756 718; x_wconf 86' lang='lat' dir='ltr'><strong>militudinis,</strong></span> <span class='ocrx_word' id='word_1_43' title='bbox 774 652 927 722; x_wconf 84' lang='lat' dir='ltr'><strong>juxta</strong></span> <span class='ocrx_word' id='word_1_44' title='bbox 978 651 1140 716; x_wconf 91' lang='lat' dir='ltr'><strong>illud,</strong></span> <span class='ocrx_word' id='word_1_45' title='bbox 1176 652 1318 720; x_wconf 91' lang='lat' dir='ltr'><strong>quod</strong></span> <span class='ocrx_word' id='word_1_46' title='bbox 1348 653 1564 722; x_wconf 88' lang='lat' dir='ltr'><strong>proprie</strong></span> <span class='ocrx_word' id='word_1_47' title='bbox 1596 653 1662 706; x_wconf 88' lang='lat' dir='ltr'><strong>de</strong></span> <span class='ocrx_word' id='word_1_48' title='bbox 1706 652 1988 707; x_wconf 86' lang='lat' dir='ltr'><strong>Salvatore</strong></span> 
     </span>
    </p>
   </div>
   <div class='ocr_carea' id='block_1_8' title="bbox 417 739 1987 811">
    <p class='ocr_par' dir='ltr' id='par_1_8' title="bbox 417 739 1987 811">
     <span class='ocr_line' id='line_1_8' title="bbox 417 739 1987 811; baseline -0.003 -13"><span class='ocrx_word' id='word_1_49' title='bbox 417 743 546 798; x_wconf 86' lang='lat' dir='ltr'><strong>dicit</strong></span> <span class='ocrx_word' id='word_1_50' title='bbox 573 742 805 798; x_wconf 77' lang='lat' dir='ltr'><strong>Joannes</strong></span> <span class='ocrx_word' id='word_1_51' title='bbox 837 739 1174 810; x_wconf 83' lang='lat' dir='ltr'><strong>Evangelista</strong></span> <span class='ocrx_word' id='word_1_52' title='bbox 1199 740 1385 795; x_wconf 80' lang='lat' dir='ltr'><strong>:Hunc</strong></span> <span class='ocrx_word' id='word_1_53' title='bbox 1411 741 1554 794; x_wconf 89' lang='lat' dir='ltr'><strong>enim</strong></span> <span class='ocrx_word' id='word_1_54' title='bbox 1588 741 1728 796; x_wconf 85' lang='lat' dir='ltr'><strong>Deus</strong></span> <span class='ocrx_word' id='word_1_55' title='bbox 1755 741 1987 811; x_wconf 78' lang='lat' dir='ltr'><strong>signavit</strong></span> 
     </span>
    </p>
   </div>
   <div class='ocr_carea' id='block_1_9' title="bbox 414 828 1986 902">
    <p class='ocr_par' dir='ltr' id='par_1_9' title="bbox 414 828 1986 902">
     <span class='ocr_line' id='line_1_9' title="bbox 414 828 1986 902; baseline -0.002 -16"><span class='ocrx_word' id='word_1_56' title='bbox 414 840 590 902; x_wconf 88' lang='lat' dir='ltr'><strong>pater,</strong></span> <span class='ocrx_word' id='word_1_57' title='bbox 616 831 764 885; x_wconf 88' lang='lat' dir='ltr'><strong>etde</strong></span> <span class='ocrx_word' id='word_1_58' title='bbox 802 829 1107 884; x_wconf 87' lang='lat' dir='ltr'><strong>hominibus</strong></span> <span class='ocrx_word' id='word_1_59' title='bbox 1131 847 1144 880; x_wconf 90' lang='lat'>:</span> <span class='ocrx_word' id='word_1_60' title='bbox 1167 829 1398 900; x_wconf 77' lang='lat' dir='ltr'><strong>signavit</strong></span> <span class='ocrx_word' id='word_1_61' title='bbox 1439 829 1690 898; x_wconf 88' lang='lat' dir='ltr'><strong>quoniam</strong></span> <span class='ocrx_word' id='word_1_62' title='bbox 1716 828 1856 882; x_wconf 87' lang='lat' dir='ltr'><strong>Deus</strong></span> <span class='ocrx_word' id='word_1_63' title='bbox 1895 843 1986 883; x_wconf 85' lang='lat' dir='ltr'><strong>ve-</strong></span> 
     </span>
    </p>
   </div>
   <div class='ocr_carea' id='block_1_10' title="bbox 419 917 1984 990">
    <p class='ocr_par' dir='ltr' id='par_1_10' title="bbox 419 917 1984 990">
     <span class='ocr_line' id='line_1_10' title="bbox 419 917 1984 990; baseline -0.001 -12"><span class='ocrx_word' id='word_1_64' title='bbox 419 937 515 978; x_wconf 82' lang='lat' dir='ltr'><strong>rax</strong></span> <span class='ocrx_word' id='word_1_65' title='bbox 557 930 661 977; x_wconf 90' lang='lat' dir='ltr'><strong>est.</strong></span> <span class='ocrx_word' id='word_1_66' title='bbox 704 921 772 975; x_wconf 86' lang='lat' dir='ltr'><strong>Et</strong></span> <span class='ocrx_word' id='word_1_67' title='bbox 811 921 864 975; x_wconf 89' lang='lat' dir='ltr'><strong>in</strong></span> <span class='ocrx_word' id='word_1_68' title='bbox 907 919 1172 974; x_wconf 79' lang='lat' dir='ltr'><strong>Psalmis:</strong></span> <span class='ocrx_word' id='word_1_69' title='bbox 1204 936 1223 970; x_wconf 74' lang='grc' dir='ltr'><strong>ι</strong></span> <span class='ocrx_word' id='word_1_70' title='bbox 1258 917 1537 989; x_wconf 90' lang='lat' dir='ltr'><strong>Signatum</strong></span> <span class='ocrx_word' id='word_1_71' title='bbox 1578 927 1661 974; x_wconf 90' lang='lat' dir='ltr'><strong>est</strong></span> <span class='ocrx_word' id='word_1_72' title='bbox 1695 935 1856 990; x_wconf 85' lang='lat' dir='ltr'><strong>super</strong></span> <span class='ocrx_word' id='word_1_73' title='bbox 1883 936 1984 976; x_wconf 90' lang='lat' dir='ltr'><strong>nos</strong></span> 
     </span>
    </p>
   </div>
   <div class='ocr_carea' id='block_1_11' title="bbox 413 1008 1984 1082">
    <p class='ocr_par' dir='ltr' id='par_1_11' title="bbox 413 1008 1984 1082">
     <span class='ocr_line' id='line_1_11' title="bbox 413 1008 1984 1082; baseline -0.001 -14"><span class='ocrx_word' id='word_1_74' title='bbox 413 1012 592 1068; x_wconf 78' lang='lat' dir='ltr'><strong>lumen</strong></span> <span class='ocrx_word' id='word_1_75' title='bbox 631 1011 810 1067; x_wconf 78' lang='lat' dir='ltr'><strong>vultus</strong></span> <span class='ocrx_word' id='word_1_76' title='bbox 851 1011 965 1077; x_wconf 92' lang='lat' dir='ltr'><strong>tui,</strong></span> <span class='ocrx_word' id='word_1_77' title='bbox 994 1008 1435 1082; x_wconf 80' lang='lat' dir='ltr'><strong>Domine(Psa1.</strong></span> <span class='ocrx_word' id='word_1_78' title='bbox 1468 1009 1582 1081; x_wconf 86' lang='lat' dir='ltr'><strong>tv).</strong></span> <span class='ocrx_word' id='word_1_79' title='bbox 1617 1029 1636 1063; x_wconf 73' lang='grc' dir='ltr'><strong>ι</strong></span> <span class='ocrx_word' id='word_1_80' title='bbox 1678 1011 1744 1066; x_wconf 82' lang='grc' dir='ltr'><strong><em>Ει</em></strong></span> <span class='ocrx_word' id='word_1_81' title='bbox 1783 1011 1836 1065; x_wconf 92' lang='lat' dir='ltr'><strong>in</strong></span> <span class='ocrx_word' id='word_1_82' title='bbox 1877 1011 1984 1067; x_wconf 91' lang='lat' dir='ltr'><strong>alio</strong></span> 
     </span>
    </p>
   </div>
   <div class='ocr_carea' id='block_1_12' title="bbox 414 1099 1978 1167">
    <p class='ocr_par' dir='ltr' id='par_1_12' title="bbox 414 1099 1978 1167">
     <span class='ocr_line' id='line_1_12' title="bbox 414 1099 1978 1167; baseline -0.001 -9"><span class='ocrx_word' id='word_1_83' title='bbox 414 1102 564 1167; x_wconf 90' lang='lat' dir='ltr'><strong>loco,</strong></span> <span class='ocrx_word' id='word_1_84' title='bbox 598 1119 616 1153; x_wconf 74' lang='grc' dir='ltr'><strong>ι</strong></span> <span class='ocrx_word' id='word_1_85' title='bbox 645 1100 992 1164; x_wconf 87' lang='lat' dir='ltr'><strong>Cbarissimi,</strong></span> <span class='ocrx_word' id='word_1_86' title='bbox 1037 1113 1182 1154; x_wconf 89' lang='lat' dir='ltr'><strong>nunc</strong></span> <span class='ocrx_word' id='word_1_87' title='bbox 1224 1099 1316 1154; x_wconf 86' lang='lat' dir='ltr'><strong>filii</strong></span> <span class='ocrx_word' id='word_1_88' title='bbox 1359 1099 1453 1154; x_wconf 87' lang='lat' dir='ltr'><strong>Dei</strong></span> <span class='ocrx_word' id='word_1_89' title='bbox 1498 1115 1714 1166; x_wconf 89' lang='lat' dir='ltr'><strong>sumus,</strong></span> <span class='ocrx_word' id='word_1_90' title='bbox 1756 1109 1810 1155; x_wconf 91' lang='lat' dir='ltr'><strong>et</strong></span> <span class='ocrx_word' id='word_1_91' title='bbox 1850 1116 1978 1156; x_wconf 91' lang='lat' dir='ltr'><strong>nec-</strong></span> 
     </span>
    </p>
   </div>
   <div class='ocr_carea' id='block_1_13' title="bbox 411 1187 1978 1261">
    <p class='ocr_par' dir='ltr' id='par_1_13' title="bbox 411 1187 1978 1261">
     <span class='ocr_line' id='line_1_13' title="bbox 411 1187 1978 1261; baseline -0.001 -14"><span class='ocrx_word' id='word_1_92' title='bbox 411 1193 538 1247; x_wconf 89' lang='lat' dir='ltr'><strong>dum</strong></span> <span class='ocrx_word' id='word_1_93' title='bbox 577 1191 826 1261; x_wconf 84' lang='lat' dir='ltr'><strong>apparuit</strong></span> <span class='ocrx_word' id='word_1_94' title='bbox 869 1188 996 1259; x_wconf 90' lang='lat' dir='ltr'><strong>quid</strong></span> <span class='ocrx_word' id='word_1_95' title='bbox 1037 1187 1203 1243; x_wconf 89' lang='lat' dir='ltr'><strong>futuri</strong></span> <span class='ocrx_word' id='word_1_96' title='bbox 1245 1203 1473 1244; x_wconf 91' lang='lat' dir='ltr'><strong>sumus:</strong></span> <span class='ocrx_word' id='word_1_97' title='bbox 1516 1189 1685 1244; x_wconf 89' lang='lat' dir='ltr'><strong>simus</strong></span> <span class='ocrx_word' id='word_1_98' title='bbox 1724 1191 1978 1260; x_wconf 90' lang='lat' dir='ltr'><strong>quoniam</strong></span> 
     </span>
    </p>
   </div>
   <div class='ocr_carea' id='block_1_14' title="bbox 411 1279 1970 1356">
    <p class='ocr_par' dir='ltr' id='par_1_14' title="bbox 411 1279 1970 1356">
     <span class='ocr_line' id='line_1_14' title="bbox 411 1279 1970 1356; baseline -0.003 -17"><span class='ocrx_word' id='word_1_99' title='bbox 411 1298 554 1356; x_wconf 54' lang='lat' dir='ltr'><strong>cum,</strong></span> <span class='ocrx_word' id='word_1_100' title='bbox 576 1280 919 1352; x_wconf 85' lang='lat' dir='ltr'><strong>apparuerit,</strong></span> <span class='ocrx_word' id='word_1_101' title='bbox 947 1279 1152 1335; x_wconf 88' lang='lat' dir='ltr'><strong>similes</strong></span> <span class='ocrx_word' id='word_1_102' title='bbox 1180 1280 1229 1334; x_wconf 91' lang='lat' dir='ltr'><strong>ei</strong></span> <span class='ocrx_word' id='word_1_103' title='bbox 1256 1279 1461 1335; x_wconf 89' lang='lat' dir='ltr'><strong>erimus</strong></span> <span class='ocrx_word' id='word_1_104' title='bbox 1491 1279 1508 1350; x_wconf 91' lang='lat'>(</span> <span class='ocrx_word' id='word_1_105' title='bbox 1535 1279 1564 1333; x_wconf 89' lang='lat' dir='ltr'><strong><em>I</em></strong></span> <span class='ocrx_word' id='word_1_106' title='bbox 1593 1279 1756 1336; x_wconf 83' lang='lat' dir='ltr'><strong>Joan.</strong></span> <span class='ocrx_word' id='word_1_107' title='bbox 1790 1280 1914 1351; x_wconf 93' lang='grc' dir='ltr'><strong><em>ιιι).</em></strong></span> <span class='ocrx_word' id='word_1_108' title='bbox 1951 1299 1970 1334; x_wconf 75' lang='grc' dir='ltr'><strong>ι</strong></span> 
     </span>
    </p>
   </div>
   <div class='ocr_carea' id='block_1_15' title="bbox 412 1369 1972 1437">
    <p class='ocr_par' dir='ltr' id='par_1_15' title="bbox 412 1369 1972 1437">
     <span class='ocr_line' id='line_1_15' title="bbox 412 1369 1972 1437; baseline -0.004 -8"><span class='ocrx_word' id='word_1_109' title='bbox 412 1373 565 1430; x_wconf 85' lang='lat' dir='ltr'><strong>Unde</strong></span> <span class='ocrx_word' id='word_1_110' title='bbox 588 1380 642 1428; x_wconf 96' lang='lat' dir='ltr'><strong>et</strong></span> <span class='ocrx_word' id='word_1_111' title='bbox 672 1372 738 1426; x_wconf 91' lang='lat' dir='ltr'><strong>ad</strong></span> <span class='ocrx_word' id='word_1_112' title='bbox 771 1371 936 1426; x_wconf 92' lang='lat' dir='ltr'><strong>Deum</strong></span> <span class='ocrx_word' id='word_1_113' title='bbox 965 1369 1163 1426; x_wconf 92' lang='lat' dir='ltr'><strong>dicitur</strong></span> <span class='ocrx_word' id='word_1_114' title='bbox 1189 1388 1202 1423; x_wconf 91' lang='lat'><strong>:</strong></span> <span class='ocrx_word' id='word_1_115' title='bbox 1238 1389 1256 1422; x_wconf 84' lang='grc'><strong>‹</strong></span> <span class='ocrx_word' id='word_1_116' title='bbox 1283 1369 1414 1437; x_wconf 85' lang='lat' dir='ltr'><strong>Quis</strong></span> <span class='ocrx_word' id='word_1_117' title='bbox 1439 1370 1632 1425; x_wconf 88' lang='lat' dir='ltr'><strong>similis</strong></span> <span class='ocrx_word' id='word_1_118' title='bbox 1663 1370 1767 1425; x_wconf 88' lang='lat' dir='ltr'><strong>erit</strong></span> <span class='ocrx_word' id='word_1_119' title='bbox 1789 1371 1927 1425; x_wconf 87' lang='lat' dir='ltr'><strong>tibi?</strong></span> <span class='ocrx_word' id='word_1_120' title='bbox 1953 1390 1972 1422; x_wconf 76' lang='grc' dir='ltr'><strong>ι</strong></span> 
     </span>
    </p>
   </div>
   <div class='ocr_carea' id='block_1_16' title="bbox 409 1459 1979 1530">
    <p class='ocr_par' dir='ltr' id='par_1_16' title="bbox 409 1459 1979 1530">
     <span class='ocr_line' id='line_1_16' title="bbox 409 1459 1979 1530; baseline -0.004 -10"><span class='ocrx_word' id='word_1_121' title='bbox 409 1463 500 1520; x_wconf 89' lang='lat' dir='ltr'><strong>ubi</strong></span> <span class='ocrx_word' id='word_1_122' title='bbox 527 1462 670 1517; x_wconf 85' lang='lat' dir='ltr'><strong>aliud</strong></span> <span class='ocrx_word' id='word_1_123' title='bbox 697 1469 781 1517; x_wconf 90' lang='lat' dir='ltr'><strong>est</strong></span> <span class='ocrx_word' id='word_1_124' title='bbox 809 1461 953 1516; x_wconf 88' lang='lat' dir='ltr'><strong>enim</strong></span> <span class='ocrx_word' id='word_1_125' title='bbox 981 1461 1291 1524; x_wconf 88' lang='lat' dir='ltr'><strong>similitudo,</strong></span> <span class='ocrx_word' id='word_1_126' title='bbox 1326 1459 1468 1515; x_wconf 88' lang='lat' dir='ltr'><strong>aliud</strong></span> <span class='ocrx_word' id='word_1_127' title='bbox 1494 1459 1792 1530; x_wconf 70' lang='lat' dir='ltr'><strong>tequalitas.</strong></span> <span class='ocrx_word' id='word_1_128' title='bbox 1828 1459 1979 1515; x_wconf 90' lang='lat' dir='ltr'><strong>Unde</strong></span> 
     </span>
    </p>
   </div>
   <div class='ocr_carea' id='block_1_17' title="bbox 408 1549 1977 1621">
    <p class='ocr_par' dir='ltr' id='par_1_17' title="bbox 408 1549 1977 1621">
     <span class='ocr_line' id='line_1_17' title="bbox 408 1549 1977 1621; baseline -0.003 -12"><span class='ocrx_word' id='word_1_129' title='bbox 408 1553 705 1609; x_wconf 65' lang='lat' dir='ltr'><strong>saevissima</strong></span> <span class='ocrx_word' id='word_1_130' title='bbox 735 1552 954 1606; x_wconf 71' lang='lat' dir='ltr'><strong>haeresis</strong></span> <span class='ocrx_word' id='word_1_131' title='bbox 983 1560 1086 1616; x_wconf 89' lang='lat' dir='ltr'><strong>est,</strong></span> <span class='ocrx_word' id='word_1_132' title='bbox 1116 1565 1237 1621; x_wconf 72' lang='lat' dir='ltr'><strong>quae</strong></span> <span class='ocrx_word' id='word_1_133' title='bbox 1256 1550 1309 1604; x_wconf 91' lang='lat' dir='ltr'><strong>in</strong></span> <span class='ocrx_word' id='word_1_134' title='bbox 1329 1549 1542 1604; x_wconf 84' lang='lat' dir='ltr'><strong>Christo</strong></span> <span class='ocrx_word' id='word_1_135' title='bbox 1574 1557 1780 1604; x_wconf 90' lang='lat' dir='ltr'><strong>tantum</strong></span> <span class='ocrx_word' id='word_1_136' title='bbox 1809 1549 1977 1619; x_wconf 84' lang='lat' dir='ltr'><strong>patris</strong></span> 
     </span>
    </p>
   </div>
   <div class='ocr_carea' id='block_1_18' title="bbox 406 1637 1972 1706">
    <p class='ocr_par' dir='ltr' id='par_1_18' title="bbox 406 1637 1972 1706">
     <span class='ocr_line' id='line_1_18' title="bbox 406 1637 1972 1706; baseline -0.004 -8"><span class='ocrx_word' id='word_1_137' title='bbox 406 1640 809 1698; x_wconf 89' lang='lat' dir='ltr'><strong>similitudinem</strong></span> <span class='ocrx_word' id='word_1_138' title='bbox 833 1639 1139 1706; x_wconf 82' lang='lat' dir='ltr'><strong>confitetur,</strong></span> <span class='ocrx_word' id='word_1_139' title='bbox 1157 1638 1333 1694; x_wconf 84' lang='lat' dir='ltr'><strong>aufert</strong></span> <span class='ocrx_word' id='word_1_140' title='bbox 1361 1646 1630 1693; x_wconf 87' lang='lat' dir='ltr'><strong>naturam.</strong></span> <span class='ocrx_word' id='word_1_141' title='bbox 1657 1637 1765 1694; x_wconf 83' lang='lat' dir='ltr'><strong>Nos</strong></span> <span class='ocrx_word' id='word_1_142' title='bbox 1794 1647 1972 1693; x_wconf 87' lang='lat' dir='ltr'><strong>autem</strong></span> 
     </span>
    </p>
   </div>
   <div class='ocr_carea' id='block_1_19' title="bbox 2092 473 3660 549">
    <p class='ocr_par' dir='ltr' id='par_1_19' title="bbox 2092 473 3660 549">
     <span class='ocr_line' id='line_1_19' title="bbox 2092 473 3660 549; baseline 0.008 -23"><span class='ocrx_word' id='word_1_143' title='bbox 2092 473 2452 544; x_wconf 87' lang='lat' dir='ltr'><strong>imaginaliter</strong></span> <span class='ocrx_word' id='word_1_144' title='bbox 2503 478 2841 545; x_wconf 81' lang='lat' dir='ltr'><strong>exprimitur,</strong></span> <span class='ocrx_word' id='word_1_145' title='bbox 2905 478 3082 549; x_wconf 85' lang='lat' dir='ltr'><strong>qualis</strong></span> <span class='ocrx_word' id='word_1_146' title='bbox 3137 479 3192 533; x_wconf 90' lang='lat' dir='ltr'><strong>in</strong></span> <span class='ocrx_word' id='word_1_147' title='bbox 3247 479 3422 549; x_wconf 82' lang='lat' dir='ltr'><strong>sigillo</strong></span> <span class='ocrx_word' id='word_1_148' title='bbox 3469 482 3660 538; x_wconf 88' lang='lat' dir='ltr'><strong>eodem</strong></span> 
     </span>
    </p>
   </div>
   <div class='ocr_carea' id='block_1_20' title="bbox 2086 563 3660 625">
    <p class='ocr_par' dir='ltr' id='par_1_20' title="bbox 2086 563 3660 625">
     <span class='ocr_line' id='line_1_20' title="bbox 2086 563 3660 625; baseline 0.004 -6"><span class='ocrx_word' id='word_1_149' title='bbox 2086 563 2446 620; x_wconf 89' lang='lat' dir='ltr'><strong>essentialiter</strong></span> <span class='ocrx_word' id='word_1_150' title='bbox 2482 565 2729 621; x_wconf 88' lang='lat' dir='ltr'><strong>habetur.</strong></span> <span class='ocrx_word' id='word_1_151' title='bbox 2773 567 2840 621; x_wconf 88' lang='lat' dir='ltr'><strong>Et</strong></span> <span class='ocrx_word' id='word_1_152' title='bbox 2879 567 3006 622; x_wconf 83' lang='lat' dir='ltr'><strong>licet</strong></span> <span class='ocrx_word' id='word_1_153' title='bbox 3048 569 3210 622; x_wconf 90' lang='lat' dir='ltr'><strong>homo</strong></span> <span class='ocrx_word' id='word_1_154' title='bbox 3250 569 3317 622; x_wconf 90' lang='lat' dir='ltr'><strong>ad</strong></span> <span class='ocrx_word' id='word_1_155' title='bbox 3348 568 3660 625; x_wconf 89' lang='lat' dir='ltr'><strong>similitudi-</strong></span> 
     </span>
    </p>
   </div>
   <div class='ocr_carea' id='block_1_21' title="bbox 2051 654 3662 731">
    <p class='ocr_par' dir='ltr' id='par_1_21' title="bbox 2051 654 3662 731">
     <span class='ocr_line' id='line_1_21' title="bbox 2051 654 3662 731; baseline 0.006 -25"><span class='ocrx_word' id='word_1_156' title='bbox 2051 667 2208 718; x_wconf 48' lang='lat' dir='ltr'><strong>-nem</strong></span> <span class='ocrx_word' id='word_1_157' title='bbox 2261 654 2352 708; x_wconf 90' lang='lat' dir='ltr'><strong>Dei</strong></span> <span class='ocrx_word' id='word_1_158' title='bbox 2403 664 2619 711; x_wconf 90' lang='lat' dir='ltr'><strong>creatus</strong></span> <span class='ocrx_word' id='word_1_159' title='bbox 2666 657 2766 722; x_wconf 89' lang='lat' dir='ltr'><strong>sit,</strong></span> <span class='ocrx_word' id='word_1_160' title='bbox 2815 657 3021 727; x_wconf 84' lang='lat' dir='ltr'><strong>Angelo</strong></span> <span class='ocrx_word' id='word_1_161' title='bbox 3067 668 3246 714; x_wconf 88' lang='lat' dir='ltr'><strong>tamen</strong></span> <span class='ocrx_word' id='word_1_162' title='bbox 3288 660 3443 728; x_wconf 89' lang='lat' dir='ltr'><strong>quasi</strong></span> <span class='ocrx_word' id='word_1_163' title='bbox 3488 662 3662 731; x_wconf 83' lang='lat' dir='ltr'><strong>majus</strong></span> 
     </span>
    </p>
   </div>
   <div class='ocr_carea' id='block_1_22' title="bbox 2084 743 3659 812">
    <p class='ocr_par' dir='ltr' id='par_1_22' title="bbox 2084 743 3659 812">
     <span class='ocr_line' id='line_1_22' title="bbox 2084 743 3659 812; baseline 0.007 -17"><span class='ocrx_word' id='word_1_164' title='bbox 2084 743 2286 812; x_wconf 86' lang='lat' dir='ltr'><strong>aliquid</strong></span> <span class='ocrx_word' id='word_1_165' title='bbox 2338 744 2610 809; x_wconf 89' lang='lat' dir='ltr'><strong>tribuens,</strong></span> <span class='ocrx_word' id='word_1_166' title='bbox 2665 762 2770 802; x_wconf 93' lang='lat' dir='ltr'><strong>non</strong></span> <span class='ocrx_word' id='word_1_167' title='bbox 2818 762 2944 802; x_wconf 90' lang='lat' dir='ltr'><strong>eum</strong></span> <span class='ocrx_word' id='word_1_168' title='bbox 2990 749 3058 802; x_wconf 88' lang='lat' dir='ltr'><strong>ad</strong></span> <span class='ocrx_word' id='word_1_169' title='bbox 3109 748 3518 805; x_wconf 86' lang='lat' dir='ltr'><strong>similitudinem</strong></span> <span class='ocrx_word' id='word_1_170' title='bbox 3567 752 3659 806; x_wconf 89' lang='lat' dir='ltr'><strong>Dei</strong></span> 
     </span>
    </p>
   </div>
   <div class='ocr_carea' id='block_1_23' title="bbox 2085 834 3662 908">
    <p class='ocr_par' dir='ltr' id='par_1_23' title="bbox 2085 834 3662 908">
     <span class='ocr_line' id='line_1_23' title="bbox 2085 834 3662 908; baseline 0.006 -20"><span class='ocrx_word' id='word_1_171' title='bbox 2085 834 2394 900; x_wconf 91' lang='lat' dir='ltr'><strong>conditum,</strong></span> <span class='ocrx_word' id='word_1_172' title='bbox 2429 836 2522 890; x_wconf 90' lang='lat' dir='ltr'><strong>sed</strong></span> <span class='ocrx_word' id='word_1_173' title='bbox 2567 837 2742 906; x_wconf 90' lang='lat' dir='ltr'><strong>ipsum</strong></span> <span class='ocrx_word' id='word_1_174' title='bbox 2783 838 3114 908; x_wconf 78' lang='lat' dir='ltr'><strong>signaculum</strong></span> <span class='ocrx_word' id='word_1_175' title='bbox 3159 839 3255 894; x_wconf 90' lang='lat' dir='ltr'><strong>Dei</strong></span> <span class='ocrx_word' id='word_1_176' title='bbox 3296 841 3662 897; x_wconf 81' lang='lat' dir='ltr'><strong>similitudinis</strong></span> 
     </span>
    </p>
   </div>
   <div class='ocr_carea' id='block_1_24' title="bbox 2083 923 3662 997">
    <p class='ocr_par' dir='ltr' id='par_1_24' title="bbox 2083 923 3662 997">
     <span class='ocr_line' id='line_1_24' title="bbox 2083 923 3662 997; baseline 0.006 -18"><span class='ocrx_word' id='word_1_177' title='bbox 2083 923 2246 990; x_wconf 89' lang='lat' dir='ltr'><strong>dicit,</strong></span> <span class='ocrx_word' id='word_1_178' title='bbox 2280 935 2340 979; x_wconf 94' lang='lat' dir='ltr'><strong>ut</strong></span> <span class='ocrx_word' id='word_1_179' title='bbox 2393 941 2500 997; x_wconf 88' lang='lat' dir='ltr'><strong>quo</strong></span> <span class='ocrx_word' id='word_1_180' title='bbox 2557 928 2804 982; x_wconf 89' lang='lat' dir='ltr'><strong>subtilior</strong></span> <span class='ocrx_word' id='word_1_181' title='bbox 2859 938 2943 984; x_wconf 91' lang='lat' dir='ltr'><strong>est</strong></span> <span class='ocrx_word' id='word_1_182' title='bbox 3009 930 3065 984; x_wconf 92' lang='lat' dir='ltr'><strong>in</strong></span> <span class='ocrx_word' id='word_1_183' title='bbox 3105 940 3328 997; x_wconf 91' lang='lat' dir='ltr'><strong>natura,</strong></span> <span class='ocrx_word' id='word_1_184' title='bbox 3366 947 3432 988; x_wconf 92' lang='lat' dir='ltr'><strong>eo</strong></span> <span class='ocrx_word' id='word_1_185' title='bbox 3472 933 3528 988; x_wconf 91' lang='lat' dir='ltr'><strong>in</strong></span> <span class='ocrx_word' id='word_1_186' title='bbox 3571 934 3662 990; x_wconf 92' lang='lat' dir='ltr'><strong>illo</strong></span> 
     </span>
    </p>
   </div>
   <div class='ocr_carea' id='block_1_25' title="bbox 2081 1013 3662 1090">
    <p class='ocr_par' dir='ltr' id='par_1_25' title="bbox 2081 1013 3662 1090">
     <span class='ocr_line' id='line_1_25' title="bbox 2081 1013 3662 1090; baseline 0.006 -22"><span class='ocrx_word' id='word_1_187' title='bbox 2081 1013 2384 1070; x_wconf 89' lang='lat' dir='ltr'><strong>similitudo</strong></span> <span class='ocrx_word' id='word_1_188' title='bbox 2418 1017 2512 1070; x_wconf 87' lang='lat' dir='ltr'><strong>Dei</strong></span> <span class='ocrx_word' id='word_1_189' title='bbox 2554 1017 2767 1088; x_wconf 89' lang='lat' dir='ltr'><strong>plenius</strong></span> <span class='ocrx_word' id='word_1_190' title='bbox 2806 1019 3060 1074; x_wconf 86' lang='lat' dir='ltr'><strong>credatur</strong></span> <span class='ocrx_word' id='word_1_191' title='bbox 3097 1033 3374 1090; x_wconf 83' lang='lat' dir='ltr'><strong>expressa.</strong></span> <span class='ocrx_word' id='word_1_192' title='bbox 3412 1022 3551 1077; x_wconf 82' lang='lat' dir='ltr'><strong>Hinc</strong></span> <span class='ocrx_word' id='word_1_193' title='bbox 3579 1033 3662 1078; x_wconf 88' lang='lat' dir='ltr'><strong>est</strong></span> 
     </span>
    </p>
   </div>
   <div class='ocr_carea' id='block_1_26' title="bbox 2081 1104 3658 1180">
    <p class='ocr_par' dir='ltr' id='par_1_26' title="bbox 2081 1104 3658 1180">
     <span class='ocr_line' id='line_1_26' title="bbox 2081 1104 3658 1180; baseline 0.008 -23"><span class='ocrx_word' id='word_1_194' title='bbox 2081 1104 2220 1173; x_wconf 92' lang='lat' dir='ltr'><strong>quod</strong></span> <span class='ocrx_word' id='word_1_195' title='bbox 2287 1105 2548 1174; x_wconf 84' lang='lat' dir='ltr'><strong>primatus</strong></span> <span class='ocrx_word' id='word_1_196' title='bbox 2604 1106 2720 1175; x_wconf 87' lang='lat' dir='ltr'><strong>ejus</strong></span> <span class='ocrx_word' id='word_1_197' title='bbox 2773 1109 3068 1179; x_wconf 84' lang='lat' dir='ltr'><strong>potentiam</strong></span> <span class='ocrx_word' id='word_1_198' title='bbox 3109 1111 3285 1167; x_wconf 88' lang='lat' dir='ltr'><strong>adhuc</strong></span> <span class='ocrx_word' id='word_1_199' title='bbox 3343 1113 3658 1180; x_wconf 84' lang='lat' dir='ltr'><strong>insinuans,</strong></span> 
     </span>
    </p>
   </div>
   <div class='ocr_carea' id='block_1_27' title="bbox 2082 1193 3661 1274">
    <p class='ocr_par' dir='ltr' id='par_1_27' title="bbox 2082 1193 3661 1274">
     <span class='ocr_line' id='line_1_27' title="bbox 2082 1193 3661 1274; baseline 0.008 -27"><span class='ocrx_word' id='word_1_200' title='bbox 2082 1193 2221 1248; x_wconf 91' lang='lat' dir='ltr'><strong>idem</strong></span> <span class='ocrx_word' id='word_1_201' title='bbox 2250 1196 2509 1266; x_wconf 87' lang='lat' dir='ltr'><strong>propheta</strong></span> <span class='ocrx_word' id='word_1_202' title='bbox 2540 1197 2812 1267; x_wconf 79' lang='lat' dir='ltr'><strong>subjungit</strong></span> <span class='ocrx_word' id='word_1_203' title='bbox 2830 1198 3072 1254; x_wconf 70' lang='lat' dir='ltr'><strong>:«Omnis</strong></span> <span class='ocrx_word' id='word_1_204' title='bbox 3091 1199 3226 1272; x_wconf 88' lang='lat' dir='ltr'><strong>lapis</strong></span> <span class='ocrx_word' id='word_1_205' title='bbox 3243 1203 3514 1270; x_wconf 88' lang='lat' dir='ltr'><strong>pretiosus</strong></span> <span class='ocrx_word' id='word_1_206' title='bbox 3533 1218 3661 1274; x_wconf 86' lang='lat' dir='ltr'><strong>ope-</strong></span> 
     </span>
    </p>
   </div>
   <div class='ocr_carea' id='block_1_28' title="bbox 2081 1285 3655 1363">
    <p class='ocr_par' dir='ltr' id='par_1_28' title="bbox 2081 1285 3655 1363">
     <span class='ocr_line' id='line_1_28' title="bbox 2081 1285 3655 1363; baseline 0.006 -25"><span class='ocrx_word' id='word_1_207' title='bbox 2081 1285 2369 1340; x_wconf 88' lang='lat' dir='ltr'><strong>rimentum</strong></span> <span class='ocrx_word' id='word_1_208' title='bbox 2423 1296 2604 1352; x_wconf 89' lang='lat' dir='ltr'><strong>tuum,</strong></span> <span class='ocrx_word' id='word_1_209' title='bbox 2653 1289 2896 1354; x_wconf 91' lang='lat' dir='ltr'><strong>sardius,</strong></span> <span class='ocrx_word' id='word_1_210' title='bbox 2937 1299 2994 1345; x_wconf 91' lang='lat' dir='ltr'><strong>et</strong></span> <span class='ocrx_word' id='word_1_211' title='bbox 3038 1292 3310 1361; x_wconf 86' lang='lat' dir='ltr'><strong>topazius,</strong></span> <span class='ocrx_word' id='word_1_212' title='bbox 3353 1303 3410 1357; x_wconf 82' lang='lat' dir='ltr'><strong>et</strong></span> <span class='ocrx_word' id='word_1_213' title='bbox 3449 1293 3655 1363; x_wconf 86' lang='lat' dir='ltr'><strong>jaspis,</strong></span> 
     </span>
    </p>
   </div>
   <div class='ocr_carea' id='block_1_29' title="bbox 2077 1372 3654 1452">
    <p class='ocr_par' dir='ltr' id='par_1_29' title="bbox 2077 1372 3654 1452">
     <span class='ocr_line' id='line_1_29' title="bbox 2077 1372 3654 1452; baseline 0.004 -22"><span class='ocrx_word' id='word_1_214' title='bbox 2077 1372 2460 1446; x_wconf 81' lang='lat' dir='ltr'><strong>chrysolithus,</strong></span> <span class='ocrx_word' id='word_1_215' title='bbox 2485 1385 2539 1431; x_wconf 89' lang='lat' dir='ltr'><strong>et</strong></span> <span class='ocrx_word' id='word_1_216' title='bbox 2559 1377 2880 1448; x_wconf 77' lang='lat' dir='ltr'><strong>onychinus,</strong></span> <span class='ocrx_word' id='word_1_217' title='bbox 2904 1389 2960 1432; x_wconf 88' lang='lat' dir='ltr'><strong>et</strong></span> <span class='ocrx_word' id='word_1_218' title='bbox 2984 1379 3225 1445; x_wconf 90' lang='lat' dir='ltr'><strong>berillus,</strong></span> <span class='ocrx_word' id='word_1_219' title='bbox 3251 1391 3306 1436; x_wconf 89' lang='lat' dir='ltr'><strong>et</strong></span> <span class='ocrx_word' id='word_1_220' title='bbox 3333 1383 3622 1452; x_wconf 88' lang='lat' dir='ltr'><strong>sapphirus</strong></span> <span class='ocrx_word' id='word_1_221' title='bbox 3639 1423 3654 1447; x_wconf 91' lang='lat'><strong>,</strong></span> 
     </span>
    </p>
   </div>
   <div class='ocr_carea' id='block_1_30' title="bbox 2077 1465 3653 1542">
    <p class='ocr_par' dir='ltr' id='par_1_30' title="bbox 2077 1465 3653 1542">
     <span class='ocr_line' id='line_1_30' title="bbox 2077 1465 3653 1542; baseline 0.005 -24"><span class='ocrx_word' id='word_1_222' title='bbox 2077 1465 2434 1520; x_wconf 89' lang='lat' dir='ltr'><strong>carbunculus</strong></span> <span class='ocrx_word' id='word_1_223' title='bbox 2467 1475 2522 1520; x_wconf 91' lang='lat' dir='ltr'><strong>et</strong></span> <span class='ocrx_word' id='word_1_224' title='bbox 2561 1468 2896 1539; x_wconf 89' lang='lat' dir='ltr'><strong>smaragdus.</strong></span> <span class='ocrx_word' id='word_1_225' title='bbox 2938 1467 3138 1524; x_wconf 85' lang='lat' dir='ltr'><strong>Novem</strong></span> <span class='ocrx_word' id='word_1_226' title='bbox 3182 1470 3317 1525; x_wconf 82' lang='lat' dir='ltr'><strong>dixit</strong></span> <span class='ocrx_word' id='word_1_227' title='bbox 3343 1486 3541 1542; x_wconf 90' lang='lat' dir='ltr'><strong>genera</strong></span> <span class='ocrx_word' id='word_1_228' title='bbox 3572 1472 3653 1526; x_wconf 84' lang='lat' dir='ltr'><strong>la-</strong></span> 
     </span>
    </p>
   </div>
   <div class='ocr_carea' id='block_1_31' title="bbox 2075 1552 3653 1631">
    <p class='ocr_par' dir='ltr' id='par_1_31' title="bbox 2075 1552 3653 1631">
     <span class='ocr_line' id='line_1_31' title="bbox 2075 1552 3653 1631; baseline 0.006 -24"><span class='ocrx_word' id='word_1_229' title='bbox 2075 1552 2258 1624; x_wconf 90' lang='lat' dir='ltr'><strong>pidum</strong></span> <span class='ocrx_word' id='word_1_230' title='bbox 2281 1594 2296 1620; x_wconf 95' lang='lat'><strong>,</strong></span> <span class='ocrx_word' id='word_1_231' title='bbox 2329 1556 2456 1625; x_wconf 89' lang='lat' dir='ltr'><strong>quia</strong></span> <span class='ocrx_word' id='word_1_232' title='bbox 2485 1557 2740 1611; x_wconf 90' lang='lat' dir='ltr'><strong>nimirum</strong></span> <span class='ocrx_word' id='word_1_233' title='bbox 2768 1573 2959 1613; x_wconf 91' lang='lat' dir='ltr'><strong>novem</strong></span> <span class='ocrx_word' id='word_1_234' title='bbox 3005 1566 3131 1613; x_wconf 91' lang='lat' dir='ltr'><strong>sunt</strong></span> <span class='ocrx_word' id='word_1_235' title='bbox 3169 1559 3387 1615; x_wconf 87' lang='lat' dir='ltr'><strong>ordines</strong></span> <span class='ocrx_word' id='word_1_236' title='bbox 3431 1563 3653 1631; x_wconf 86' lang='lat' dir='ltr'><strong>angelo-</strong></span> 
     </span>
    </p>
   </div>
   <div class='ocr_carea' id='block_1_32' title="bbox 2076 1643 3651 1718">
    <p class='ocr_par' dir='ltr' id='par_1_32' title="bbox 2076 1643 3651 1718">
     <span class='ocr_line' id='line_1_32' title="bbox 2076 1643 3651 1718; baseline 0.008 -23"><span class='ocrx_word' id='word_1_237' title='bbox 2076 1657 2216 1696; x_wconf 89' lang='lat' dir='ltr'><strong>rum.</strong></span> <span class='ocrx_word' id='word_1_238' title='bbox 2249 1643 2382 1698; x_wconf 84' lang='lat' dir='ltr'><strong>Nam</strong></span> <span class='ocrx_word' id='word_1_239' title='bbox 2409 1658 2535 1700; x_wconf 86' lang='lat' dir='ltr'><strong>cum</strong></span> <span class='ocrx_word' id='word_1_240' title='bbox 2567 1661 2664 1714; x_wconf 88' lang='lat' dir='ltr'><strong>per</strong></span> <span class='ocrx_word' id='word_1_241' title='bbox 2703 1661 2859 1700; x_wconf 88' lang='lat' dir='ltr'><strong>sacra</strong></span> <span class='ocrx_word' id='word_1_242' title='bbox 2903 1645 3117 1716; x_wconf 88' lang='lat' dir='ltr'><strong>eloquia</strong></span> <span class='ocrx_word' id='word_1_243' title='bbox 3159 1649 3372 1718; x_wconf 89' lang='lat' dir='ltr'><strong>angeli,</strong></span> <span class='ocrx_word' id='word_1_244' title='bbox 3415 1653 3651 1706; x_wconf 84' lang='lat' dir='ltr'><strong>archan-</strong></span> 
     </span>
    </p>
   </div>
   <div class='ocr_carea' id='block_1_33' title="bbox 408 1730 3656 1809">
    <p class='ocr_par' dir='ltr' id='par_1_33' title="bbox 408 1730 3656 1809">
     <span class='ocr_line' id='line_1_33' title="bbox 408 1730 3656 1809; baseline 0.002 -22"><span class='ocrx_word' id='word_1_245' title='bbox 408 1733 463 1788; x_wconf 84' lang='lat' dir='ltr'><strong>in</strong></span> <span class='ocrx_word' id='word_1_246' title='bbox 487 1731 598 1788; x_wconf 82' lang='lat' dir='ltr'><strong>filio</strong></span> <span class='ocrx_word' id='word_1_247' title='bbox 622 1747 729 1787; x_wconf 91' lang='lat' dir='ltr'><strong>non</strong></span> <span class='ocrx_word' id='word_1_248' title='bbox 754 1732 927 1788; x_wconf 89' lang='lat' dir='ltr'><strong>solum</strong></span> <span class='ocrx_word' id='word_1_249' title='bbox 956 1731 1358 1786; x_wconf 88' lang='lat' dir='ltr'><strong>similitudinem</strong></span> <span class='ocrx_word' id='word_1_250' title='bbox 1387 1731 1647 1798; x_wconf 87' lang='lat' dir='ltr'><strong>dicimus,</strong></span> <span class='ocrx_word' id='word_1_251' title='bbox 1677 1731 1772 1786; x_wconf 89' lang='lat' dir='ltr'><strong>sed</strong></span> <span class='ocrx_word' id='word_1_252' title='bbox 1796 1745 1976 1800; x_wconf 73' lang='lat' dir='ltr'><strong>aequa-</strong></span> <span class='ocrx_word' id='word_1_253' title='bbox 2002 1738 2048 1797; x_wconf 83' lang='grc' dir='ltr'><strong>Β</strong></span> <span class='ocrx_word' id='word_1_254' title='bbox 2075 1730 2196 1802; x_wconf 89' lang='lat' dir='ltr'><strong>geli,</strong></span> <span class='ocrx_word' id='word_1_255' title='bbox 2253 1733 2452 1799; x_wconf 89' lang='lat' dir='ltr'><strong>throni,</strong></span> <span class='ocrx_word' id='word_1_256' title='bbox 2503 1734 2924 1801; x_wconf 90' lang='lat' dir='ltr'><strong>dominationes,</strong></span> <span class='ocrx_word' id='word_1_257' title='bbox 2973 1738 3232 1804; x_wconf 79' lang='lat' dir='ltr'><strong>virtutes,</strong></span> <span class='ocrx_word' id='word_1_258' title='bbox 3283 1740 3656 1809; x_wconf 83' lang='lat' dir='ltr'><strong>principatus,</strong></span> 
     </span>
    </p>
   </div>
   <div class='ocr_carea' id='block_1_34' title="bbox 406 1821 1972 1894">
    <p class='ocr_par' dir='ltr' id='par_1_34' title="bbox 406 1821 1972 1894">
     <span class='ocr_line' id='line_1_34' title="bbox 406 1821 1972 1894; baseline 0.001 -18"><span class='ocrx_word' id='word_1_259' title='bbox 406 1823 613 1879; x_wconf 85' lang='lat' dir='ltr'><strong>litatem</strong></span> <span class='ocrx_word' id='word_1_260' title='bbox 629 1864 646 1889; x_wconf 92' lang='lat'><strong>,</strong></span> <span class='ocrx_word' id='word_1_261' title='bbox 669 1833 950 1894; x_wconf 89' lang='lat' dir='ltr'><strong>pr0pterea</strong></span> <span class='ocrx_word' id='word_1_262' title='bbox 975 1825 1119 1880; x_wconf 91' lang='lat' dir='ltr'><strong>enim</strong></span> <span class='ocrx_word' id='word_1_263' title='bbox 1144 1839 1265 1879; x_wconf 90' lang='lat' dir='ltr'><strong>eum</strong></span> <span class='ocrx_word' id='word_1_264' title='bbox 1292 1823 1752 1894; x_wconf 87' lang='lat' dir='ltr'><strong>persequebantur</strong></span> <span class='ocrx_word' id='word_1_265' title='bbox 1774 1821 1972 1887; x_wconf 86' lang='lat' dir='ltr'><strong>Judaei,</strong></span> 
     </span>
    </p>
   </div>
   <div class='ocr_carea' id='block_1_35' title="bbox 409 1913 1974 1983">
    <p class='ocr_par' dir='ltr' id='par_1_35' title="bbox 409 1913 1974 1983">
     <span class='ocr_line' id='line_1_35' title="bbox 409 1913 1974 1983; baseline 0.001 -17"><span class='ocrx_word' id='word_1_266' title='bbox 409 1913 532 1983; x_wconf 84' lang='lat' dir='ltr'><strong>quia</strong></span> <span class='ocrx_word' id='word_1_267' title='bbox 561 1929 665 1969; x_wconf 94' lang='lat' dir='ltr'><strong>non</strong></span> <span class='ocrx_word' id='word_1_268' title='bbox 687 1913 859 1968; x_wconf 91' lang='lat' dir='ltr'><strong>solum</strong></span> <span class='ocrx_word' id='word_1_269' title='bbox 893 1913 1133 1968; x_wconf 84' lang='lat' dir='ltr'><strong>solvebat</strong></span> <span class='ocrx_word' id='word_1_270' title='bbox 1165 1914 1464 1978; x_wconf 89' lang='lat' dir='ltr'><strong>sabbatum,</strong></span> <span class='ocrx_word' id='word_1_271' title='bbox 1498 1916 1593 1969; x_wconf 91' lang='lat' dir='ltr'><strong>sed</strong></span> <span class='ocrx_word' id='word_1_272' title='bbox 1625 1922 1680 1970; x_wconf 89' lang='lat' dir='ltr'><strong>et</strong></span> <span class='ocrx_word' id='word_1_273' title='bbox 1714 1913 1974 1982; x_wconf 74' lang='lat' dir='ltr'><strong>aequalem</strong></span> 
     </span>
    </p>
   </div>
   <div class='ocr_carea' id='block_1_36' title="bbox 406 2001 1973 2073">
    <p class='ocr_par' dir='ltr' id='par_1_36' title="bbox 406 2001 1973 2073">
     <span class='ocr_line' id='line_1_36' title="bbox 406 2001 1973 2073; baseline 0.001 -16"><span class='ocrx_word' id='word_1_274' title='bbox 406 2016 467 2057; x_wconf 87' lang='lat' dir='ltr'><strong>se</strong></span> <span class='ocrx_word' id='word_1_275' title='bbox 495 2001 727 2057; x_wconf 80' lang='lat' dir='ltr'><strong>faciebat</strong></span> <span class='ocrx_word' id='word_1_276' title='bbox 751 2002 880 2059; x_wconf 89' lang='lat' dir='ltr'><strong>Deo.</strong></span> <span class='ocrx_word' id='word_1_277' title='bbox 911 2003 1014 2058; x_wconf 89' lang='lat' dir='ltr'><strong>Ubi</strong></span> <span class='ocrx_word' id='word_1_278' title='bbox 1041 2012 1216 2058; x_wconf 90' lang='lat' dir='ltr'><strong>autem</strong></span> <span class='ocrx_word' id='word_1_279' title='bbox 1241 2003 1520 2073; x_wconf 63' lang='lat' dir='ltr'><strong>inqualitas</strong></span> <span class='ocrx_word' id='word_1_280' title='bbox 1545 2013 1656 2068; x_wconf 90' lang='lat' dir='ltr'><strong>est,</strong></span> <span class='ocrx_word' id='word_1_281' title='bbox 1683 2004 1755 2058; x_wconf 91' lang='lat' dir='ltr'><strong>ibi</strong></span> <span class='ocrx_word' id='word_1_282' title='bbox 1784 2005 1973 2060; x_wconf 85' lang='lat' dir='ltr'><strong>eadem</strong></span> 
     </span>
    </p>
   </div>
   <div class='ocr_carea' id='block_1_37' title="bbox 406 2091 1976 2162">
    <p class='ocr_par' dir='ltr' id='par_1_37' title="bbox 406 2091 1976 2162">
     <span class='ocr_line' id='line_1_37' title="bbox 406 2091 1976 2162; baseline 0.002 -16"><span class='ocrx_word' id='word_1_283' title='bbox 406 2101 599 2146; x_wconf 86' lang='lat' dir='ltr'><strong>natura</strong></span> <span class='ocrx_word' id='word_1_284' title='bbox 619 2132 635 2158; x_wconf 95' lang='lat'><strong>,</strong></span> <span class='ocrx_word' id='word_1_285' title='bbox 667 2105 880 2162; x_wconf 87' lang='lat' dir='ltr'><strong>unaque</strong></span> <span class='ocrx_word' id='word_1_286' title='bbox 907 2092 1228 2147; x_wconf 89' lang='lat' dir='ltr'><strong>substantia.</strong></span> <span class='ocrx_word' id='word_1_287' title='bbox 1272 2091 1385 2146; x_wconf 77' lang='lat' dir='ltr'><strong>Hoc</strong></span> <span class='ocrx_word' id='word_1_288' title='bbox 1421 2101 1504 2146; x_wconf 91' lang='lat' dir='ltr'><strong>est</strong></span> <span class='ocrx_word' id='word_1_289' title='bbox 1536 2091 1665 2147; x_wconf 91' lang='lat' dir='ltr'><strong>illud</strong></span> <span class='ocrx_word' id='word_1_290' title='bbox 1685 2132 1700 2158; x_wconf 95' lang='lat'><strong>,</strong></span> <span class='ocrx_word' id='word_1_291' title='bbox 1735 2093 1877 2162; x_wconf 92' lang='lat' dir='ltr'><strong>quod</strong></span> <span class='ocrx_word' id='word_1_292' title='bbox 1909 2093 1976 2149; x_wconf 91' lang='lat' dir='ltr'><strong>de</strong></span> 
     </span>
    </p>
   </div>
   <div class='ocr_carea' id='block_1_38' title="bbox 406 2181 1972 2253">
    <p class='ocr_par' dir='ltr' id='par_1_38' title="bbox 406 2181 1972 2253">
     <span class='ocr_line' id='line_1_38' title="bbox 406 2181 1972 2253; baseline -0.001 -15"><span class='ocrx_word' id='word_1_293' title='bbox 406 2183 757 2239; x_wconf 83' lang='lat' dir='ltr'><strong>similitudine</strong></span> <span class='ocrx_word' id='word_1_294' title='bbox 800 2183 1040 2253; x_wconf 85' lang='lat' dir='ltr'><strong>loquitur</strong></span> <span class='ocrx_word' id='word_1_295' title='bbox 1084 2192 1139 2238; x_wconf 91' lang='lat' dir='ltr'><strong>et</strong></span> <span class='ocrx_word' id='word_1_296' title='bbox 1187 2182 1520 2252; x_wconf 75' lang='lat' dir='ltr'><strong>Apostolus:</strong></span> <span class='ocrx_word' id='word_1_297' title='bbox 1555 2199 1574 2233; x_wconf 73' lang='grc' dir='ltr'><strong>ι</strong></span> <span class='ocrx_word' id='word_1_298' title='bbox 1610 2181 1783 2237; x_wconf 81' lang='lat' dir='ltr'><strong>Filioli</strong></span> <span class='ocrx_word' id='word_1_299' title='bbox 1827 2182 1972 2248; x_wconf 90' lang='lat' dir='ltr'><strong>mei,</strong></span> 
     </span>
    </p>
   </div>
   <div class='ocr_carea' id='block_1_39' title="bbox 402 2272 1973 2344">
    <p class='ocr_par' dir='ltr' id='par_1_39' title="bbox 402 2272 1973 2344">
     <span class='ocr_line' id='line_1_39' title="bbox 402 2272 1973 2344; baseline 0.001 -17"><span class='ocrx_word' id='word_1_300' title='bbox 402 2288 542 2344; x_wconf 87' lang='lat' dir='ltr'><strong>quos</strong></span> <span class='ocrx_word' id='word_1_301' title='bbox 568 2274 762 2329; x_wconf 87' lang='lat' dir='ltr'><strong>iterum</strong></span> <span class='ocrx_word' id='word_1_302' title='bbox 790 2274 1034 2344; x_wconf 89' lang='lat' dir='ltr'><strong>parturio</strong></span> <span class='ocrx_word' id='word_1_303' title='bbox 1053 2274 1222 2329; x_wconf 89' lang='lat' dir='ltr'><strong>donec</strong></span> <span class='ocrx_word' id='word_1_304' title='bbox 1245 2273 1491 2329; x_wconf 86' lang='lat' dir='ltr'><strong>Christus</strong></span> <span class='ocrx_word' id='word_1_305' title='bbox 1515 2272 1776 2328; x_wconf 85' lang='lat' dir='ltr'><strong>formetur</strong></span> <span class='ocrx_word' id='word_1_306' title='bbox 1803 2273 1856 2327; x_wconf 90' lang='lat' dir='ltr'><strong>in</strong></span> <span class='ocrx_word' id='word_1_307' title='bbox 1881 2288 1973 2328; x_wconf 82' lang='lat' dir='ltr'><strong>vo-</strong></span> 
     </span>
    </p>
   </div>
   <div class='ocr_carea' id='block_1_40' title="bbox 404 2362 1970 2437">
    <p class='ocr_par' dir='ltr' id='par_1_40' title="bbox 404 2362 1970 2437">
     <span class='ocr_line' id='line_1_40' title="bbox 404 2362 1970 2437; baseline -0.001 -16"><span class='ocrx_word' id='word_1_308' title='bbox 404 2365 490 2421; x_wconf 88' lang='lat' dir='ltr'><strong>bis</strong></span> <span class='ocrx_word' id='word_1_309' title='bbox 516 2365 538 2434; x_wconf 86' lang='lat'><strong><em>(</em></strong></span> <span class='ocrx_word' id='word_1_310' title='bbox 559 2362 678 2420; x_wconf 83' lang='lat' dir='ltr'><strong>Gal.</strong></span> <span class='ocrx_word' id='word_1_311' title='bbox 711 2381 762 2420; x_wconf 78' lang='lat' dir='ltr'><strong>iv</strong></span> <span class='ocrx_word' id='word_1_312' title='bbox 787 2365 839 2437; x_wconf 88' lang='lat'><strong>),</strong></span> <span class='ocrx_word' id='word_1_313' title='bbox 869 2384 889 2418; x_wconf 74' lang='grc' dir='ltr'><strong>ι</strong></span> <span class='ocrx_word' id='word_1_314' title='bbox 914 2374 974 2420; x_wconf 82' lang='grc' dir='ltr'><strong>ιιι</strong></span> <span class='ocrx_word' id='word_1_315' title='bbox 999 2366 1269 2437; x_wconf 89' lang='lat' dir='ltr'><strong>recipiatis</strong></span> <span class='ocrx_word' id='word_1_316' title='bbox 1294 2364 1544 2420; x_wconf 84' lang='lat' dir='ltr'><strong>videlicet</strong></span> <span class='ocrx_word' id='word_1_317' title='bbox 1567 2365 1970 2422; x_wconf 88' lang='lat' dir='ltr'><strong>similitudinem</strong></span> 
     </span>
    </p>
   </div>
   <div class='ocr_carea' id='block_1_41' title="bbox 401 2453 1974 2526">
    <p class='ocr_par' dir='ltr' id='par_1_41' title="bbox 401 2453 1974 2526">
     <span class='ocr_line' id='line_1_41' title="bbox 401 2453 1974 2526; baseline 0.001 -16"><span class='ocrx_word' id='word_1_318' title='bbox 401 2453 517 2525; x_wconf 75' lang='lat' dir='ltr'><strong>ejus</strong></span> <span class='ocrx_word' id='word_1_319' title='bbox 537 2495 554 2521; x_wconf 95' lang='lat'><strong>,</strong></span> <span class='ocrx_word' id='word_1_320' title='bbox 580 2470 740 2526; x_wconf 88' lang='lat' dir='ltr'><strong>quam</strong></span> <span class='ocrx_word' id='word_1_321' title='bbox 766 2466 945 2511; x_wconf 88' lang='lat' dir='ltr'><strong>vestro</strong></span> <span class='ocrx_word' id='word_1_322' title='bbox 969 2455 1097 2511; x_wconf 91' lang='lat' dir='ltr'><strong>vitio</strong></span> <span class='ocrx_word' id='word_1_323' title='bbox 1120 2456 1449 2526; x_wconf 87' lang='lat' dir='ltr'><strong>perdidistis.</strong></span> <span class='ocrx_word' id='word_1_324' title='bbox 1475 2455 1539 2510; x_wconf 88' lang='lat' dir='ltr'><strong>Et</strong></span> <span class='ocrx_word' id='word_1_325' title='bbox 1561 2457 1686 2526; x_wconf 90' lang='lat' dir='ltr'><strong>quia</strong></span> <span class='ocrx_word' id='word_1_326' title='bbox 1710 2456 1765 2512; x_wconf 90' lang='lat' dir='ltr'><strong>in</strong></span> <span class='ocrx_word' id='word_1_327' title='bbox 1790 2457 1974 2513; x_wconf 90' lang='lat' dir='ltr'><strong>latinis</strong></span> 
     </span>
    </p>
   </div>
   <div class='ocr_carea' id='block_1_42' title="bbox 402 2548 1970 2620">
    <p class='ocr_par' dir='ltr' id='par_1_42' title="bbox 402 2548 1970 2620">
     <span class='ocr_line' id='line_1_42' title="bbox 402 2548 1970 2620; baseline -0.001 -16"><span class='ocrx_word' id='word_1_328' title='bbox 402 2548 676 2604; x_wconf 85' lang='lat' dir='ltr'><strong>codicibus</strong></span> <span class='ocrx_word' id='word_1_329' title='bbox 697 2562 794 2618; x_wconf 91' lang='lat' dir='ltr'><strong>pro</strong></span> <span class='ocrx_word' id='word_1_330' title='bbox 814 2549 1088 2619; x_wconf 85' lang='lat' dir='ltr'><strong>signaculo</strong></span> <span class='ocrx_word' id='word_1_331' title='bbox 1109 2548 1501 2620; x_wconf 87' lang='lat' dir='ltr'><strong>resignaculum</strong></span> <span class='ocrx_word' id='word_1_332' title='bbox 1524 2548 1970 2620; x_wconf 89' lang='lat' dir='ltr'><strong>legitur,quidam</strong></span> 
     </span>
    </p>
   </div>
   <div class='ocr_carea' id='block_1_43' title="bbox 407 2640 1972 2714">
    <p class='ocr_par' dir='ltr' id='par_1_43' title="bbox 407 2640 1972 2714">
     <span class='ocr_line' id='line_1_43' title="bbox 407 2640 1972 2714; baseline -0.001 -16"><span class='ocrx_word' id='word_1_333' title='bbox 407 2641 486 2698; x_wconf 81' lang='lat' dir='ltr'><strong>sic</strong></span> <span class='ocrx_word' id='word_1_334' title='bbox 504 2640 832 2713; x_wconf 84' lang='lat' dir='ltr'><strong>intelligunt,</strong></span> <span class='ocrx_word' id='word_1_335' title='bbox 857 2643 999 2712; x_wconf 88' lang='lat' dir='ltr'><strong>quod</strong></span> <span class='ocrx_word' id='word_1_336' title='bbox 1021 2642 1354 2714; x_wconf 86' lang='lat' dir='ltr'><strong>signaculum</strong></span> <span class='ocrx_word' id='word_1_337' title='bbox 1380 2642 1473 2696; x_wconf 90' lang='lat' dir='ltr'><strong>Dei</strong></span> <span class='ocrx_word' id='word_1_338' title='bbox 1494 2652 1549 2697; x_wconf 91' lang='lat' dir='ltr'><strong>et</strong></span> <span class='ocrx_word' id='word_1_339' title='bbox 1572 2642 1793 2713; x_wconf 83' lang='lat' dir='ltr'><strong>figuram</strong></span> <span class='ocrx_word' id='word_1_340' title='bbox 1815 2681 1830 2707; x_wconf 95' lang='lat'><strong>,</strong></span> <span class='ocrx_word' id='word_1_341' title='bbox 1851 2657 1972 2712; x_wconf 61' lang='lat' dir='ltr'><strong>qua:</strong></span> 
     </span>
    </p>
   </div>
   <div class='ocr_carea' id='block_1_44' title="bbox 401 2731 1970 2803">
    <p class='ocr_par' dir='ltr' id='par_1_44' title="bbox 401 2731 1970 2803">
     <span class='ocr_line' id='line_1_44' title="bbox 401 2731 1970 2803; baseline 0 -16"><span class='ocrx_word' id='word_1_342' title='bbox 401 2731 548 2787; x_wconf 85' lang='lat' dir='ltr'><strong>velut</strong></span> <span class='ocrx_word' id='word_1_343' title='bbox 577 2731 630 2786; x_wconf 91' lang='lat' dir='ltr'><strong>in</strong></span> <span class='ocrx_word' id='word_1_344' title='bbox 662 2747 785 2788; x_wconf 91' lang='lat' dir='ltr'><strong>cera</strong></span> <span class='ocrx_word' id='word_1_345' title='bbox 818 2732 1130 2788; x_wconf 90' lang='lat' dir='ltr'><strong>mollissima</strong></span> <span class='ocrx_word' id='word_1_346' title='bbox 1157 2747 1411 2803; x_wconf 88' lang='lat' dir='ltr'><strong>expressa</strong></span> <span class='ocrx_word' id='word_1_347' title='bbox 1441 2733 1530 2797; x_wconf 88' lang='lat' dir='ltr'><strong>sit,</strong></span> <span class='ocrx_word' id='word_1_348' title='bbox 1547 2747 1640 2788; x_wconf 88' lang='lat' dir='ltr'><strong>rex</strong></span> <span class='ocrx_word' id='word_1_349' title='bbox 1673 2732 1801 2803; x_wconf 88' lang='lat' dir='ltr'><strong>Tyri</strong></span> <span class='ocrx_word' id='word_1_350' title='bbox 1831 2731 1970 2787; x_wconf 89' lang='lat' dir='ltr'><strong>resi-</strong></span> 
     </span>
    </p>
   </div>
   <div class='ocr_carea' id='block_1_45' title="bbox 400 2823 1972 2897">
    <p class='ocr_par' dir='ltr' id='par_1_45' title="bbox 400 2823 1972 2897">
     <span class='ocr_line' id='line_1_45' title="bbox 400 2823 1972 2897; baseline 0.003 -22"><span class='ocrx_word' id='word_1_351' title='bbox 400 2823 648 2892; x_wconf 79' lang='lat' dir='ltr'><strong>gnaverit</strong></span> <span class='ocrx_word' id='word_1_352' title='bbox 671 2832 834 2892; x_wconf 89' lang='lat' dir='ltr'><strong>atque</strong></span> <span class='ocrx_word' id='word_1_353' title='bbox 859 2824 1149 2893; x_wconf 83' lang='lat' dir='ltr'><strong>perdiderit</strong></span> <span class='ocrx_word' id='word_1_354' title='bbox 1179 2842 1192 2878; x_wconf 91' lang='lat'>:</span> <span class='ocrx_word' id='word_1_355' title='bbox 1228 2833 1285 2878; x_wconf 95' lang='lat' dir='ltr'><strong>ut</strong></span> <span class='ocrx_word' id='word_1_356' title='bbox 1322 2839 1421 2894; x_wconf 89' lang='lat' dir='ltr'><strong>pro</strong></span> <span class='ocrx_word' id='word_1_357' title='bbox 1463 2825 1741 2897; x_wconf 89' lang='lat' dir='ltr'><strong>signaculo</strong></span> <span class='ocrx_word' id='word_1_358' title='bbox 1779 2825 1972 2881; x_wconf 76' lang='lat' dir='ltr'><strong>fecerit</strong></span> 
     </span>
    </p>
   </div>
   <div class='ocr_carea' id='block_1_46' title="bbox 406 2912 1966 2987">
    <p class='ocr_par' dir='ltr' id='par_1_46' title="bbox 406 2912 1966 2987">
     <span class='ocr_line' id='line_1_46' title="bbox 406 2912 1966 2987; baseline 0.001 -19"><span class='ocrx_word' id='word_1_359' title='bbox 406 2912 830 2985; x_wconf 84' lang='lat' dir='ltr'><strong>resiguaculnm,</strong></span> <span class='ocrx_word' id='word_1_360' title='bbox 861 2928 1196 2984; x_wconf 87' lang='lat' dir='ltr'><strong>nequaquam</strong></span> <span class='ocrx_word' id='word_1_361' title='bbox 1229 2915 1434 2970; x_wconf 89' lang='lat' dir='ltr'><strong>habens</strong></span> <span class='ocrx_word' id='word_1_362' title='bbox 1471 2916 1758 2987; x_wconf 88' lang='lat' dir='ltr'><strong>imaginem</strong></span> <span class='ocrx_word' id='word_1_363' title='bbox 1796 2925 1851 2972; x_wconf 93' lang='lat' dir='ltr'><strong>et</strong></span> <span class='ocrx_word' id='word_1_364' title='bbox 1890 2917 1966 2971; x_wconf 88' lang='lat' dir='ltr'><strong>si-</strong></span> 
     </span>
    </p>
   </div>
   <div class='ocr_carea' id='block_1_47' title="bbox 400 3007 1969 3078">
    <p class='ocr_par' dir='ltr' id='par_1_47' title="bbox 400 3007 1969 3078">
     <span class='ocr_line' id='line_1_47' title="bbox 400 3007 1969 3078; baseline 0.002 -16"><span class='ocrx_word' id='word_1_365' title='bbox 400 3007 697 3063; x_wconf 90' lang='lat' dir='ltr'><strong>militudem</strong></span> <span class='ocrx_word' id='word_1_366' title='bbox 721 3007 850 3073; x_wconf 89' lang='lat' dir='ltr'><strong>Dei,</strong></span> <span class='ocrx_word' id='word_1_367' title='bbox 871 3007 1024 3078; x_wconf 82' lang='lat' dir='ltr'><strong>juxta</strong></span> <span class='ocrx_word' id='word_1_368' title='bbox 1049 3023 1210 3078; x_wconf 91' lang='lat' dir='ltr'><strong>quam</strong></span> <span class='ocrx_word' id='word_1_369' title='bbox 1235 3015 1288 3064; x_wconf 91' lang='lat' dir='ltr'><strong>et</strong></span> <span class='ocrx_word' id='word_1_370' title='bbox 1311 3008 1514 3078; x_wconf 87' lang='lat' dir='ltr'><strong>primus</strong></span> <span class='ocrx_word' id='word_1_371' title='bbox 1539 3010 1699 3064; x_wconf 91' lang='lat' dir='ltr'><strong>homo</strong></span> <span class='ocrx_word' id='word_1_372' title='bbox 1721 3010 1969 3066; x_wconf 89' lang='lat' dir='ltr'><strong>conditus</strong></span> 
     </span>
    </p>
   </div>
   <div class='ocr_carea' id='block_1_48' title="bbox 2075 1824 3652 1898">
    <p class='ocr_par' dir='ltr' id='par_1_48' title="bbox 2075 1824 3652 1898">
     <span class='ocr_line' id='line_1_48' title="bbox 2075 1824 3652 1898; baseline 0.007 -23"><span class='ocrx_word' id='word_1_373' title='bbox 2075 1829 2402 1891; x_wconf 89' lang='lat' dir='ltr'><strong>potestates,</strong></span> <span class='ocrx_word' id='word_1_374' title='bbox 2433 1824 2746 1892; x_wconf 87' lang='lat' dir='ltr'><strong>cherubim,</strong></span> <span class='ocrx_word' id='word_1_375' title='bbox 2777 1835 2939 1896; x_wconf 89' lang='lat' dir='ltr'><strong>atque</strong></span> <span class='ocrx_word' id='word_1_376' title='bbox 2981 1828 3252 1898; x_wconf 89' lang='lat' dir='ltr'><strong>seraphim</strong></span> <span class='ocrx_word' id='word_1_377' title='bbox 3293 1839 3486 1898; x_wconf 86' lang='lat' dir='ltr'><strong>aperta</strong></span> <span class='ocrx_word' id='word_1_378' title='bbox 3525 1848 3652 1886; x_wconf 89' lang='lat' dir='ltr'><strong>nar-</strong></span> 
     </span>
    </p>
   </div>
   <div class='ocr_carea' id='block_1_49' title="bbox 2077 1911 3649 1990">
    <p class='ocr_par' dir='ltr' id='par_1_49' title="bbox 2077 1911 3649 1990">
     <span class='ocr_line' id='line_1_49' title="bbox 2077 1911 3649 1990; baseline 0.01 -26"><span class='ocrx_word' id='word_1_379' title='bbox 2077 1911 2287 1968; x_wconf 89' lang='lat' dir='ltr'><strong>ratione</strong></span> <span class='ocrx_word' id='word_1_380' title='bbox 2326 1923 2718 1988; x_wconf 86' lang='lat' dir='ltr'><strong>memorantur,</strong></span> <span class='ocrx_word' id='word_1_381' title='bbox 2762 1933 3115 1987; x_wconf 88' lang='lat' dir='ltr'><strong>supernorum</strong></span> <span class='ocrx_word' id='word_1_382' title='bbox 3182 1919 3380 1974; x_wconf 83' lang='lat' dir='ltr'><strong>civium</strong></span> <span class='ocrx_word' id='word_1_383' title='bbox 3432 1932 3649 1990; x_wconf 76' lang='lat' dir='ltr'><strong>quanta:</strong></span> 
     </span>
    </p>
   </div>
   <div class='ocr_carea' id='block_1_50' title="bbox 2074 2001 3650 2077">
    <p class='ocr_par' dir='ltr' id='par_1_50' title="bbox 2074 2001 3650 2077">
     <span class='ocr_line' id='line_1_50' title="bbox 2074 2001 3650 2077; baseline 0.008 -21"><span class='ocrx_word' id='word_1_384' title='bbox 2074 2001 2186 2057; x_wconf 92' lang='lat' dir='ltr'><strong>sint</strong></span> <span class='ocrx_word' id='word_1_385' title='bbox 2227 2003 2600 2060; x_wconf 90' lang='lat' dir='ltr'><strong>distinctiones</strong></span> <span class='ocrx_word' id='word_1_386' title='bbox 2642 2009 2964 2073; x_wconf 83' lang='lat' dir='ltr'><strong>ostenditur,</strong></span> <span class='ocrx_word' id='word_1_387' title='bbox 3012 2010 3208 2077; x_wconf 91' lang='lat' dir='ltr'><strong>quibus</strong></span> <span class='ocrx_word' id='word_1_388' title='bbox 3258 2019 3437 2065; x_wconf 89' lang='lat' dir='ltr'><strong>tamen</strong></span> <span class='ocrx_word' id='word_1_389' title='bbox 3478 2012 3650 2068; x_wconf 84' lang='lat' dir='ltr'><strong>Bche-</strong></span> 
     </span>
    </p>
   </div>
   <div class='ocr_carea' id='block_1_51' title="bbox 2074 2093 3644 2173">
    <p class='ocr_par' dir='ltr' id='par_1_51' title="bbox 2074 2093 3644 2173">
     <span class='ocr_line' id='line_1_51' title="bbox 2074 2093 3644 2173; baseline 0.008 -28"><span class='ocrx_word' id='word_1_390' title='bbox 2074 2093 2223 2147; x_wconf 90' lang='lat' dir='ltr'><strong>moth</strong></span> <span class='ocrx_word' id='word_1_391' title='bbox 2256 2093 2356 2149; x_wconf 91' lang='lat' dir='ltr'><strong>iste</strong></span> <span class='ocrx_word' id='word_1_392' title='bbox 2385 2104 2604 2164; x_wconf 86' lang='lat' dir='ltr'><strong>opertus</strong></span> <span class='ocrx_word' id='word_1_393' title='bbox 2635 2095 2796 2154; x_wconf 86' lang='lat' dir='ltr'><strong>fuisse</strong></span> <span class='ocrx_word' id='word_1_394' title='bbox 2825 2099 3166 2166; x_wconf 87' lang='lat' dir='ltr'><strong>describitur,</strong></span> <span class='ocrx_word' id='word_1_395' title='bbox 3211 2101 3335 2170; x_wconf 91' lang='lat' dir='ltr'><strong>quia</strong></span> <span class='ocrx_word' id='word_1_396' title='bbox 3364 2118 3459 2158; x_wconf 91' lang='lat' dir='ltr'><strong>eos</strong></span> <span class='ocrx_word' id='word_1_397' title='bbox 3489 2105 3644 2173; x_wconf 85' lang='lat' dir='ltr'><strong>quasi</strong></span> 
     </span>
    </p>
   </div>
   <div class='ocr_carea' id='block_1_52' title="bbox 2074 2185 3646 2259">
    <p class='ocr_par' dir='ltr' id='par_1_52' title="bbox 2074 2185 3646 2259">
     <span class='ocr_line' id='line_1_52' title="bbox 2074 2185 3646 2259; baseline 0.007 -24"><span class='ocrx_word' id='word_1_398' title='bbox 2074 2190 2278 2236; x_wconf 88' lang='lat' dir='ltr'><strong>vestem</strong></span> <span class='ocrx_word' id='word_1_399' title='bbox 2308 2185 2376 2238; x_wconf 90' lang='lat' dir='ltr'><strong>ad</strong></span> <span class='ocrx_word' id='word_1_400' title='bbox 2402 2195 2776 2240; x_wconf 87' lang='lat' dir='ltr'><strong>ornamentum</strong></span> <span class='ocrx_word' id='word_1_401' title='bbox 2807 2201 2963 2242; x_wconf 90' lang='lat' dir='ltr'><strong>suum</strong></span> <span class='ocrx_word' id='word_1_402' title='bbox 2993 2189 3211 2254; x_wconf 90' lang='lat' dir='ltr'><strong>habuit,</strong></span> <span class='ocrx_word' id='word_1_403' title='bbox 3241 2205 3471 2259; x_wconf 90' lang='lat' dir='ltr'><strong>quorum</strong></span> <span class='ocrx_word' id='word_1_404' title='bbox 3520 2193 3646 2247; x_wconf 91' lang='lat' dir='ltr'><strong>dum</strong></span> 
     </span>
    </p>
   </div>
   <div class='ocr_carea' id='block_1_53' title="bbox 2075 2269 3649 2348">
    <p class='ocr_par' dir='ltr' id='par_1_53' title="bbox 2075 2269 3649 2348">
     <span class='ocr_line' id='line_1_53' title="bbox 2075 2269 3649 2348; baseline 0.008 -25"><span class='ocrx_word' id='word_1_405' title='bbox 2075 2269 2376 2326; x_wconf 86' lang='lat' dir='ltr'><strong>claritatem</strong></span> <span class='ocrx_word' id='word_1_406' title='bbox 2422 2276 2861 2340; x_wconf 85' lang='lat' dir='ltr'><strong>transcenderet,</strong></span> <span class='ocrx_word' id='word_1_407' title='bbox 2911 2291 2976 2331; x_wconf 85' lang='lat' dir='ltr'><strong>ex</strong></span> <span class='ocrx_word' id='word_1_408' title='bbox 3017 2291 3202 2332; x_wconf 92' lang='lat' dir='ltr'><strong>eorum</strong></span> <span class='ocrx_word' id='word_1_409' title='bbox 3245 2282 3649 2348; x_wconf 88' lang='lat' dir='ltr'><strong>comparatione</strong></span> 
     </span>
    </p>
   </div>
   <div class='ocr_carea' id='block_1_54' title="bbox 2072 2361 3648 2442">
    <p class='ocr_par' dir='ltr' id='par_1_54' title="bbox 2072 2361 3648 2442">
     <span class='ocr_line' id='line_1_54' title="bbox 2072 2361 3648 2442; baseline 0.008 -27"><span class='ocrx_word' id='word_1_410' title='bbox 2072 2361 2270 2418; x_wconf 88' lang='lat' dir='ltr'><strong>clarior</strong></span> <span class='ocrx_word' id='word_1_411' title='bbox 2295 2363 2411 2418; x_wconf 92' lang='lat' dir='ltr'><strong>fuit.</strong></span> <span class='ocrx_word' id='word_1_412' title='bbox 2431 2366 2505 2419; x_wconf 93' lang='lat' dir='ltr'><strong>De</strong></span> <span class='ocrx_word' id='word_1_413' title='bbox 2527 2364 2678 2434; x_wconf 83' lang='lat' dir='ltr'><strong>cujus</strong></span> <span class='ocrx_word' id='word_1_414' title='bbox 2705 2366 2813 2421; x_wconf 92' lang='lat' dir='ltr'><strong>illic</strong></span> <span class='ocrx_word' id='word_1_415' title='bbox 2836 2366 3011 2424; x_wconf 87' lang='lat' dir='ltr'><strong>adhuc</strong></span> <span class='ocrx_word' id='word_1_416' title='bbox 3031 2369 3395 2440; x_wconf 88' lang='lat' dir='ltr'><strong>descriptione</strong></span> <span class='ocrx_word' id='word_1_417' title='bbox 3421 2372 3648 2442; x_wconf 87' lang='lat' dir='ltr'><strong>subjun-</strong></span> 
     </span>
    </p>
   </div>
   <div class='ocr_carea' id='block_1_55' title="bbox 2072 2450 3645 2523">
    <p class='ocr_par' dir='ltr' id='par_1_55' title="bbox 2072 2450 3645 2523">
     <span class='ocr_line' id='line_1_55' title="bbox 2072 2450 3645 2523; baseline 0.007 -20"><span class='ocrx_word' id='word_1_418' title='bbox 2072 2450 2151 2522; x_wconf 88' lang='lat' dir='ltr'><strong>git</strong></span> <span class='ocrx_word' id='word_1_419' title='bbox 2183 2468 2196 2504; x_wconf 92' lang='lat'>:</span> <span class='ocrx_word' id='word_1_420' title='bbox 2235 2469 2252 2502; x_wconf 79' lang='grc' dir='ltr'><strong>ι</strong></span> <span class='ocrx_word' id='word_1_421' title='bbox 2283 2451 2488 2506; x_wconf 84' lang='lat' dir='ltr'><strong>Aurum</strong></span> <span class='ocrx_word' id='word_1_422' title='bbox 2518 2469 2654 2523; x_wconf 87' lang='lat' dir='ltr'><strong>opus</strong></span> <span class='ocrx_word' id='word_1_423' title='bbox 2682 2454 2891 2510; x_wconf 89' lang='lat' dir='ltr'><strong>decoris</strong></span> <span class='ocrx_word' id='word_1_424' title='bbox 2920 2456 3033 2521; x_wconf 90' lang='lat' dir='ltr'><strong>tui,</strong></span> <span class='ocrx_word' id='word_1_425' title='bbox 3063 2467 3118 2512; x_wconf 93' lang='lat' dir='ltr'><strong>et</strong></span> <span class='ocrx_word' id='word_1_426' title='bbox 3161 2458 3418 2513; x_wconf 78' lang='lat' dir='ltr'><strong>foramina</strong></span> <span class='ocrx_word' id='word_1_427' title='bbox 3460 2468 3550 2514; x_wconf 89' lang='lat' dir='ltr'><strong>tua</strong></span> <span class='ocrx_word' id='word_1_428' title='bbox 3590 2460 3645 2514; x_wconf 93' lang='lat' dir='ltr'><strong>in</strong></span> 
     </span>
    </p>
   </div>
   <div class='ocr_carea' id='block_1_56' title="bbox 2072 2544 3644 2622">
    <p class='ocr_par' dir='ltr' id='par_1_56' title="bbox 2072 2544 3644 2622">
     <span class='ocr_line' id='line_1_56' title="bbox 2072 2544 3644 2622; baseline 0.005 -24"><span class='ocrx_word' id='word_1_429' title='bbox 2072 2544 2158 2599; x_wconf 91' lang='lat' dir='ltr'><strong>die</strong></span> <span class='ocrx_word' id='word_1_430' title='bbox 2194 2559 2299 2614; x_wconf 91' lang='lat' dir='ltr'><strong>qua</strong></span> <span class='ocrx_word' id='word_1_431' title='bbox 2338 2546 2585 2602; x_wconf 88' lang='lat' dir='ltr'><strong>conditus</strong></span> <span class='ocrx_word' id='word_1_432' title='bbox 2619 2563 2678 2603; x_wconf 90' lang='lat' dir='ltr'><strong>es</strong></span> <span class='ocrx_word' id='word_1_433' title='bbox 2712 2559 3008 2618; x_wconf 67' lang='lat' dir='ltr'><strong>prmparata</strong></span> <span class='ocrx_word' id='word_1_434' title='bbox 3047 2559 3190 2605; x_wconf 90' lang='lat' dir='ltr'><strong>sunt.</strong></span> <span class='ocrx_word' id='word_1_435' title='bbox 3222 2570 3242 2604; x_wconf 76' lang='grc' dir='ltr'><strong>ι</strong></span> <span class='ocrx_word' id='word_1_436' title='bbox 3272 2551 3480 2606; x_wconf 84' lang='lat' dir='ltr'><strong>Aurum</strong></span> <span class='ocrx_word' id='word_1_437' title='bbox 3510 2568 3644 2622; x_wconf 91' lang='lat' dir='ltr'><strong>opus</strong></span> 
     </span>
    </p>
   </div>
   <div class='ocr_carea' id='block_1_57' title="bbox 2071 2632 3642 2709">
    <p class='ocr_par' dir='ltr' id='par_1_57' title="bbox 2071 2632 3642 2709">
     <span class='ocr_line' id='line_1_57' title="bbox 2071 2632 3642 2709; baseline 0.006 -20"><span class='ocrx_word' id='word_1_438' title='bbox 2071 2633 2284 2689; x_wconf 87' lang='lat' dir='ltr'><strong>decoris</strong></span> <span class='ocrx_word' id='word_1_439' title='bbox 2319 2632 2438 2704; x_wconf 89' lang='lat' dir='ltr'><strong>ejus</strong></span> <span class='ocrx_word' id='word_1_440' title='bbox 2471 2635 2684 2702; x_wconf 79' lang='lat' dir='ltr'><strong>extitit,</strong></span> <span class='ocrx_word' id='word_1_441' title='bbox 2723 2639 2851 2707; x_wconf 88' lang='lat' dir='ltr'><strong>quia</strong></span> <span class='ocrx_word' id='word_1_442' title='bbox 2892 2639 3173 2709; x_wconf 64' lang='lat' dir='ltr'><strong>sapientiae</strong></span> <span class='ocrx_word' id='word_1_443' title='bbox 3219 2640 3469 2698; x_wconf 87' lang='lat' dir='ltr'><strong>claritate</strong></span> <span class='ocrx_word' id='word_1_444' title='bbox 3512 2659 3642 2698; x_wconf 85' lang='lat' dir='ltr'><strong>can-</strong></span> 
     </span>
    </p>
   </div>
   <div class='ocr_carea' id='block_1_58' title="bbox 2071 2724 3642 2806">
    <p class='ocr_par' dir='ltr' id='par_1_58' title="bbox 2071 2724 3642 2806">
     <span class='ocr_line' id='line_1_58' title="bbox 2071 2724 3642 2806; baseline 0.006 -26"><span class='ocrx_word' id='word_1_445' title='bbox 2071 2724 2220 2792; x_wconf 90' lang='lat' dir='ltr'><strong>duit,</strong></span> <span class='ocrx_word' id='word_1_446' title='bbox 2249 2741 2412 2796; x_wconf 91' lang='lat' dir='ltr'><strong>quam</strong></span> <span class='ocrx_word' id='word_1_447' title='bbox 2441 2728 2578 2783; x_wconf 87' lang='lat' dir='ltr'><strong>bene</strong></span> <span class='ocrx_word' id='word_1_448' title='bbox 2606 2739 2822 2785; x_wconf 86' lang='lat' dir='ltr'><strong>creatus</strong></span> <span class='ocrx_word' id='word_1_449' title='bbox 2851 2732 3089 2801; x_wconf 84' lang='lat' dir='ltr'><strong>accepit,</strong></span> <span class='ocrx_word' id='word_1_450' title='bbox 3120 2731 3380 2806; x_wconf 76' lang='lat' dir='ltr'><strong>foramina</strong></span> <span class='ocrx_word' id='word_1_451' title='bbox 3410 2749 3541 2790; x_wconf 86' lang='lat' dir='ltr'><strong>vero</strong></span> <span class='ocrx_word' id='word_1_452' title='bbox 3565 2735 3642 2789; x_wconf 88' lang='lat' dir='ltr'><strong>id-</strong></span> 
     </span>
    </p>
   </div>
   <div class='ocr_carea' id='block_1_59' title="bbox 2071 2813 3644 2886">
    <p class='ocr_par' dir='ltr' id='par_1_59' title="bbox 2071 2813 3644 2886">
     <span class='ocr_line' id='line_1_59' title="bbox 2071 2813 3644 2886; baseline 0.008 -18"><span class='ocrx_word' id='word_1_453' title='bbox 2071 2813 2222 2870; x_wconf 89' lang='lat' dir='ltr'><strong>circo</strong></span> <span class='ocrx_word' id='word_1_454' title='bbox 2249 2816 2304 2869; x_wconf 92' lang='lat' dir='ltr'><strong>in</strong></span> <span class='ocrx_word' id='word_1_455' title='bbox 2334 2815 2602 2886; x_wconf 89' lang='lat' dir='ltr'><strong>lapidibus</strong></span> <span class='ocrx_word' id='word_1_456' title='bbox 2636 2817 2800 2884; x_wconf 84' lang='lat' dir='ltr'><strong>fiunt,</strong></span> <span class='ocrx_word' id='word_1_457' title='bbox 2836 2829 2898 2874; x_wconf 94' lang='lat' dir='ltr'><strong>ut</strong></span> <span class='ocrx_word' id='word_1_458' title='bbox 2925 2821 3178 2876; x_wconf 88' lang='lat' dir='ltr'><strong>vinculati</strong></span> <span class='ocrx_word' id='word_1_459' title='bbox 3222 2838 3356 2878; x_wconf 90' lang='lat' dir='ltr'><strong>auro</strong></span> <span class='ocrx_word' id='word_1_460' title='bbox 3388 2825 3445 2879; x_wconf 89' lang='lat' dir='ltr'><strong>in</strong></span> <span class='ocrx_word' id='word_1_461' title='bbox 3484 2841 3644 2880; x_wconf 85' lang='lat' dir='ltr'><strong>oma-</strong></span> 
     </span>
    </p>
   </div>
   <div class='ocr_carea' id='block_1_60' title="bbox 2071 2905 3637 2983">
    <p class='ocr_par' dir='ltr' id='par_1_60' title="bbox 2071 2905 3637 2983">
     <span class='ocr_line' id='line_1_60' title="bbox 2071 2905 3637 2983; baseline 0.007 -25"><span class='ocrx_word' id='word_1_462' title='bbox 2071 2905 2239 2960; x_wconf 86' lang='lat' dir='ltr'><strong>menti</strong></span> <span class='ocrx_word' id='word_1_463' title='bbox 2280 2908 2668 2976; x_wconf 90' lang='lat' dir='ltr'><strong>compositione</strong></span> <span class='ocrx_word' id='word_1_464' title='bbox 2702 2908 2999 2980; x_wconf 76' lang='lat' dir='ltr'><strong>junguntur</strong></span> <span class='ocrx_word' id='word_1_465' title='bbox 3037 2922 3094 2966; x_wconf 92' lang='lat' dir='ltr'><strong>et</strong></span> <span class='ocrx_word' id='word_1_466' title='bbox 3139 2928 3476 2983; x_wconf 90' lang='lat' dir='ltr'><strong>nequaquam</strong></span> <span class='ocrx_word' id='word_1_467' title='bbox 3512 2931 3543 2968; x_wconf 91' lang='lat' dir='ltr'><strong>a</strong></span> <span class='ocrx_word' id='word_1_468' title='bbox 3580 2931 3637 2970; x_wconf 92' lang='lat' dir='ltr'><strong>se</strong></span> 
     </span>
    </p>
   </div>
   <div class='ocr_carea' id='block_1_61' title="bbox 2069 2992 3635 3072">
    <p class='ocr_par' dir='ltr' id='par_1_61' title="bbox 2069 2992 3635 3072">
     <span class='ocr_line' id='line_1_61' title="bbox 2069 2992 3635 3072; baseline 0.008 -25"><span class='ocrx_word' id='word_1_469' title='bbox 2069 2992 2332 3049; x_wconf 75' lang='lat' dir='ltr'><strong>dissident</strong></span> <span class='ocrx_word' id='word_1_470' title='bbox 2351 3035 2364 3060; x_wconf 94' lang='lat'><strong>,</strong></span> <span class='ocrx_word' id='word_1_471' title='bbox 2397 3010 2534 3064; x_wconf 92' lang='lat' dir='ltr'><strong>quos</strong></span> <span class='ocrx_word' id='word_1_472' title='bbox 2591 2996 2911 3053; x_wconf 91' lang='lat' dir='ltr'><strong>interfusum</strong></span> <span class='ocrx_word' id='word_1_473' title='bbox 2942 3015 3135 3055; x_wconf 88' lang='lat' dir='ltr'><strong>aurum</strong></span> <span class='ocrx_word' id='word_1_474' title='bbox 3167 3001 3385 3072; x_wconf 84' lang='lat' dir='ltr'><strong>repletis</strong></span> <span class='ocrx_word' id='word_1_475' title='bbox 3416 3003 3635 3058; x_wconf 86' lang='lat' dir='ltr'><strong>forami-</strong></span> 
     </span>
    </p>
   </div>
   <div class='ocr_carea' id='block_1_62' title="bbox 400 3083 3638 3170">
    <p class='ocr_par' dir='ltr' id='par_1_62' title="bbox 400 3083 3638 3170">
     <span class='ocr_line' id='line_1_62' title="bbox 400 3083 3638 3170; baseline 0.001 -15"><span class='ocrx_word' id='word_1_476' title='bbox 400 3108 517 3164; x_wconf 90' lang='lat' dir='ltr'><strong>est,</strong></span> <span class='ocrx_word' id='word_1_477' title='bbox 547 3099 760 3154; x_wconf 90' lang='lat' dir='ltr'><strong>dicente</strong></span> <span class='ocrx_word' id='word_1_478' title='bbox 788 3097 898 3154; x_wconf 91' lang='lat' dir='ltr'><strong>Deo</strong></span> <span class='ocrx_word' id='word_1_479' title='bbox 927 3117 941 3153; x_wconf 89' lang='lat'><strong>:</strong></span> <span class='ocrx_word' id='word_1_480' title='bbox 975 3099 1257 3154; x_wconf 85' lang='lat' dir='ltr'><strong>Faciamus</strong></span> <span class='ocrx_word' id='word_1_481' title='bbox 1286 3099 1558 3154; x_wconf 89' lang='lat' dir='ltr'><strong>hominem</strong></span> <span class='ocrx_word' id='word_1_482' title='bbox 1586 3099 1652 3154; x_wconf 86' lang='lat' dir='ltr'><strong>ad</strong></span> <span class='ocrx_word' id='word_1_483' title='bbox 1677 3100 1962 3170; x_wconf 85' lang='lat' dir='ltr'><strong>imaginem</strong></span> <span class='ocrx_word' id='word_1_484' title='bbox 1993 3095 2037 3156; x_wconf 92' lang='lat' dir='ltr'><strong>C</strong></span> <span class='ocrx_word' id='word_1_485' title='bbox 2069 3083 2226 3139; x_wconf 67' lang='lat' dir='ltr'><strong>“ibus</strong></span> <span class='ocrx_word' id='word_1_486' title='bbox 2268 3084 2419 3154; x_wconf 59' lang='lat' dir='ltr'><strong>“83L</strong></span> <span class='ocrx_word' id='word_1_487' title='bbox 2468 3087 2638 3156; x_wconf 71' lang='lat' dir='ltr'><strong>Hujus</strong></span> <span class='ocrx_word' id='word_1_488' title='bbox 2681 3102 2808 3160; x_wconf 66' lang='lat' dir='ltr'><strong>ergo</strong></span> <span class='ocrx_word' id='word_1_489' title='bbox 2851 3089 3046 3159; x_wconf 65' lang='lat' dir='ltr'><strong>lapidis</strong></span> <span class='ocrx_word' id='word_1_490' title='bbox 3088 3092 3141 3146; x_wconf 76' lang='grc' dir='ltr'><strong>ίη</strong></span> <span class='ocrx_word' id='word_1_491' title='bbox 3188 3093 3275 3147; x_wconf 69' lang='lat' dir='ltr'><strong>die</strong></span> <span class='ocrx_word' id='word_1_492' title='bbox 3314 3095 3638 3150; x_wconf 63' lang='lat' dir='ltr'><strong>conditionis</strong></span> 
     </span>
    </p>
   </div>
   <div class='ocr_carea' id='block_1_63' title="bbox 399 3187 1966 3259">
    <p class='ocr_par' dir='ltr' id='par_1_63' title="bbox 399 3187 1966 3259">
     <span class='ocr_line' id='line_1_63' title="bbox 399 3187 1966 3259; baseline 0.001 -16"><span class='ocrx_word' id='word_1_493' title='bbox 399 3196 456 3243; x_wconf 89' lang='lat' dir='ltr'><strong>et</strong></span> <span class='ocrx_word' id='word_1_494' title='bbox 481 3188 884 3243; x_wconf 89' lang='lat' dir='ltr'><strong>similitudinem</strong></span> <span class='ocrx_word' id='word_1_495' title='bbox 913 3197 1174 3242; x_wconf 90' lang='lat' dir='ltr'><strong>nostram.</strong></span> <span class='ocrx_word' id='word_1_496' title='bbox 1202 3187 1270 3242; x_wconf 87' lang='lat' dir='ltr'><strong>Et</strong></span> <span class='ocrx_word' id='word_1_497' title='bbox 1296 3188 1586 3242; x_wconf 89' lang='lat' dir='ltr'><strong>notandum</strong></span> <span class='ocrx_word' id='word_1_498' title='bbox 1615 3187 1757 3257; x_wconf 86' lang='lat' dir='ltr'><strong>quod</strong></span> <span class='ocrx_word' id='word_1_499' title='bbox 1789 3188 1966 3259; x_wconf 86' lang='lat' dir='ltr'><strong>imago</strong></span> 
     </span>
    </p>
   </div>
   <div class='ocr_carea' id='block_1_64' title="bbox 398 3277 1964 3348">
    <p class='ocr_par' dir='ltr' id='par_1_64' title="bbox 398 3277 1964 3348">
     <span class='ocr_line' id='line_1_64' title="bbox 398 3277 1964 3348; baseline 0 -16"><span class='ocrx_word' id='word_1_500' title='bbox 398 3287 526 3332; x_wconf 90' lang='lat' dir='ltr'><strong>tunc</strong></span> <span class='ocrx_word' id='word_1_501' title='bbox 556 3277 697 3332; x_wconf 87' lang='lat' dir='ltr'><strong>facta</strong></span> <span class='ocrx_word' id='word_1_502' title='bbox 744 3277 814 3334; x_wconf 88' lang='lat' dir='ltr'><strong>sit</strong></span> <span class='ocrx_word' id='word_1_503' title='bbox 863 3285 1086 3341; x_wconf 89' lang='lat' dir='ltr'><strong>tantum,</strong></span> <span class='ocrx_word' id='word_1_504' title='bbox 1128 3277 1423 3332; x_wconf 88' lang='lat' dir='ltr'><strong>similitudo</strong></span> <span class='ocrx_word' id='word_1_505' title='bbox 1463 3277 1516 3332; x_wconf 92' lang='lat' dir='ltr'><strong>in</strong></span> <span class='ocrx_word' id='word_1_506' title='bbox 1555 3277 1757 3334; x_wconf 89' lang='lat' dir='ltr'><strong>Christi</strong></span> <span class='ocrx_word' id='word_1_507' title='bbox 1787 3279 1964 3348; x_wconf 88' lang='lat' dir='ltr'><strong>bapti-</strong></span> 
     </span>
    </p>
   </div>
   <div class='ocr_carea' id='block_1_65' title="bbox 395 3366 1964 3438">
    <p class='ocr_par' dir='ltr' id='par_1_65' title="bbox 395 3366 1964 3438">
     <span class='ocr_line' id='line_1_65' title="bbox 395 3366 1964 3438; baseline 0 -16"><span class='ocrx_word' id='word_1_508' title='bbox 395 3375 568 3422; x_wconf 82' lang='lat' dir='ltr'><strong>smate</strong></span> <span class='ocrx_word' id='word_1_509' title='bbox 615 3366 970 3438; x_wconf 90' lang='lat' dir='ltr'><strong>compleatur,</strong></span> <span class='ocrx_word' id='word_1_510' title='bbox 1013 3375 1068 3421; x_wconf 89' lang='lat' dir='ltr'><strong>et</strong></span> <span class='ocrx_word' id='word_1_511' title='bbox 1110 3375 1503 3435; x_wconf 90' lang='lat' dir='ltr'><strong>consequenter</strong></span> <span class='ocrx_word' id='word_1_512' title='bbox 1543 3367 1593 3423; x_wconf 91' lang='lat' dir='ltr'><strong>ei</strong></span> <span class='ocrx_word' id='word_1_513' title='bbox 1633 3367 1718 3423; x_wconf 93' lang='lat' dir='ltr'><strong>cui</strong></span> <span class='ocrx_word' id='word_1_514' title='bbox 1761 3368 1964 3422; x_wconf 90' lang='lat' dir='ltr'><strong>dictum</strong></span> 
     </span>
    </p>
   </div>
   <div class='ocr_carea' id='block_1_66' title="bbox 394 3454 1962 3529">
    <p class='ocr_par' dir='ltr' id='par_1_66' title="bbox 394 3454 1962 3529">
     <span class='ocr_line' id='line_1_66' title="bbox 394 3454 1962 3529; baseline 0.001 -17"><span class='ocrx_word' id='word_1_515' title='bbox 394 3463 496 3519; x_wconf 93' lang='lat' dir='ltr'><strong>cst,</strong></span> <span class='ocrx_word' id='word_1_516' title='bbox 513 3456 593 3511; x_wconf 87' lang='lat' dir='ltr'><strong>Tu</strong></span> <span class='ocrx_word' id='word_1_517' title='bbox 616 3455 948 3528; x_wconf 88' lang='lat' dir='ltr'><strong>signaculum</strong></span> <span class='ocrx_word' id='word_1_518' title='bbox 971 3456 1357 3522; x_wconf 88' lang='lat' dir='ltr'><strong>similitudinis,</strong></span> <span class='ocrx_word' id='word_1_519' title='bbox 1382 3454 1628 3529; x_wconf 88' lang='lat' dir='ltr'><strong>jungitur</strong></span> <span class='ocrx_word' id='word_1_520' title='bbox 1654 3457 1841 3528; x_wconf 90' lang='lat' dir='ltr'><strong>plenus</strong></span> <span class='ocrx_word' id='word_1_521' title='bbox 1871 3473 1962 3514; x_wconf 89' lang='lat' dir='ltr'><strong>sa-</strong></span> 
     </span>
    </p>
   </div>
   <div class='ocr_carea' id='block_1_67' title="bbox 396 3547 1963 3619">
    <p class='ocr_par' dir='ltr' id='par_1_67' title="bbox 396 3547 1963 3619">
     <span class='ocr_line' id='line_1_67' title="bbox 396 3547 1963 3619; baseline 0.001 -17"><span class='ocrx_word' id='word_1_522' title='bbox 396 3547 611 3618; x_wconf 73' lang='lat' dir='ltr'><strong>pientia:</strong></span> <span class='ocrx_word' id='word_1_523' title='bbox 639 3557 694 3604; x_wconf 89' lang='lat' dir='ltr'><strong>et</strong></span> <span class='ocrx_word' id='word_1_524' title='bbox 721 3547 992 3619; x_wconf 91' lang='lat' dir='ltr'><strong>perfectus</strong></span> <span class='ocrx_word' id='word_1_525' title='bbox 1012 3549 1224 3613; x_wconf 89' lang='lat' dir='ltr'><strong>decore,</strong></span> <span class='ocrx_word' id='word_1_526' title='bbox 1244 3548 1357 3604; x_wconf 89' lang='lat' dir='ltr'><strong>sive</strong></span> <span class='ocrx_word' id='word_1_527' title='bbox 1387 3549 1538 3618; x_wconf 89' lang='lat' dir='ltr'><strong>quasi</strong></span> <span class='ocrx_word' id='word_1_528' title='bbox 1561 3550 1788 3605; x_wconf 88' lang='lat' dir='ltr'><strong>diversis</strong></span> <span class='ocrx_word' id='word_1_529' title='bbox 1814 3549 1963 3605; x_wconf 81' lang='lat' dir='ltr'><strong>flori-</strong></span> 
     </span>
    </p>
   </div>
   <div class='ocr_carea' id='block_1_68' title="bbox 395 3637 1960 3710">
    <p class='ocr_par' dir='ltr' id='par_1_68' title="bbox 395 3637 1960 3710">
     <span class='ocr_line' id='line_1_68' title="bbox 395 3637 1960 3710; baseline -0.001 -16"><span class='ocrx_word' id='word_1_530' title='bbox 395 3637 494 3694; x_wconf 87' lang='lat' dir='ltr'><strong>bus</strong></span> <span class='ocrx_word' id='word_1_531' title='bbox 519 3647 710 3694; x_wconf 90' lang='lat' dir='ltr'><strong>ornata</strong></span> <span class='ocrx_word' id='word_1_532' title='bbox 739 3647 901 3710; x_wconf 87' lang='lat' dir='ltr'><strong>atque</strong></span> <span class='ocrx_word' id='word_1_533' title='bbox 930 3638 1224 3709; x_wconf 91' lang='lat' dir='ltr'><strong>composita</strong></span> <span class='ocrx_word' id='word_1_534' title='bbox 1253 3653 1449 3693; x_wconf 89' lang='lat' dir='ltr'><strong>corona</strong></span> <span class='ocrx_word' id='word_1_535' title='bbox 1478 3639 1736 3693; x_wconf 92' lang='lat' dir='ltr'><strong>virtutum</strong></span> <span class='ocrx_word' id='word_1_536' title='bbox 1757 3679 1772 3705; x_wconf 97' lang='lat'><strong>,</strong></span> <span class='ocrx_word' id='word_1_537' title='bbox 1801 3655 1960 3709; x_wconf 88' lang='lat' dir='ltr'><strong>quam</strong></span> 
     </span>
    </p>
   </div>
   <div class='ocr_carea' id='block_1_69' title="bbox 394 3729 1960 3801">
    <p class='ocr_par' dir='ltr' id='par_1_69' title="bbox 394 3729 1960 3801">
     <span class='ocr_line' id='line_1_69' title="bbox 394 3729 1960 3801; baseline -0.001 -17"><span class='ocrx_word' id='word_1_538' title='bbox 394 3729 611 3800; x_wconf 91' lang='lat' dir='ltr'><strong>proprio</strong></span> <span class='ocrx_word' id='word_1_539' title='bbox 638 3729 817 3785; x_wconf 85' lang='lat' dir='ltr'><strong>studio</strong></span> <span class='ocrx_word' id='word_1_540' title='bbox 841 3738 1000 3801; x_wconf 88' lang='lat' dir='ltr'><strong>auget</strong></span> <span class='ocrx_word' id='word_1_541' title='bbox 1041 3729 1300 3801; x_wconf 92' lang='lat' dir='ltr'><strong>diligens,</strong></span> <span class='ocrx_word' id='word_1_542' title='bbox 1345 3729 1472 3784; x_wconf 91' lang='lat' dir='ltr'><strong>dum</strong></span> <span class='ocrx_word' id='word_1_543' title='bbox 1513 3739 1719 3784; x_wconf 60' lang='lat' dir='ltr'><strong>natura:</strong></span> <span class='ocrx_word' id='word_1_544' title='bbox 1761 3730 1960 3784; x_wconf 90' lang='lat' dir='ltr'><strong>bonum</strong></span> 
     </span>
    </p>
   </div>
   <div class='ocr_carea' id='block_1_70' title="bbox 397 3819 1958 3891">
    <p class='ocr_par' dir='ltr' id='par_1_70' title="bbox 397 3819 1958 3891">
     <span class='ocr_line' id='line_1_70' title="bbox 397 3819 1958 3891; baseline -0.001 -16"><span class='ocrx_word' id='word_1_545' title='bbox 397 3821 572 3875; x_wconf 89' lang='lat' dir='ltr'><strong>nutrit</strong></span> <span class='ocrx_word' id='word_1_546' title='bbox 607 3820 903 3884; x_wconf 89' lang='lat' dir='ltr'><strong>industria,</strong></span> <span class='ocrx_word' id='word_1_547' title='bbox 937 3829 990 3878; x_wconf 91' lang='lat' dir='ltr'><strong>et</strong></span> <span class='ocrx_word' id='word_1_548' title='bbox 1031 3820 1310 3891; x_wconf 87' lang='lat' dir='ltr'><strong>negligens</strong></span> <span class='ocrx_word' id='word_1_549' title='bbox 1346 3819 1559 3876; x_wconf 90' lang='lat' dir='ltr'><strong>minuit.</strong></span> <span class='ocrx_word' id='word_1_550' title='bbox 1601 3819 1758 3874; x_wconf 81' lang='lat' dir='ltr'><strong>Juxta</strong></span> <span class='ocrx_word' id='word_1_551' title='bbox 1801 3820 1958 3883; x_wconf 90' lang='lat' dir='ltr'><strong>illud,</strong></span> 
     </span>
    </p>
   </div>
   <div class='ocr_carea' id='block_1_71' title="bbox 391 3910 1961 3982">
    <p class='ocr_par' dir='ltr' id='par_1_71' title="bbox 391 3910 1961 3982">
     <span class='ocr_line' id='line_1_71' title="bbox 391 3910 1961 3982; baseline -0.003 -14"><span class='ocrx_word' id='word_1_552' title='bbox 391 3913 532 3982; x_wconf 80' lang='lat' dir='ltr'><strong>quod</strong></span> <span class='ocrx_word' id='word_1_553' title='bbox 577 3913 630 3966; x_wconf 92' lang='lat' dir='ltr'><strong>in</strong></span> <span class='ocrx_word' id='word_1_554' title='bbox 667 3911 974 3967; x_wconf 85' lang='lat' dir='ltr'><strong>Proverbiis</strong></span> <span class='ocrx_word' id='word_1_555' title='bbox 1013 3911 1113 3966; x_wconf 91' lang='lat' dir='ltr'><strong>sub</strong></span> <span class='ocrx_word' id='word_1_556' title='bbox 1153 3911 1324 3981; x_wconf 84' lang='lat' dir='ltr'><strong>figura</strong></span> <span class='ocrx_word' id='word_1_557' title='bbox 1363 3910 1605 3966; x_wconf 89' lang='lat' dir='ltr'><strong>mulieris</strong></span> <span class='ocrx_word' id='word_1_558' title='bbox 1643 3910 1881 3981; x_wconf 77' lang='lat' dir='ltr'><strong>pulchra:</strong></span> <span class='ocrx_word' id='word_1_559' title='bbox 1907 3918 1961 3964; x_wconf 89' lang='lat' dir='ltr'><strong>et</strong></span> 
     </span>
    </p>
   </div>
   <div class='ocr_carea' id='block_1_72' title="bbox 394 4003 1960 4061">
    <p class='ocr_par' dir='ltr' id='par_1_72' title="bbox 394 4003 1960 4061">
     <span class='ocr_line' id='line_1_72' title="bbox 394 4003 1960 4061; baseline 0.001 -3"><span class='ocrx_word' id='word_1_560' title='bbox 394 4005 533 4061; x_wconf 89' lang='lat' dir='ltr'><strong>male</strong></span> <span class='ocrx_word' id='word_1_561' title='bbox 581 4014 804 4060; x_wconf 74' lang='lat' dir='ltr'><strong>morata:</strong></span> <span class='ocrx_word' id='word_1_562' title='bbox 851 4003 1049 4058; x_wconf 92' lang='lat' dir='ltr'><strong>dicitur</strong></span> <span class='ocrx_word' id='word_1_563' title='bbox 1081 4022 1094 4057; x_wconf 89' lang='lat'><strong>:</strong></span> <span class='ocrx_word' id='word_1_564' title='bbox 1129 4023 1147 4056; x_wconf 75' lang='grc' dir='ltr'><strong>ι</strong></span> <span class='ocrx_word' id='word_1_565' title='bbox 1182 4003 1336 4058; x_wconf 91' lang='lat' dir='ltr'><strong>Sicut</strong></span> <span class='ocrx_word' id='word_1_566' title='bbox 1382 4004 1588 4060; x_wconf 91' lang='lat' dir='ltr'><strong>inauris</strong></span> <span class='ocrx_word' id='word_1_567' title='bbox 1636 4005 1688 4058; x_wconf 94' lang='lat' dir='ltr'><strong>in</strong></span> <span class='ocrx_word' id='word_1_568' title='bbox 1740 4005 1960 4060; x_wconf 88' lang='lat' dir='ltr'><strong>naribus</strong></span> 
     </span>
    </p>
   </div>
   <div class='ocr_carea' id='block_1_73' title="bbox 388 4092 1954 4166">
    <p class='ocr_par' dir='ltr' id='par_1_73' title="bbox 388 4092 1954 4166">
     <span class='ocr_line' id='line_1_73' title="bbox 388 4092 1954 4166; baseline -0.001 -15"><span class='ocrx_word' id='word_1_569' title='bbox 388 4108 566 4166; x_wconf 67' lang='lat' dir='ltr'><strong>porcae</strong></span> <span class='ocrx_word' id='word_1_570' title='bbox 584 4135 600 4160; x_wconf 93' lang='lat'><strong>,</strong></span> <span class='ocrx_word' id='word_1_571' title='bbox 629 4094 710 4150; x_wconf 91' lang='lat' dir='ltr'><strong>sic</strong></span> <span class='ocrx_word' id='word_1_572' title='bbox 737 4092 948 4148; x_wconf 89' lang='lat' dir='ltr'><strong>mulieri</strong></span> <span class='ocrx_word' id='word_1_573' title='bbox 977 4092 1119 4148; x_wconf 89' lang='lat' dir='ltr'><strong>male</strong></span> <span class='ocrx_word' id='word_1_574' title='bbox 1148 4101 1370 4148; x_wconf 73' lang='lat' dir='ltr'><strong>moratae</strong></span> <span class='ocrx_word' id='word_1_575' title='bbox 1399 4095 1743 4163; x_wconf 87' lang='lat' dir='ltr'><strong>pulchritudo</strong></span> <span class='ocrx_word' id='word_1_576' title='bbox 1770 4094 1954 4166; x_wconf 84' lang='lat' dir='ltr'><strong>(Prov.</strong></span> 
     </span>
    </p>
   </div>
   <div class='ocr_carea' id='block_1_74' title="bbox 389 4184 1951 4260">
    <p class='ocr_par' dir='ltr' id='par_1_74' title="bbox 389 4184 1951 4260">
     <span class='ocr_line' id='line_1_74' title="bbox 389 4184 1951 4260; baseline -0.003 -16"><span class='ocrx_word' id='word_1_577' title='bbox 389 4204 442 4244; x_wconf 85' lang='lat' dir='ltr'><strong>xl</strong></span> <span class='ocrx_word' id='word_1_578' title='bbox 465 4187 507 4260; x_wconf 93' lang='lat'><strong>).</strong></span> <span class='ocrx_word' id='word_1_579' title='bbox 536 4207 557 4240; x_wconf 71' lang='grc' dir='ltr'><strong>ι</strong></span> <span class='ocrx_word' id='word_1_580' title='bbox 583 4187 844 4258; x_wconf 91' lang='lat' dir='ltr'><strong>Sequitur</strong></span> <span class='ocrx_word' id='word_1_581' title='bbox 871 4203 886 4240; x_wconf 88' lang='lat'><strong>:</strong></span> <span class='ocrx_word' id='word_1_582' title='bbox 925 4204 943 4238; x_wconf 76' lang='grc' dir='ltr'><strong>ι</strong></span> <span class='ocrx_word' id='word_1_583' title='bbox 969 4184 1027 4240; x_wconf 81' lang='grc' dir='ltr'><strong>ιιι</strong></span> <span class='ocrx_word' id='word_1_584' title='bbox 1056 4185 1263 4241; x_wconf 89' lang='lat' dir='ltr'><strong>deliciis</strong></span> <span class='ocrx_word' id='word_1_585' title='bbox 1297 4187 1533 4257; x_wconf 85' lang='lat' dir='ltr'><strong>paradisi</strong></span> <span class='ocrx_word' id='word_1_586' title='bbox 1575 4186 1670 4242; x_wconf 92' lang='lat' dir='ltr'><strong>Dei</strong></span> <span class='ocrx_word' id='word_1_587' title='bbox 1713 4187 1858 4243; x_wconf 79' lang='lat' dir='ltr'><strong>fuisti</strong></span> <span class='ocrx_word' id='word_1_588' title='bbox 1885 4205 1900 4253; x_wconf 91' lang='lat'><strong>;</strong></span> <span class='ocrx_word' id='word_1_589' title='bbox 1933 4208 1951 4240; x_wconf 74' lang='grc' dir='ltr'><strong>ι</strong></span> 
     </span>
    </p>
   </div>
   <div class='ocr_carea' id='block_1_75' title="bbox 387 4275 1958 4352">
    <p class='ocr_par' dir='ltr' id='par_1_75' title="bbox 387 4275 1958 4352">
     <span class='ocr_line' id='line_1_75' title="bbox 387 4275 1958 4352; baseline -0.002 -16"><span class='ocrx_word' id='word_1_590' title='bbox 387 4295 486 4352; x_wconf 85' lang='lat' dir='ltr'><strong>pro</strong></span> <span class='ocrx_word' id='word_1_591' title='bbox 530 4293 638 4351; x_wconf 91' lang='lat' dir='ltr'><strong>quo</strong></span> <span class='ocrx_word' id='word_1_592' title='bbox 685 4279 740 4334; x_wconf 94' lang='lat' dir='ltr'><strong>in</strong></span> <span class='ocrx_word' id='word_1_593' title='bbox 788 4276 1054 4334; x_wconf 78' lang='lat' dir='ltr'><strong>Hebraico</strong></span> <span class='ocrx_word' id='word_1_594' title='bbox 1105 4276 1337 4334; x_wconf 84' lang='lat' dir='ltr'><strong>habetur</strong></span> <span class='ocrx_word' id='word_1_595' title='bbox 1381 4277 1436 4330; x_wconf 81' lang='lat' dir='ltr'><strong>in</strong></span> <span class='ocrx_word' id='word_1_596' title='bbox 1487 4275 1671 4342; x_wconf 77' lang='lat' dir='ltr'><strong>Eden,</strong></span> <span class='ocrx_word' id='word_1_597' title='bbox 1710 4280 1851 4345; x_wconf 91' lang='lat' dir='ltr'><strong>quod</strong></span> <span class='ocrx_word' id='word_1_598' title='bbox 1904 4289 1958 4333; x_wconf 90' lang='lat' dir='ltr'><strong>et</strong></span> 
     </span>
    </p>
   </div>
   <div class='ocr_carea' id='block_1_76' title="bbox 385 4365 1962 4426">
    <p class='ocr_par' dir='ltr' id='par_1_76' title="bbox 385 4365 1962 4426">
     <span class='ocr_line' id='line_1_76' title="bbox 385 4365 1962 4426; baseline -0.001 0"><span class='ocrx_word' id='word_1_599' title='bbox 385 4369 661 4426; x_wconf 86' lang='lat' dir='ltr'><strong>Geneseos</strong></span> <span class='ocrx_word' id='word_1_600' title='bbox 701 4374 886 4424; x_wconf 88' lang='lat' dir='ltr'><strong>narrat</strong></span> <span class='ocrx_word' id='word_1_601' title='bbox 925 4365 1170 4422; x_wconf 88' lang='lat' dir='ltr'><strong>historia.</strong></span> <span class='ocrx_word' id='word_1_602' title='bbox 1215 4365 1363 4420; x_wconf 87' lang='lat' dir='ltr'><strong>Eden</strong></span> <span class='ocrx_word' id='word_1_603' title='bbox 1403 4373 1583 4419; x_wconf 87' lang='lat' dir='ltr'><strong>autem</strong></span> <span class='ocrx_word' id='word_1_604' title='bbox 1625 4365 1844 4420; x_wconf 79' lang='lat' dir='ltr'><strong>vertitur</strong></span> <span class='ocrx_word' id='word_1_605' title='bbox 1907 4369 1962 4425; x_wconf 84' lang='lat' dir='ltr'><strong>iu</strong></span> 
     </span>
    </p>
   </div>
   <div class='ocr_carea' id='block_1_77' title="bbox 2069 3173 3636 3254">
    <p class='ocr_par' dir='ltr' id='par_1_77' title="bbox 2069 3173 3636 3254">
     <span class='ocr_line' id='line_1_77' title="bbox 2069 3173 3636 3254; baseline 0.007 -26"><span class='ocrx_word' id='word_1_606' title='bbox 2069 3189 2180 3229; x_wconf 58' lang='lat' dir='ltr'><strong>suae</strong></span> <span class='ocrx_word' id='word_1_607' title='bbox 2205 3173 2471 3232; x_wconf 84' lang='lat' dir='ltr'><strong>foramina</strong></span> <span class='ocrx_word' id='word_1_608' title='bbox 2501 3188 2798 3248; x_wconf 64' lang='lat' dir='ltr'><strong>prmparata</strong></span> <span class='ocrx_word' id='word_1_609' title='bbox 2829 3189 2984 3245; x_wconf 90' lang='lat' dir='ltr'><strong>sunt,</strong></span> <span class='ocrx_word' id='word_1_610' title='bbox 3017 3182 3144 3251; x_wconf 88' lang='lat' dir='ltr'><strong>quia</strong></span> <span class='ocrx_word' id='word_1_611' title='bbox 3189 3183 3441 3238; x_wconf 86' lang='lat' dir='ltr'><strong>videlicet</strong></span> <span class='ocrx_word' id='word_1_612' title='bbox 3467 3200 3636 3254; x_wconf 84' lang='lat' dir='ltr'><strong>capax</strong></span> 
     </span>
    </p>
   </div>
   <div class='ocr_carea' id='block_1_78' title="bbox 2067 3267 3638 3344">
    <p class='ocr_par' dir='ltr' id='par_1_78' title="bbox 2067 3267 3638 3344">
     <span class='ocr_line' id='line_1_78' title="bbox 2067 3267 3638 3344; baseline 0.007 -24"><span class='ocrx_word' id='word_1_613' title='bbox 2067 3267 2351 3323; x_wconf 85' lang='lat' dir='ltr'><strong>charitatis</strong></span> <span class='ocrx_word' id='word_1_614' title='bbox 2377 3277 2463 3324; x_wconf 92' lang='lat' dir='ltr'><strong>est</strong></span> <span class='ocrx_word' id='word_1_615' title='bbox 2491 3271 2760 3336; x_wconf 90' lang='lat' dir='ltr'><strong>conditus,</strong></span> <span class='ocrx_word' id='word_1_616' title='bbox 2779 3288 2884 3341; x_wconf 90' lang='lat' dir='ltr'><strong>qua</strong></span> <span class='ocrx_word' id='word_1_617' title='bbox 2915 3274 2957 3326; x_wconf 91' lang='lat' dir='ltr'><strong>si</strong></span> <span class='ocrx_word' id='word_1_618' title='bbox 2989 3273 3180 3344; x_wconf 88' lang='lat' dir='ltr'><strong>repleri</strong></span> <span class='ocrx_word' id='word_1_619' title='bbox 3209 3275 3464 3330; x_wconf 86' lang='lat' dir='ltr'><strong>voluisset</strong></span> <span class='ocrx_word' id='word_1_620' title='bbox 3489 3287 3638 3331; x_wconf 89' lang='lat' dir='ltr'><strong>stan-</strong></span> 
     </span>
    </p>
   </div>
   <div class='ocr_carea' id='block_1_79' title="bbox 2067 3358 3640 3438">
    <p class='ocr_par' dir='ltr' id='par_1_79' title="bbox 2067 3358 3640 3438">
     <span class='ocr_line' id='line_1_79' title="bbox 2067 3358 3640 3438; baseline 0.008 -26"><span class='ocrx_word' id='word_1_621' title='bbox 2067 3358 2210 3414; x_wconf 90' lang='lat' dir='ltr'><strong>tibus</strong></span> <span class='ocrx_word' id='word_1_622' title='bbox 2254 3360 2475 3432; x_wconf 85' lang='lat' dir='ltr'><strong>Angelis</strong></span> <span class='ocrx_word' id='word_1_623' title='bbox 2521 3370 2776 3433; x_wconf 90' lang='lat' dir='ltr'><strong>tanquam</strong></span> <span class='ocrx_word' id='word_1_624' title='bbox 2814 3365 3002 3434; x_wconf 88' lang='lat' dir='ltr'><strong>positis</strong></span> <span class='ocrx_word' id='word_1_625' title='bbox 3046 3366 3097 3420; x_wconf 91' lang='lat' dir='ltr'><strong>in</strong></span> <span class='ocrx_word' id='word_1_626' title='bbox 3132 3369 3276 3438; x_wconf 88' lang='lat' dir='ltr'><strong>regis</strong></span> <span class='ocrx_word' id='word_1_627' title='bbox 3319 3381 3640 3425; x_wconf 87' lang='lat' dir='ltr'><strong>ornamento</strong></span> 
     </span>
    </p>
   </div>
   <div class='ocr_carea' id='block_1_80' title="bbox 2065 3444 3639 3520">
    <p class='ocr_par' dir='ltr' id='par_1_80' title="bbox 2065 3444 3639 3520">
     <span class='ocr_line' id='line_1_80' title="bbox 2065 3444 3639 3520; baseline 0.008 -20"><span class='ocrx_word' id='word_1_628' title='bbox 2065 3444 2331 3516; x_wconf 89' lang='lat' dir='ltr'><strong>lapidibus</strong></span> <span class='ocrx_word' id='word_1_629' title='bbox 2357 3449 2622 3520; x_wconf 88' lang='lat' dir='ltr'><strong>potuisset</strong></span> <span class='ocrx_word' id='word_1_630' title='bbox 2645 3451 2926 3508; x_wconf 76' lang='lat' dir='ltr'><strong>inlunrere.</strong></span> <span class='ocrx_word' id='word_1_631' title='bbox 2952 3453 3008 3509; x_wconf 90' lang='lat' dir='ltr'><strong>Si</strong></span> <span class='ocrx_word' id='word_1_632' title='bbox 3031 3455 3176 3510; x_wconf 91' lang='lat' dir='ltr'><strong>enim</strong></span> <span class='ocrx_word' id='word_1_633' title='bbox 3199 3457 3485 3512; x_wconf 87' lang='lat' dir='ltr'><strong>charitatis</strong></span> <span class='ocrx_word' id='word_1_634' title='bbox 3508 3473 3639 3513; x_wconf 91' lang='lat' dir='ltr'><strong>auro</strong></span> 
     </span>
    </p>
   </div>
   <div class='ocr_carea' id='block_1_81' title="bbox 2069 3541 3638 3618">
    <p class='ocr_par' dir='ltr' id='par_1_81' title="bbox 2069 3541 3638 3618">
     <span class='ocr_line' id='line_1_81' title="bbox 2069 3541 3638 3618; baseline 0.007 -24"><span class='ocrx_word' id='word_1_635' title='bbox 2069 3553 2190 3594; x_wconf 90' lang='lat' dir='ltr'><strong>sese</strong></span> <span class='ocrx_word' id='word_1_636' title='bbox 2239 3541 2626 3610; x_wconf 84' lang='lat' dir='ltr'><strong>penetrabilem</strong></span> <span class='ocrx_word' id='word_1_637' title='bbox 2669 3544 3019 3612; x_wconf 61' lang='lat' dir='ltr'><strong>praebuisset,</strong></span> <span class='ocrx_word' id='word_1_638' title='bbox 3059 3547 3262 3601; x_wconf 86' lang='lat' dir='ltr'><strong>sanctis</strong></span> <span class='ocrx_word' id='word_1_639' title='bbox 3303 3548 3508 3618; x_wconf 86' lang='lat' dir='ltr'><strong>angelis</strong></span> <span class='ocrx_word' id='word_1_640' title='bbox 3553 3563 3638 3604; x_wconf 83' lang='lat' dir='ltr'><strong>so-</strong></span> 
     </span>
    </p>
   </div>
   <div class='ocr_carea' id='block_1_82' title="bbox 2063 3634 3636 3709">
    <p class='ocr_par' dir='ltr' id='par_1_82' title="bbox 2063 3634 3636 3709">
     <span class='ocr_line' id='line_1_82' title="bbox 2063 3634 3636 3709; baseline 0.005 -21"><span class='ocrx_word' id='word_1_641' title='bbox 2063 3634 2238 3689; x_wconf 90' lang='lat' dir='ltr'><strong>ciatus</strong></span> <span class='ocrx_word' id='word_1_642' title='bbox 2281 3634 2333 3688; x_wconf 93' lang='lat' dir='ltr'><strong>in</strong></span> <span class='ocrx_word' id='word_1_643' title='bbox 2377 3645 2798 3701; x_wconf 90' lang='lat' dir='ltr'><strong>ornamento,ut</strong></span> <span class='ocrx_word' id='word_1_644' title='bbox 2841 3638 3100 3708; x_wconf 85' lang='lat' dir='ltr'><strong>diximus,</strong></span> <span class='ocrx_word' id='word_1_645' title='bbox 3119 3639 3267 3707; x_wconf 89' lang='lat' dir='ltr'><strong>regio</strong></span> <span class='ocrx_word' id='word_1_646' title='bbox 3314 3640 3449 3709; x_wconf 89' lang='lat' dir='ltr'><strong>lapis</strong></span> <span class='ocrx_word' id='word_1_647' title='bbox 3498 3640 3636 3696; x_wconf 78' lang='lat' dir='ltr'><strong>ﬁxus</strong></span> 
     </span>
    </p>
   </div>
   <div class='ocr_carea' id='block_1_83' title="bbox 2065 3725 3634 3800">
    <p class='ocr_par' dir='ltr' id='par_1_83' title="bbox 2065 3725 3634 3800">
     <span class='ocr_line' id='line_1_83' title="bbox 2065 3725 3634 3800; baseline 0.004 -22"><span class='ocrx_word' id='word_1_648' title='bbox 2065 3734 2325 3780; x_wconf 82' lang='lat' dir='ltr'><strong>maneret.</strong></span> <span class='ocrx_word' id='word_1_649' title='bbox 2373 3725 2572 3780; x_wconf 81' lang='lat' dir='ltr'><strong>Habuit</strong></span> <span class='ocrx_word' id='word_1_650' title='bbox 2609 3743 2739 3797; x_wconf 90' lang='lat' dir='ltr'><strong>ergo</strong></span> <span class='ocrx_word' id='word_1_651' title='bbox 2781 3728 2916 3797; x_wconf 87' lang='lat' dir='ltr'><strong>lapis</strong></span> <span class='ocrx_word' id='word_1_652' title='bbox 2958 3730 3058 3784; x_wconf 90' lang='lat' dir='ltr'><strong>iste</strong></span> <span class='ocrx_word' id='word_1_653' title='bbox 3101 3729 3383 3795; x_wconf 88' lang='lat' dir='ltr'><strong>foramina,</strong></span> <span class='ocrx_word' id='word_1_654' title='bbox 3409 3732 3504 3786; x_wconf 89' lang='lat' dir='ltr'><strong>sed</strong></span> <span class='ocrx_word' id='word_1_655' title='bbox 3541 3747 3634 3800; x_wconf 86' lang='lat' dir='ltr'><strong>per</strong></span> 
     </span>
    </p>
   </div>
   <div class='ocr_carea' id='block_1_84' title="bbox 2061 3816 3629 3890">
    <p class='ocr_par' dir='ltr' id='par_1_84' title="bbox 2061 3816 3629 3890">
     <span class='ocr_line' id='line_1_84' title="bbox 2061 3816 3629 3890; baseline 0.001 -20"><span class='ocrx_word' id='word_1_656' title='bbox 2061 3816 2324 3884; x_wconf 79' lang='lat' dir='ltr'><strong>superbia:</strong></span> <span class='ocrx_word' id='word_1_657' title='bbox 2361 3817 2580 3880; x_wconf 85' lang='lat' dir='ltr'><strong>vitium,</strong></span> <span class='ocrx_word' id='word_1_658' title='bbox 2613 3818 2894 3872; x_wconf 90' lang='lat' dir='ltr'><strong>charitatis</strong></span> <span class='ocrx_word' id='word_1_659' title='bbox 2938 3834 3070 3874; x_wconf 89' lang='lat' dir='ltr'><strong>auro</strong></span> <span class='ocrx_word' id='word_1_660' title='bbox 3109 3834 3215 3874; x_wconf 90' lang='lat' dir='ltr'><strong>non</strong></span> <span class='ocrx_word' id='word_1_661' title='bbox 3258 3830 3382 3874; x_wconf 88' lang='lat' dir='ltr'><strong>sunt</strong></span> <span class='ocrx_word' id='word_1_662' title='bbox 3408 3821 3629 3890; x_wconf 89' lang='lat' dir='ltr'><strong>repleta.</strong></span> 
     </span>
    </p>
   </div>
   <div class='ocr_carea' id='block_1_85' title="bbox 2061 3907 3630 3978">
    <p class='ocr_par' dir='ltr' id='par_1_85' title="bbox 2061 3907 3630 3978">
     <span class='ocr_line' id='line_1_85' title="bbox 2061 3907 3630 3978; baseline 0 -17"><span class='ocrx_word' id='word_1_663' title='bbox 2061 3907 2194 3961; x_wconf 87' lang='lat' dir='ltr'><strong>Nam</strong></span> <span class='ocrx_word' id='word_1_664' title='bbox 2232 3907 2358 3976; x_wconf 88' lang='lat' dir='ltr'><strong>quia</strong></span> <span class='ocrx_word' id='word_1_665' title='bbox 2401 3907 2602 3962; x_wconf 85' lang='lat' dir='ltr'><strong>idcirco</strong></span> <span class='ocrx_word' id='word_1_666' title='bbox 2638 3907 2874 3978; x_wconf 90' lang='lat' dir='ltr'><strong>ligantur</strong></span> <span class='ocrx_word' id='word_1_667' title='bbox 2907 3924 3040 3962; x_wconf 90' lang='lat' dir='ltr'><strong>auro</strong></span> <span class='ocrx_word' id='word_1_668' title='bbox 3075 3924 3142 3964; x_wconf 93' lang='lat' dir='ltr'><strong>ne</strong></span> <span class='ocrx_word' id='word_1_669' title='bbox 3180 3910 3395 3975; x_wconf 88' lang='lat' dir='ltr'><strong>cadant,</strong></span> <span class='ocrx_word' id='word_1_670' title='bbox 3428 3910 3630 3964; x_wconf 86' lang='lat' dir='ltr'><strong>idcirco</strong></span> 
     </span>
    </p>
   </div>
   <div class='ocr_carea' id='block_1_86' title="bbox 2060 3996 3630 4070">
    <p class='ocr_par' dir='ltr' id='par_1_86' title="bbox 2060 3996 3630 4070">
     <span class='ocr_line' id='line_1_86' title="bbox 2060 3996 3630 4070; baseline 0.002 -16"><span class='ocrx_word' id='word_1_671' title='bbox 2060 3999 2162 4054; x_wconf 91' lang='lat' dir='ltr'><strong>iste</strong></span> <span class='ocrx_word' id='word_1_672' title='bbox 2204 3996 2436 4064; x_wconf 86' lang='lat' dir='ltr'><strong>cecidit,</strong></span> <span class='ocrx_word' id='word_1_673' title='bbox 2483 4000 2608 4068; x_wconf 91' lang='lat' dir='ltr'><strong>quia</strong></span> <span class='ocrx_word' id='word_1_674' title='bbox 2645 3999 2809 4054; x_wconf 88' lang='lat' dir='ltr'><strong>etiam</strong></span> <span class='ocrx_word' id='word_1_675' title='bbox 2851 3999 3155 4070; x_wconf 89' lang='lat' dir='ltr'><strong>perforatus</strong></span> <span class='ocrx_word' id='word_1_676' title='bbox 3196 4017 3357 4055; x_wconf 87' lang='lat' dir='ltr'><strong>manu</strong></span> <span class='ocrx_word' id='word_1_677' title='bbox 3409 4003 3630 4057; x_wconf 84' lang='lat' dir='ltr'><strong>artificis</strong></span> 
     </span>
    </p>
   </div>
   <div class='ocr_carea' id='block_1_87' title="bbox 2059 4089 3630 4162">
    <p class='ocr_par' dir='ltr' id='par_1_87' title="bbox 2059 4089 3630 4162">
     <span class='ocr_line' id='line_1_87' title="bbox 2059 4089 3630 4162; baseline 0.002 -17"><span class='ocrx_word' id='word_1_678' title='bbox 2059 4090 2266 4145; x_wconf 85' lang='lat' dir='ltr'><strong>amoris</strong></span> <span class='ocrx_word' id='word_1_679' title='bbox 2307 4090 2538 4145; x_wconf 88' lang='lat' dir='ltr'><strong>vinculis</strong></span> <span class='ocrx_word' id='word_1_680' title='bbox 2572 4089 2724 4162; x_wconf 89' lang='lat' dir='ltr'><strong>ligari</strong></span> <span class='ocrx_word' id='word_1_681' title='bbox 2755 4091 3094 4160; x_wconf 88' lang='lat' dir='ltr'><strong>contempsit.</strong></span> <span class='ocrx_word' id='word_1_682' title='bbox 3135 4089 3288 4146; x_wconf 84' lang='lat' dir='ltr'><strong>Nunc</strong></span> <span class='ocrx_word' id='word_1_683' title='bbox 3324 4101 3503 4146; x_wconf 89' lang='lat' dir='ltr'><strong>autem</strong></span> <span class='ocrx_word' id='word_1_684' title='bbox 3531 4109 3630 4148; x_wconf 73' lang='lat' dir='ltr'><strong>cm-</strong></span> 
     </span>
    </p>
   </div>
   <div class='ocr_carea' id='block_1_88' title="bbox 2064 4181 3630 4255">
    <p class='ocr_par' dir='ltr' id='par_1_88' title="bbox 2064 4181 3630 4255">
     <span class='ocr_line' id='line_1_88' title="bbox 2064 4181 3630 4255; baseline 0.001 -17"><span class='ocrx_word' id='word_1_685' title='bbox 2064 4183 2165 4238; x_wconf 89' lang='lat' dir='ltr'><strong>teri</strong></span> <span class='ocrx_word' id='word_1_686' title='bbox 2196 4181 2430 4254; x_wconf 88' lang='lat' dir='ltr'><strong>lapides,</strong></span> <span class='ocrx_word' id='word_1_687' title='bbox 2456 4183 2547 4251; x_wconf 90' lang='lat' dir='ltr'><strong>qui</strong></span> <span class='ocrx_word' id='word_1_688' title='bbox 2576 4183 2702 4237; x_wconf 91' lang='lat' dir='ltr'><strong>huic</strong></span> <span class='ocrx_word' id='word_1_689' title='bbox 2721 4182 2971 4238; x_wconf 89' lang='lat' dir='ltr'><strong>similiter</strong></span> <span class='ocrx_word' id='word_1_690' title='bbox 2993 4181 3208 4238; x_wconf 86' lang='lat' dir='ltr'><strong>fuerant</strong></span> <span class='ocrx_word' id='word_1_691' title='bbox 3228 4183 3488 4254; x_wconf 85' lang='lat' dir='ltr'><strong>perforati</strong></span> <span class='ocrx_word' id='word_1_692' title='bbox 3508 4227 3523 4249; x_wconf 93' lang='lat'><strong>,</strong></span> <span class='ocrx_word' id='word_1_693' title='bbox 3547 4199 3630 4255; x_wconf 89' lang='lat' dir='ltr'><strong>pe-</strong></span> 
     </span>
    </p>
   </div>
   <div class='ocr_carea' id='block_1_89' title="bbox 2057 4272 3629 4346">
    <p class='ocr_par' dir='ltr' id='par_1_89' title="bbox 2057 4272 3629 4346">
     <span class='ocr_line' id='line_1_89' title="bbox 2057 4272 3629 4346; baseline 0.004 -20"><span class='ocrx_word' id='word_1_694' title='bbox 2057 4282 2305 4328; x_wconf 81' lang='lat' dir='ltr'><strong>netrante</strong></span> <span class='ocrx_word' id='word_1_695' title='bbox 2346 4287 2405 4327; x_wconf 90' lang='lat' dir='ltr'><strong>se</strong></span> <span class='ocrx_word' id='word_1_696' title='bbox 2431 4272 2660 4327; x_wconf 88' lang='lat' dir='ltr'><strong>invicem</strong></span> <span class='ocrx_word' id='word_1_697' title='bbox 2689 4272 2952 4328; x_wconf 88' lang='lat' dir='ltr'><strong>charitate</strong></span> <span class='ocrx_word' id='word_1_698' title='bbox 2977 4273 3124 4343; x_wconf 88' lang='lat' dir='ltr'><strong>ligati</strong></span> <span class='ocrx_word' id='word_1_699' title='bbox 3156 4283 3316 4340; x_wconf 92' lang='lat' dir='ltr'><strong>sunt,</strong></span> <span class='ocrx_word' id='word_1_700' title='bbox 3347 4283 3509 4346; x_wconf 90' lang='lat' dir='ltr'><strong>atque</strong></span> <span class='ocrx_word' id='word_1_701' title='bbox 3532 4278 3629 4332; x_wconf 88' lang='lat' dir='ltr'><strong>hoc</strong></span> 
     </span>
    </p>
   </div>
   <div class='ocr_carea' id='block_1_90' title="bbox 2057 4360 3622 4436">
    <p class='ocr_par' dir='ltr' id='par_1_90' title="bbox 2057 4360 3622 4436">
     <span class='ocr_line' id='line_1_90' title="bbox 2057 4360 3622 4436; baseline 0.004 -22"><span class='ocrx_word' id='word_1_702' title='bbox 2057 4360 2112 4414; x_wconf 82' lang='lat' dir='ltr'><strong>in</strong></span> <span class='ocrx_word' id='word_1_703' title='bbox 2142 4376 2385 4428; x_wconf 87' lang='lat' dir='ltr'><strong>munere,</strong></span> <span class='ocrx_word' id='word_1_704' title='bbox 2427 4362 2532 4417; x_wconf 92' lang='lat' dir='ltr'><strong>isto</strong></span> <span class='ocrx_word' id='word_1_705' title='bbox 2567 4365 2812 4427; x_wconf 86' lang='lat' dir='ltr'><strong>cadente,</strong></span> <span class='ocrx_word' id='word_1_706' title='bbox 2842 4371 3172 4428; x_wconf 90' lang='lat' dir='ltr'><strong>meruerunt,</strong></span> <span class='ocrx_word' id='word_1_707' title='bbox 3203 4370 3263 4418; x_wconf 84' lang='lat' dir='ltr'><strong>ut</strong></span> <span class='ocrx_word' id='word_1_708' title='bbox 3285 4380 3622 4436; x_wconf 86' lang='lat' dir='ltr'><strong>nequaquam</strong></span> 
     </span>
    </p>
   </div>
   <div class='ocr_carea' id='block_1_91' title="bbox 382 4444 3625 4531">
    <p class='ocr_par' dir='ltr' id='par_1_91' title="bbox 382 4444 3625 4531">
     <span class='ocr_line' id='line_1_91' title="bbox 382 4444 3625 4531; baseline 0 -16"><span class='ocrx_word' id='word_1_709' title='bbox 382 4460 624 4527; x_wconf 71' lang='lat' dir='ltr'><strong>delicias,</strong></span> <span class='ocrx_word' id='word_1_710' title='bbox 657 4469 711 4517; x_wconf 91' lang='lat' dir='ltr'><strong>et</strong></span> <span class='ocrx_word' id='word_1_711' title='bbox 738 4458 964 4531; x_wconf 89' lang='lat' dir='ltr'><strong>pulchre</strong></span> <span class='ocrx_word' id='word_1_712' title='bbox 993 4457 1059 4513; x_wconf 88' lang='lat' dir='ltr'><strong>ad</strong></span> <span class='ocrx_word' id='word_1_713' title='bbox 1089 4457 1488 4513; x_wconf 88' lang='lat' dir='ltr'><strong>distinctionem</strong></span> <span class='ocrx_word' id='word_1_714' title='bbox 1516 4457 1826 4527; x_wconf 90' lang='lat' dir='ltr'><strong>paradisum</strong></span> <span class='ocrx_word' id='word_1_715' title='bbox 1857 4457 1952 4512; x_wconf 88' lang='lat' dir='ltr'><strong>Dei</strong></span> <span class='ocrx_word' id='word_1_716' title='bbox 1981 4444 2031 4502; x_wconf 78' lang='grc' dir='ltr'><strong>Ι)</strong></span> <span class='ocrx_word' id='word_1_717' title='bbox 2049 4447 2162 4517; x_wconf 68' lang='lat' dir='ltr'><strong>iam</strong></span> <span class='ocrx_word' id='word_1_718' title='bbox 2185 4451 2251 4506; x_wconf 74' lang='lat' dir='ltr'><strong>de</strong></span> <span class='ocrx_word' id='word_1_719' title='bbox 2267 4464 2584 4509; x_wconf 72' lang='lat' dir='ltr'><strong>ornamento</strong></span> <span class='ocrx_word' id='word_1_720' title='bbox 2598 4456 2746 4526; x_wconf 82' lang='lat' dir='ltr'><strong>regio</strong></span> <span class='ocrx_word' id='word_1_721' title='bbox 2767 4457 3008 4513; x_wconf 80' lang='lat' dir='ltr'><strong>cadendo</strong></span> <span class='ocrx_word' id='word_1_722' title='bbox 3032 4458 3328 4514; x_wconf 87' lang='lat' dir='ltr'><strong>solvantur.</strong></span> <span class='ocrx_word' id='word_1_723' title='bbox 3360 4459 3625 4530; x_wconf 80' lang='grc' dir='ltr'><strong>(ιίὶει-οη.)</strong></span> 
     </span>
    </p>
   </div>
   <div class='ocr_carea' id='block_1_92' title="bbox 385 4550 1952 4627">
    <p class='ocr_par' dir='ltr' id='par_1_92' title="bbox 385 4550 1952 4627">
     <span class='ocr_line' id='line_1_92' title="bbox 385 4550 1952 4627; baseline 0.001 -23"><span class='ocrx_word' id='word_1_724' title='bbox 385 4553 652 4618; x_wconf 76' lang='lat' dir='ltr'><strong>nominat,</strong></span> <span class='ocrx_word' id='word_1_725' title='bbox 683 4561 745 4608; x_wconf 94' lang='lat' dir='ltr'><strong>ut</strong></span> <span class='ocrx_word' id='word_1_726' title='bbox 770 4551 1024 4627; x_wconf 86' lang='lat' dir='ltr'><strong>ostendat</strong></span> <span class='ocrx_word' id='word_1_727' title='bbox 1049 4565 1170 4607; x_wconf 88' lang='lat' dir='ltr'><strong>esse</strong></span> <span class='ocrx_word' id='word_1_728' title='bbox 1198 4557 1253 4606; x_wconf 90' lang='lat' dir='ltr'><strong>et</strong></span> <span class='ocrx_word' id='word_1_729' title='bbox 1281 4550 1611 4616; x_wconf 85' lang='lat' dir='ltr'><strong>contrarium</strong></span> <span class='ocrx_word' id='word_1_730' title='bbox 1639 4551 1952 4621; x_wconf 87' lang='lat' dir='ltr'><strong>paradisum</strong></span> 
     </span>
    </p>
   </div>
   <div class='ocr_carea' id='block_1_93' title="bbox 386 4646 1950 4718">
    <p class='ocr_par' dir='ltr' id='par_1_93' title="bbox 386 4646 1950 4718">
     <span class='ocr_line' id='line_1_93' title="bbox 386 4646 1950 4718; baseline 0.001 -19"><span class='ocrx_word' id='word_1_731' title='bbox 386 4661 491 4700; x_wconf 86' lang='lat' dir='ltr'><strong>non</strong></span> <span class='ocrx_word' id='word_1_732' title='bbox 520 4648 610 4702; x_wconf 92' lang='lat' dir='ltr'><strong>Dei</strong></span> <span class='ocrx_word' id='word_1_733' title='bbox 641 4648 780 4717; x_wconf 84' lang='lat' dir='ltr'><strong>apud</strong></span> <span class='ocrx_word' id='word_1_734' title='bbox 810 4663 904 4703; x_wconf 89' lang='lat' dir='ltr'><strong>eos</strong></span> <span class='ocrx_word' id='word_1_735' title='bbox 943 4648 1035 4718; x_wconf 88' lang='lat' dir='ltr'><strong>qui</strong></span> <span class='ocrx_word' id='word_1_736' title='bbox 1083 4649 1367 4704; x_wconf 87' lang='lat' dir='ltr'><strong>veritatem</strong></span> <span class='ocrx_word' id='word_1_737' title='bbox 1399 4655 1608 4702; x_wconf 89' lang='lat' dir='ltr'><strong>mutant</strong></span> <span class='ocrx_word' id='word_1_738' title='bbox 1638 4646 1950 4712; x_wconf 87' lang='lat' dir='ltr'><strong>mendacio,</strong></span> 
     </span>
    </p>
   </div>
   <div class='ocr_carea' id='block_1_94' title="bbox 381 4735 1955 4809">
    <p class='ocr_par' dir='ltr' id='par_1_94' title="bbox 381 4735 1955 4809">
     <span class='ocr_line' id='line_1_94' title="bbox 381 4735 1955 4809; baseline 0.005 -25"><span class='ocrx_word' id='word_1_739' title='bbox 381 4743 438 4785; x_wconf 82' lang='lat' dir='ltr'><strong>ct</strong></span> <span class='ocrx_word' id='word_1_740' title='bbox 463 4735 768 4802; x_wconf 85' lang='lat' dir='ltr'><strong>paradisum</strong></span> <span class='ocrx_word' id='word_1_741' title='bbox 810 4735 1009 4792; x_wconf 76' lang='lat' dir='ltr'><strong>habere</strong></span> <span class='ocrx_word' id='word_1_742' title='bbox 1048 4752 1107 4793; x_wconf 90' lang='lat' dir='ltr'><strong>se</strong></span> <span class='ocrx_word' id='word_1_743' title='bbox 1140 4738 1369 4809; x_wconf 87' lang='lat' dir='ltr'><strong>jactant.</strong></span> <span class='ocrx_word' id='word_1_744' title='bbox 1410 4737 1528 4804; x_wconf 83' lang='lat' dir='ltr'><strong>Quo</strong></span> <span class='ocrx_word' id='word_1_745' title='bbox 1569 4751 1819 4794; x_wconf 89' lang='lat' dir='ltr'><strong>sermone</strong></span> <span class='ocrx_word' id='word_1_746' title='bbox 1862 4736 1955 4792; x_wconf 90' lang='lat' dir='ltr'><strong>de-</strong></span> 
     </span>
    </p>
   </div>
   <div class='ocr_carea' id='block_1_95' title="bbox 381 4826 1949 4898">
    <p class='ocr_par' dir='ltr' id='par_1_95' title="bbox 381 4826 1949 4898">
     <span class='ocr_line' id='line_1_95' title="bbox 381 4826 1949 4898; baseline 0.003 -22"><span class='ocrx_word' id='word_1_747' title='bbox 381 4832 646 4878; x_wconf 78' lang='lat' dir='ltr'><strong>monstrat</strong></span> <span class='ocrx_word' id='word_1_748' title='bbox 674 4839 1010 4895; x_wconf 89' lang='lat' dir='ltr'><strong>nequaquam</strong></span> <span class='ocrx_word' id='word_1_749' title='bbox 1040 4827 1314 4882; x_wconf 92' lang='lat' dir='ltr'><strong>hominem</strong></span> <span class='ocrx_word' id='word_1_750' title='bbox 1345 4843 1464 4883; x_wconf 89' lang='lat' dir='ltr'><strong>esse</strong></span> <span class='ocrx_word' id='word_1_751' title='bbox 1486 4829 1561 4883; x_wconf 79' lang='lat' dir='ltr'><strong>de</strong></span> <span class='ocrx_word' id='word_1_752' title='bbox 1605 4843 1714 4898; x_wconf 91' lang='lat' dir='ltr'><strong>quo</strong></span> <span class='ocrx_word' id='word_1_753' title='bbox 1755 4826 1949 4882; x_wconf 89' lang='lat' dir='ltr'><strong>scribi-</strong></span> 
     </span>
    </p>
   </div>
   <div class='ocr_carea' id='block_1_96' title="bbox 386 4911 1946 4986">
    <p class='ocr_par' dir='ltr' id='par_1_96' title="bbox 386 4911 1946 4986">
     <span class='ocr_line' id='line_1_96' title="bbox 386 4911 1946 4986; baseline 0 -18"><span class='ocrx_word' id='word_1_754' title='bbox 386 4925 492 4978; x_wconf 90' lang='lat' dir='ltr'><strong>tur,</strong></span> <span class='ocrx_word' id='word_1_755' title='bbox 521 4913 614 4968; x_wconf 93' lang='lat' dir='ltr'><strong>sed</strong></span> <span class='ocrx_word' id='word_1_756' title='bbox 643 4914 967 4968; x_wconf 82' lang='lat' dir='ltr'><strong>contrariam</strong></span> <span class='ocrx_word' id='word_1_757' title='bbox 1011 4911 1376 4972; x_wconf 91' lang='lat' dir='ltr'><strong>fortitudinem</strong></span> <span class='ocrx_word' id='word_1_758' title='bbox 1395 4957 1409 4983; x_wconf 98' lang='lat'><strong>,</strong></span> <span class='ocrx_word' id='word_1_759' title='bbox 1440 4932 1560 4986; x_wconf 69' lang='lat' dir='ltr'><strong>quas</strong></span> <span class='ocrx_word' id='word_1_760' title='bbox 1590 4916 1860 4986; x_wconf 90' lang='lat' dir='ltr'><strong>quondam</strong></span> <span class='ocrx_word' id='word_1_761' title='bbox 1893 4916 1946 4970; x_wconf 91' lang='lat' dir='ltr'><strong>in</strong></span> 
     </span>
    </p>
   </div>
   <div class='ocr_carea' id='block_1_97' title="bbox 383 5005 1949 5078">
    <p class='ocr_par' dir='ltr' id='par_1_97' title="bbox 383 5005 1949 5078">
     <span class='ocr_line' id='line_1_97' title="bbox 383 5005 1949 5078; baseline 0.001 -17"><span class='ocrx_word' id='word_1_762' title='bbox 383 5005 474 5062; x_wconf 87' lang='lat' dir='ltr'><strong>Dei</strong></span> <span class='ocrx_word' id='word_1_763' title='bbox 518 5006 766 5078; x_wconf 90' lang='lat' dir='ltr'><strong>paradiso</strong></span> <span class='ocrx_word' id='word_1_764' title='bbox 805 5017 1135 5062; x_wconf 87' lang='lat' dir='ltr'><strong>commorata</strong></span> <span class='ocrx_word' id='word_1_765' title='bbox 1178 5010 1284 5074; x_wconf 91' lang='lat' dir='ltr'><strong>sit,</strong></span> <span class='ocrx_word' id='word_1_766' title='bbox 1327 5009 1453 5064; x_wconf 88' lang='lat' dir='ltr'><strong>licet</strong></span> <span class='ocrx_word' id='word_1_767' title='bbox 1493 5009 1661 5065; x_wconf 67' lang='lat' dir='ltr'><strong>Judaei</strong></span> <span class='ocrx_word' id='word_1_768' title='bbox 1705 5010 1808 5064; x_wconf 92' lang='lat' dir='ltr'><strong>hoc</strong></span> <span class='ocrx_word' id='word_1_769' title='bbox 1851 5023 1949 5078; x_wconf 92' lang='lat' dir='ltr'><strong>per</strong></span> 
     </span>
    </p>
   </div>
   <div class='ocr_carea' id='block_1_98' title="bbox 385 5095 1948 5176">
    <p class='ocr_par' dir='ltr' id='par_1_98' title="bbox 385 5095 1948 5176">
     <span class='ocr_line' id='line_1_98' title="bbox 385 5095 1948 5176; baseline -0.001 -21"><span class='ocrx_word' id='word_1_770' title='bbox 385 5095 566 5176; x_wconf 72' lang='grc' dir='ltr'><strong>τρόπον</strong></span> <span class='ocrx_word' id='word_1_771' title='bbox 585 5137 600 5164; x_wconf 89' lang='grc'><em>,</em></span> <span class='ocrx_word' id='word_1_772' title='bbox 630 5097 723 5169; x_wconf 89' lang='lat' dir='ltr'><strong>qui</strong></span> <span class='ocrx_word' id='word_1_773' title='bbox 751 5097 1048 5169; x_wconf 86' lang='lat' dir='ltr'><strong>appellatur</strong></span> <span class='ocrx_word' id='word_1_774' title='bbox 1075 5100 1424 5172; x_wconf 67' lang='grc' dir='ltr'><strong>ὑπερϐολή,άο</strong></span> <span class='ocrx_word' id='word_1_775' title='bbox 1454 5100 1636 5154; x_wconf 85' lang='lat' dir='ltr'><strong>Hiram</strong></span> <span class='ocrx_word' id='word_1_776' title='bbox 1667 5115 1792 5171; x_wconf 83' lang='lat' dir='ltr'><strong>rege</strong></span> <span class='ocrx_word' id='word_1_777' title='bbox 1819 5099 1948 5171; x_wconf 87' lang='lat' dir='ltr'><strong>Tyri</strong></span> 
     </span>
    </p>
   </div>
   <div class='ocr_carea' id='block_1_99' title="bbox 378 5187 1949 5258">
    <p class='ocr_par' dir='ltr' id='par_1_99' title="bbox 378 5187 1949 5258">
     <span class='ocr_line' id='line_1_99' title="bbox 378 5187 1949 5258; baseline -0.001 -14"><span class='ocrx_word' id='word_1_778' title='bbox 378 5189 645 5244; x_wconf 68' lang='lat' dir='ltr'><strong>.estimant</strong></span> <span class='ocrx_word' id='word_1_779' title='bbox 682 5187 1008 5258; x_wconf 88' lang='lat' dir='ltr'><strong>prophetari.</strong></span> <span class='ocrx_word' id='word_1_780' title='bbox 1055 5187 1150 5243; x_wconf 89' lang='lat' dir='ltr'><strong>Cui</strong></span> <span class='ocrx_word' id='word_1_781' title='bbox 1192 5197 1372 5242; x_wconf 89' lang='lat' dir='ltr'><strong>autem</strong></span> <span class='ocrx_word' id='word_1_782' title='bbox 1411 5191 1646 5245; x_wconf 89' lang='lat' dir='ltr'><strong>dicitur:</strong></span> <span class='ocrx_word' id='word_1_783' title='bbox 1680 5209 1699 5241; x_wconf 70' lang='grc' dir='ltr'><strong>ε</strong></span> <span class='ocrx_word' id='word_1_784' title='bbox 1729 5190 1787 5244; x_wconf 89' lang='lat' dir='ltr'><strong>ln</strong></span> <span class='ocrx_word' id='word_1_785' title='bbox 1817 5190 1949 5246; x_wconf 83' lang='lat' dir='ltr'><strong>deli-</strong></span> 
     </span>
    </p>
   </div>
   <div class='ocr_carea' id='block_1_100' title="bbox 377 5274 1946 5349">
    <p class='ocr_par' dir='ltr' id='par_1_100' title="bbox 377 5274 1946 5349">
     <span class='ocr_line' id='line_1_100' title="bbox 377 5274 1946 5349; baseline 0.002 -17"><span class='ocrx_word' id='word_1_786' title='bbox 377 5276 474 5333; x_wconf 81' lang='lat' dir='ltr'><strong>ciis</strong></span> <span class='ocrx_word' id='word_1_787' title='bbox 501 5276 737 5347; x_wconf 84' lang='lat' dir='ltr'><strong>paradisi</strong></span> <span class='ocrx_word' id='word_1_788' title='bbox 783 5275 878 5331; x_wconf 91' lang='lat' dir='ltr'><strong>Dei</strong></span> <span class='ocrx_word' id='word_1_789' title='bbox 918 5274 1096 5341; x_wconf 89' lang='lat' dir='ltr'><strong>fuisti,</strong></span> <span class='ocrx_word' id='word_1_790' title='bbox 1128 5295 1146 5328; x_wconf 76' lang='grc' dir='ltr'><strong>ι</strong></span> <span class='ocrx_word' id='word_1_791' title='bbox 1174 5277 1287 5332; x_wconf 91' lang='lat' dir='ltr'><strong>sive</strong></span> <span class='ocrx_word' id='word_1_792' title='bbox 1338 5276 1512 5332; x_wconf 89' lang='lat' dir='ltr'><strong>factus</strong></span> <span class='ocrx_word' id='word_1_793' title='bbox 1549 5293 1641 5344; x_wconf 92' lang='lat' dir='ltr'><strong>es,</strong></span> <span class='ocrx_word' id='word_1_794' title='bbox 1681 5281 1810 5349; x_wconf 89' lang='lat' dir='ltr'><strong>quid</strong></span> <span class='ocrx_word' id='word_1_795' title='bbox 1851 5281 1946 5334; x_wconf 89' lang='lat' dir='ltr'><strong>ha-</strong></span> 
     </span>
    </p>
   </div>
   <div class='ocr_carea' id='block_1_101' title="bbox 377 5365 1944 5440">
    <p class='ocr_par' dir='ltr' id='par_1_101' title="bbox 377 5365 1944 5440">
     <span class='ocr_line' id='line_1_101' title="bbox 377 5365 1944 5440; baseline 0.002 -18"><span class='ocrx_word' id='word_1_796' title='bbox 377 5369 554 5422; x_wconf 81' lang='lat' dir='ltr'><strong>buerit</strong></span> <span class='ocrx_word' id='word_1_797' title='bbox 580 5366 834 5430; x_wconf 87' lang='lat' dir='ltr'><strong>ostendit,</strong></span> <span class='ocrx_word' id='word_1_798' title='bbox 863 5365 1059 5435; x_wconf 89' lang='lat' dir='ltr'><strong>quidve</strong></span> <span class='ocrx_word' id='word_1_799' title='bbox 1085 5366 1397 5437; x_wconf 76' lang='lat' dir='ltr'><strong>perdiderit.</strong></span> <span class='ocrx_word' id='word_1_800' title='bbox 1423 5367 1624 5440; x_wconf 60' lang='grc' dir='ltr'><strong>(στερη</strong></span> <span class='ocrx_word' id='word_1_801' title='bbox 1652 5369 1743 5422; x_wconf 82' lang='lat' dir='ltr'><strong>lib.</strong></span> <span class='ocrx_word' id='word_1_802' title='bbox 1773 5386 1944 5425; x_wconf 67' lang='grc' dir='ltr'><strong><em>χχχιιι</em></strong></span> 
     </span>
    </p>
   </div>
   <div class='ocr_carea' id='block_1_102' title="bbox 375 5455 1944 5530">
    <p class='ocr_par' dir='ltr' id='par_1_102' title="bbox 375 5455 1944 5530">
     <span class='ocr_line' id='line_1_102' title="bbox 375 5455 1944 5530; baseline 0.001 -20"><span class='ocrx_word' id='word_1_803' title='bbox 375 5457 541 5522; x_wconf 66' lang='lat' dir='ltr'><strong>Non,</strong></span> <span class='ocrx_word' id='word_1_804' title='bbox 563 5474 610 5510; x_wconf 76' lang='grc' dir='ltr'><strong>ε.</strong></span> <span class='ocrx_word' id='word_1_805' title='bbox 639 5457 710 5511; x_wconf 67' lang='grc' dir='ltr'><strong><em>ει</em></strong></span> <span class='ocrx_word' id='word_1_806' title='bbox 733 5467 782 5511; x_wconf 81' lang='lat' dir='ltr'><strong>et</strong></span> <span class='ocrx_word' id='word_1_807' title='bbox 801 5455 934 5528; x_wconf 74' lang='grc'><strong>25.)</strong></span> <span class='ocrx_word' id='word_1_808' title='bbox 962 5456 1140 5514; x_wconf 89' lang='lat' dir='ltr'><strong>Primo</strong></span> <span class='ocrx_word' id='word_1_809' title='bbox 1162 5459 1326 5512; x_wconf 88' lang='lat' dir='ltr'><strong>verbo</strong></span> <span class='ocrx_word' id='word_1_810' title='bbox 1344 5473 1450 5527; x_wconf 91' lang='lat' dir='ltr'><strong>quo</strong></span> <span class='ocrx_word' id='word_1_811' title='bbox 1479 5461 1556 5512; x_wconf 89' lang='lat' dir='ltr'><strong>ait</strong></span> <span class='ocrx_word' id='word_1_812' title='bbox 1580 5477 1592 5513; x_wconf 91' lang='lat'><strong>:</strong></span> <span class='ocrx_word' id='word_1_813' title='bbox 1621 5459 1728 5514; x_wconf 68' lang='lat' dir='ltr'><strong>«Tu</strong></span> <span class='ocrx_word' id='word_1_814' title='bbox 1760 5460 1944 5530; x_wconf 88' lang='lat' dir='ltr'><strong>signa-</strong></span> 
     </span>
    </p>
   </div>
   <div class='ocr_carea' id='block_1_103' title="bbox 373 5547 1943 5619">
    <p class='ocr_par' dir='ltr' id='par_1_103' title="bbox 373 5547 1943 5619">
     <span class='ocr_line' id='line_1_103' title="bbox 373 5547 1943 5619; baseline 0.002 -17"><span class='ocrx_word' id='word_1_815' title='bbox 373 5547 551 5602; x_wconf 78' lang='lat' dir='ltr'><strong>culum</strong></span> <span class='ocrx_word' id='word_1_816' title='bbox 594 5548 992 5614; x_wconf 89' lang='lat' dir='ltr'><strong>similitudinis,</strong></span> <span class='ocrx_word' id='word_1_817' title='bbox 1021 5568 1038 5600; x_wconf 75' lang='grc' dir='ltr'><strong>ι</strong></span> <span class='ocrx_word' id='word_1_818' title='bbox 1069 5558 1262 5605; x_wconf 88' lang='lat' dir='ltr'><strong>cuncta</strong></span> <span class='ocrx_word' id='word_1_819' title='bbox 1306 5549 1619 5619; x_wconf 85' lang='lat' dir='ltr'><strong>complexus</strong></span> <span class='ocrx_word' id='word_1_820' title='bbox 1658 5556 1769 5610; x_wconf 91' lang='lat' dir='ltr'><strong>est,</strong></span> <span class='ocrx_word' id='word_1_821' title='bbox 1815 5548 1943 5617; x_wconf 90' lang='lat' dir='ltr'><strong>quid</strong></span> 
     </span>
    </p>
   </div>
   <div class='ocr_carea' id='block_1_104' title="bbox 296 5637 1941 5712">
    <p class='ocr_par' dir='ltr' id='par_1_104' title="bbox 296 5637 1941 5712">
     <span class='ocr_line' id='line_1_104' title="bbox 296 5637 1941 5712; baseline -0.001 -20"><span class='ocrx_word' id='word_1_822' title='bbox 296 5707 303 5712; x_wconf 90' lang='lat'><em>_</em></span> <span class='ocrx_word' id='word_1_823' title='bbox 375 5651 606 5708; x_wconf 82' lang='lat' dir='ltr'><strong>namque</strong></span> <span class='ocrx_word' id='word_1_824' title='bbox 631 5639 753 5692; x_wconf 90' lang='lat' dir='ltr'><strong>boui</strong></span> <span class='ocrx_word' id='word_1_825' title='bbox 785 5653 888 5692; x_wconf 83' lang='lat' dir='ltr'><strong>non</strong></span> <span class='ocrx_word' id='word_1_826' title='bbox 921 5639 1136 5703; x_wconf 82' lang='lat' dir='ltr'><strong>habuit,</strong></span> <span class='ocrx_word' id='word_1_827' title='bbox 1169 5639 1259 5708; x_wconf 87' lang='lat' dir='ltr'><strong>qui</strong></span> <span class='ocrx_word' id='word_1_828' title='bbox 1290 5637 1623 5708; x_wconf 85' lang='lat' dir='ltr'><strong>signaculum</strong></span> <span class='ocrx_word' id='word_1_829' title='bbox 1654 5637 1749 5692; x_wconf 86' lang='lat' dir='ltr'><strong>Dei</strong></span> <span class='ocrx_word' id='word_1_830' title='bbox 1790 5638 1941 5692; x_wconf 84' lang='lat' dir='ltr'><strong>simi-</strong></span> 
     </span>
    </p>
   </div>
   <div class='ocr_carea' id='block_1_105' title="bbox 2053 4539 3627 4620">
    <p class='ocr_par' dir='ltr' id='par_1_105' title="bbox 2053 4539 3627 4620">
     <span class='ocr_line' id='line_1_105' title="bbox 2053 4539 3627 4620; baseline 0.005 -26"><span class='ocrx_word' id='word_1_831' title='bbox 2053 4539 2222 4596; x_wconf 85' lang='lat' dir='ltr'><strong>Porro</strong></span> <span class='ocrx_word' id='word_1_832' title='bbox 2241 4545 2382 4613; x_wconf 91' lang='lat' dir='ltr'><strong>quod</strong></span> <span class='ocrx_word' id='word_1_833' title='bbox 2406 4545 2719 4602; x_wconf 86' lang='lat' dir='ltr'><strong>habitationi</strong></span> <span class='ocrx_word' id='word_1_834' title='bbox 2737 4549 2970 4618; x_wconf 86' lang='lat' dir='ltr'><strong>paradisi</strong></span> <span class='ocrx_word' id='word_1_835' title='bbox 2990 4549 3290 4620; x_wconf 88' lang='lat' dir='ltr'><strong>copulatur,</strong></span> <span class='ocrx_word' id='word_1_836' title='bbox 3314 4568 3332 4601; x_wconf 72' lang='grc' dir='ltr'><strong>ι</strong></span> <span class='ocrx_word' id='word_1_837' title='bbox 3355 4550 3532 4604; x_wconf 90' lang='lat' dir='ltr'><strong>omnis</strong></span> <span class='ocrx_word' id='word_1_838' title='bbox 3553 4549 3627 4602; x_wconf 88' lang='lat' dir='ltr'><strong>la-</strong></span> 
     </span>
    </p>
   </div>
   <div class='ocr_carea' id='block_1_106' title="bbox 2053 4632 3625 4711">
    <p class='ocr_par' dir='ltr' id='par_1_106' title="bbox 2053 4632 3625 4711">
     <span class='ocr_line' id='line_1_106' title="bbox 2053 4632 3625 4711; baseline 0.006 -25"><span class='ocrx_word' id='word_1_839' title='bbox 2053 4632 2134 4702; x_wconf 90' lang='lat' dir='ltr'><strong>pis</strong></span> <span class='ocrx_word' id='word_1_840' title='bbox 2158 4635 2444 4702; x_wconf 91' lang='lat' dir='ltr'><strong>pretiosus,</strong></span> <span class='ocrx_word' id='word_1_841' title='bbox 2460 4638 2852 4706; x_wconf 81' lang='lat' dir='ltr'><strong>operimentum</strong></span> <span class='ocrx_word' id='word_1_842' title='bbox 2869 4649 3041 4706; x_wconf 92' lang='lat' dir='ltr'><strong>tuum,</strong></span> <span class='ocrx_word' id='word_1_843' title='bbox 3066 4661 3084 4693; x_wconf 79' lang='grc'><strong>»</strong></span> <span class='ocrx_word' id='word_1_844' title='bbox 3111 4639 3222 4695; x_wconf 84' lang='lat' dir='ltr'><strong>sive</strong></span> <span class='ocrx_word' id='word_1_845' title='bbox 3247 4641 3519 4711; x_wconf 86' lang='lat' dir='ltr'><strong>colligatio</strong></span> <span class='ocrx_word' id='word_1_846' title='bbox 3541 4651 3625 4695; x_wconf 85' lang='lat' dir='ltr'><strong>tua</strong></span> 
     </span>
    </p>
   </div>
   <div class='ocr_carea' id='block_1_107' title="bbox 2053 4726 3624 4804">
    <p class='ocr_par' dir='ltr' id='par_1_107' title="bbox 2053 4726 3624 4804">
     <span class='ocr_line' id='line_1_107' title="bbox 2053 4726 3624 4804; baseline 0.006 -26"><span class='ocrx_word' id='word_1_847' title='bbox 2053 4733 2109 4779; x_wconf 88' lang='lat' dir='ltr'><strong>et</strong></span> <span class='ocrx_word' id='word_1_848' title='bbox 2134 4726 2518 4793; x_wconf 88' lang='lat' dir='ltr'><strong>circumdatio,</strong></span> <span class='ocrx_word' id='word_1_849' title='bbox 2548 4729 2760 4784; x_wconf 88' lang='lat' dir='ltr'><strong>sardius</strong></span> <span class='ocrx_word' id='word_1_850' title='bbox 2781 4771 2795 4795; x_wconf 96' lang='lat'><strong>,</strong></span> <span class='ocrx_word' id='word_1_851' title='bbox 2825 4732 3069 4800; x_wconf 85' lang='lat' dir='ltr'><strong>topazius</strong></span> <span class='ocrx_word' id='word_1_852' title='bbox 3098 4739 3150 4786; x_wconf 89' lang='lat' dir='ltr'><strong>et</strong></span> <span class='ocrx_word' id='word_1_853' title='bbox 3167 4732 3372 4802; x_wconf 92' lang='lat' dir='ltr'><strong>jaspis,</strong></span> <span class='ocrx_word' id='word_1_854' title='bbox 3401 4734 3624 4804; x_wconf 87' lang='lat' dir='ltr'><strong>chryso-</strong></span> 
     </span>
    </p>
   </div>
   <div class='ocr_carea' id='block_1_108' title="bbox 2054 4814 3621 4892">
    <p class='ocr_par' dir='ltr' id='par_1_108' title="bbox 2054 4814 3621 4892">
     <span class='ocr_line' id='line_1_108' title="bbox 2054 4814 3621 4892; baseline 0.005 -23"><span class='ocrx_word' id='word_1_855' title='bbox 2054 4814 2220 4872; x_wconf 91' lang='lat' dir='ltr'><strong>lithus</strong></span> <span class='ocrx_word' id='word_1_856' title='bbox 2268 4827 2323 4874; x_wconf 89' lang='lat' dir='ltr'><strong>et</strong></span> <span class='ocrx_word' id='word_1_857' title='bbox 2367 4833 2509 4890; x_wconf 87' lang='lat' dir='ltr'><strong>onyx</strong></span> <span class='ocrx_word' id='word_1_858' title='bbox 2536 4829 2589 4874; x_wconf 92' lang='lat' dir='ltr'><strong>et</strong></span> <span class='ocrx_word' id='word_1_859' title='bbox 2618 4821 2855 4885; x_wconf 91' lang='lat' dir='ltr'><strong>berillus,</strong></span> <span class='ocrx_word' id='word_1_860' title='bbox 2885 4823 3189 4892; x_wconf 90' lang='lat' dir='ltr'><strong>sapphirus,</strong></span> <span class='ocrx_word' id='word_1_861' title='bbox 3224 4832 3278 4877; x_wconf 90' lang='lat' dir='ltr'><strong>et</strong></span> <span class='ocrx_word' id='word_1_862' title='bbox 3318 4823 3621 4878; x_wconf 85' lang='lat' dir='ltr'><strong>carbuncu-</strong></span> 
     </span>
    </p>
   </div>
   <div class='ocr_carea' id='block_1_109' title="bbox 2053 4912 3622 4984">
    <p class='ocr_par' dir='ltr' id='par_1_109' title="bbox 2053 4912 3622 4984">
     <span class='ocr_line' id='line_1_109' title="bbox 2053 4912 3622 4984; baseline 0.003 -19"><span class='ocrx_word' id='word_1_863' title='bbox 2053 4912 2156 4975; x_wconf 88' lang='lat' dir='ltr'><strong>lus,</strong></span> <span class='ocrx_word' id='word_1_864' title='bbox 2216 4915 2557 4984; x_wconf 85' lang='lat' dir='ltr'><strong>smaragdns,</strong></span> <span class='ocrx_word' id='word_1_865' title='bbox 2603 4915 2704 4970; x_wconf 90' lang='lat' dir='ltr'><strong>hoc</strong></span> <span class='ocrx_word' id='word_1_866' title='bbox 2740 4915 3131 4970; x_wconf 88' lang='lat' dir='ltr'><strong>observandum</strong></span> <span class='ocrx_word' id='word_1_867' title='bbox 3171 4925 3285 4981; x_wconf 90' lang='lat' dir='ltr'><strong>est,</strong></span> <span class='ocrx_word' id='word_1_868' title='bbox 3352 4931 3460 4970; x_wconf 93' lang='lat' dir='ltr'><strong>non</strong></span> <span class='ocrx_word' id='word_1_869' title='bbox 3481 4915 3622 4970; x_wconf 87' lang='lat' dir='ltr'><strong>omni</strong></span> 
     </span>
    </p>
   </div>
   <div class='ocr_carea' id='block_1_110' title="bbox 2056 5003 3624 5076">
    <p class='ocr_par' dir='ltr' id='par_1_110' title="bbox 2056 5003 3624 5076">
     <span class='ocr_line' id='line_1_110' title="bbox 2056 5003 3624 5076; baseline 0.003 -20"><span class='ocrx_word' id='word_1_870' title='bbox 2056 5003 2231 5072; x_wconf 84' lang='lat' dir='ltr'><strong>lapide</strong></span> <span class='ocrx_word' id='word_1_871' title='bbox 2256 5005 2492 5074; x_wconf 90' lang='lat' dir='ltr'><strong>pretioso</strong></span> <span class='ocrx_word' id='word_1_872' title='bbox 2521 5021 2698 5075; x_wconf 83' lang='lat' dir='ltr'><strong>regem</strong></span> <span class='ocrx_word' id='word_1_873' title='bbox 2731 5006 2856 5076; x_wconf 87' lang='lat' dir='ltr'><strong>Tyri</strong></span> <span class='ocrx_word' id='word_1_874' title='bbox 2885 5005 3050 5060; x_wconf 88' lang='lat' dir='ltr'><strong>fuisse</strong></span> <span class='ocrx_word' id='word_1_875' title='bbox 3079 5006 3486 5071; x_wconf 90' lang='lat' dir='ltr'><strong>circundatum,</strong></span> <span class='ocrx_word' id='word_1_876' title='bbox 3513 5007 3624 5060; x_wconf 87' lang='lat' dir='ltr'><strong>sive</strong></span> 
     </span>
    </p>
   </div>
   <div class='ocr_carea' id='block_1_111' title="bbox 2053 5095 3704 5165">
    <p class='ocr_par' dir='ltr' id='par_1_111' title="bbox 2053 5095 3704 5165">
     <span class='ocr_line' id='line_1_111' title="bbox 2053 5095 3704 5165; baseline 0.001 -17"><span class='ocrx_word' id='word_1_877' title='bbox 2053 5102 2314 5162; x_wconf 89' lang='lat' dir='ltr'><strong>opertum,</strong></span> <span class='ocrx_word' id='word_1_878' title='bbox 2335 5103 2409 5159; x_wconf 91' lang='lat' dir='ltr'><strong>et,</strong></span> <span class='ocrx_word' id='word_1_879' title='bbox 2429 5105 2487 5148; x_wconf 92' lang='lat' dir='ltr'><strong>ut</strong></span> <span class='ocrx_word' id='word_1_880' title='bbox 2508 5095 2862 5165; x_wconf 88' lang='lat' dir='ltr'><strong>Symmachus</strong></span> <span class='ocrx_word' id='word_1_881' title='bbox 2888 5095 3180 5162; x_wconf 90' lang='lat' dir='ltr'><strong>transtulit,</strong></span> <span class='ocrx_word' id='word_1_882' title='bbox 3203 5096 3440 5160; x_wconf 84' lang='lat' dir='ltr'><strong>vinetum</strong></span> <span class='ocrx_word' id='word_1_883' title='bbox 3465 5104 3620 5165; x_wconf 89' lang='lat' dir='ltr'><strong>atque</strong></span> <span class='ocrx_word' id='word_1_884' title='bbox 3694 5155 3704 5161; x_wconf 27' lang='grc' dir='ltr'><em>κ</em></span> 
     </span>
    </p>
   </div>
   <div class='ocr_carea' id='block_1_112' title="bbox 2053 5185 3617 5254">
    <p class='ocr_par' dir='ltr' id='par_1_112' title="bbox 2053 5185 3617 5254">
     <span class='ocr_line' id='line_1_112' title="bbox 2053 5185 3617 5254; baseline -0.002 -13"><span class='ocrx_word' id='word_1_885' title='bbox 2053 5187 2404 5241; x_wconf 81' lang='lat' dir='ltr'><strong>constrictum</strong></span> <span class='ocrx_word' id='word_1_886' title='bbox 2432 5203 2446 5239; x_wconf 92' lang='lat'><strong>:</strong></span> <span class='ocrx_word' id='word_1_887' title='bbox 2473 5188 2563 5240; x_wconf 89' lang='lat' dir='ltr'><strong>sed</strong></span> <span class='ocrx_word' id='word_1_888' title='bbox 2585 5202 2799 5242; x_wconf 88' lang='lat' dir='ltr'><strong>omnem</strong></span> <span class='ocrx_word' id='word_1_889' title='bbox 2826 5186 3078 5254; x_wconf 90' lang='lat' dir='ltr'><strong>lapidem,</strong></span> <span class='ocrx_word' id='word_1_890' title='bbox 3099 5201 3256 5254; x_wconf 90' lang='lat' dir='ltr'><strong>quem</strong></span> <span class='ocrx_word' id='word_1_891' title='bbox 3285 5185 3472 5240; x_wconf 88' lang='lat' dir='ltr'><strong>habuit</strong></span> <span class='ocrx_word' id='word_1_892' title='bbox 3517 5198 3617 5238; x_wconf 92' lang='lat' dir='ltr'><strong>non</strong></span> 
     </span>
    </p>
   </div>
   <div class='ocr_carea' id='block_1_113' title="bbox 2052 5276 3616 5350">
    <p class='ocr_par' dir='ltr' id='par_1_113' title="bbox 2052 5276 3616 5350">
     <span class='ocr_line' id='line_1_113' title="bbox 2052 5276 3616 5350; baseline -0.003 -19"><span class='ocrx_word' id='word_1_893' title='bbox 2052 5279 2303 5349; x_wconf 88' lang='lat' dir='ltr'><strong>princeps</strong></span> <span class='ocrx_word' id='word_1_894' title='bbox 2331 5278 2460 5350; x_wconf 91' lang='lat' dir='ltr'><strong>Tyri</strong></span> <span class='ocrx_word' id='word_1_895' title='bbox 2489 5279 2654 5334; x_wconf 87' lang='lat' dir='ltr'><strong>fuisse</strong></span> <span class='ocrx_word' id='word_1_896' title='bbox 2680 5282 2998 5347; x_wconf 89' lang='lat' dir='ltr'><strong>pretiosum.</strong></span> <span class='ocrx_word' id='word_1_897' title='bbox 3038 5278 3288 5347; x_wconf 80' lang='lat' dir='ltr'><strong>Alioquin</strong></span> <span class='ocrx_word' id='word_1_898' title='bbox 3317 5276 3469 5334; x_wconf 89' lang='lat' dir='ltr'><strong>multi</strong></span> <span class='ocrx_word' id='word_1_899' title='bbox 3499 5283 3616 5330; x_wconf 88' lang='lat' dir='ltr'><strong>sunt</strong></span> 
     </span>
    </p>
   </div>
   <div class='ocr_carea' id='block_1_114' title="bbox 2055 5365 3613 5438">
    <p class='ocr_par' dir='ltr' id='par_1_114' title="bbox 2055 5365 3613 5438">
     <span class='ocr_line' id='line_1_114' title="bbox 2055 5365 3613 5438; baseline -0.002 -18"><span class='ocrx_word' id='word_1_900' title='bbox 2055 5367 2273 5438; x_wconf 89' lang='lat' dir='ltr'><strong>pretiosi</strong></span> <span class='ocrx_word' id='word_1_901' title='bbox 2323 5369 2561 5436; x_wconf 88' lang='lat' dir='ltr'><strong>lapides,</strong></span> <span class='ocrx_word' id='word_1_902' title='bbox 2609 5383 2743 5438; x_wconf 90' lang='lat' dir='ltr'><strong>quos</strong></span> <span class='ocrx_word' id='word_1_903' title='bbox 2806 5368 2858 5422; x_wconf 93' lang='lat' dir='ltr'><strong>in</strong></span> <span class='ocrx_word' id='word_1_904' title='bbox 2901 5368 3154 5437; x_wconf 66' lang='lat' dir='ltr'><strong>praesenti</strong></span> <span class='ocrx_word' id='word_1_905' title='bbox 3199 5367 3318 5422; x_wconf 93' lang='lat' dir='ltr'><strong>loco</strong></span> <span class='ocrx_word' id='word_1_906' title='bbox 3347 5365 3613 5434; x_wconf 75' lang='lat' dir='ltr'><strong>Scriptura</strong></span> 
     </span>
    </p>
   </div>
   <div class='ocr_carea' id='block_1_115' title="bbox 2057 5456 3612 5528">
    <p class='ocr_par' dir='ltr' id='par_1_115' title="bbox 2057 5456 3612 5528">
     <span class='ocr_line' id='line_1_115' title="bbox 2057 5456 3612 5528; baseline -0.005 -15"><span class='ocrx_word' id='word_1_907' title='bbox 2057 5460 2343 5513; x_wconf 88' lang='lat' dir='ltr'><strong>nominat:</strong></span> <span class='ocrx_word' id='word_1_908' title='bbox 2375 5459 2787 5522; x_wconf 88' lang='lat' dir='ltr'><strong>Chalcedonius,</strong></span> <span class='ocrx_word' id='word_1_909' title='bbox 2837 5457 3150 5528; x_wconf 85' lang='lat' dir='ltr'><strong>Sardonyx,</strong></span> <span class='ocrx_word' id='word_1_910' title='bbox 3199 5456 3612 5526; x_wconf 86' lang='lat' dir='ltr'><strong>Chrysoprasus,</strong></span> 
     </span>
    </p>
   </div>
   <div class='ocr_carea' id='block_1_116' title="bbox 2054 5544 3609 5620">
    <p class='ocr_par' dir='ltr' id='par_1_116' title="bbox 2054 5544 3609 5620">
     <span class='ocr_line' id='line_1_116' title="bbox 2054 5544 3609 5620; baseline -0.005 -18"><span class='ocrx_word' id='word_1_911' title='bbox 2054 5549 2420 5620; x_wconf 86' lang='lat' dir='ltr'><strong>Hyacinthus,</strong></span> <span class='ocrx_word' id='word_1_912' title='bbox 2463 5548 2786 5618; x_wconf 86' lang='lat' dir='ltr'><strong>Crystallum</strong></span> <span class='ocrx_word' id='word_1_913' title='bbox 2828 5563 3042 5616; x_wconf 87' lang='lat' dir='ltr'><strong>quoque</strong></span> <span class='ocrx_word' id='word_1_914' title='bbox 3079 5555 3134 5602; x_wconf 86' lang='lat' dir='ltr'><strong>et</strong></span> <span class='ocrx_word' id='word_1_915' title='bbox 3173 5544 3609 5616; x_wconf 88' lang='lat' dir='ltr'><strong>pretiosissimum</strong></span> 
     </span>
    </p>
   </div>
   <div class='ocr_carea' id='block_1_117' title="bbox 2052 5633 3612 5711">
    <p class='ocr_par' dir='ltr' id='par_1_117' title="bbox 2052 5633 3612 5711">
     <span class='ocr_line' id='line_1_117' title="bbox 2052 5633 3612 5711; baseline -0.007 -16"><span class='ocrx_word' id='word_1_916' title='bbox 2052 5642 2432 5711; x_wconf 84' lang='lat' dir='ltr'><strong>margaritum;</strong></span> <span class='ocrx_word' id='word_1_917' title='bbox 2464 5641 2554 5695; x_wconf 89' lang='lat' dir='ltr'><strong>sed</strong></span> <span class='ocrx_word' id='word_1_918' title='bbox 2583 5650 2639 5694; x_wconf 92' lang='lat' dir='ltr'><strong>et</strong></span> <span class='ocrx_word' id='word_1_919' title='bbox 2665 5639 2854 5710; x_wconf 87' lang='lat' dir='ltr'><strong>Aquila</strong></span> <span class='ocrx_word' id='word_1_920' title='bbox 2880 5650 2934 5693; x_wconf 93' lang='lat' dir='ltr'><strong>ct</strong></span> <span class='ocrx_word' id='word_1_921' title='bbox 2963 5639 3320 5710; x_wconf 87' lang='lat' dir='ltr'><strong>Symmachus</strong></span> <span class='ocrx_word' id='word_1_922' title='bbox 3360 5651 3422 5690; x_wconf 87' lang='lat' dir='ltr'><strong>ac</strong></span> <span class='ocrx_word' id='word_1_923' title='bbox 3447 5633 3612 5687; x_wconf 85' lang='lat' dir='ltr'><strong>Theo-</strong></span> 
     </span>
    </p>
   </div>
  </div>
