1977 3091
154 136 204 164 7S9

617 135 791 163 COMMENT.
811 135 844 163 IN
863 136 1087 164 EZECIIIELEM.
1108 152 1140 157 —
1161 136 1224 164 LIB.
1247 136 1288 164 XI.

1725 138 1775 168 790

150 193 226 220 dolio
245 193 272 220 ln
290 193 415 228 prmseuti
434 192 492 220 loco
511 193 626 220 mullum
645 198 673 220 et
687 193 756 221 inter
769 201 812 225 se,
826 197 852 220 et
873 193 943 221 inter
957 199 979 227 Α
995 194 1111 229 Spiritus
1129 193 1214 221 sancti
1230 192 1322 229 (Zacli.
1336 193 1387 228 ιιι).
1404 194 1474 229 Lege
1497 194 1603 222 lsaiam.
1618 195 1649 221 Et
1667 196 1776 230 ponitur

151 238 329 274 Septuaginta
352 239 511 273 interpretes
535 246 587 266 non
609 238 696 266 solum
714 239 824 271 ordine,
844 239 891 266 sed
912 243 939 266 et

151 292 267 313 numero
280 285 435 320 discrepant
448 290 529 321 atque
548 286 711 313 nominibus.
731 286 760 313 ln
779 286 940 321 Apocalypsi

151 337 260 365 quoque
278 328 501 364 Joannis(Apoc.
514 329 591 365 xxi),
604 330 648 357 ubi
669 331 702 358 de
722 330 790 358 vivis
810 330 941 365 lapidibus

151 374 319 402 Hierusalem
334 378 469 401 exstructa
479 379 654 407 memoratur,
663 375 798 410 paululum
813 376 839 402 in
851 380 941 402 extre-

152 420 205 447 mis
219 420 340 454 partibus
351 419 444 446 ordine
457 424 620 446 commutato
629 420 708 446 iidem
723 420 748 447 in
762 419 941 446 fundamentis

151 464 211 498 ejus
232 469 366 499 ponuntur
387 464 497 498 lapides,
520 465 556 491 ita
576 469 606 492 ut
626 469 710 500 porta:
730 465 801 492 illius
821 464 940 500 crystalli

150 509 256 536 lumine
269 509 429 536 scribantur
438 509 598 536 :edilicatte:
620 510 667 537 sed
685 510 710 536 in
729 514 838 544 pectore
857 509 942 544 ponti-

153 554 214 581 ficis
225 562 275 589 per
288 558 404 589 quatuor
421 555 529 582 ordines
549 555 574 582 in
595 555 720 582 rationali
740 555 820 582 iidem
839 555 941 590 lapides

152 600 344 627 describuntur
357 599 458 635 (Exod.
470 608 553 627 xxvnt
563 599 583 636 ).
599 600 630 627 Et
644 601 671 627 in
684 600 804 628 humeris
816 599 873 634 ejus
887 600 939 627 duo

152 645 257 680 lapides
271 645 397 681 onychini
411 646 437 673 in
452 646 548 681 quibus
568 647 706 674 duodecim
726 645 940 681 patriarcharum

153 691 257 725 scripta
279 695 342 717 sunt
365 691 474 718 nomina
497 699 564 726 quos
586 700 665 719 verus
686 692 806 726 pontifex
831 692 863 719 de
886 700 940 726 quo

154 736 286 770 scriptum
304 740 345 763 est
359 743 366 761 :
381 745 390 760 ι
405 736 445 762 Tu
459 742 488 762 es
502 737 629 764 sacerdos
646 737 672 763 in
694 741 823 764 :eternum
844 744 940 764 secun-

155 782 220 809 dum
241 782 361 810 ordinem
381 782 574 810 Melchisedech
589 784 597 818 (
612 783 684 811 Paul.
698 792 760 811 cxtx
771 784 796 819 ),
810 789 900 819 portat
915 785 940 811 in

153 832 282 861 pectore,
296 830 387 861 portat
399 827 425 853 iu
440 827 575 860 humeris,
593 833 621 855 ut
639 829 665 855 in
683 829 823 856 duodecim
846 830 940 865 lapidi-

992 248 1040 275 per
1058 240 1207 275 apostolum
1231 240 1342 267 Paulum
1364 240 1389 276 (1
1414 240 1475 267 Cor.
1498 241 1539 276 ιιι)
1560 241 1586 267 in
1603 241 1777 268 fundamento

992 286 1118 314 Ecclesia:
1140 292 1221 320 super
1242 285 1485 320 quo’mdifieentur,
1510 294 1615 319 aurum,
1637 291 1776 321 argentiun

992 330 1093 365 lapides
1118 331 1228 366 pretiosi
1243 338 1250 357 :
1264 338 1379 365 quorum
1401 330 1505 358 colores
1524 335 1607 365 atque
1626 336 1737 358 naturas
1751 336 1779 357 et

991 375 1148 402 cflieientias
1162 375 1347 410 singulorum;
1360 383 1413 403 non
1428 380 1470 403 est
1490 375 1568 410 hujus
1583 376 1711 411 temporis
1724 376 1778 403 dis-

991 427 1061 453 sere,
1080 421 1127 447 sed
1150 421 1288 455 proprium
1311 420 1435 448 volumen
1460 421 1624 453 desiderant,
1642 421 1677 447 ita
1694 425 1723 447 ut
1751 421 1777 447 in

991 466 1115 494 Ezechiel
1129 471 1156 494 et
1174 467 1201 493 in
1224 466 1316 493 Exodo
1332 471 1359 493 et
1379 466 1406 493 in
1422 467 1593 502 Apocalypsi,
1611 471 1638 493 ct
1660 466 1687 493 in
1710 466 1776 493 Isaia

991 512 1042 539 sibi
1067 520 1161 540 omnes
1182 511 1290 546 lapides,
1316 516 1343 539 ct
1362 512 1480 546 lapidum
1494 513 1603 539 ordines
1617 512 1777 546 comparati,

991 565 1116 591 magnam
1130 561 1157 584 et
1167 557 1263 591 legenti
1278 561 1305 584 et
1317 557 1461 584 disserenti
1475 557 1574 584 faciant
1591 556 1776 591 qumstionem.

995 611 1004 628 ι
1023 602 1062 629 Tu
1076 602 1195 634 Cherub,
1208 602 1306 636 inquit,
1318 606 1443 628 extentus
1457 606 1484 628 et
1494 605 1637 636 protegens
1648 601 1674 627 in
1687 605 1777 627 monte

991 653 1085 675 sancto
1100 648 1147 675 Dei
1174 648 1200 674 in
1226 647 1315 674 medio
1339 647 1456 682 lapidum
1475 647 1618 681 ignilorum
1643 646 1777 681 perfectus

992 690 1144 718 ambulasti.
1164 700 1172 716 ι
1195 689 1283 725 (Greg.
1296 698 1353 724 cap.
1369 690 1411 716 cit.
1424 694 1447 716 et
1464 688 1549 724 xxn.)
1561 688 1667 715 Cherub
1680 688 1777 723 quippe

991 737 1129 771 plenitudo
1156 736 1274 763 scientiae
1298 736 1492 769 interpretatur
1521 743 1527 761 ι
1552 739 1578 761 ct
1606 735 1706 761 idcirco
1727 735 1777 761 iste

991 781 1097 808 Cherub
1112 781 1222 813 dicitur,
1244 780 1290 815 qui
1308 780 1507 807 transcendisse
1533 784 1644 807 cunctos
1664 779 1776 806 scicntia

992 835 1044 853 non
1070 826 1207 853 dubitatur
1231 835 1237 852 :
1259 826 1304 860 qui
1332 825 1359 852 in
1383 826 1471 853 medio
1496 826 1642 861 iguitorum
1658 825 1775 860 lapidum

152 872 205 900 bus
222 872 409 907 Apostolorum
429 881 586 905 numerum,
601 878 627 900 et
641 874 666 900 in
681 874 785 901 duobus
801 875 938 910 utriusque
955 874 976 902 Β
990 871 1124 906 perfectus
1150 871 1307 903 ambulavit,
1335 870 1397 905 quia
1424 871 1494 897 inter
1518 870 1672 905 angelorum
1693 870 1774 897 corda

153 917 321 944 Tcstamenti
337 921 503 944 sacramenta
527 917 702 945 demonstret.
728 918 846 952 Quorum
870 927 938 946 unus

152 961 273 989 Joannes
296 962 465 995 Evangelista
488 963 611 989 recubuit
635 963 660 989 in
683 968 793 998 pectore
814 964 889 999 ejus,
910 969 940 991 ut

152 1008 275 1036 hauriret
287 1007 384 1035 fluenta
397 1008 532 1042 sapientia:
546 1012 572 1035 et
585 1013 674 1043 posset
688 1009 777 1036 dicere
790 1018 796 1036 ί
810 1018 818 1035 ι
830 1009 858 1036 ln
869 1010 940 1044 prin-

152 1053 226 1087 cipio
239 1057 298 1080 erat
313 1052 426 1079 Verbum
437 1073 444 1085 ,
463 1057 489 1079 et
503 1053 618 1080 Verbum
638 1058 696 1080 erat
713 1054 782 1088 apud
802 1055 899 1086 Deum,
913 1059 940 1082 ct

153 1099 226 1126 Deus
236 1102 295 1126 erat
308 1097 422 1125 Verbum
433 1118 444 1130 ,,
457 1098 506 1125 hoc
519 1103 577 1125 erat
590 1099 615 1125 in
630 1098 762 1133 principio
773 1100 842 1134 apud
856 1100 939 1127 Deum

153 1143 246 1179 (Joan.
260 1143 306 1179 1).»
320 1143 365 1170 isti
378 1147 441 1170 sunt
455 1143 506 1170 vivi
522 1143 674 1178 lapides,dc
686 1144 783 1178 quibus
794 1144 941 1171 aedificatur

153 1189 285 1221 Ecclesia,
305 1193 333 1217 et
347 1189 379 1216 de
391 1190 488 1224 quibus
502 1190 596 1217 scribit
611 1190 747 1224 apostolus
762 1190 857 1218 Petrus
869 1199 876 1217 :
890 1190 938 1218 rSi

153 1234 306 1261 credidistis
324 1234 386 1269 Quia
396 1234 486 1262 suavis
497 1235 625 1262 Dominus
640 1235 673 1262 ad
684 1242 763 1269 quem
780 1236 938 1262 accedentes

154 1278 270 1314 lapidem
293 1279 435 1311 viventem,
448 1280 482 1307 ab
505 1280 659 1307 hominibus
683 1279 790 1314 quidem
814 1282 941 1315 reproba-

154 1329 227 1355 tum,
252 1331 267 1350 a
289 1324 343 1351 Deo
363 1329 452 1352 autem
471 1325 603 1358 electum,
623 1325 820 1358 houorabilem,
846 1331 873 1353 ct
890 1327 940 1361 ipsi

153 1369 223 1395 sicut
237 1368 336 1402 lapides
345 1369 463 1396 viventes
476 1369 646 1397 :cdilicamini
658 1370 753 1397 domus
765 1370 899 1405 spiritales
914 1371 940 1398 in

154 1414 336 1441 sacerdotium
362 1420 484 1441 sanctum
500 1435 507 1447 ,
534 1415 631 1443 offerre
656 1416 791 1450 spiritales
816 1417 941 1444 victimas

153 1459 292 1493 placentes
314 1460 367 1487 Deo
391 1468 440 1494 per
462 1460 553 1488 Jcsum
575 1461 712 1488 Christmn
737 1461 774 1497 (I
789 1461 846 1489 Pet.
863 1462 912 1498 ιι).
928 1473 938 1489 ι

154 1505 286 1538 Quoniam
308 1506 373 1533 dicit
385 1506 524 1541 Scriptura
540 1516 546 1534 :
564 1517 572 1532 ι
591 1508 658 1535 liece
672 1516 769 1542 ponam
785 1508 811 1535 in
824 1508 888 1536 Sion
904 1509 941 1536 la—

154 1553 244 1588 pidem
258 1553 411 1589 angularem
422 1574 429 1586 ,
442 1554 556 1581 electum
566 1575 572 1586 ,
596 1555 758 1588 pretiosum,
774 1559 800 1582 et
818 1555 862 1590 qui
882 1563 941 1584 ere-
955 1562 977 1592 ρ

154 1598 194 1625 dit
208 1598 233 1624 in
248 1605 281 1625 eo
297 1606 348 1625 non
363 1599 541 1626 confundetur
556 1600 623 1635 (lsu.
638 1608 722 1627 xxviii
736 1600 772 1635 ).ι
789 1600 875 1635 Super
889 1608 942 1635 quo

153 1646 181 1669 et
198 1642 252 1668 Vas
272 1642 414 1670 electionis
436 1643 494 1677 pari
514 1651 579 1670 voce
595 1645 729 1671 consentit
742 1644 853 1671 dicens:
869 1654 877 1670 ι
893 1645 943 1672 Su-

154 1687 330 1725 perredilicati
344 1688 371 1714 in
385 1687 559 1716 fundamento
581 1689 762 1723 apostolorum
781 1693 808 1716 et
827 1689 942 1723 prophe‘

156 1739 263 1766 tarum,
284 1734 342 1768 ipso
363 1734 484 1769 angulari
508 1734 595 1769 lapide
614 1735 721 1762 Christo
743 1735 806 1763 Jesu
830 1736 943 1763 Domino

156 1785 260 1812 nostro,
274 1781 300 1807 in
313 1789 366 1815 quo
379 1781 465 1808 omnis
478 1781 620 1809 zedificatio
635 1787 790 1809 constructa
804 1782 901 1809 crescit
916 1782 942 1808 in

157 1825 284 1861 templum
300 1830 421 1852 sanctqu
436 1825 483 1853 Dei
497 1826 506 1861 (
519 1826 614 1861 Ep/ws.
631 1835 648 1854 ιι
660 1827 680 1862 >.
697 1837 705 1853 ι
720 1827 751 1854 lli
766 1831 828 1855 sunt
841 1827 943 1861 lapides

156 1871 188 1898 de
206 1872 304 1906 quibus
322 1876 349 1898 et
368 1872 393 1898 iu
413 1872 465 1898 alio
478 1872 536 1899 loco
550 1872 685 1907 legimus:
703 1882 712 1898 ‹
727 1873 842 1907 Lapides
856 1873 943 1900 sancti

156 1916 300 1943 volvuntur
312 1924 391 1951 super
405 1921 503 1944 terram
520 1917 604 1944 instar
616 1922 735 1944 rotarum
749 1917 842 1953 (Zach.
855 1926 882 1944 Ix
892 1917 917 1954 );
931 1927 940 1942 ι

157 1962 296 1997 paululum
316 1967 456 1997 tangentes
476 1963 603 1996 humum,
623 1967 650 1990 et
662 1964 831 1991 volubilitate
844 1972 891 1991 sua
910 1964 943 1991 ad

156 2008 277 2035 cmlestia
293 2008 460 2036 festinantes.
475 2008 512 2036 De
526 2009 622 2044 quibus
636 2014 662 2037 et
676 2010 813 2045 Scriptura
827 2018 944 2037 commc-

157 2057 255 2080 morat:
262 2053 345 2080 «Ecce
352 2061 401 2088 ego
408 2061 528 2089 prreparo
536 2054 728 2082 carbunculum
736 2054 849 2089 lapidem
858 2059 942 2086 tuum,

156 2102 183 2124 et
195 2097 367 2125 ftindamenta
380 2102 423 2125 tua
430 2099 595 2133 sapphirum,
604 2103 733 2133 etpouam
742 2099 944 2135 propugnacula

157 2148 201 2169 tua
211 2143 355 2178 jaspidem,
363 2148 390 2170 et
398 2149 489 2179 portas
499 2148 557 2171 tuas
566 2145 652 2179 lapide
660 2145 793 2180 crystallo,
803 2150 829 2172 et
837 2154 942 2173 murtun

158 2193 233 2215 tuum
245 2188 378 2222 lapidibus
394 2190 487 2217 electis
497 2210 503 2221 ,
517 2194 543 2216 et
557 2198 650 2218 omnes
664 2191 733 2218 filios
747 2195 807 2218 tuos
821 2191 915 2219 doctos
929 2200 942 2218 a

988 917 1129 944 charitatis
1156 917 1217 952 igne
1242 923 1371 943 succensa
1389 916 1478 943 clarus
1504 916 1589 950 gloria
1614 914 1776 942 conditionis

988 963 1088 990 extitit.
1107 962 1191 995 Quem
1208 961 1275 988 bene
1292 965 1429 988 extentum
1446 965 1473 988 et
1488 964 1670 996 protegentem
1687 959 1751 986 dicit
1768 966 1775 984 :

988 1007 1074 1035 Omne
1084 1008 1155 1034 enim
1174 1007 1244 1041 quod
1261 1006 1360 1033 extenti
1378 1006 1552 1041 protegimus,
1572 1006 1773 1032 obumbramus.

990 1051 1022 1078 Et
1054 1051 1116 1086 quia
1139 1051 1366 1086 comparationem
1391 1050 1521 1077 claritatis
1540 1058 1595 1077 sua:
1619 1054 1775 1077 ceterorum

989 1096 1138 1123 claritatem
1149 1096 1323 1123 obumbrasse
1333 1095 1459 1127 creditur,
1468 1096 1524 1130 ipse
1537 1100 1661 1123 extentus
1673 1100 1700 1123 et
1712 1103 1776 1130 pro-

990 1146 1082 1175 tegens
1095 1141 1175 1168 fuisse
1190 1141 1360 1175 perhibetur;
1380 1140 1497 1176 reliquos
1509 1141 1579 1168 enim
1593 1141 1668 1176 quasi
1683 1141 1774 1168 obum-

990 1186 1092 1213 brando
1107 1187 1224 1220 operuit,
1237 1187 1300 1220 quia
1310 1194 1403 1213 eorum
1415 1186 1626 1221 magnitudinem
1641 1186 1776 1213 excellen-

992 1231 1028 1258 tia
1045 1231 1146 1265 majore
1161 1231 1336 1258 transcendit.
1355 1231 1431 1266 Quod
1452 1239 1516 1266 ergo
1530 1231 1584 1258 illic
1595 1231 1733 1265 speciosus
1747 1230 1774 1258 in

991 1276 1081 1304 multis
1095 1276 1242 1308 frondibus,
1254 1277 1325 1311 quod
1337 1276 1390 1303 illic
1403 1276 1568 1312 signaculum
1579 1275 1775 1308 similitudinis,

990 1323 1061 1356 quod
1074 1322 1127 1349 illic
1138 1322 1254 1354 Cherub,
1266 1322 1337 1356 quod
1349 1322 1403 1349 illic
1413 1326 1556 1357 protegens
1567 1322 1675 1354 dicitur,
1686 1322 1736 1350 hoc
1750 1322 1777 1350 in

990 1366 1040 1394 Job
1052 1375 1116 1394 voce
1130 1367 1268 1394 Dominica
1276 1367 1423 1394 Behemoth
1440 1367 1489 1394 iste
1501 1367 1604 1393 viarum
1618 1367 1664 1394 Dei
1678 1367 1778 1401 princi—

990 1413 1065 1447 pium
1081 1417 1191 1440 vocatur
1206 1412 1276 1448 (Job.
1300 1412 1355 1448 xL).
1382 1412 1420 1439 De
1445 1419 1499 1447 quo
1517 1412 1617 1439 idcirco
1642 1415 1696 1438 tam
1711 1411 1777 1438 mira

992 1458 1018 1485 in
1043 1458 1141 1492 quibus
1158 1457 1208 1484 fuit
1222 1462 1249 1484 ct
1269 1465 1350 1492 quam
1368 1457 1459 1487 amisit
1474 1457 1601 1489 insinuat,
1628 1461 1658 1484 ut
1683 1456 1778 1483 territo

991 1503 1094 1530 homini
1119 1503 1243 1530 ostendat
1268 1502 1338 1537 quod
1352 1502 1409 1537 ipse
1422 1502 1444 1529 si
1465 1502 1602 1537 superbiat
1614 1502 1646 1529 de
1655 1502 1778 1529 elationis

993 1557 1049 1576 suze
1063 1549 1139 1583 culpa
1155 1556 1283 1583 passurus
1296 1548 1340 1581 sit,
1364 1548 1385 1575 si
1405 1548 1525 1575 feriendo
1539 1547 1576 1575 illi
1602 1555 1713 1583 parcere
1732 1556 1779 1574 uo—

992 1595 1053 1628 luit,
1070 1603 1150 1629 quem
1164 1596 1280 1623 creando
1294 1595 1319 1622 in
1339 1595 1422 1630 gloria
1442 1599 1523 1621 tanta:
1539 1595 1670 1622 claritatis
1690 1595 1778 1622 eleva-

994 1641 1041 1667 vit.
1054 1641 1212 1668 Consideret
1227 1649 1290 1676 ergo
1305 1642 1395 1673 homo,
1415 1642 1479 1676 quid
1492 1641 1578 1668 elatus
1592 1642 1618 1668 in
1637 1646 1707 1668 terra
1722 1650 1777 1669 me-

993 1691 1094 1718 rcatur,
1110 1687 1132 1714 si
1146 1691 1172 1714 et
1185 1687 1311 1721 praelatus
1331 1687 1443 1722 angelis,
1461 1688 1572 1722 angelus
1594 1688 1621 1714 in
1637 1688 1704 1715 emlo
1717 1696 1778 1723 pm—

993 1733 1133 1761 sternitur.
1155 1733 1230 1760 Unde
1256 1738 1283 1760 ct
1307 1733 1373 1760 bene
1401 1741 1449 1768 per
1468 1733 1626 1767 prophetam
1658 1734 1775 1760 dicitur:

996 1788 1005 1804 ι
1024 1778 1172 1806 inebriatus
1185 1783 1227 1805 cst
1240 1778 1267 1805 in
1280 1778 1349 1806 cmlo
1359 1777 1463 1812 gladius
1474 1786 1548 1805 meus
1563 1777 1629 1814 (Isa.
1642 1779 1752 1815 xxxiv);
1766 1789 1774 1804 ι

993 1831 1025 1850 ac
1034 1824 1056 1851 si
1071 1828 1163 1859 aperte
1177 1824 1279 1851 diceret
1293 1832 1299 1849 :
1313 1831 1364 1858 qua
1375 1823 1415 1850 ira
1427 1824 1521 1851 lbriam
1535 1825 1665 1858 superbos
1678 1828 1755 1851 terrm
1768 1845 1774 1856 ,

992 1869 1159 1903 perpendite,
1186 1868 1208 1895 si
1233 1869 1304 1902 ipsos
1328 1868 1410 1895 etiam
1437 1876 1504 1903 quos
1520 1869 1546 1895 in
1563 1869 1630 1896 ccelo
1640 1868 1717 1903 juxta
1735 1878 1777 1896 me

993 1914 1098 1941 condidi
1126 1922 1180 1948 pra:
1201 1914 1324 1941 elationis
1344 1914 1410 1941 vitio
1433 1919 1572 1949 percutere
1590 1923 1642 1942 non
1658 1916 1776 1950 peperci.

994 1959 1129 1994 ("iet-on.)
1142 1959 1226 1986 Porro
1239 1960 1310 1994 quod
1323 1960 1420 1986 dicitur
1429 1958 1506 1994 juxta
1522 1960 1681 1987 lleln'aicum
1696 1969 1702 1987 :
1714 1970 1723 1986 ι
1738 1960 1778 1988 Tu

993 2004 1094 2031 cherub
1116 2008 1240 2031 extentus
1255 2008 1283 2032 ct
1298 2009 1450 2040 protegens,
1481 2015 1490 2031 ›
1512 2006 1670 2033 subauditur
1686 2013 1778 2033 aream

993 2048 1040 2074 Dei
1057 2052 1085 2075 et
1104 2049 1330 2084 propitiatorium,
1345 2050 1388 2077 vel
1409 2049 1486 2084 juxta
1509 2050 1683 2086 Septuaginta
1707 2050 1779 2085 quod

995 2092 1051 2127 ipse
1076 2101 1136 2121 cum
1160 2095 1262 2122 cherub
1287 2100 1385 2123 unctus
1410 2095 1445 2123 sit
1475 2100 1502 2123 ct
1531 2101 1647 2124 creatus.
1674 2097 1712 2123 lix
1727 2104 1779 2131 quo

993 2139 1145 2166 ostenditur
1165 2140 1199 2167 ad
1214 2140 1350 2167 hominem
1371 2141 1445 2168 urbis
1459 2140 1546 2176 Tyria.-
1559 2141 1706 2176 principem
1729 2142 1780 2169 hoc

995 2184 1129 2218 pertinere
1151 2193 1203 2212 non
1229 2194 1318 2220 posse,
1343 2186 1388 2213 sed
1407 2186 1439 2212 ad
1463 2190 1582 2213 sanctam
1598 2187 1737 2219 quondam‘
1752 2192 1779 2213 ct

158 2233 223 2265 Deo,
234 2238 260 2260 et
271 2234 296 2259 iu
311 2233 393 2260 multa
407 2242 472 2269 pace
486 2234 554 2261 lilio‘s
565 2239 624 2262 tuos
635 2239 662 2262 et
673 2235 698 2262 in
709 2234 815 2268 justitia
825 2236 942 2263 (edifica-
955 2229 982 2257 D
995 2234 1158 2268 prtecipuam
1171 2231 1366 2264 fortitudinem,
1382 2240 1441 2266 qua:
1462 2232 1537 2258 urbis
1554 2232 1641 2267 Tyrire
1655 2233 1779 2266 princeps

159 2278 231 2305 heris
244 2277 316 2313 (Isa.
329 2287 370 2305 Ltv
379 2278 398 2313 ).
411 2288 420 2304 ι
434 2278 520 2313 Super
533 2286 585 2314 quo
599 2280 663 2314 quid
676 2280 752 2308 nobis
767 2281 902 2309 videretur
916 2282 943 2308 in

157 2321 278 2356 ejusdem
292 2322 429 2356 propheta:
441 2330 473 2351 ex
483 2323 680 2358 plauationibus
697 2324 822 2352 diximus.
840 2325 878 2352 De
895 2326 944 2352 hu-

157 2366 304 2403 iuscemodi
314 2368 446 2402 lapidibus
456 2372 483 2395 et
493 2369 635 2396 vicesimus
646 2369 765 2404 psalmus
775 2366 845 2397 canit
859 2380 864 2397 :
876 2380 885 2396 ‹
896 2372 945 2398 Do-

160 2412 240 2444 mine,
255 2412 282 2440 in
295 2413 394 2440 virtute
413 2417 457 2440 tua
472 2413 610 2441 laetabitur
619 2422 676 2447 rex,
688 2419 716 2442 et
733 2423 813 2450 super
826 2416 943 2444 salutare

161 2461 235 2484 tuum
252 2458 384 2485 exultabit
396 2459 579 2486 vehementer.
596 2460 760 2487 Desiderium
774 2461 870 2489 animm
884 2462 943 2497 ejus

161 2502 276 2528 tribuisti
299 2502 334 2533 ci,
352 2507 379 2529 ct
399 2503 534 2531 voluntate
561 2504 692 2532 labiorum
719 2504 778 2540 ejus
795 2513 848 2533 non
870 2506 944 2533 frau-

161 2546 230 2573 dasti
242 2555 313 2574 cum.
332 2547 464 2582 Quoniam
477 2550 629 2583 pnevenisti
641 2558 702 2578 cum
718 2551 744 2577 iu
756 2551 943 2580 benedictione

161 2590 317 2624 dulcedinis,
332 2593 444 2627 posuisti
459 2593 485 2620 in
503 2594 591 2629 capite
601 2594 659 2628 ejus
671 2603 798 2623 coronam
812 2596 845 2624 de
855 2596 943 2632 lapide
952 2623 981 2638 φ

162 2636 288 2670 pretioso.
317 2645 327 2662 ι
344 2637 403 2664 ista:
431 2642 494 2665 sunt
520 2640 672 2674 margarita:
700 2641 891 2675 prophetarum
917 2645 945 2668 et

163 2681 353 2714 apostolorum,
372 2690 432 2716 qua:
453 2684 655 2718 comparatione
668 2684 767 2712 Christi
783 2694 877 2713 omnes
896 2694 943 2713 vc—

164 2726 316 2751 nundantur
327 2726 353 2752 in
368 2726 521 2761 Evangelio,
546 2732 574 2754 ut
589 2733 694 2756 ematur
714 2730 941 2764 pretiosissimum

164 2769 355 2804 margaritum,
379 2775 406 2798 et
431 2771 498 2806 lapis
534 2774 566 2800 de
592 2781 644 2808 quo
665 2774 811 2801 Zacharias
839 2775 943 2808 scribit,

165 2813 233 2846 quod
251 2807 353 2847 septeni
370 2815 467 2843 habeat
485 2817 588 2851 oculos,
602 2807 636 2845 rid
653 2823 704 2850 est,
720 2823 822 2851 septem
845 2820 946 2852 gratias

995 2279 1081 2312 posita
1098 2278 1142 2305 sit.
1164 2287 1173 2303 ι
1204 2278 1238 2304 Et
1262 2277 1338 2312 posui
1361 2281 1398 2308 te,
1415 2276 1512 2311 inquit,
1527 2276 1554 2302 in
1574 2281 1665 2303 monte
1686 2282 1780 2304 sancto

995 2324 1053 2356 Dei,
1074 2333 1082 2350 ι
1101 2323 1171 2350 haud
1192 2322 1301 2349 dubium
1318 2322 1381 2356 quin
1395 2322 1548 2356 paradisum
1574 2322 1716 2357 significet,
1745 2324 1780 2350 ad

994 2376 1073 2403 quem
1095 2372 1155 2403 post
1180 2367 1276 2395 cwlum
1298 2367 1403 2394 tertium
1424 2367 1521 2394 l’aulus
1542 2372 1647 2402 raptum
1667 2376 1728 2396 esse
1749 2377 1778 2396 se

993 2414 1059 2440 dicit
1076 2412 1119 2448 (II
1139 2412 1199 2439 Cor.
1224 2412 1284 2447 χιι).
1311 2411 1417 2439 Cherub
1438 2417 1526 2439 autem
1554 2421 1652 2448 genere
1674 2422 1779 2441 mascu~

995 2458 1050 2485 lino
1080 2465 1192 2485 numero
1217 2457 1357 2492 singulari,
1382 2461 1409 2484 et
1430 2457 1526 2492 plurali
1544 2458 1670 2485 dicuntur
1684 2459 1779 2486 cheru-

995 2503 1062 2535 bim,
1076 2503 1121 2537 qui
1150 2503 1362 2537 interpretantur
1380 2503 1501 2531 scicntize
1520 2504 1674 2535 multitudo,
1700 2512 1780 2539 super

997 2548 1094 2582 quibus
1106 2548 1251 2582 requiescit
1273 2552 1300 2576 et
1314 2549 1389 2577 sedet
1402 2548 1485 2582 Deus,
1511 2554 1538 2577 ct
1553 2550 1605 2577 hoc
1626 2558 1708 2577 curru
1725 2551 1779 2577 uti-

997 2596 1051 2625 tur,
1076 2593 1182 2620 diccute
1204 2593 1333 2628 propheta
1349 2594 1382 2620 ad
1397 2602 1459 2622 eum
1476 2604 1482 2622 :
1504 2604 1513 2620 ι
1528 2594 1579 2628 Qui
1597 2596 1674 2622 sedes
1699 2603 1781 2630 super

997 2637 1147 2670 cherubim,
1174 2638 1348 2665 manifestare
1365 2638 1449 2674 (Psal.
1475 2640 1579 2674 Lxxtx).
1608 2650 1616 2665 ι
1635 2640 1666 2666 Et
1682 2640 1706 2666 in
1728 2640 1780 2666 alio

997 2682 1074 2710 loco:
1092 2692 1101 2708 ι
1118 2683 1245 2711 Ascendit
1259 2691 1341 2718 super
1362 2684 1500 2712 cherubim
1515 2689 1541 2712 et
1557 2685 1669 2717 volavit;
1682 2685 1780 2711 volavit

997 2736 1078 2763 super
1100 2737 1202 2764 pennas
1226 2734 1368 2757 ventorqu
1391 2729 1477 2766 (Psal.
1498 2730 1589 2765 xvn)»
1606 2730 1658 2756 istc
1689 2734 1778 2756 autem

997 2775 1100 2801 cherub
1121 2775 1176 2801 sive
1195 2779 1301 2802 creatus
1314 2783 1374 2802 cum
1388 2774 1499 2807 cherub,
1511 2779 1635 2802 extentus
1651 2779 1678 2800 et
1692 2779 1778 2808 prote-

998 2827 1062 2854 gens
1078 2824 1256 2850 sacramenta,
1270 2820 1373 2854 positus
1392 2824 1432 2846 est
1454 2820 1480 2846 in
1506 2823 1595 2846 motito
1614 2824 1706 2847 sanrto
1723 2820 1779 2847 llei.
