3954 6182
338 253 437 314 79!

970 256 1029 312 Β.
1068 255 1320 312 RABANl
1359 254 1581 314 MAURI
1624 254 1940 315 ARClllEP.
2331 259 2615 321 O'PERUM
2650 260 2830 319 PARS
2866 261 2963 331 IL.

3490 272 3606 328 792

339 369 415 457 De
454 382 562 438 quo
609 366 803 424 crcb’ro
839 367 1091 457 dirimus.
1268 368 1465 424 Paulus
1517 370 1795 439 apostolus
1845 371 1925 426 ιο-
1951 375 1998 435 Α
2027 386 2368 445 nequaquam
2395 376 2980 449 inter-ignitoslapidcs
3009 378 3356 447 consisteres,
3387 385 3494 439 sed
3508 402 3613 457 pc-

336 452 542 531 quitur,
582 459 626 514 sl
654 460 785 530 quis
811 454 991 515 tanien
1028 458 1094 513 ad
1142 444 1395 514 llebrteos’
1425 456 1720 529 Epistolam
1743 460 1911 517 susci-

334 553 454 622 pit:
488 571 507 604 ι
538 548 858 607 Accessistis
887 551 955 606 ’ad
976 534 1105 606 Sam
1134 548 1391 615 montem,
1425 562 1481 606 et
1509 544 1785 608 civitatem
1816 550 1909 609 Del

339 638 567 699 viventis
607 639 904 697 JeruSalcm
934 638 1236 708 ételestc'm,
1284 651 1338 697 et
1382 634 1545 697 millia
1594 642 1909 715 angelorum

335 732 521 796 (Hebr.
552 733 673 804 xu).
700 754 720 787 ι
752 732 846 789 Vel
877 740 1024 790 certe
1069 742 1223 789 mons
1251 732 1425 789 sancti
1464 718 1556 789 Dei
1602 735 1908 804 paradisus,

334 822 393 878 n't
422 822 675 888 diximus,
702 823 1079 895 intelligendus
1123 831 1228 879 est.
1257 808 1569 879 Anibulavit
1608 836 1823 895 quoque
1856 824 1908 879 in

329 913 508 981 medio
538 905 829 984 ignitOrum
871 913 1127 984 lapidum,
1165 914 1231 968 de
1257 913 1455 984 quibus
1487 912 1746 983 scriptum
1781 922 1865 969 est
1893 932 1906 969 :

336 1022 354 1054 ι
389 1002 491 1070 Qui
529 1004 659 1060 facit
682 1005 902 1076 angelos
931 1020 1058 1060 suos
1101 1005 1343 1075 spiritus,
1395 1015 1449 1060 et
1481 1005 1759 1060 ministros
1783 1020 1910 1060 suos

331 1097 509 1167 ignem
564 1105 812 1151 urentem
845 1094 1017 1166 (ΡδαΙ.
1047 1099 1188 1168 cm).
1236 1117 1265 1151 θ
1303 1097 1368 1152 Et
1392 1112 1495 1151 non
1550 1097 1721 1153 solum
1768 1097 1912 1152 Deus

328 1187 419 1255 qui
458 1186 683 1241 vocatur
728 1186 866 1256 ign’is
895 1200 1240 1253 consumens,
1279 1186 1483 1253 fenum,
1521 1187 1686 1259 ligna,
1739 1185 1909 1257 stipu-

331 1276 881 1351 latnque'COnsuutat,
912 1281 1006 1336 sed
1037 1289 1092 1335 et
1117 1282 1311 1353 angeli,
1342 1283 1431 1353 qui
1460 1290 1726 1336 vocantur
1752 1279 1906 1352 igniti

328 1371 532 1441 lapides
578 1370 880 1442 spirituque
929 1368 1236 1437 ferventes;
1292 1372 1434 1426 unde
1480 1379 1535 1425 et
1599 1370 1903 1425 Dominus:

330 1485 349 1515 ι
379 1464 586 1536 ignem,
611 1464 810 1534 inquit,
840 1457 961 1518 veni
989 1462 1203 1519 mittere
1243 1479 1405 1535 super
1433 1473 1653 1529 terram,
1690 1473 1744 1519 et
1777 1462 1906 1534 quid

326 1552 467 1619 volo,
496 1551 600 1607 nisi
624 1561 685 1607 ut
709 1552 933 1607 ardeat?
960 1548 1111 1624 (Luc.
1145 1551 1296 1625 xm)»
1325 1552 1583 1622 Quodque
1611 1550 1857 1620 sequitur
1888 1568 1902 1605 :

328 1662 347 1692 σ
382 1634 663 1697 Perfectus
690 1640 742 1697 in
789 1641 892 1697 viis
919 1642 1022 1697 tuis
1062 1656 1094 1695 a
1129 1642 1216 1698 die
1246 1642 1570 1697 conditionis
1600 1640 1724 1706 tum,
1758 1662 1775 1694 ι
1807 1655 1905 1712 pro

2016 464 2172 522 rires.
2191 463 2237 522 Ο
2260 467 2373 537 ipse
2391 466 2614 534 cheriib,
2629 467 2743 523 sive
2762 467 3068 534 cherubim,-
3081 469 3172 538 qul
3196 478 3249 525 te
3265 477 3610 546 protegebat,

2014 553 2175 609 eduxi
2204 563 2257 611 te
2296 556 2363 611 de
2404 556 2580 615 medio
2625 556 2862 628 lapidum
2914 556 3230 628 ignitorum,
3269 561 3425 632 juxta
3475 566 3611 623 illud

2012 646 2156 715 quod
2189 647 2256 702 de
2280 646 2451 701 Adam
2483 648 2743 718 scriptum
2764 656 2885 704 est:
2919 667 2939 700 ι
2964 647 3138 717 Ejeclt
3167 649 3366 720 Adam,
3394 664 3449 709 et
3476 673 3607 713 con-

2013 734 2188 789 stituit
2203 735 2482 791 cherubim
2499 736 2652 809 (Gen.
2670 736 2775 810 lli),
2806 757 2825 791 ι
2850 748 3035 796 contra
3050 740 3365 811 paradisum
3380 745 3611 801 delicia-

2014 838 2151 877 rum.
2199 824 2512 898 Causasque
2557 827 2733 882 reddit
2776 843 2876 884 cur
2909 830 3140 888 eductus
3188 834 3278 897 sit,
3318 834 3437 890 sive
3481 852 3613 906 pro-

2008 914 2185 985 jectus
2225 917 2291 972 de
2336 918 2512 973 medio
2548 919 2837 989 ignitorum
2863 920 3100 992 lapidum
3129 942 3142 978 :
3176 924 3495 997 «Elevatum
3521 939 3611 984 est

2013 1008 2099 1061 eni
2125 1023 2277 1062 mcor
2298 1018 2450 1064 tuum
2479 1010 2532 1064 in
2551 1012 2745 1066 decore
2766 1020 2884 1076 tuo,
2915 1032 2935 1065 ›
2965 1013 3089 1068 dum
3113 1021 3262 1068 tuum
3281 1023 3441 1085 putas
3464 1033 3607 1083 esse,

2012 1097 2155 1167 quod
2176 1096 2269 1153 Dei
2301 1107 2401 1154 est.
2430 1099 2582 1156 Unde
2611 1108 2667 1156 et
2702 1101 2978 1171 apostolus
3010 1105 3286 1159 stimulum
3313 1108 3518 1171 carnis,
3548 1120 3610 1164 et

2011 1186 2257 1257 angelum
2296 1186 2513 1244 Satana:
2550 1192 2825 1262 accepisse
2863 1208 2922 1248 se
2958 1194 3089 1249 dicit
3110 1192 3195 1267 (ΙΙ
3223 1194 3347 1250 Cor.
3375 1199 3478 1271 xu)
3511 1203 3608 1270 qui

2010 1290 2133 1330 cum
2169 1277 2556 1348 colaphizaret,
2596 1294 2663 1335 ne
2703 1281 3094 1337 rcvelationum
3132 1285 3478 1342 multitudine
3510 1305 3606 1343 su-

2011 1366 2266 1435 perbiret,
2310 1376 2364 1423 et
2404 1369 2455 1422 in
2485 1365 2748 1437 judicium
2795 1368 3062 1427 incideret
3101 1374 3322 1429 diaboli.
3371 1377 3481 1432 «Et
3526 1377 3611 1432 id-

2011 1457 2156 1512 circo
2185 1467 2435 1529 corrupta
2472 1468 2575 1523 eSt,
2621 1461 2814 1530 inquit,
2861 1462 3108 1518 doctrina
3138 1472 3227 1518 tua
3257 1480 3383 1520 cum
3408 1467 3608 1523 decore

2012 1555 2127 1610 tuo,
2158 1550 2271 1604 sive
2292 1549 2574 1620 perdidisti
2600 1552 2921 1622 sapientiam
2948 1562 3094 1609 tuam
3122 1555 3175 1609 in
3199 1555 3398 1613 decore
3421 1567 3545 1624 tuo;
3576 1579 3596 1611 ι

2011 1645 2069 1693 ut
2097 1640 2223 1693 dum
2254 1640 2374 1710 plus
2402 1640 2485 1697 vis
2515 1655 2637 1697 esse
2658 1656 2819 1711 quam
2844 1644 3097 1699 conditus
3124 1657 3203 1710 es,
3231 1655 3287 1699 et
3313 1648 3489 1718 magis
3515 1663 3605 1702 sa-

320 1723 430 1801 quo
462 1746 693 1802 posuere
722 1730 1076 1803 Septuaginta
1116 1750 1129 1787 :
1169 1750 1187 1784 ο
1237 1730 1407 1787 Fuisti
1446 1731 1821 1787 immaculatus
1849 1730 1902 1785 in
1938 1732 1979 1791 Β
2007 1745 2136 1799 pere
2159 1744 2321 1799 quam
2348 1746 2378 1784 a
2404 1731 2513 1786 Deo
2536 1742 2843 1803 acceperas,
2872 1733 3036 1789 etiam
3068 1736 3121 1790 id
3150 1737 3434 1806 perderes,
3456 1740 3605 1808 quod

323 1812 516 1877 diebus
547 1818 653 1876 tuis
677 1838 708 1876 a
730 1818 837 1889 die,
864 1836 969 1893 qua
994 1812 1242 1878 conditus
1261 1837 1342 1887 cs,
1369 1822 1540 1877 donec
1570 1822 1785 1877 inventa
1816 1828 1901 1877 est
1924 1895 1933 1902 φ

325 1903 589 1982 iniquitas
613 1911 665 1965 in
699 1918 770 1979 te,
808 1930 828 1964 ι
860 1912 1331 1967 ostenditomnem
1360 1920 1666 1966 creaturam
1703 1912 1897 1967 bonam

319 2018 349 2055 a
373 1988 484 2058 Deo
510 2002 783 2057 conditam
809 2002 863 2058 et
893 2002 1190 2073 perfectam
1232 2002 1485 2058 habuisse
1513 2000 1770 2058 virtutem
1801 2018 1816 2057 :
1845 2010 1901 2058 et

250 2085 263 2091 ’
318 2108 416 2166 per
443 2095 545 2150 hoc
566 2094 1099 2171 principemquoque
1118 2093 1246 2167 Tyri
1284 2090 1449 2150 fuisse
1470 2093 1895 2160 immaculatum,

320 2197 383 2243 ut
411 2188 665 2259 deinceps
690 2188 898 2245 macula
925 2205 1032 2245 non
1061 2197 1269 2245 natura:
1303 2188 1399 2255 sit,
1437 2188 1532 2244 sed
1553 2186 1848 2244 voluntatis
1880 2206 1892 2241 :

324 2302 345 2335 ο
380 2264 561 2341 Donec
583 2280 798 2339 inventa
825 2292 906 2340 est
929 2284 1186 2356 iniquitas
1214 2284 1268 2339 in
1297 2291 1368 2340 te.
1405 2302 1424 2336 ι
1455 2283 1676 2339 inventa
1704 2299 1734 2336 a
1762 2283 1894 2351 Deo,

316 2391 437 2448 qua:
464 2377 517 2432 in
545 2377 815 2433 thesauris
843 2377 1082 2449 pectoris
1107 2378 1184 2433 tui
1224 2393 1323 2450 per
1349 2378 1655 2449 superbiam
1682 2386 1738 2434 et
1767 2379 1897 2433 abu-

314 2468 521 2545 sionem
545 2468 853 2540 potestatis,
873 2485 1035 2542 quam
1058 2485 1350 2542 acceperas
1367 2470 1650 2526 tenebatur
1665 2470 1893 2526 inclusa.

321 2577 341 2611 σ
400 2558 463 2615 ln
517 2559 881 2626 multitudine,
926 2560 1128 2631 inquit,
1198 2560 1580 2632 negotiationis
1645 2568 1752 2616 tuae
1810 2577 1895 2617 re-

314 2649 458 2720 pleta
489 2658 616 2706 sunt
646 2650 906 2708 interiora
939 2660 1031 2707 tua
1056 2646 1110 2707 in
1138 2651 1423 2722 iniquitate
1445 2660 1501 2706 et
1540 2651 1797 2721 peccasti.
1828 2652 1897 2708 Et

314 2740 447 2811 eieci
476 2751 530 2798 te
554 2743 619 2798 de
646 2751 829 2801 monte
867 2742 964 2799 Dei
995 2761 1008 2798 :
1039 2754 1093 2800 et
1116 2744 1325 2819 perdidi
1352 2754 1426 2811 te,
1455 2759 1490 2800 ο
1515 2745 1740 2810 cberub,
1772 2759 1896 2816 pro-

310 2840 502 2904 tegens
528 2832 596 2889 de
639 2832 820 2889 medio
848 2831 1088 2905 lapidum
1117 2835 1430 2909 ignitorum,
1459 2844 1515 2890 et
1546 2836 1781 2893 levatum
1813 2847 1896 2893 est

311 2938 409 2979 cor
441 2932 593 2979 tuum
636 2922 693 2979 in
722 2923 919 2981 decore
973 2934 1086 2981 tuo.
1134 2924 1424 2982 Perdidisti
1470 2928 1789 2999 sapientiam
1839 2930 1893 2985 in

309 3015 711 3087 pulchritudine
737 3026 854 3084 tua,
882 3012 937 3073 in
961 3026 1163 3073 terram
1191 3018 1393 3090 projeci
1432 3027 1509 3086 te,
1541 3008 1666 3075 ante
1695 3020 1889 3077 faciem

309 3120 498 3178 regum
523 3105 644 3163 dedi
676 3116 760 3173 te,
787 3116 849 3163 ut
890 3116 1178 3164 cernerent
1207 3116 1277 3164 te.
1306 3108 1367 3164 ιη
1398 3109 1741 3167 multitudine
1780 3111 1889 3166 ini-

306 3197 576 3269 quitatum
624 3207 860 3265 tuarum,
902 3207 959 3255 et
1010 3199 1296 3269 iniquitate
1344 3200 1727 3270 negotiationis
1766 3209 1889 3266 tuae,

306 3287 567 3369 polluisti.
616 3289 1101 3363 sanctitlcationem
1167 3298 1334 3346 tuam.
1399 3290 1700 3348 Producam
1762 3307 1893 3363 ergo

306 3378 486 3450 ignem
541 3380 607 3436 de
648 3380 827 3437 medio
874 3381 972 3447 tui,
1021 3381 1113 3451 qui
1152 3382 1401 3437 comedat
1445 3391 1516 3437 te.
1549 3402 1569 3435 ι
1601 3381 1658 3437 1η
1711 3383 1891 3438 multi-

308 3470 493 3527 tudine
521 3485 735 3542 quoque
763 3472 1145 3542 negotiationis
1175 3470 1291 3541 ejus
1341 3471 1545 3544 repleta
1601 3482 1729 3529 sunt
1752 3474 1893 3528 inte-

306 3560 451 3615 riora
483 3559 626 3616 illius
666 3562 780 3616 sive
824 3562 1041 3617 cellaria
1081 3563 1365 3633 iniquitate
1407 3562 1543 3617 Dum
1572 3563 1718 3619 enim
1751 3564 1889 3618 mul-

306 3662 357 3705 ta
392 3651 683 3721 conquirit,
737 3660 794 3707 et
839 3668 945 3707 non
981 3661 1065 3709 est
1119 3660 1407 3708 contentus
1449 3653 1675 3708 scientia
1724 3668 1887 3723 quam

303 3749 608 3812 acceperat,
639 3756 740 3798 nec
772 3730 1042 3813 potestate
1084 3744 1171 3798 cui
1195 3743 1515 3814 praepositus
1536 3752 1675 3811 erat,
1706 3744 1885 3816 reple-

202 3822 205 3825 ’
301 3832 381 3887 vit
406 3830 627 3889 cellaria
652 3841 708 3888 et
728 3833 986 3890 interiora
1016 3836 1252 3904 pectoris
1294 3836 1395 3900 sui,
1430 3843 1490 3890 ut
1532 3844 1808 3892 saturatus
1830 3846 1886 3892 et

302 3923 657 3989 incrassatus,
722 3923 1036 3980 calcitraret
1095 3914 1284 3981 contra
1341 3936 1648 3982 creatorem
1703 3943 1881 3983 suum.

302 4000 649 4071 Manducavit
672 4015 818 4071 enim
838 4014 1007 4073 Iacob
1030 4026 1087 4074 et
1112 4027 1388 4076 saturatas
1420 4028 1526 4085 est,
1556 4029 1613 4076 et
1653 4021 1883 4078 recalci-

302 4106 467 4161 travit
494 4092 741 4172 dilectus,
770 4106 1105 4164 incrassatus
1123 4116 1178 4163 et
1206 4109 1591 4181 impinguatus,
1615 4119 1670 4167 et
1687 4110 1883 4167 dilata-
1930 4106 1941 4111 ’

300 4205 412 4263 tus,
466 4204 523 4252 et
581 4196 870 4267 dereliquit
916 4197 1088 4253 Deum
1132 4199 1224 4269 qui
1271 4199 1478 4255 fecerat
1519 4216 1643 4256 eum
1701 4202 1879 4275 (Deut.

298 4285 503 4360 xxxn);
533 4295 590 4343 et
621 4305 637 4342 :
667 4306 686 4341 ι
721 4286 797 4343 D'e
818 4288 981 4344 corde
1022 4289 1324 4360 procedunt
1366 4291 1723 4362 cogitationes
1752 4306 1878 4365 pes-

2006 1821 2245 1879 haltebas
2269 1832 2325 1879 et
2354 1838 2453 1894 pro
2477 1824 2878 1894 pulchritudine
2910 1837 3073 1897 atque
3106 1828 3374 1894 doctrina,
3414 1830 3601 1885 defor-

2002 1914 2161 1969 mitas
2188 1923 2240 1971 te
2268 1923 2431 1984 atque
2474 1916 2703 1971 stultitia
2741 1918 3042 1986 possideret
3074 1937 3086 1974 :
3122 1921 3264 1974 unde
3307 1921 3360 1975 in
3397 1932 3598 1977 terram

1997 2004 2269 2076 projectus
2289 2020 2367 2070 es,
2392 2006 2483 2076 qui
2512 2007 2934 2083 antehabitabas
2959 2009 3012 2063 in
3036 2018 3218 2064 monte
3244 2011 3358 2065 Dei.
3386 2011 3463 2066 De
3488 2027 3599 2083 quo

1996 2101 2051 2148 et
2095 2094 2261 2151 Isaias
2306 2090 2533 2152 scribit:
2565 2082 2889 2164 {Quomodo
2933 2100 3132 2156 cedidit
3187 2100 3441 2168 Lucifer,
3490 2082 3591 2173 qui

1998 2203 2156 2242 mane
2183 2188 2647 2262 oriebatur?(lsa.
2677 2189 2813 2263 xxv.)
2842 2210 2860 2243 ι
2891 2190 2958 2246 Et
2986 2191 3236 2248 Salvator
3268 2193 3320 2248 in
3348 2193 3600 2266 Evange-

1997 2278 2111 2334 lio:
2151 2278 2489 2348 «Videbam,
2539 2281 2746 2352 inquit,
2796 2281 3055 2338 Satanam
3103 2285 3258 2354 quasi
3304 2284 3486 2358 fulgur
3529 2288 3597 2344 de

1998 2369 2140 2426 ccelo
2183 2370 2469 2427 cadentem
2502 2370 2655 2444 (Luc.
2683 2371 2760 2445 κ).
2786 2392 2806 2427 ι
2854 2371 3007 2441 Quod
3036 2382 3089 2429 et
3111 2373 3375 2431 Jcremias
3414 2375 3593 2447 loqui-

1994 2472 2087 2519 tur
2126 2465 2194 2520 ad
2232 2464 2567 2521 Jerusalem:
2602 2485 2620 2517 σ
2643 2462 2926 2533 Quomodo
2977 2467 3290 2522 obscuravit
3332 2469 3594 2525 Dominus

1998 2555 2051 2610 in
2092 2556 2172 2611 ira
2216 2572 2314 2613 sua
2366 2557 2529 2613 filiam
2572 2556 2734 2623 Sion,
2787 2556 3014 2630 proiecit
3042 2560 3108 2616 de
3136 2561 3271 2616 coelo
3302 2560 3356 2615 in
3386 2569 3592 2617 terram

1994 2644 2218 2718 gloriam
2243 2647 2448 2703 lsrarl?
2476 2641 2691 2721 (Thren.
2724 2650 2850 2720 11.))
2874 2647 3153 2718 Proiectus
3179 2661 3357 2704 autem
3379 2651 3433 2705 in
3464 2665 3592 2705 con-

1995 2746 2183 2808 spectu
2224 2739 2465 2794 omnium
2515 2754 2723 2809 regum,
2767 2748 2829 2794 ut
2858 2748 2951 2795 tuo
2979 2748 3280 2795 terreretur
3315 2738 3587 2810 exemplo,

1995 2829 2081 2887 vel
2115 2831 2381 2887 bonorum
2429 2847 2639 2903 regum,
2678 2848 2907 2904 quorum
2937 2848 3035 2888 cor
3068 2832 3122 2887 in
3159 2848 3319 2887 manu
3346 2832 3440 2887 Dei
3476 2832 3587 2899 est,

1995 2921 2080 2978 vel
2114 2922 2415 2989 malorum,
2447 2934 2675 2996 quarum
2719 2940 2883 2997 regna
2920 2924 3157 2980 ostendit
3188 2924 3434 2979 diabolus
3465 2924 3590 2980 Sal-

1995 3014 2167 3070 vatori
2196 3034 2209 3069 :
2241 3012 2341 3083 Qui
2372 3016 2728 3073 occurrerunt
2760 3015 2871 3087 regi
2899 3014 3192 3089 Babylonio
3211 3014 3451 3073 dicentes
3477 3036 3489 3070 :
3518 3016 3590 3072 Et

1996 3113 2051 3160 tu
2080 3114 2271 3177 captus
2296 3120 2356 3162 cs
2380 3107 2522 3161 sicut
2549 3121 2667 3171 nos,
2698 3115 2861 3177 atque
2884 3106 3029 3163 inter
3048 3123 3147 3163 nos
3176 3115 3456 3178 reputatus
3498 3123 3584 3163 es.

1992 3192 2353 3260 Quamobrem
2383 3206 2438 3251 et
2468 3196 2659 3266 polluit
2696 3194 3180 3254 sanctiﬁcationem
3206 3213 3381 3262 suam,
3418 3213 3587 3268 quam

1993 3284 2275 3351 habuerat,
2322 3285 2539 3354 quando
2587 3285 2869 3341 habitabat
2896 3286 2951 3341 in
2981 3295 3163 3342 monte
3194 3295 3249 3342 et
3286 3302 3588 3343 conversa-

1994 3377 2157 3432 batur
2184 3377 2237 3431 in
2264 3376 2445 3432 medio
2471 3377 2764 3449 ignitorum
2791 3377 3048 3448 lapidum.
3074 3376 3331 3448 Sequitur
3357 3394 3371 3432 :
3410 3395 3428 3427 ε
3450 3376 3590 3434 Pro-

1991 3466 2183 3522 ducam
2226 3466 2403 3539 ignem
2452 3467 2520 3523 de
2568 3469 2745 3524 medio
2782 3470 2857 3524 tui
2887 3469 2979 3539 qui
3016 3470 3236 3525 devoret
3265 3478 3337 3523 te.
3364 3488 3383 3521 ›
3414 3469 3587 3524 istum

1990 3558 2169 3630 ignem
2221 3556 2274 3612 iu
2324 3556 2454 3630 Tyri
2484 3559 2627 3630 regis
2655 3561 2817 3616 corde
2860 3559 3216 3615 succenderat
3251 3558 3368 3625 ille,
3426 3558 3586 3629 cujus

1990 3650 2160 3721 ignita
2189 3658 2316 3706 sunt
2347 3650 2550 3721 jacula,
2581 3659 2635 3705 et
2664 3652 2730 3706 de
2758 3667 2867 3721 quo
2892 3651 3155 3721 scriptum
3181 3658 3266 3706 est
3291 3669 3304 3704 :
3336 3671 3354 3702 ι
3375 3649 3586 3707 Omnes

1988 3744 2357 3801 adulterantes
2381 3745 2537 3814 quasi
2563 3744 2809 3815 clibanus
2833 3746 2996 3801 corda
3025 3759 3211 3799 eorum
3238 3741 3384 3816 (03c.
3416 3743 3575 3814 vu).a

1989 3834 2065 3890 De
2086 3849 2196 3904 quo
2223 3836 2343 3907 igne
2370 3834 2611 3905 loquitur
2633 3844 2688 3890 et
2714 3833 2880 3890 lsaias
2906 3853 2917 3888 :
2947 3853 2965 3885 ‹
2989 3834 3275 3889 Ambulate
3295 3834 3348 3887 in
3371 3828 3586 3889 lumine

1984 3927 2125 3997 ignis
2145 3926 2313 3982 vestri
2340 3937 2389 3981 et
2416 3926 2467 3981 in
2494 3924 2893 3999 ﬂammaquam
2922 3924 3279 3983 succendistis
3306 3922 3441 3997 (lsa.
3463 3924 3577 3991 1.),a

1987 4028 2046 4072 ut
2081 4017 2227 4073 foras
2256 4017 2539 4088 egrediens
2569 4017 2793 4072 devoret
2817 4017 3202 4088 possidentem,
3224 4016 3376 4088 juxta
3422 4015 3579 4081 illud,

1985 4110 2129 4180 quod
2159 4109 2211 4164 in
2243 4109 2430 4164 eodem
2463 4107 2599 4164 Isaia
2624 4109 2886 4179 scriptum
2909 4117 3034 4163 est:
3066 4124 3085 4159 ι
3106 4106 3399 4163 Devoravit
3430 4108 3582 4163 sicut

1984 4200 2167 4256 fenum
2197 4201 2478 4255 materiam
2516 4199 2653 4272 (lsa.
2683 4199 2771 4270 v);
2804 4199 2857 4254 in
2895 4199 2981 4254 die
3023 4198 3113 4253 illa
3157 4199 3583 4271 exstinguentur

1984 4300 2215 4359 montes,
2258 4301 2315 4347 et
2352 4288 2539 4356 colles,
2586 4299 2639 4346 et
2686 4290 2872 4356 saltus,
2902 4300 2957 4345 et
2984 4288 3264 4345 devorabit
3292 4290 3360 4345 ab
3389 4290 3582 4345 anima

297 4378 449 4435 sima:
480 4378 693 4453 (Manli.
726 4378 851 4452 xv);
890 4399 908 4432 ι
944 4388 1166 4452 propter
1191 4395 1328 4452 quas
1352 4381 1482 4437 dicit
1502 4382 1675 4436 Deus:
1704 4401 1722 4434 ι
1755 4382 1882 4438 Pec—
1910 4422 1959 4481 Β
1985 4399 2155 4453 usque
2182 4382 2249 4437 ad
2277 4397 2486 4438 carnes.
2527 4378 2681 4435 llunc
2722 4381 2923 4453 ignem,
2960 4379 3051 4450 qui
3091 4379 3301 4434 alienus
3334 4379 3579 4450 appella¢

296 4471 452 4535 casti,
478 4479 534 4526 et
552 4470 687 4540 eieci
720 4480 772 4528 te
792 4471 858 4526 de
888 4481 1070 4527 monte
1091 4470 1205 4536 Dei,
1240 4492 1258 4524 ι
1282 4472 1395 4527 sive
1425 4470 1740 4528 vulneratus
1763 4488 1823 4528 es
1847 4490 1878 4529 a

296 4570 482 4619 monte
530 4561 624 4618 Dei
656 4580 671 4620 :
698 4561 841 4634 quod
872 4546 1113 4635 legentes
1159 4563 1349 4619 timere
1384 4563 1779 4634 compellimur.
1818 4565 1875 4620 Si

296 4655 444 4709 enim
472 4655 673 4735 cherub
698 4663 948 4711 extentus
974 4664 1029 4710 et
1056 4658 1346 4727 protegens
1365 4655 1574 4726 positus
1602 4655 1655 4709 in
1693 4662 1878 4712 monte

254 4746 261 4751 “
298 4758 487 4804 sancto
513 4749 632 4815 Dei,
657 4757 713 4803 et
737 4742 795 4805 in
825 4751 1001 4807 medio
1024 4751 1312 4822 ignitorum
1334 4751 1573 4823 lapidum
1600 4751 1876 4821 perfectus

298 4846 459 4908 atque
479 4836 887 4893 immaculatus:
910 4850 1130 4909 propter
1145 4826 1544 4896 multitudinem
1564 4838 1877 4913 negotiatio-

297 4928 384 4982 nis
415 4926 645 4995 replevit
671 4926 927 4983 interiora
968 4945 1064 5005 sua
1093 4931 1397 5000 iniquitate,
1428 4939 1485 4986 et
1513 4933 1783 5002 peccavit,
1820 4941 1876 4989 et

297 5018 504 5087 r-jcctus
554 5024 639 5072 est
673 5018 738 5073 de
780 5027 962 5074 monte
1004 5019 1121 5083 Dei,
1153 5020 1258 5076 hoc
1297 5031 1401 5087 est,
1444 5023 1511 5077 de
1545 5022 1875 5081 habitatione

296 5109 576 5182 paradisi,
620 5107 735 5165 sive
777 5108 1090 5164 vulneratus
1117 5125 1148 5163 a
1183 5120 1364 5165 monte
1403 5112 1521 5177 Dei,
1550 5112 1641 5182 qui
1671 5113 1879 5182 perSpi-

296 5216 395 5256 cue
435 5199 683 5256 Christus
726 5196 1079 5268 intelligitur:
1107 5208 1200 5253 aut
1250 5196 1413 5256 certe‘
1448 5202 1500 5256 in
1550 5213 1734 5258 monte
1780 5202 1875 5258 Dei

293 5292 621 5349 constitutus
645 5300 700 5345 ct
739 5288 1008 5354 habitans,
1037 5305 1067 5344 a
1097 5291 1385 5359 semetipso
1421 5292 1730 5347 vulneratus
1767 5303 1870 5360 est,

294 5393 351 5439 et
395 5383 739 5440 conscientia:
775 5391 1131 5452 compunctus
1175 5383 1336 5449 malo,
1379 5385 1504 5439 dum
1532 5400 1591 5440 se
1622 5386 1871 5455 intelligit

297 5477 631 5533 habitatione
671 5475 869 5532 montis
913 5476 1222 5547 indignum,
1268 5477 1395 5546 quid
1434 5478 1509 5532 de,
1538 5479 1693 5533 nobis
1728 5481 1873 5534 resti-

296 5570 548 5625 mandum
570 5568 691 5624 est?
715 5568 941 5640 Propter
978 5569 1118 5637 quod
1144 5568 1343 5622 dicitur
1380 5568 1450 5631 ei,
1476 5569 1541 5623 Et
1566 5571 1770 5640 perdidi
1798 5578 1871 5635 te,

296 5674 325 5712 o
356 5657 484 5713 Chei
503 5660 594 5723 ub,
619 5669 903 5731 protegens
933 5660 996 5714 de
1017 5675 1085 5714 mi
1104 5659 1192 5717 dio
1222 5652 1461 5729 lapidum
1484 5659 1789 5732 ignitorum,
1814 5670 1874 5715 ut

1990 4484 2098 4540 tur,
2144 4470 2328 4528 Nadab
2367 4483 2422 4527 et
2464 4471 2639 4527 Ahiud
2677 4474 2744 4526 ad
2786 4471 2956 4526 altare
2997 4471 3210 4526 Domini
3260 4471 3581 4527 obtulerant

1955 4563 2174 4635 ’(ιευὶι.
2206 4562 2284 4633 x),
2333 4569 2388 4618 ct
2429 4563 2632 4618 idcirco
2681 4562 2863 4616 divino
2902 4562 3024 4631 igne
3064 4561 3372 4631 consumpti
3420 4571 3575 4616 sunt.

1988 4652 2137 4709 Unde
2161 4663 2216 4709 et
2242 4653 2452 4724 Moyses
2475 4654 2587 4707 ait:
2618 4671 2635 4703 ι
2659 4651 2772 4708 Hoc
2792 4660 2874 4707 est
2896 4650 3118 4707 verbum
3141 4654 3285 4721 quod
3310 4651 3451 4706 dixit
3471 4649 3583 4707 Do—

1982 4744 2180 4809 minus,
2211 4743 2263 4798 in
2292 4743 2377 4798 his
2399 4742 2488 4813 qui
2514 4743 2945 4813 appropinquant
2970 4741 3101 4795 mihi
3125 4740 3571 4796 sanctiﬁcahor.’

1982 4830 2352 4886 Sanctificatio
2399 4840 2578 4887 autem
2609 4832 2703 4886 Dei
2731 4839 2815 4885 cst
2844 4846 3002 4901 poena
3032 4831 3394 4901 peccantium.
3438 4829 3581 4887 Post

1980 4924 2093 4979 hmo
2117 4923 2343 4978 dicitur:
2365 4944 2383 4974 ι
2410 4914 2633 4978 Etdabo
2661 4932 2711 4977 te
2736 4922 2791 4977 in
2820 4924 3079 4990 cinerem,
3104 4945 3122 4977 ι
3156 4931 3215 4978 ut
3237 4923 3421 4979 omnia
3443 4938 3575 4994 qua:

1978 5016 2419 5088 superndiiicasti
2468 5016 2621 5072 mala:
2670 5017 3018 5072 conscientiae
3067 5025 3173 5072 tua:
3221 5016 3364 5088 ignis
3408 5030 3574 5070 assu-

1979 5120 2111 5166 mat.
2144 5107 2247 5177 Qui
2276 5125 2396 5164 cum
2422 5109 2687 5164 debueras
2720 5109 2772 5163 in
2805 5108 2993 5179 requie
3016 5116 3072 5165 ct
3102 5107 3328 5164 sabbato
3360 5121 3577 5177 nequa-
3650 5162 3657 5169 ,

1979 5214 2140 5271 quam
2168 5215 2303 5270 opus
2324 5196 2502 5254 facere
2528 5197 2744 5265 servile,
2769 5197 2911 5269 ligna
2935 5198 2986 5252 in
3019 5198 3249 5253 sabbato
3276 5196 3575 5269 collegisti,

1980 5299 2041 5345 ut
2082 5291 2332 5355 haberet,
2374 5289 2520 5359 quod
2559 5289 2615 5342 in
2657 5298 2874 5358 pectore
2914 5297 3009 5342 tuo
3049 5288 3334 5343 devoraret
3378 5286 3577 5342 incen-

1979 5384 2147 5440 dium.
2200 5370 2429 5438 Prodest
2475 5395 2692 5451 quoque
2731 5381 2910 5435 omnia
2945 5379 3084 5434 mala
3123 5394 3289 5449 opera
3318 5376 3573 5434 converti

1984 5475 2035 5528 in
2073 5475 2331 5537 cinerem,
2370 5483 2429 5527 ut
2450 5472 2594 5543 ignis
2624 5472 2817 5527 noxius
2845 5472 3060 5541 penitus
3082 5470 3485 5538 exstinguatur,
3511 5478 3569 5525 et

1980 5582 2168 5620 omnes
2214 5566 2551 5637 conspiciant
2595 5573 2649 5620 et
2695 5565 3079 5636 obstupescant
3123 5563 3329 5634 perisse
3378 5577 3568 5632 regem

1984 5657 2110 5729 Tyri
2142 5669 2191 5711 et
2223 5659 2374 5714 nihili
2403 5658 2604 5715 factum
2652 5673 2791 5725 esse,
2835 5673 2943 5721 non
2992 5658 3045 5712 in
3093 5656 3277 5712 multis
3326 5654 3564 5719 sutilis,
