3954 6182
267 263 372 319 193

1198 253 1553 314 COMMENT.
1595 255 1664 312 IN
1700 251 2156 311 EZEClllELEM.
2209 285 2266 294 —
2306 253 2433 310 LIB.
2480 254 2571 311 XI.

3438 264 3544 324 79.;

258 376 362 432 sed
384 374 445 430 in
467 385 601 437 uno,
614 368 699 435 vel
724 377 870 426 certe
892 368 945 424 in
969 376 1309 441 perpetuum,
1335 379 1396 426 ιιι
1420 371 1706 443 impleatur
1729 367 1857 426 illud
1885 370 1935 426 Α
1964 366 2223 423 Dominus
2245 409 2260 434 ,
2306 368 2460 439 cujus
2511 371 2778 441 promissa
2834 372 3142 433 firmissima
3194 386 3339 432 sunt.
3393 379 3547 446 Quod

258 464 412 537 quod
436 461 698 532 scriptum
725 467 811 515 est
839 474 853 515 :
885 478 904 511 ι
926 458 1042 514 Non
1075 474 1296 531 parcam
1329 460 1450 527 tibi,
1479 468 1664 516 etnon
1691 460 1856 515 mise-

260 554 451 612 rebor.
472 570 493 606 ι
528 550 719 607 Solent
752 549 966 607 Hebraei
1010 551 1154 606 inter
1193 558 1423 608 caeteras
1466 549 1676 606 fabulas
1702 564 1852 615 suas,

194 638 200 644 ’
259 651 322 699 et
343 644 659 720 γενεαλογίας
690 649 854 711 atque
880 639 1309 696 interminabiles
1351 641 1697 710 quaestiones,
1740 640 1856 695 haec

260 747 460 793 contra
507 735 710 808 [lyram
745 749 928 806 regem
966 732 1094 807 Tyri
1134 734 1279 788 dicta
1318 732 1638 802 intelligere,
1671 748 1794 788 cum
1822 747 1851 786 a

261 830 562 885 Salomone
602 842 774 899 usque
819 828 886 883 ad
925 827 1266 884 Ezechielem
1318 828 1445 882 anni
1476 829 1584 883 sint
1612 827 1849 897 plurimi,

259 932 497 988 quoseo
525 924 767 988 tempore
805 916 1053 972 homines
1099 931 1208 972 non
1263 916 1466 972 vixisse
1505 916 1852 987 perspicuum

258 1020 374 1077 est,
414 1019 469 1066 et
495 1010 577 1066 sic
611 1008 980 1079 pronuntiare,
1007 1008 1161 1077 quasi
1192 1023 1288 1079 per
1316 1008 1543 1064 ironiam
1590 1012 1854 1079 propheta
1888 1028 1903 1031 -

258 1102 336 1158 ad
366 1116 491 1158 enm
514 1100 765 1171 loquatur
795 1098 1099 1170 :Numqnid
1128 1106 1185 1154 tu
1211 1116 1271 1155 es
1299 1100 1638 1172 signaculum
1666 1102 1855 1157 simili-

259 1194 477 1262 tudinis
492 1190 814 1263 Dei,plenus
836 1191 1134 1261 sapientiae,
1159 1199 1215 1248 et
1241 1191 1515 1263 perfectus
1544 1194 1769 1250 decore:
1798 1203 1852 1250 tu

256 1284 480 1339 cunctis
519 1291 742 1338 ornatus
786 1281 1055 1352 lapidibus
1082 1324 1096 1349 ,
1140 1291 1199 1338 tu
1241 1284 1466 1349 cherub,
1504 1285 1590 1340 vel
1640 1295 1855 1343 creatus

259 1389 394 1430 cum
424 1373 647 1437 cheruh,
680 1386 801 1428 cum
837 1387 867 1427 e
888 1374 1165 1430 contrario
1184 1374 1514 1445 peccaveris,
1540 1385 1594 1431 et
1620 1377 1676 1431 in
1708 1378 1855 1434 cine-

259 1478 388 1518 rem
415 1462 786 1519 dissolvendus
814 1464 932 1519 sis?
960 1463 1285 1536 Adduntque
1314 1464 1508 1522 fabulae
1541 1484 1653 1523 sua:
1690 1470 1856 1525 mira-

258 1553 471 1617 culum,
509 1561 791 1611 utcontra
834 1554 1192 1626 Scripturam,
1237 1556 1347 1611 imo
1390 1557 1507 1613 sine
1561 1558 1856 1632 Scriptura:

260 1645 798 1711 auctoritate,dicant
824 1644 1010 1700 Hiram
1040 1646 1189 1702 mille
1220 1647 1420 1704 vixisse
1444 1651 1624 1705 annis.
1655 1652 1851 1707 Verum

259 1733 410 1799 haec,
454 1750 614 1804 quam
655 1735 890 1790 violenta
919 1736 991 1791 sit
1019 1736 1413 1808 interpretatio,
1441 1740 1644 1811 absque
1666 1751 1852 1799 nostro
1885 1719 1928 1777 Β

260 1829 485 1902 judicio
510 1829 746 1899 prudens
773 1829 944 1885 lector
971 1829 1239 1904 intelligit.

348 1940 367 1972 ‹
399 1920 467 1975 Et
498 1920 672 1975 factus
697 1928 780 1974 est
808 1934 988 1975 sermo
1021 1919 1235 1975 Domini
1280 1921 1345 1975 ad
1378 1935 1464 1976 me
1503 1923 1689 1980 dicens
1715 1942 1728 1980 :
1757 1924 1858 1981 Fili

267 2030 289 2064 ι
328 2011 565 2066 hominis
581 2051 596 2077 ,
617 2025 759 2081 pone
786 2009 977 2066 faciem
1001 2020 1145 2065 tuam
1169 2020 1357 2067 contra
1382 2011 1637 2073 Sidonem
1663 2025 1717 2069 et
1734 2032 1861 2087 pro-

268 2123 290 2156 ι
325 2103 575 2174 pbetabis
596 2104 663 2159 de
685 2119 748 2158 ea
778 2112 833 2158 et
856 2103 1005 2159 dices
1041 2122 1053 2157 :
1082 2101 1206 2159 Haec
1241 2103 1373 2160 dicit
1396 2104 1658 2162 Dominus
1680 2107 1854 2163 Deus:

269 2215 289 2246 ι
325 2195 466 2250 Ecce
488 2209 589 2264 ego
611 2194 678 2249 ad
703 2203 776 2260 te,
802 2192 992 2259 Sidon,
1017 2202 1072 2248 et
1094 2193 1436 2265 gloriﬁcabor
1462 2196 1517 2251 in
1540 2198 1717 2253 medio
1739 2198 1815 2253 tui
1842 2215 1856 2265 ;

270 2303 293 2337 ι
318 2268 383 2341 \et
394 2286 568 2341 scient
580 2286 705 2355 quia
720 2300 819 2357 ego
833 2284 1112 2350 Dominus,
1137 2301 1260 2345 cum
1285 2285 1465 2343 fecero
1476 2288 1531 2342 in
1547 2286 1611 2343 e'a
1630 2289 1857 2360 judicia,

267 2395 289 2428 ι
322 2385 380 2431 et
428 2376 798 2432 sanctiﬁcatus
834 2375 988 2431 fuero
1019 2376 1073 2431 in
1100 2392 1184 2441 ea,
1215 2386 1271 2432 et
1305 2377 1594 2432 immittam
1616 2380 1664 2433 ei
1694 2381 1861 2450 pesti-

267 2489 289 2521 ι
325 2469 570 2534 lentiam,
598 2476 654 2525 et
685 2469 1000 2539 sanguinem
1036 2470 1089 2523 in
1118 2469 1311 2540 plateis
1338 2467 1474 2538 ejus.
1507 2468 1575 2525 Et
1604 2481 1861 2528 corruent

268 2580 291 2615 ι
324 2560 596 2617 interfecti
645 2562 699 2617 in
730 2561 933 2617 medio'
957 2560 1077 2631 ejus
1111 2561 1289 2633 gladio
1319 2575 1417 2631 per
1444 2561 1753 2630 circuitum,
1804 2572 1859 2619 et

269 2670 291 2704 ι
325 2654 501 2708 scient
530 2653 656 2723 quia
691 2669 791 2726 ego
827 2653 1108 2707 Dominus.
1133 2653 1201 2708 Et
1228 2668 1334 2708 non
1361 2654 1467 2709 erit
1506 2653 1646 2709 ultra
1676 2654 1859 2709 domui

270 2762 291 2795 ι
322 2742 491 2799 Israel
511 2742 890 2799 oil‘endiculum
915 2743 1317 2809 amaritudinis,
1349 2750 1405 2798 et
1431 2742 1585 2814 spina
1617 2743 1858 2799 dolorem

268 2853 290 2886 ι
322 2834 584 2901 inferens,
632 2835 869 2904 undique
909 2850 1008 2906 per
1063 2834 1346 2890 circuitum
1388 2848 1577 2890 eorum
1625 2834 1719 2904 qui
1768 2836 1860 2891 ad-

269 2946 289 2978 ι
321 2935 613 2981 versantur
624 2926 719 2990 eis,
739 2936 794 2981 et
812 2926 988 2982 scient
1008 2927 1133 2996 quia
1153 2941 1254 2998 ego
1276 2925 1539 2983 Dominus
1552 2927 1711 2983 Deus.
1732 2926 1861 2983 Haec

273 3035 293 3068 σ
324 3016 460 3071 dicit
482 3015 741 3073 Dominus
760 3015 901 3072 Deus
926 3035 939 3071 :
966 3017 1190 3084 Quando
1212 3032 1611 3089 congregavero
1638 3018 1857 3074 domum

1958 460 2111 515 multi
2128 462 2195 516 ad
2213 471 2425 534 tempus
2449 464 2692 520 referunt
2716 466 3011 522 Zorobabel
3034 469 3187 525 Eme
3207 479 3263 525 et
3286 469 3543 536 Neemim,

1958 551 2179 622 quando
2228 568 2480 610 reversus
2511 564 2595 611 est
2622 557 2849 628 populus
2878 559 3062 623 lsrael,
3102 568 3158 614 et
3185 561 3447 617 habitavit
3488 562 3544 617 in

1958 651 2106 696 terra
2127 639 2331 698 Judrea.
2358 643 2462 698 Alii
2494 660 2623 700 vero
2650 646 2703 701 in
2731 647 2918 703 ultimo
2947 658 3207 719 tempore,
3233 658 3288 704 et
3320 652 3373 706 in
3403 652 3546 706 mille

1955 732 2117 789 annis
2159 742 2379 804 sperant
2421 751 2540 791 esse
2583 737 2983 806 complendum.
3032 738 3201 796 Porro
3246 742 3543 796 secundum

1959 823 2366 895 intelligentiam
2411 826 2711 895 spiritalem
2759 828 2849 883 hic
2886 830 3044 884 nobis
3069 846 3259 886 sensus
3292 833 3542 887 videtur:

1960 914 2168 970 Sidonii
2213 917 2644 986 interpretantur
2699 929 2968 974 venatores
3022 922 3089 976 de
3141 924 3337 992 quibus
3385 935 3440 979 et
3491 925 3545 979 in

1957 1002 2189 1058 Psalmis
2229 1005 2491 1075 scriptum
2530 1015 2659 1062 est:
2699 1026 2717 1058 ι
2744 1008 2940 1062 Anima
2975 1018 3159 1065 nostra
3190 1012 3331 1067 sicut
3358 1029 3548 1083 passer

1958 1105 2143 1166 erepta
2190 1106 2276 1159 est
2316 1099 2384 1153 de
2431 1099 2626 1169 laqueo
2661 1101 2996 1167 venantium,
3026 1111 3083 1157 et
3108 1118 3139 1157 a
3166 1106 3332 1159 verbo
3356 1120 3548 1176 aspero

1959 1184 2131 1255 (Psal.
2161 1185 2391 1259 cxxm);
2422 1206 2441 1237 ι
2477 1196 2532 1241 et
2555 1186 2610 1241 in
2632 1187 2944 1244 Proverbiis
2973 1207 2986 1243 :
3022 1209 3039 1241 ι
3063 1189 3264 1246 Oculus
3301 1194 3548 1248 meretri-

1957 1275 2037 1331 cis
2066 1276 2290 1344 laqueus
2320 1285 2405 1331 est
2438 1277 2741 1345 peccatoris
2772 1276 2968 1347 (Eccle.
3000 1278 3117 1352 vn).
3155 1300 3173 1332 ι
3208 1280 3347 1335 Su:.t
3367 1294 3546 1338 autem

1958 1374 2011 1419 et
2041 1364 2093 1418 in
2112 1365 2308 1420 bonam
2321 1377 2528 1435 partem
2556 1366 2641 1421 bis
2655 1369 2915 1422 contrarii
2939 1380 3241 1434 \enatores,
3263 1372 3327 1425 de
3355 1374 3550 1441 quibus

1958 1457 2148 1513 scribit
2184 1456 2447 1513 Jeremias
2486 1478 2498 1513 :
2539 1479 2556 1511 ι
2591 1460 2730 1515 Ecce
2768 1476 2868 1532 ego
2913 1461 3125 1515 mittam
3162 1463 3459 1532 piscatores
3497 1472 3552 1517 et

1956 1558 2264 1616 venatores,
2291 1552 2384 1621 qui
2416 1562 2680 1608 venentur
2706 1569 2799 1609 vos
2825 1554 2892 1609 de
2931 1556 3079 1610 omni
3111 1557 3246 1611 colle
3274 1565 3330 1611 et
3370 1566 3551 1612 monte

1960 1644 2097 1717 (Jer.
2131 1644 2277 1719 xvi);
2306 1663 2326 1698 ι
2357 1659 2494 1715 quos
2520 1655 2575 1699 et
2606 1646 2866 1703 Dominus
2902 1647 3074 1702 mittit
3114 1649 3180 1702 ad
3210 1649 3548 1719 piscantium,

1962 1746 2019 1793 et
2081 1736 2209 1793 facit
2278 1752 2374 1793 eos
2421 1738 2487 1793 de
2547 1739 2911 1808 piscatoribus
2966 1739 3196 1810 piscium
3252 1740 3553 1809 piscatores

1964 1828 2245 1884 hominum
2285 1826 2502 1901 (Matth.
2532 1827 2629 1902 ιν).
2662 1829 2816 1886 Unde
2851 1839 2907 1885 et
2944 1830 3154 1885 viculus
3180 1828 3326 1884 Petri
3356 1838 3412 1884 et
3436 1828 3546 1883 An-

1964 1920 2107 1975 dreae
2151 1919 2256 1975 hoc
2302 1920 2605 1991 appellatur
2646 1921 2941 1988 vocabulo;
2980 1921 3275 1977 Bethsaida
3313 1922 3458 1975 enim
3497 1920 3553 1974 in

1963 2017 2143 2089 lingua
2190 2027 2373 2073 nostra
2418 2020 2804 2089 interpretatur
2848 2019 3035 2073 domus
3082 2028 3408 2073 venatorum.
3445 2020 3557 2074 Ad-

1963 2124 2177 2164 versum
2223 2109 2324 2165 hos
2366 2110 2533 2181 igitur
2561 2109 2831 2180 pessimos
2866 2117 3175 2176 venatores,
3228 2109 3325 2164 Dei
3373 2124 3554 2169 sermo

1962 2200 2235 2272 dirigitur,
2279 2211 2335 2256 et
2378 2201 2679 2272 imperatur
2704 2202 3005 2272 prophetae,
3037 2209 3098 2256 ut
3121 2208 3288 2272 ponat
3313 2201 3429 2256 sive
3452 2201 3553 2256 ob—

1963 2289 2142 2344 iirmet
2171 2290 2365 2345 faciem
2398 2304 2553 2344 suam
2583 2298 2778 2345 contra
2809 2290 3087 2356 Sidonem,
3124 2298 3179 2345 et
3209 2305 3555 2360 nequaquam

1961 2378 2185 2435 fluctuet
2232 2379 2380 2434 omni
2410 2389 2573 2435 vento
2597 2379 2877 2445 doctrinm,
2921 2380 3016 2435 sed
3058 2379 3114 2434 in
3152 2380 3383 2435 veritate
3420 2395 3554 2435 con-

1962 2471 2157 2525 sistens
2184 2469 2469 2526 interficiat
2487 2485 2617 2525 suos
2643 2478 2949 2525 venatores.
2972 2469 3103 2536 Quae
3127 2481 3253 2526 sunt
3281 2486 3410 2540 ergo
3431 2485 3554 2540 qum

1963 2559 2150 2614 Sidoni
2191 2558 2448 2615 Dominus
2489 2558 2886 2614 comminatur?
2911 2578 2930 2611 ι
2964 2559 3104 2616 Ecce
3126 2576 3227 2632 ego
3251 2562 3319 2616 ad
3346 2570 3399 2616 te
3433 2562 3550 2632 ipse

1962 2651 2199 2716 veniam,
2237 2658 2295 2705 et
2327 2649 2670 2722 gloriﬁcahor
2690 2650 2747 2705 in
2771 2659 2845 2716 te,
2875 2666 2998 2707 cum
3031 2659 3084 2707 te
3110 2651 3458 2718 interfecero,
3495 2659 3554 2709 et

1961 2742 2137 2797 scient
2182 2755 2393 2807 omnes,
2432 2742 2536 2811 .qui
2581 2742 2840 2806 vixerint,
2880 2742 3023 2813 quod
3069 2758 3169 2814 ego
3215 2758 3334 2798 sum
3364 2742 3551 2798 Domi-

1962 2846 2085 2897 nus,
2110 2850 2129 2884 ι
2166 2847 2289 2886 cum
2319 2831 2415 2886 tibi
2448 2831 2738 2887 reddidero
2773 2845 2895 2903 quae
2940 2833 3188 2897 mereris,
3231 2833 3553 2903 mittamque

1961 2922 2324 2993 pestilentiam
2352 2931 2407 2978 et
2431 2922 2748 2993 sanguinem
2779 2920 2832 2976 in
2863 2922 3073 2993 plateas
3104 2929 3246 2977 tuas.
3279 2922 3555 2992 Recteque

1960 3014 2153 3083 plateae
2193 3013 2448 3069 dicuntur
2468 3012 2706 3069 Sidonis.
2741 3031 2758 3063 ι
2781 3013 2916 3068 Lata
2946 3015 3090 3069 enim
3117 3022 3172 3069 et
3194 3014 3431 3084 spatiosa
3465 3014 3552 3068 via

272 3127 293 3160 ι
324 3107 492 3164 Israel
507 3109 572 3164 de
589 3107 823 3179 populis,
849 3108 900 3164 in
918 3109 1115 3179 quibus
1137 3109 1363 3180 dispersi
1386 3118 1530 3176 sunt,
1550 3111 1859 3166 sanctifica-
1886 3090 1932 3153 ί]
1964 3112 2067 3170 est,
2109 3118 2230 3173 quae
2270 3104 2419 3158 ducit
2456 3104 2524 3158 ad
2565 3112 2794 3160 mortem
2835 3103 3050 3177 (Matth.
3087 3103 3205 3177 vn).
3228 3124 3248 3157 ι
3291 3120 3310 3153 ι
3340 3105 3407 3159 Et
3434 3120 3556 3160 cor-

270 3219 292 3253 ι
321 3201 427 3257 bor
441 3200 494 3255 in
512 3200 592 3256 eis
605 3215 787 3256 coram
803 3199 1073 3271 gentibus.
1091 3200 1158 3254 Et
1171 3200 1559 3256 habitabantin
1581 3210 1724 3256 terra
1741 3217 1860 3268 sua,

268 3312 289 3344 ε
311 3307 479 3364 quam
494 3292 616 3347 dedi
630 3307 788 3347 servo
799 3307 920 3347 meo
930 3291 1175 3359 Jacob,et
1187 3293 1311 3350 babi
1321 3294 1504 3349 tabunt
1518 3295 1569 3348 in
1583 3309 1648 3349 ea
1660 3296 1861 3363 securi,

271 3400 293 3433 ι
324 3389 381 3437 et
398 3381 746 3437 mdiiicabunt
773 3381 963 3437 domos
988 3382 1415 3453 plantabuntque
1442 3383 1652 3449 vineas,
1683 3394 1738 3440 et
1766 3386 1864 3441 ha-

271 3493 291 3524 ι
321 3473 575 3529 bitabunt
587 3472 1074 3538 conﬁdenter,cum
1098 3474 1275 3530 fecero
1297 3472 1503 3543 judicia
1529 3475 1581 3530 in
1610 3476 1862 3533 omnibus

273 3584 294 3619 ι
326 3566 884 3636 quiadversantureis
905 3581 1002 3638 per
1015 3567 1318 3623 circuitum.
1348 3567 1413 3621 Et
1434 3570 1606 3623 scient
1622 3568 1747 3638 quia
1762 3583 1861 3640 ego

274 3676 295 3710 ι
332 3657 594 3713 Dominus
610 3657 750 3715 Deus
764 3674 976 3715 eorum.
1004 3678 1023 3711 ι
1046 3658 1316 3732 (Ηὶενοη.)
1334 3661 1743 3731 Consequenter
1769 3677 1863 3715 au-

269 3758 382 3804 tem
405 3757 530 3819 post
556 3748 757 3822 Tyrum
782 3764 963 3806 sermo
993 3750 1053 3805 fit
1077 3750 1146 3806 ad
1172 3749 1429 3806 Sidonem
1473 3766 1488 3805 :
1536 3752 1698 3807 unius
1715 3753 1861 3807 enim

269 3848 507 3910 utraque
554 3840 684 3894 urbs
725 3840 1019 3911 provinciae
1047 3849 1146 3896 est.
1178 3839 1245 3895 Et
1274 3841 1328 3895 in
1364 3841 1657 3913 Evangelio
1687 3841 1863 3913 Tyrus

268 3938 330 3984 et
356 3929 525 3984 Sidon
566 3930 771 4000 pariter
810 3932 1159 3986 nominantur
1186 3949 1201 3987 ς
1233 3952 1251 3984 ι
1292 3932 1349 3988 Si
1398 3933 1451 3988 in
1494 3932 1637 4005 Tyro
1679 3943 1733 3990 et
1775 3934 1863 3990 Si-

270 4022 415 4078 done
446 4021 601 4078 faeue
624 4031 807 4078 essent
835 4023 1061 4079 virtutes
1093 4039 1212 4094 quae
1238 4023 1456 4079 fuerunt
1484 4025 1537 4079 in
1567 4034 1619 4080 te
1643 4025 1858 4097 (Matth.

268 4126 359 4177 x1;
410 4110 540 4166 Luc.
578 4111 656 4183 χ.)
702 4130 721 4164 ›
770 4112 922 4168 Unde
958 4121 1014 4167 ct
1065 4114 1403 4179 Chanantca,
1461 4111 1615 4181 cujus
1669 4112 1776 4167 ﬁlia
1830 4129 1863 4169 a

272 4202 543 4257 daemonio
596 4203 917 4267 vexabatur,
965 4218 1085 4272 qua:
1136 4218 1353 4272 egressa
1404 4212 1489 4258 est
1548 4203 1615 4259 de
1666 4203 1862 4260 ﬁnibus

270 4292 404 4364 Tyri
429 4300 484 4347 et
504 4291 721 4348 Sidonis
747 4295 890 4363 quod
911 4293 1280 4364 postulaverat
1308 4294 1634 4365 impetravit.
1663 4294 1863 4350 Praedi-

271 4387 350 4441 cit
397 4396 582 4441 autem
622 4401 804 4443 sermo
832 4385 1079 4453 divinus,
1108 4389 1249 4458 quod
1272 4404 1301 4442 a
1327 4388 1633 4459 Babyloniis
1664 4396 1718 4444 et
1744 4389 1859 4459 ipsa

270 4478 534 4549 capienda
575 4478 663 4546 sit,
702 4485 765 4533 et
800 4451 1072 4532 malorum
1097 4451 1387 4549 cognoscat
1420 4451 1675 4548 pondere,
1713 4451 1858 4548 quod
1884 4451 1937 4508 Β

272 4572 390 4642 ipse
413 4572 483 4627 sit
515 4572 776 4628 Dominus
804 4587 926 4627 cum
951 4571 1279 4642 judicavcrit
1307 4589 1426 4627 eam
1458 4582 1513 4628 et
1547 4572 1858 4627 sanctiﬁca-

272 4672 363 4720 tus
392 4662 559 4719 fuerit
593 4663 647 4717 in
679 4664 786 4727 illa,
820 4673 879 4718 et
902 4664 1047 4719 fame
1076 4679 1197 4719 eam
1233 4680 1298 4719 ac
1333 4663 1635 4734 pestilentia
1657 4663 1861 4735 gladio—

270 4771 379 4826 que
409 4756 829 4823 oonsumpserit,
860 4755 934 4810 ita
966 4763 1025 4810 ut
1053 4764 1272 4810 corruat
1300 4754 1355 4809 in
1380 4754 1572 4825 plateis
1611 4754 1773 4816 illius,
1806 4762 1860 4808 et

270 4866 616 4923 nequaquam
638 4849 778 4905 ultra
802 4851 873 4906 sit
900 4851 952 4904 in
981 4849 1363 4907 oilendiculum
1397 4847 1588 4919 populo
1611 4847 1727 4912 Dei,
1757 4860 1860 4901 nec

271 4961 370 5001 eos
406 4943 724 5013 frequenter
768 4942 1104 5012 impugnent.
1145 4940 1279 4996 Cum
1321 4948 1502 4994 autem
1531 4939 1631 4994 hoc
1656 4937 1858 4992 factum

273 5035 440 5093 fuerit
464 5042 773 5091 revertatur
810 5033 1038 5105 papulas
1066 5032 1245 5095 Israel,
1271 5047 1410 5101 quos
1446 5030 1498 5084 in
1522 5029 1760 5083 diversas
1780 5027 1860 5081 di-

272 5133 550 5195 sperserat
568 5125 821 5179 nationes
842 5124 895 5177 in
912 5131 1109 5177 terram
1126 5136 1303 5185 suam,
1329 5129 1385 5175 et
1410 5117 1776 5174 sanctiﬁcetur
1805 5116 1858 5170 in

272 5221 355 5275 eis
381 5236 395 5273 :
419 5231 765 5288 nequaquam
787 5225 848 5271 ut
877 5215 932 5270 in
964 5214 1165 5270 Sidone
1200 5213 1252 5268 in
1285 5212 1481 5266 malam
1506 5218 1741 5280 partem,
1765 5206 1859 5263 sed

275 5310 331 5365 in
357 5309 576 5374 bonam,
601 5323 725 5362 cunt
748 5308 830 5363 eis
856 5306 1111 5361 misertus
1129 5304 1313 5367 fuerit,
1344 5312 1399 5358 et
1423 5300 1782 5356 habitaverint
1806 5299 1858 5353 in

276 5410 446 5466 terra,
484 5415 647 5471 quam
678 5400 828 5455 dedit
860 5398 1002 5469 patri
1043 5410 1228 5452 eorum
1271 5393 1437 5450 Jacol)
1460 5413 1473 5448 :
1500 5403 1558 5448 et
1587 5393 1863 5447 habitave-

276 5496 389 5551 rint
424 5494 603 5551 securi
646 5502 701 5549 et
739 5494 793 5548 in
823 5492 1052 5548 Domino
1088 5490 1449 5552 conﬁdentes,
1477 5496 1532 5542 et
1557 5486 1861 5541 aedificave-

277 5588 388 5641 rint
412 5586 625 5649 domos,
663 5593 717 5639 et
755 5582 1120 5654 plantaverint
1162 5580 1372 5643 vincas,
1425 5594 1547 5633 cum
1580 5593 1686 5635 sua
1738 5589 1862 5645 pro-

282 5680 443 5735 missa
476 5677 859 5751 compleverit;
890 5684 941 5729 et
974 5683 1099 5727 tunc
1131 5679 1454 5740 cognoscant
1482 5668 1622 5740 quod
1656 5668 1767 5738 ipse
1793 5668 1861 5721 sit

1966 3203 2125 3248 ruent
2159 3193 2454 3259 interfecti,
2495 3195 2585 3263 qui
2627 3194 2768 3249 male
2799 3195 3085 3260 steterant,
3113 3195 3291 3266 gladio
3316 3211 3415 3266 per
3442 3194 3553 3250 cir-

1964 3284 2237 3338 cuitum.»
2272 3283 2365 3337 Illo
2386 3282 2565 3353 gladio
2610 3297 2773 3353 quem
2824 3282 2973 3337 venit
3022 3282 3283 3338 Dominus
3335 3284 3552 3340 mittere

1965 3390 2129 3446 super
2155 3384 2357 3429 terram
2390 3368 2613 3445 (Matth.
2639 3371 2719 3445 x),
2751 3383 2813 3426 ut
2854 3372 2996 3426 male
3025 3370 3215 3440 juncta
3253 3372 3548 3429 dissociet:

1963 3474 2019 3521 et
2048 3466 2245 3531 sciant,
2294 3464 2386 3535 qui
2440 3464 2822 3529 remanserint,
2857 3463 2999 3532 quod
3025 3462 3142 3534 ipse
3172 3463 3242 3518 sit
3266 3462 3548 3520 Dominus.

1964 3556 2204 3628 Cumque
2232 3558 2307 3612 illi
2332 3556 2684 3620 cessaverint,
2715 3568 3059 3624 nequaquam
3085 3552 3223 3607 ultra
3252 3554 3356 3608 erit
3382 3553 3553 3610 otl'en-

1962 3648 2201 3704 dieulnm
2231 3644 2628 3710 amaritudinis,
2674 3652 2729 3698 et
2765 3643 2919 3714 spina
2959 3641 3161 3698 doloris
3184 3656 3552 3714 compungens

1963 3748 2017 3794 et
2056 3737 2344 3791 vulnerans
2370 3733 2622 3805 p0pulum
2650 3731 2764 3786 Dei.
2794 3731 2987 3787 Omnia
3015 3740 3197 3785 autem
3225 3732 3339 3785 haec
3366 3730 3553 3784 dicun-

1965 3839 2053 3884 tur
2078 3836 2266 3884 contra
2296 3825 2636 3881 adversarius
2666 3830 2988 3895 potestates,
3028 3821 3171 3891 quod
3210 3821 3264 3874 in
3302 3828 3551 3876 extremo

1966 3928 2205 3989 tempore
2232 3918 2537 3982 deleantur,
2565 3923 2620 3971 et
2647 3916 2720 3971 sit
2766 3922 2972 3969 aeterna
3018 3912 3310 3975 securitas,
3333 3911 3551 3980 quando

1963 4009 2370 4081 congregaverit
2398 4007 2677 4072 Dominus,
2700 4006 2915 4060 domum
2944 4001 3131 4066 lsrael,
3159 4016 3251 4056 eos
3275 4002 3365 4070 qui
3389 4015 3551 4055 sensu

1963 4111 2193 4158 cernunt
2221 4100 2424 4155 Deum:
2451 4106 2507 4153 et
2525 4096 2892 4153 sanctiﬁcatus
2922 4093 3091 4153 fuerit
3119 4092 3173 4146 in
3198 4092 3300 4156 eis,
3326 4099 3383 4147 et
3402 4105 3551 4147 com-

1962 4198 2198 4270 plelritur
2238 4197 2388 4263 illud,
2431 4195 2575 4267 quod
2615 4194 2877 4263 scriptum
2924 4200 3048 4247 est:
3080 4188 3307 4244 «Sancti
3351 4197 3548 4253 estote,

1963 4289 2219 4361 quoniam
2258 4301 2360 4357 ego
2400 4293 2621 4341 sanctus
2657 4300 2777 4338 sum
2820 4280 3005 4353 (Leuit.
3030 4279 3166 4349 xix).
3194 4298 3211 4331 ι
3239 4279 3306 4332 Et
3338 4279 3549 4333 habita-

1965 4379 2143 4433 verint
2166 4378 2220 4431 in
2248 4388 2391 4431 terra
2417 4389 2535 4438 sua,
2567 4374 2633 4427 de
2663 4388 2768 4441 qua
2790 4379 2845 4424 et
2870 4369 2996 4423 alibi
3028 4369 3258 4438 legimus
3289 4385 3301 4420 :
3335 4387 3353 4417 ε
3374 4365 3548 4420 Credo

1964 4471 2146 4526 videre
2167 4470 2307 4525 bona
2334 4466 2540 4521 Domini
2566 4464 2619 4517 in
2645 4472 2789 4517 terra
2815 4461 3106 4515 viventium
3135 4458 3308 4530 (Paul.
3335 4459 3541 4528 χχι-οη

1963 4562 2134 4629 Quam
2183 4560 2401 4615 dederat
2443 4554 2642 4619 Jacob,
2688 4553 2780 4622 qui
2821 4552 3055 4621 priorem
3104 4550 3549 4621 supplautaverat

1963 4653 2210 4714 fratrem,
2253 4658 2308 4703 et
2354 4644 2628 4716 primitiva
2673 4641 3099 4711 ethS'meruerat
3129 4640 3394 4709 accipere.
3433 4657 3450 4690 ι
3480 4638 3550 4694 Εῑ

1964 4745 2282 4801 liabitabunt
2331 4740 2384 4794 in
2419 4755 2484 4794 ea
2533 4736 2735 4801 securi,
2768 4753 2787 4788 ι
2829 4735 2942 4790 sive
2988 4733 3040 4787 in
3083 4747 3196 4802 spe,
3236 4739 3332 4786 «et
3378 4731 3548 4787 aedili-

1965 4840 2166 4895 cabunt
2210 4836 2420 4897 domos,
2474 4829 2901 4902 plantabuntque
2948 4828 3161 4892 vineas,
3224 4835 3279 4882 et
3331 4827 3545 4881 habita-

1961 4932 2095 4987 bunt
2127 4948 2145 4981 ›
2178 4928 2414 4983 secundo
2449 4926 2502 4980 in
2529 4939 2642 4993 spe.
2684 4922 2846 4978 Juxta
2890 4920 3035 4981 illud,
3069 4919 3210 4990 quod
3245 4919 3444 4989 legitur
3492 4917 3545 4971 in

1963 5022 2097 5077 lsaia
2143 5039 2155 5075 :
2192 5040 2210 5073 ‹
2261 5018 2363 5086 Qui
2410 5015 2664 5071 ablactati
2701 5013 2835 5068 estis
2878 5028 2907 5067 a
2942 5012 3101 5078 laete,
3139 5011 3231 5082 qui
3282 5008 3545 5064 abstracti

1963 5116 2029 5168 ab
2074 5115 2259 5177 ubere,
2321 5108 2718 5165 tribulationem
2770 5121 2933 5175 super
3006 5103 3403 5158 tribulationem
3454 5116 3546 5154 ex-

1963 5214 2223 5274 specta‘e,
2266 5211 2322 5256 et
2382 5213 2530 5270 spem
2577 5211 2740 5266 super
2785 5211 2935 5266 spem
3014 5192 3171 5265 (Isa.
3223 5190 3452 5261 xxvnt).
3517 5209 3537 5241 ι

1969 5318 1986 5348 ι
2021 5294 2389 5349 ASJiiicabunt
2429 5298 2609 5345 autem
2659 5289 2869 5353 domos,
2895 5307 2912 5339 ι
2943 5301 3077 5355 quas
3100 5293 3155 5338 et
3176 5284 3227 5337 in
3250 5279 3543 5349 Evangelia

1964 5384 2212 5448 aedificat,
2265 5382 2357 5453 qui
2403 5396 2508 5435 non
2547 5392 2712 5448 super
2745 5391 2989 5439 arenam,
3026 5374 3121 5428 sed
3150 5386 3311 5441 super
3331 5376 3540 5438 petram

1967 5477 2311 5531 fundamenta
2336 5471 2635 5529 constituit.
2660 5470 2737 5526 De
2760 5468 2954 5539 quibus
2976 5466 3232 5535 scriptum
3254 5468 3366 5515 cst:
3389 5478 3408 5511 ‹
3429 5459 3544 5516 Nisi

1967 5567 2225 5622 Dominus
2270 5562 2622 5619 aedificaverit
2664 5560 2906 5620 domum,
2943 5557 2994 5610 in
3024 5571 3221 5609 vanum
3261 5551 3541 5606 laborave-

1967 5671 2089 5719 runt
2116 5660 2206 5729 qui
2230 5659 2493 5715 azdiﬁcant
2523 5670 2643 5711 eam
2671 5650 2841 5726 (l’sal.
2867 5647 3068 5716 (xxxvi).
3096 5666 3111 5697 ›
