3972 6184
456 264 558 321 795

1025 375 1250 432 CAPUT
1285 374 1478 431 XXIX.

460 467 642 521 Sermo
666 465 889 535 Domini
931 472 1112 535 contra
1137 461 1476 535 Pharaonem
1503 474 1552 518 et
1577 464 1891 535 Egyptum,
1932 463 2020 517 ubi

527 534 831 598 pra'dt'citur
848 534 1074 604 solitudo
1104 532 1320 604 zEgypti
1346 543 1394 586 et
1423 534 1539 604 ejus
1561 532 1867 604 postulatos
1893 550 2026 604 qua-

524 606 767 673 draginta
790 602 1041 673 restitutio
1075 602 1391 673 promittitur
1416 602 1913 657 Nabuchodonosor
1928 618 2023 673 pro

529 670 759 726 mercede
791 670 982 724 laboris
1002 670 1182 724 contra
1212 670 1429 740 Tyrum.

535 781 552 813 ι
580 762 638 815 1η
670 774 811 815 anno
844 759 1072 825 decimo,
1098 760 1153 814 in
1185 761 1501 815 duodecimo
1533 776 1737 826 mense,
1768 761 1821 815 in
1852 761 2024 831 prima

462 873 481 905 ‹
517 854 601 908 die
641 852 861 916 mensis,
895 851 1093 906 factum
1120 859 1204 907 est
1231 852 1455 906 verbum
1486 852 1696 907 Domini
1735 853 1799 907 ad
1829 867 1915 907 me
1941 851 2026 906 di-

463 959 481 991 c
519 955 645 995 cens
674 958 687 994 :
715 938 815 995 Fili
839 940 1094 1004 hominis,
1119 953 1260 1008 pone
1289 938 1479 993 faciem
1510 947 1652 993 tuam
1681 947 1866 994 contra
1887 938 2028 993 Pha-

460 1049 479 1082 ‹
516 1044 737 1083 raonem
768 1043 948 1100 regem
979 1027 1224 1101 Egypti,
1266 1037 1323 1085 et
1363 1028 1714 1099 prophetabis
1742 1029 1809 1084 de
1837 1044 1923 1095 eo,
1972 1036 2029 1085 et

462 1140 480 1171 ‹
515 1120 580 1173 de
601 1118 835 1191 ngypto
863 1118 1112 1174 universa
1137 1118 1395 1188 loqueris,
1429 1127 1485 1173 et
1509 1120 1693 1175 dices:
1735 1118 1862 1175 Haec
1896 1118 2030 1175 dicit

466 1228 484 1260 ‹
522 1208 778 1263 Dominus
801 1208 965 1275 Deus,
994 1227 1013 1261 ι
1060 1216 1165 1263 etc.
1194 1207 1321 1263 Post
1351 1208 1625 1273 Sidonem,
1672 1225 1792 1279 qua:
1830 1218 1885 1265 et
1913 1209 2028 1279 ipsa

465 1303 516 1356 in
539 1292 813 1356 Phoenicis
841 1300 1022 1356 littore
1049 1302 1338 1357 constituta
1368 1309 1473 1365 est,
1510 1317 1688 1356 sermo
1718 1301 1777 1354 ﬁt
1811 1300 1877 1355 ad
1906 1317 2031 1372 pro-

456 1392 674 1462 phetam
704 1389 912 1444 decimo
957 1404 1098 1444 anno
1133 1388 1462 1461 captivitatis
1500 1390 1642 1460 regis
1670 1389 1953 1457 .loachim,~
1976 1399 2030 1446 et

456 1483 774 1538 duodecimo
805 1497 990 1539 mense
1018 1492 1072 1539 et
1100 1498 1206 1538 una
1246 1483 1331 1538 die
1374 1483 1597 1549 mensis,
1642 1490 1703 1536 ut
1740 1490 1906 1553 ponat
1949 1482 2033 1539 fa-

457 1572 595 1627 ciem
618 1588 770 1628 suam
799 1574 911 1628 sive
945 1572 1196 1627 obﬂrmet
1229 1581 1416 1627 contra
1460 1570 1799 1626 Pharaonem
1849 1586 2029 1642 regem

457 1660 690 1732 (Egypti,
719 1670 767 1716 et
806 1661 1055 1730 loquatur
1081 1660 1147 1716 dc
1175 1675 1263 1724 eo,
1291 1668 1345 1715 et
1389 1659 1457 1715 de
1494 1659 1741 1713 universa
1769 1657 2027 1731 Egypto,

459 1752 570 1808 sive
592 1752 658 1806 ad
678 1767 892 1814 omnem
916 1750 1207 1822 JEgyptum
1225 1767 1241 1816 ;
1261 1765 1326 1805 ex
1357 1748 1461 1802 alia
1485 1748 1627 1803 enim
1653 1756 1806 1817 parte
1833 1744 2030 1803 Iudaeas

457 1840 511 1895 in
542 1841 727 1902 eodem
761 1841 941 1895 littore
971 1841 1262 1896 constituta
1300 1837 1517 1909 [Egypti
1540 1837 1814 1907 provincia
1841 1845 1947 1903 est,
1978 1845 2035 1893 et

457 1945 576 1999 qure
605 1929 679 1983 illi
702 1938 922 1985 ventura
957 1931 1063 1984 sint
1084 1930 1384 1999 prophetet.
1410 1927 1504 1982 Sin
1528 1935 1707 1981 autem
1734 1934 1945 1995 oportet
1965 1925 2035 1981 de

458 2020 699 2075 nmneris
743 2020 943 2090 aliquid
983 2020 1180 2086 dicere,
1239 2033 1399 2088 quem
1450 2016 1627 2072 locum
1665 2016 1863 2071 habeat
1895 2016 2036 2070 inter

458 2111 645 2166 decem
661 2110 777 2165 dies
791 2126 918 2165 una.
940 2109 1090 2165 Unde
1113 2117 1168 2164 et
1182 2110 1236 2163 in
1253 2108 1522 2178 principio
1537 2106 1810 2163 Genescos
1827 2122 1934 2162 non
1952 2112 2055 2161 est.

463 2199 686 2263 dictum,
727 2218 746 2251 ι
781 2199 982 2254 factum
1013 2208 1097 2256 est
1127 2214 1350 2269 vespere
1374 2207 1430 2253 et
1458 2213 1617 2254 mane
1638 2199 1753 2255 dies
1783 2198 1977 2269 prima,
2007 2215 2028 2249 ι

457 2290 555 2345 sed
587 2309 604 2341 ι
632 2305 791 2357 una,»
825 2299 884 2345 ut
907 2291 1151 2346 eamdem
1176 2290 1318 2345 diem
1350 2289 1545 2346 revolvi
1572 2304 1785 2358 semper
1815 2288 2039 2344 edoceat

462 2381 709 2437 eumdem
733 2383 975 2438 ordinem
1000 2384 1142 2438 inter
1163 2383 1348 2439 decem
1377 2382 1625 2447 decadas,
1654 2383 1757 2437 hoc
1778 2391 1878 2446 est,
1911 2398 2037 2437 ceu.

464 2473 733 2526 tenarium
758 2488 1038 2528 numerum
1065 2474 1308 2530 decimus
1322 2484 1578 2529 numerus
1598 2474 1909 2544 possidebit,
1930 2487 2036 2543 quo

467 2560 536 2615 ad
578 2562 849 2617 victimam
894 2577 1063 2632 agnus
1110 2563 1437 2630 assumitur,
1488 2571 1548 2618 ut
1592 2563 1903 2618 immoletur
1946 2563 2036 2617 die

459 2657 653 2718 quarta
695 2650 920 2714 decima,
966 2658 1128 2720 atque
1174 2651 1278 2707 hoc
1320 2651 1478 2707 modo
1525 2665 1698 2721 usque
1723 2651 1789 2706 ad
1811 2650 1957 2706 mille
1979 2658 2036 2706 et

459 2737 644 2791 decem
676 2738 842 2792 millia
870 2748 925 2794 et
952 2747 1168 2794 centum
1203 2740 1391 2806 millia,
1417 2748 1472 2794 et
1497 2738 1636 2793 ultra
1664 2753 1762 2808 per
1806 2738 2039 2794 decadas

464 2841 591 2880 suas
615 2841 960 2880 numerorum
982 2826 1141 2881 ‘ordo
1174 2828 1435 2897 procedit.
1472 2827 1603 2882 Post
1641 2827 1905 2882 decimum
1935 2842 2033 2881 au-

468 2923 576 2969 tem
627 2930 827 2968 annum
864 2914 1066 2969 mensis
1102 2915 1447 2971 duodecimns
1472 2916 1722 2984 ponitur,
1786 2924 1843 2968 ut
1906 2930 2033 2984 pcr-

470 3006 645 3060 fectus
705 3004 985 3060 duodecim
1065 3004 1426 3075 apostolorum
1480 3020 1545 3061 ac
1597 3006 2033 3076 prophetarum,

1088 260 1149 315 B.
1190 258 1439 315 RABANI
1477 258 1693 316 MAURI
1731 259 2045 317 ARCHIEP.
2090 260 2397 317 MOGUNT.
2437 262 2724 319 OPERUM
2762 262 2940 318 PARS
2980 263 3043 319 ll.

3596 271 3698 325 796
3744 296 3753 301 -

2050 379 2096 436 A
2126 375 2328 431 minum
2356 392 2597 432 suorum.
2626 377 2898 450 Egyptus
2920 388 3099 435 autem
3120 381 3372 437 hcbraice
3397 384 3702 453 appellatur

2131 466 2403 534 Mesraim,
2433 477 2487 524 et
2523 469 2577 523 in
2616 470 2850 539 linguam
2898 481 3139 526 nostram
3183 474 3417 529 vertitur
3470 493 3702 548 coangu-

2127 565 2272 611 stans
2292 558 2557 625 videlicet,
2587 568 2641 614 et
2672 559 2935 615 tribulans
2955 575 3050 616 eos
3081 562 3170 631 qui
3199 563 3301 618 sibi
3328 564 3529 620 subditi
3555 577 3701 632 sunt,

2092 658 2099 662 ‘
2130 656 2184 701 ct
2209 664 2315 702 non
2344 649 2620 704 dimittens
2647 649 2832 705 oculos
2860 651 2927 705 ad
2955 652 3152 706 ctelnm
3182 652 3385 718 levare,
3424 655 3519 710 sed
3546 654 3699 723 juxta

2131 736 2473 807 Evangelium
2506 738 2658 808 (Luc.
2691 739 2812 810 xm)
2851 747 2905 794 et
2929 741 3234 810 exemplum
3276 743 3418 798 illius
3463 745 3699 800 mulieris

2129 842 2291 898 quam
2342 829 2528 884 decem
2576 838 2632 884 et
2670 838 2793 885 octo
2845 832 3001 887 annis
3046 832 3291 887 diabolus
3325 834 3697 893 incurvaverat

2129 932 2345 989 semper
2357 920 2422 973 ad
2437 927 2649 974 terrena
2665 920 3002 991 demergens.
3019 921 3311 979 Videamus
3321 925 3488 991 igitur
3500 941 3620 994 qua:
3635 930 3703 982 sit

2130 1006 2480 1062 comminatio
2501 1015 2687 1063 contra
2707 1006 3050 1063 Pharaonem
3070 1018 3129 1065 et
3149 1007 3363 1067 omnem
3384 1011 3700 1084 Egyptum.

2207 1113 2227 1148 ι
2257 1095 2395 1151 Ecce
2416 1110 2517 1167 ego
2540 1096 2609 1153 ad
2637 1105 2711 1161 te,
2746 1097 2957 1153 Pharao
2995 1115 3089 1154 rex
3130 1099 3370 1172 Egypti,
3400 1102 3571 1157 draco
3592 1119 3704 1156 ma~

2137 1202 2158 1239 ε
2185 1201 2310 1258 gne,
2342 1186 2434 1256 qui
2460 1188 2628 1242 cubas
2665 1187 2719 1242 in
2758 1188 2937 1244 medio
2972 1186 3254 1244 ﬂuminum
3284 1198 3524 1256 tuorum,
3551 1200 3608 1245 et
3627 1191 3703 1245 di-

2136 1292 2157 1327 c
2185 1275 2468 1332 ciszhleus
2489 1285 2573 1330 est
2607 1274 2821 1347 ﬂuvius,
2857 1284 2913 1331 et
2949 1292 3048 1348 ego
3072 1276 3177 1331 feci
3208 1280 3610 1348 memetipsum.
3645 1280 3707 1334 Et

2137 1384 2156 1417 ι
2184 1380 2379 1435 ponam
2410 1364 2621 1421 frenum
2654 1366 2708 1420 in
2748 1366 2981 1421 maxillis
3011 1368 3140 1432 tuis,
3168 1377 3223 1423 et
3251 1368 3601 1440 agglutinabo
3626 1370 3702 1438 pi-

2137 1477 2156 1510 c
2182 1473 2300 1513 sees
2323 1458 2598 1512 ﬂuminum
2622 1465 2834 1513 tuorum
2856 1458 3106 1527 squamis
3117 1458 3257 1521 tuis;
3279 1467 3335 1512 et
3350 1459 3635 1513 extraham
3658 1468 3707 1514 te

2138 1568 2158 1601 ‹
2187 1548 2253 1603 de
2279 1547 2460 1603 medio
2482 1546 2758 1603 ﬂuminum
2783 1556 3016 1613 tuorum,
3053 1557 3109 1605 et
3146 1549 3384 1605 universi
3417 1550 3600 1619 pisces
3632 1551 3709 1605 tui

2139 1657 2159 1692 ι
2185 1640 2426 1711 squamis
2448 1640 2554 1694 tuis
2579 1638 2942 1695 adhaerebunt.
2976 1639 3042 1694 Et
3057 1639 3334 1709 projiciam
3353 1650 3407 1696 te
3434 1642 3491 1696 in
3519 1642 3700 1696 deser-

2135 1750 2154 1783 c
2183 1739 2297 1786 tum
2333 1738 2390 1786 et
2431 1745 2618 1785 omnes
2658 1730 2832 1800 pisces
2878 1728 3114 1785 ﬂuminis
3149 1731 3261 1795 tui;
3302 1746 3467 1801 super
3515 1728 3709 1785 faciem

2137 1838 2156 1872 ι
2186 1828 2345 1875 terras
2378 1820 2558 1875 cades.
2597 1818 2713 1875 Non
2761 1818 3028 1887 colligeris
3057 1833 3231 1889 neque
3268 1821 3705 1891 congregaberis.

2137 1927 2159 1960 ι
2188 1909 2381 1965 Bestiis
2428 1918 2585 1964 terra:
2610 1918 2666 1965 et
2691 1908 3001 1964 volatilibus
3038 1909 3167 1965 (εωιὶ
3207 1911 3327 1965 dedi
3356 1919 3409 1966 te
3436 1912 3507 1967 ad
3547 1910 3707 1966 devo-

2136 2016 2156 2049 ι
2200 1999 2444 2054 randum.
2469 2000 2535 2055 Et
2553 2000 2724 2055 scient
2748 2014 2937 2056 omnes
2970 1999 3302 2057 habitatores
3321 2000 3566 2073 Egypti.
3586 2004 3713 2072 quia

2136 2108 2157 2140 ι
2199 2103 2299 2159 ego
2321 2105 2440 2143 sum
2469 2090 2748 2155 Dominus,
2775 2104 2873 2160 pro
2909 2104 2997 2155 eo,
3027 2092 3169 2160 quod
3200 2090 3376 2148 factus
3401 2108 3461 2147 es
3488 2093 3715 2149 baculus

2137 2195 2158 2231 ς
2241 2180 2568 2236 arundineus
2595 2180 2775 2235 domui
2798 2179 2983 2245 Israel,
3006 2182 3221 2252 quando
3242 2183 3719 2253 appreltcndemnt

2138 2289 2158 2325 ι
2204 2279 2257 2329 te
2282 2288 2445 2327 manu
2492 2286 2608 2337 sua,
2641 2280 2696 2327 et
2720 2271 3027 2329 confractus
3050 2288 3132 2339 es,
3155 2281 3210 2328 et
3222 2273 3474 2329 lacerasti
3493 2289 3709 2329 omnem

2140 2381 2159 2415 ι
2204 2363 2485 2418 humerum
2509 2376 2715 2426 eorum,
2744 2370 2800 2416 et
2827 2361 3179 2416 innitentibus
3204 2362 3284 2417 eis
3309 2376 3472 2432 super
3497 2370 3550 2417 te
3571 2377 3714 2417 com-

2139 2472 2158 2504 ρ
2203 2452 2439 2508 minutus
2480 2466 2563 2519 es,
2612 2461 2667 2507 et
2705 2451 2992 2508 dissolvisti
3037 2467 3224 2507 omnes
3267 2468 3426 2508 renes
3454 2468 3709 2507 eorum:

2134 2538 2275 2598 Dicit
2294 2550 2472 2598 autem
2498 2550 2687 2597 contra
2710 2541 3046 2597 Pharaonem
3071 2541 3368 2612 principem
3385 2540 3632 2613 Egypti,
3660 2551 3715 2596 et

2133 2632 2233 2688 sub
2257 2631 2426 2704 ﬂgura
2461 2631 2576 2700 ejus
2606 2631 2672 2686 ad
2706 2647 2957 2702 magnam
2986 2630 3223 2701 loquitur
3250 2639 3597 2701 potestatem,
3628 2632 3712 2686 cui

2136 2722 2397 2795 Egyptus
2437 2722 2635 2777 tradita
2677 2728 2762 2776 est
2801 2722 2868 2775 ad
2919 2722 3228 2792 regendum.
3268 2722 3333 2776 Et
3363 2721 3717 2777 nihilominus

2136 2811 2378 2883 superbit
2402 2820 2589 2866 contra
2618 2820 2916 2867 creatorem
2943 2827 3100 2867 suum
3156 2811 3261 2867 sibi
3289 2812 3711 2867 dominationem

2136 2910 2296 2956 terra:
2324 2901 2621 2968 vindicans,
2651 2910 2704 2957 et
2724 2916 2807 2956 ise
2851 2900 3128 2956 colendam
3159 2899 3431 2973 IEgyptiis
3466 2900 3714 2972 gentibus

2137 2991 2376 3048 tradens.
2428 2991 2794 3061 Loquitur-que
2837 2989 2992 3060 juxta
3036 2992 3198 3046 situm
3239 2991 3534 3061 provincia:
3560 2989 3719 3061 quasi

470 3053 643 3060 -π-κ-
708 3053 983 3060 --ν-ν--η
1067 3053 1426 3075 -τν---η--η-
1481 3053 1544 3061 -ν
1598 3053 2033 3076 rut—mw”.

461 3096 552 3164 qui
605 3096 659 3150 in
689 3111 796 3150 uno
819 3094 1087 3151 volumine
1126 3096 1487 3162 continentur,
1530 3112 1787 3153 numerus
1816 3096 2033 3153 demon-

2137 3084 2205 3139 ad
2232 3097 2411 3155 regem
2448 3053 2669 3153 quodin
2698 3053 2802 3137 an:
2834 3053 3179 3138 inundatione
3206 3053 3462 3148 conﬁdat,
3493 3090 3552 3138 et
3578 3053 3712 3155 ’ριιι-

463 3196 689 3242 stretur.
730 3187 1091 3257 Porro,juxta
1135 3188 1503 3259 Septuaginta,
1527 3189 1738 3246 decimo
1784 3189 1984 3245 mensis
2015 3230 2035 3255 ,

464 3278 557 3347 qui
612 3277 863 3333 hebraice
928 3278 1227 3349 appellatur
1274 3276 1497 3333 Theber
1522 3318 1539 3346 ,
1592 3286 1646 3335 et
1690 3278 1830 3348 apud
1865 3277 2033 3349 Egy-

463 3366 606 3439 ptios
655 3366 820 3438 Tybi,
878 3367 1019 3438 apud
1067 3367 1337 3423 Romanos
1383 3367 1674 3424 Ianuarius
1722 3369 1938 3435 dicitur,
1969 3383 2037 3424 eo

470 3460 616 3528 quod
664 3461 804 3529 apud
843 3459 962 3515 illos
1021 3459 1150 3514 anni
1188 3459 1259 3513 sit
1286 3458 1449 3527 janua
1478 3476 1492 3512 :
1524 3461 1670 3515 omni
1713 3446 1895 3515 calore
1940 3475 2032 3515 su-

469 3547 638 3613 blato,
665 3547 889 3619 hyberni
934 3546 1149 3618 frigoris
1197 3547 1434 3603 continet
1483 3549 1862 3619 principatum.
1916 3548 2030 3604 lloc

470 3638 539 3693 de
567 3639 808 3693 numeris
838 3638 1037 3694 dixisse
1073 3636 1320 3693 suﬂ‘tciat.
1350 3636 1615 3692 Caeterum
1646 3638 1774 3693 illud
1802 3638 1889 3693 vel
1915 3654 2031 3692 ma-

465 3730 610 3783 xime
652 3730 1037 3799 requirendum
1076 3740 1179 3795 est,
1219 3737 1396 3783 utrum
1426 3728 1540 3797 ipse
1575 3728 1646 3784 sit
1675 3728 1908 3795 Pharao,
1938 3730 2031 3799 qui

466 3818 521 3873 in
548 3818 754 3883 Exodo,
772 3826 828 3872 et
863 3818 916 3870 in
942 3818 1098 3884 Isaia,
1123 3828 1177 3872 et
1203 3817 1459 3885 Ieremia,
1484 3825 1538 3873 et
1578 3818 1845 3885 Ezechiel,
1890 3820 2030 3874 mul-

467 3906 645 3975 tisque
683 3905 803 3960 aliis
824 3905 878 3959 in
902 3905 1052 3970 locis,
1067 3916 1120 3961 et
1142 3909 1195 3962 in
1216 3906 1439 3961 Cantieo
1460 3907 1793 3962 nominatur:
1835 3926 1854 3959 ι
1875 3908 2033 3978 Equi-

474 3997 607 4050 tatui
636 4011 755 4051 meo
784 3996 839 4050 in
870 3998 1119 4051 curribus
1141 3996 1450 4060 Pharaonis,
1484 3997 1776 4053 assimilavi
1805 4006 1881 4065 te,
1907 4014 2030 4069 pro—

467 4085 612 4139 xima
640 4100 755 4140 mea
790 4084 965 4157 (Cant.
993 4084 1066 4155 1);
1095 4104 1113 4137 ι
1150 4100 1217 4138 an
1246 4084 1383 4140 alius
1412 4094 1571 4155 atque
1592 4086 1764 4141 alius?
1785 4086 2032 4143 Videtur-

467 4191 573 4245 que
605 4176 738 4230 mihi
771 4191 877 4231 non
921 4190 1040 4230 esse
1082 4191 1243 4239 unus,
1284 4175 1376 4229 sed
1410 4176 1548 4245 apud
1588 4175 1889 4247 Egyptios,
1927 4180 2031 4234 hoc

462 4266 726 4332 vocabulo
750 4266 1109 4321 demonstrari
1133 4265 1334 4334 regiam
1364 4264 1697 4335 dignitatem,
1726 4267 1865 4321 sicut
1892 4268 2032 4337 apud

466 4361 739 4416 Romanos
764 4359 1004 4414 Ctesares
1029 4365 1081 4413 et
1114 4357 1342 4427 Augusti
1370 4373 1526 4428 reges
1552 4373 1735 4412 eorum
1759 4359 2029 4429 appellan-
2056 4397 2105 4456 Β

464 4458 554 4504 tur
575 4467 606 4505 a
626 4450 799 4519 primo
826 4448 962 4505 Gaio
987 4446 1217 4514 Caesare,
1251 4456 1306 4503 et
1341 4448 1578 4503 secundo
1615 4442 1867 4519 adoptivo
1910 4450 2029 4519 ejus

463 4539 779 4606 Octaviano,
823 4540 915 4610 qui
953 4549 1140 4612 postea
1186 4540 1461 4610 Augustus
1491 4548 1575 4595 est
1612 4532 1939 4605 nominatus,
1975 4551 2026 4597 et

464 4630 605 4699 apud
632 4629 799 4701 Syros
821 4630 1091 4697 Antiochi,
1138 4632 1279 4702 apud
1317 4630 1509 4687 Persas
1564 4631 1858 4698 Arsacidas,
1889 4633 2030 4704 apud

465 4717 752 4773 Philistiim
775 4718 1106 4786 Abimelech,
1127 4727 1182 4775 et
1200 4728 1322 4789 post
1340 4718 1703 4775 Alexandrum
1725 4720 1778 4774 in
1801 4720 2031 4792 Egypto

466 4809 738 4865 Ptolomaei
792 4824 963 4879 usque
1017 4811 1087 4865 ad
1133 4810 1469 4882 Cleopatram
1496 4851 1512 4878 ,
1563 4826 1668 4881 qua
1699 4812 1842 4867 victa
1892 4811 2033 4880 apud

464 4899 680 4955 Actium
725 4898 988 4969 Egyptus
1021 4900 1264 4955 Romana
1289 4912 1372 4957 est
1407 4901 1544 4956 facta
1568 4901 1863 4972 provincia.
1891 4901 2033 4977 Ergo

469 4993 523 5048 in
558 4991 965 5061 praesentiarum
1004 4992 1288 5047 adversum
1327 5008 1490 5046 unum
1530 4992 1822 5062 quemlibet
1852 5006 2032 5062 regem

463 5076 681 5153 ΑΞεῇιηί
714 5094 892 5136 sermo
928 5079 986 5133 ﬂt
1013 5068 1251 5146 Domini,
1290 5081 1381 5151 qui
1414 5081 1801 5151 interpretatur
1829 5080 2033 5136 διασκε-

464 5172 676 5236 δαστὴς,
702 5169 1011 5226 interfector
1056 5170 1306 5226 videlicet
1351 5180 1406 5227 et
1453 5172 1721 5227 lacerator
1763 5179 1819 5226 et
1856 5170 2034 5241 gladio

463 5270 659 5318 cuncta
692 5258 980 5316 concidens
1010 5267 1065 5312 et
1092 5257 1356 5313 dividens.
1398 5259 1551 5325 Quod
1584 5257 1740 5329 juxta
1778 5258 2035 5329 mysticos

464 5351 771 5409 intellectus
810 5348 1147 5403 referendum
1196 5359 1278 5403 est
1321 5350 1388 5403 ad
1416 5364 1533 5403 eam
1561 5356 1910 5418 potestatem,
1947 5350 2033 5405 cui

464 5439 704 5510 subjecta
738 5447 819 5496 est
846 5437 1130 5509 Egyptus.
1170 5436 1454 5506 Nunquam
1486 5428 1635 5493 enim
1676 5440 1841 5493 homo
1870 5440 2036 5493 aude-

466 5542 543 5589 ret
571 5532 750 5587 dicerc
776 5549 788 5585 :
826 5549 844 5582 ι
868 5529 983 5587 Mea
1008 5539 1133 5586 sunt
1155 5528 1392 5595 ﬂumina,
1423 5537 1477 5583 et
1497 5545 1597 5599 ego
1624 5528 1725 5584 feci
1755 5529 1895 5592 illa,»
1937 5544 2038 5583 nec

471 5625 636 5679 draco
668 5624 1024 5695 appellaretur
1053 5640 1300 5697 magnus,
1339 5631 1394 5679 ct
1432 5624 1623 5678 sedens
1655 5623 1706 5676 in
1736 5622 1913 5678 medio
1939 5620 2037 5676 ﬂu-

2134 3174 2250 3229 vias
2275 3174 2343 3229 de
2369 3174 2508 3229 cmlo
2534 3188 2641 3228 non
2670 3188 2992 3244 magnOpere
3014 3173 3282 3229 desideret
3309 3181 3715 3243 auctoremque,

2134 3265 2217 3320 sui
2259 3266 2493 3335 seipsum
2521 3273 2672 3336 putet
2701 3264 2783 3319 vel
2818 3263 3025 3328 ﬂuvios,
3057 3264 3160 3319 hoc
3196 3274 3298 3330 est,
3327 3263 3608 3340 διωρυὶές,
3661 3273 3717 3317 et

2134 3356 2281 3412 rivos
2317 3355 2422 3410 Nili
2450 3371 2482 3409 a
2520 3372 2579 3411 se
2607 3354 2777 3410 factos
2810 3354 3041 3424 jactitet.
3077 3353 3214 3421 Non,
3247 3354 3441 3424 inquit,
3465 3354 3719 3422 angelum

2134 3445 2365 3509 mittam,
2393 3445 2509 3509 sed,
2539 3460 2573 3499 ο
2601 3444 2764 3499 draco
2789 3460 3002 3515 magne,
3030 3445 3121 3515 qui
3143 3444 3307 3499 cubas
3333 3452 3390 3498 et
3419 3444 3623 3498 resides
3661 3444 3715 3497 in

2134 3537 2310 3592 medio
2336 3535 2613 3590 ﬂuminum
2634 3545 2868 3600 tuorum,
2901 3537 3013 3607 ipse
3049 3536 3114 3589 ad
3155 3545 3206 3591 te
3240 3536 3452 3591 veniam
3484 3536 3713 3605 punien-

2134 3624 2279 3680 dum.
2308 3623 2484 3678 Ausus
2508 3625 2652 3678 enim
2665 3640 2724 3679 es
2745 3626 2952 3680 dicere:
2974 3624 3119 3679 Meus
3145 3631 3228 3678 est
3253 3623 3402 3680 Nilus
3425 3624 3636 3689 ﬂuvius,
3662 3635 3719 3679 et

2133 3728 2233 3784 ego
2280 3713 2383 3769 mei
2431 3714 2679 3767 conditor
2719 3729 2861 3779 sum,
2910 3712 2992 3767 vel
3046 3713 3159 3781 ipse
3207 3712 3306 3769 feci
3347 3711 3569 3777 ﬂumen,
3606 3728 3717 3781 quo

2133 3804 2310 3858 omnis
2337 3802 2600 3875 {Egyptus
2636 3804 2908 3873 irrigatur.
2934 3802 3172 3871 Cumque
3210 3816 3427 3869 venero,
3461 3822 3479 3854 ι
3514 3794 3719 3872 ponam

2133 3893 2343 3949 frenum
2374 3895 2427 3949 in
2461 3894 2694 3949 maxillis
2729 3894 2857 3958 tuis,
2894 3912 2912 3944 ι
2947 3893 3060 3947 sive
3094 3894 3458 3963 constringam
3505 3893 3719 3961 laqueis

2133 4002 2195 4041 os
2225 3994 2392 4050 tuum,
2422 4000 2530 4054 quo
2563 3983 2846 4054 magniﬁce
2874 3983 3199 4053 loquebaris.
3230 3984 3298 4037 Et
3320 3976 3512 4037 omnes
3537 3984 3720 4037 socios

2134 4090 2197 4129 ac
2234 4075 2396 4130 duces
2425 4082 2565 4139 tuos,
2599 4089 2734 4143 quos
2771 4073 2947 4143 pisces
2976 4079 3154 4137 vocat,
3194 4072 3474 4128 adhzercre
3515 4070 3723 4126 faciam

2133 4166 2325 4235 pennis
2353 4163 2437 4219 vel
2467 4163 2704 4233 squamis
2733 4163 2861 4229 tuis,
2888 4170 2948 4216 ut
2981 4170 3256 4218 extractus
3283 4179 3314 4216 e
3340 4160 3559 4215 ﬂumine
3588 4177 3719 4230 pm-

2129 4254 2335 4327 jiciaris
2363 4254 2475 4309 sive
2498 4253 2800 4322 deponaris.
2837 4252 3071 4308 Nimium
3102 4260 3156 4308 te
3182 4253 3329 4307 enim
3352 4251 3631 4307 extuleras
3662 4251 3718 4305 in

2136 4345 2368 4408 deserto,
2396 4351 2450 4397 et
2478 4343 2639 4398 cades
2667 4356 2828 4413 super
2845 4340 3038 4397 faciem
3073 4341 3249 4411 campi
3280 4341 3361 4394 vcl
3390 4351 3550 4394 terra:
3574 4348 3719 4405 tuae;

2132 4451 2197 4491 eo
2218 4434 2359 4505 quod
2375 4431 2637 4503 Egyptus
2658 4432 2972 4503 campestris
2991 4432 3263 4501 provincia
3292 4431 3381 4485 sit.
3430 4428 3543 4484 Nec
3562 4430 3723 4483 colli-

2134 4535 2290 4598 getur
2336 4527 2565 4580 cadaver
2600 4532 2889 4589 tuum,nec
2920 4520 3357 4592 congregaberis,
3396 4520 3448 4573 id
3474 4529 3581 4584 est,
3614 4535 3721 4574 ne—

2135 4631 2405 4687 quaquam
2444 4612 2736 4684 sepelieris,
2767 4611 2863 4667 sed
2894 4630 2913 4663 ε
2946 4611 3133 4667 bestiis
3159 4619 3212 4665 et
3251 4609 3558 4664 volatilibus
3588 4610 3733 4664 cadi

2137 4705 2277 4759 dabo
2326 4712 2379 4759 te
2430 4703 2822 4766 devorandum;
2856 4719 2875 4754 ι
2908 4710 2967 4755 ιιι
3007 4716 3128 4755 cum
3173 4701 3289 4755 haec
3316 4698 3549 4752 viderint
3578 4698 3637 4752 in
3665 4708 3733 4753 te

2138 4808 2260 4848 meo
2290 4792 2497 4861 judicio
2536 4798 2845 4862 perpetrata
2887 4789 3219 4845 habitatores
3237 4787 3480 4860 Egypti,
3512 4804 3731 4859 cognou

2135 4890 2290 4937 scant
2323 4883 2465 4952 quod
2495 4881 2609 4952 ipse
2650 4881 2751 4937 sim
2777 4880 3054 4936 Dominus.
3097 4879 3222 4935 Haec
3250 4890 3430 4934 autem
3461 4881 3560 4935 tibi
3587 4896 3724 4936 eve-

2136 4969 2285 5023 nient
2331 4969 2587 5039 quoniam
2640 4968 2890 5039 populum
2944 4984 3122 5023 meum
3168 4967 3330 5022 Israel
3373 4975 3465 5022 tuo
3510 4970 3733 5024 auxilio-

2137 5056 2416 5125 decepisti,
2462 5065 2523 5109 ut
2558 5071 2896 5124 nequaquam
2947 5056 3000 5109 in
3043 5056 3152 5110 Deo
3196 5063 3441 5110 creatore
3469 5070 3592 5118 suo,
3620 5058 3722 5112 sed

2136 5145 2189 5199 in
2218 5154 2269 5200 te
2289 5145 2637 5200 conﬁderent.
2666 5144 2832 5200 Fuisti
2856 5145 2937 5200 eis
2959 5144 3181 5200 baculus
3207 5144 3536 5199 arundineus
3550 5144 3723 5211 juxta

2134 5234 2326 5289 lsaiam
2354 5233 2489 5305 (Isa.
2524 5233 2732 5307 xxxvi),
2765 5234 2851 5289 vel
2874 5235 3022 5304 virga
3044 5249 3235 5300 vacua,
3261 5243 3317 5288 et
3340 5233 3584 5289 calamus
3602 5234 3732 5290 [ηις

2134 5325 2445 5396 gilissimus,
2478 5325 2563 5378 cui
2590 5324 2880 5379 innitentes
2901 5320 3113 5379 cassum
3138 5324 3545 5393 deprehendere
3572 5339 3725 5392 pne-

2134 5418 2352 5482 sidium,
2384 5418 2456 5470 ita
2480 5425 2541 5470 ut
2570 5417 2637 5471 ab
2665 5413 3096 5470 incumbentibus
3123 5413 3449 5483 frangereris
3473 5422 3529 5468 et
3562 5412 3722 5468 lace-

2138 5524 2288 5563 rares
2316 5510 2619 5574 humerum,
2650 5518 2705 5564 et
2751 5523 2966 5564 manum
3010 5521 3115 5577 qua
3154 5506 3447 5561 tenebaris.
3486 5505 3555 5559 Et
3579 5506 3727 5559 dum

2138 5601 2192 5655 in
2209 5609 2271 5655 te
2296 5598 2471 5654 securi
2500 5607 2623 5652 sunt
2657 5598 3092 5653 eomminucntur
3118 5611 3305 5652 omnes
3331 5594 3502 5651 lumbi
3519 5608 3731 5650 eorum
