3972 6184
223 312 333 374 797

1168 319 1520 378 COMMEN‘T.
1560 321 1628 377 IN
1665 322 2115 386 EZECllIELEM.
2156 361 2227 372 —
2262 330 2390 406 LIB.
2434 331 2525 388 XI.

3368 341 3467 399 798

218 430 528 488 cadentium
567 430 620 487 in
664 439 883 497 terram,
929 442 985 489 et
1029 444 1128 504 pro
1184 436 1379 491 auxilio
1426 436 1800 507 accipientium
1833 450 1877 508 Α
1907 455 2065 497 nares
2099 443 2214 513 ejus
2236 442 2488 513 perforat,
2512 444 2637 515 quia
2663 445 2882 502 callidas
2919 448 3034 519 ejus
3056 450 3276 507 insulias
3297 458 3467 510 acutis

219 521 466 576 vulnera.
499 520 624 575 Haec
649 532 827 578 autem
848 538 946 594 per
962 531 1245 605 μεταφορὰν
1264 526 1514 582 dicuntur
1543 530 1695 598 quasi
1728 528 1794 583 ad

216 626 405 683 regem
422 610 665 684 Egypti,
687 628 751 669 eo
775 615 917 684 quod
941 623 995 670 et
1015 616 1126 685 ipsa
1161 617 1436 687 provincia
1460 634 1795 689 nequaquam

215 704 532 760 adversaria
563 703 723 759 fuerit
751 705 955 771 lsraeli,
993 708 1086 763 sed
1115 710 1239 764 dum
1283 725 1475 779 magna
1507 712 1793 780 promittit,

213 809 249 847 a
276 794 375 850 Dei
417 809 512 851 eos
541 794 740 850 auxilio
776 807 1071 867 separaret.
1104 799 1399 855 Draconem
1437 811 1616 855 autem
1639 801 1794 872 juxta

210 886 479 959 ἀναγωγὴν
530 886 856 942 contrariam
928 898 1252 959 potestatem
1330 905 1472 961 saepe
1534 891 1790 962 legimus;

207 977 357 1032 unde
404 984 459 1032 et
496 976 708 1033 Pharao
758 978 958 1035 dicitur
1005 979 1395 1047 emensam“
1430 983 1571 1050 quod
1620 998 1651 1037 a
1682 983 1794 1039 Deo

207 1076 429 1137 separet
454 1066 617 1138 atq'ue
660 1083 721 1125 se
760 1067 978 1141 jungat;
1010 1079 1065 1126 et
1112 1071 1378 1144 Egyptus
1429 1073 1482 1130 in
1529 1075 1789 1130 (fibulan-

205 1168 286 1217 εει
338 1165 392 1215 et
450 1160 730 1231 aﬂligentes
785 1161 1033 1228 vertitur,
1074 1177 1169 1218 eos
1227 1164 1476 1221 videlicet
1511 1181 1646 1236 quos
1686 1167 1790 1222 sibi

205 1250 449 1320 potuerit
496 1240 801 1322 subjugare.
840 1250 946 1307 lste
971 1253 1134 1308 draco
1171 1261 1255 1309 est
1295 1257 1681 1325 praevaricator
1725 1258 1791 1313 de

206 1355 322 1410 quo
347 1339 448 1396 Job
473 1339 781 1411 plenissime
814 1341 1052 1412 loquitur
1081 1343 1222 1416 (Job.
1254 1345 1366 1419 ιι).
1400 1347 1466 1402 Ει
1503 1348 1555 1404 in
1582 1348 1788 1418 psalmo

204 1432 476 1503 scriptum
504 1440 625 1488 est:
657 1451 676 1485 ι
711 1434 789 1488 Tu
821 1433 1129 1506 confreglsti
1172 1438 1347 1506 capita
1393 1439 1664 1506 draconis,
1697 1440 1792 1495 de-

202 1522 337 1578 disti
352 1537 475 1578 eum
501 1523 553 1578 in
570 1539 747 1581 escam
761 1526 972 1596 populis
985 1526 1327 1598 IEthiopibus
1341 1528 1508 1601 (Psal.
1526 1532 1735 1603 Lm").
1762 1551 1781 1585 ι

201 1612 274 1667 Et
304 1614 469 1668 draco
499 1628 725 1684 magnus
760 1616 826 1669 ad
863 1618 1317 1687 comparationem
1366 1619 1633 1674 minorum
1665 1621 1788 1675 dra-

118 1740 127 1743 v
200 1719 406 1760 conum
433 1705 649 1771 dicitur;
695 1706 761 1761 de
787 1707 980 1777 quibus
1017 1709 1270 1763 canitur:
1309 1728 1328 1761 ι
1361 1708 1439 1763 Tu
1475 1710 1785 1781 confregisti

1873 540 2204 586 sanctorum
2228 534 2472 588 sensibus
2492 543 2739 605 penetrat
2762 552 3046 593 enervans.
3080 538 3348 615 (Ηίενοη.)
3372 544 3466 599 Ρο-

1895 624 1974 681 nit
2000 636 2177 681 autem
2204 628 2461 684 Dominus
2482 630 2537 683 in
2563 630 2793 686 maxillis
2815 631 3064 688 draconis
3080 635 3233 690 istius
3256 635 3464 694 frenum

1892 725 1947 772 et
1975 717 2213 787 perforat
2240 718 2377 774 labia
2409 720 2525 789 ejus
2552 729 2711 791 atque
2740 724 3066 795 constringit
3093 726 3317 783 armillae
3354 730 3462 784 cir—

1870 804 2034 873 culo,
2080 805 2295 874 quando
2343 821 2440 876 per
2461 806 2855 864 ecclesiasticos
2881 810 3047 877 viros,
3099 812 3187 882 qui
3216 811 3464 884 Scriptu-

1888 894 1969 949 ris
2008 894 2210 949 sanctis
2261 895 2456 950 eruditi
2508 904 2652 963 sunt,
2699 898 2924 967 imponit
2965 900 3013 955 ei
3065 901 3364 968 silentium,
3409 914 3464 959 et

1893 984 2142 1039 universa
2182 986 2551 1055 perversitatis
2579 987 2827 1057 dogmata
2860 990 3239 1046 dissolvuntur.
3268 993 3465 1064 Aggln—

1892 1074 2134 1143 tinatque
2194 1075 2366 1145 pisces
2421 1074 2700 1130 ﬂuminum
2742 1075 2859 1145 ejus
2914 1080 3105 1148 pennis
3154 1082 3319 1151 ipsius
3378 1084 3465 1140 vel

1891 1164 2165 1233 squamis,
2230 1163 2425 1234 quibus
2469 1165 2704 1220 haeretici
2755 1180 2851 1236 per
2890 1169 3194 1237 superbiam
3242 1171 3309 1226 ad
3353 1172 3464 1229 alta

1889 1255 2167 1320 festinant,
2195 1264 2254 1309 ut
2286 1263 2341 1310 et
2370 1254 2472 1325 ipsi
2499 1256 2662 1311 vincti
2702 1271 2823 1312 cum
2864 1258 3117 1324 dracone,
3145 1275 3309 1315 unum
3339 1278 3460 1318 cum

1888 1358 1954 1398 eo
1982 1358 2179 1414 corpus
2218 1342 2457 1399 efficiant
2500 1353 2556 1400 et
2592 1346 2910 1415 copulentur
2949 1348 2997 1402 ei
3042 1348 3126 1401 vel
3165 1349 3220 1403 in
3260 1332 3461 1407 erroris

1888 1433 2185 1497 consortio,
2223 1431 2311 1488 vel
2335 1432 2391 1487 in
2424 1446 2606 1502 pmnte
2645 1434 3010 1500 similitudine,
3061 1440 3328 1506 quomodo
3367 1441 3461 1509 qui

1888 1522 2129 1577 adhaeret
2182 1521 2445 1587 Domino,
2495 1538 2634 1577 unus
2683 1531 2766 1577 est
2812 1524 3054 1592 spiritus.
3099 1526 3281 1596 Neque
3330 1544 3460 1584 vero

1886 1628 2054 1668 unum
2090 1613 2251 1669 habet
2286 1615 2481 1670 ﬂumen
2518 1617 2682 1673 draco
2710 1618 3011 1689 Egyptius,
3050 1598 3144 1675 sed
3174 1622 3340 1676 multa
3368 1622 3461 1675 llu-

1888 1703 2052 1769 mina,
2083 1704 2276 1772 quibus
2303 1705 2523 1776 irrrigat
2561 1705 2854 1778 Egyptum
2887 1710 3142 1765 humilem
3177 1720 3340 1783 atque
3367 1713 3459 1769 de-

199 1796 383 1866 eapita
409 1796 696 1851 draconum
726 1797 779 1852 in
801 1797 975 1867 aquis.
1000 1798 1068 1852 Et
1090 1782 1142 1853 ἰῖι
1163 1798 1267 1854 alio
1292 1799 1440 1854 loco:
1467 1819 1485 1851 ‹
1506 1799 1620 1855 Hoc
1634 1816 1784 1857 mare
1813 1798 1858 1859 B
1879 1790 2102 1861 lectam.
2133 1802 2188 1849 ει
2221 1794 2352 1849 nihil
2384 1796 2438 1849 in
2470 1811 2530 1850 δε
2550 1797 2835 1853 habentem
2860 1801 3139 1864 montium.
3167 1782 3266 1856 nec
3290 1817 3459 1872 aquas

197 1901 461 1957 magnum
487 1894 539 1942 et
566 1886 856 1958 spatiosum
885 1889 1166 1943 manibus:
1191 1888 1298 1945 illic
1319 1889 1525 1959 reptilia
1555 1904 1781 1959 quorum

198 1993 311 2032 non
334 1984 419 2032 est
438 1992 697 2032 numerus
720 2018 735 2043 ,
767 1978 1015 2032 animalia
1037 1978 1225 2048 pusilla
1257 1995 1376 2034 eum
1401 1980 1642 2051 magnis;
1673 1980 1783 2036 illic

198 2082 372 2122 naves
403 2068 823 2137 pertransibunt.
864 2068 1038 2124 Draco
1068 2069 1192 2135 iste,
1233 2085 1391 2140 quem
1434 2070 1676 2126 formasti
1715 2071 1783 2128 ad

196 2159 532 2215 illudendum
561 2160 611 2215 ei
641 2159 810 2232 (Psal.
859 2160 997 2232 cui).
1032 2180 1051 2214 ι
1082 2161 1157 2218 De
1192 2177 1297 2232 quo
1325 2171 1380 2216 et
1419 2162 1472 2216 in
1509 2161 1614 2218 alio
1664 2163 1783 2218 loco

196 2250 402 2305 dicitur
429 2268 444 2304 :
478 2252 594 2321 Ipse
631 2259 715 2307 est
754 2267 847 2307 rex
874 2252 1132 2317 omnium,
1165 2253 1256 2322 qui
1291 2250 1345 2307 in
1372 2254 1527 2323 aquis
1553 2262 1698 2317 sunt,
1725 2263 1779 2309 et

194 2342 526 2413 principium
574 2341 908 2414 ﬁgurationis
953 2343 1184 2410 Domini,
1232 2342 1324 2412 qui
1374 2342 1550 2399 factus
1591 2352 1693 2409 est,
1722 2354 1782 2399 ut

194 2433 517 2489 illuderetur
559 2434 627 2489 ab
672 2434 876 2506 angelis
913 2435 1049 2506 ejus.
1080 2434 1237 2491 Sedet
1269 2446 1448 2490 autem
1478 2436 1591 2491 sive
1619 2436 1781 2490 cubat

194 2525 253 2579 in
289 2525 466 2579 medio
499 2523 777 2580 ﬂuminum
803 2540 1042 2592 suorum,
1088 2540 1194 2580 non
1218 2525 1377 2579 unius
1405 2522 1662 2592 ﬂuminis,
1687 2526 1781 2580 sed

195 2614 518 2676 multorum,
550 2630 669 2685 qua:
691 2615 744 2669 in
774 2615 1000 2670 diversis
1025 2615 1316 2683 haeresibus
1341 2616 1656 2685 accipimus,
1681 2631 1781 2686 per

194 2719 337 2774 quas
386 2703 541 2759 ﬂuxit
584 2706 637 2760 in
687 2704 977 2779 Egyptum
1008 2706 1189 2762 smculi
1239 2707 1394 2764 istius
1436 2715 1489 2764 et
1533 2709 1778 2780 irrigavit

193 2794 410 2849 animas
435 2794 794 2860 seductorum,
810 2811 915 2850 non
936 2795 1134 2866 pluviis
1161 2795 1229 2852 de
1251 2797 1388 2852 caelo
1403 2786 1772 2865 venientibus,

195 2886 295 2941 sed
335 2885 404 2941 de
426 2895 568 2941 terra
594 2887 747 2956 aquis
771 2888 1018 2952 turbidis,
1049 2903 1182 2958 quas
1202 2887 1388 2944 bibere
1410 2904 1509 2945 nos
1528 2889 1779 2960 prohibet

190 2976 481 3042 Jeremias,
528 2978 759 3033 dicens:
798 2995 816 3028 ι
853 2976 991 3045 Quid
1044 2978 1139 3034 tibi
1187 2988 1242 3033 et
1283 2979 1386 3034 vias
1430 2978 1672 3051 Egypti,
1717 2988 1777 3034 ut

191 3067 348 3122 bibas
381 3082 574 3136 aquam
604 3067 751 3122 Geon
768 3065 899 3138 (Jer.
921 3066 1036 3138 11),»
1054 3081 1153 3136 pro
1176 3071 1353 3137 quoin
1370 3066 1633 3123 Hebraico
1665 3069 1777 3122 sior

1885 1882 2050 1950 Siloe,
2078 1899 2197 1952 quae
2223 1885 2425 1939 vadunt
2447 1900 2568 1940 cum
2594 1886 2829 1953 silentio,
2852 1890 2946 1944 sed
2981 1891 3224 1945 turbidas
3251 1899 3305 1945 et
3344 1907 3459 1947 cce-

1881 1987 2061 2028 nosas.
2093 1971 2247 2028 Unde
2272 1980 2328 2028 et
2360 1975 2598 2029 extrahit
2619 1991 2741 2030 eum
2774 1978 3031 2033 Dominus
3056 1980 3122 2034 de
3151 1982 3324 2036 medio
3352 1981 3458 2037 ﬂu-

1882 2060 2083 2137 minum
2139 2075 2359 2115 suorum
2385 2101 2401 2128 ,
2455 2070 2514 2116 ut
2560 2078 2898 2134 nequaquam
2956 2067 3035 2122 eis
3087 2068 3305 2124 incubet
3356 2086 3460 2128 nec

1880 2150 2064 2205 sedeat
2097 2151 2152 2204 in
2181 2151 2279 2217 eis,
2309 2159 2365 2207 et
2402 2168 2591 2209 omnes
2617 2155 2792 2224 pisces
2821 2158 3060 2225 squamis
3098 2158 3239 2213 illius
3273 2162 3458 2218 adhae-

1880 2249 2038 2295 reant
2069 2256 2168 2311 pro
2203 2241 2461 2309 qualitate
2485 2242 2762 2309 vitiorum,
2791 2259 2890 2314 per
2913 2255 3080 2301 totum
3109 2263 3303 2318 corpus
3329 2249 3457 2305 dra-

1879 2329 2032 2383 conis
2072 2328 2155 2384 vel
2198 2330 2361 2399 capiti
2408 2330 2492 2386 vel
2528 2332 2706 2386 ventri
2748 2334 2832 2388 vel
2871 2336 3072 2401 caudae,
3105 2346 3159 2391 et
3199 2341 3456 2394 extremis

1878 2417 2123 2486 partibus
2171 2418 2551 2484 adhaerentes;
2598 2429 2656 2474 ut
2707 2431 2948 2478 extracto
2999 2416 3232 2479 dracone
3278 2427 3455 2495 pisces

1878 2519 2121 2574 quoque,
2167 2506 2259 2575 qui
2306 2507 2585 2562 adhaarent
2630 2509 2679 2564 ei
2722 2511 2924 2579 pariter
2966 2514 3338 2567 extrahantur.
3386 2514 3454 2568 Et

1877 2596 2158 2666 projiciam
2186 2607 2253 2662 te,
2284 2598 2476 2668 inquit,
2501 2600 2552 2653 in
2579 2601 2875 2669 desertum,
2904 2611 2966 2658 ut
3001 2619 3338 2675 nequaquam
3369 2621 3453 2661 re-

1876 2687 2075 2755 perias,
2104 2702 2238 2756 quos
2265 2688 2520 2759 decipias.
2552 2689 2648 2744 Vel
2688 2698 2835 2746 certe
2865 2691 3128 2761 deponam
3166 2703 3217 2748 te
3241 2694 3307 2749 de
3332 2694 3449 2749 cul-

1879 2775 2023 2830 mine
2052 2776 2316 2846 superbia:
2343 2785 2465 2842 tuae,
2503 2786 2558 2833 et
2585 2779 2847 2847 deponam
2888 2789 2941 2834 te
2970 2781 3245 2836 velociter.
3291 2781 3451 2838 Juxta

1879 2864 2009 2921 illud
2025 2863 2263 2936 Apostoli
2291 2880 2306 2919 :
2334 2884 2353 2916 ι
2378 2867 2523 2922 Deus
2545 2875 2724 2923 autem
2746 2869 2895 2938 pacis
2919 2879 3165 2925 conterat
3194 2870 3451 2926 Satanam

1877 2958 1978 3014 sub
2000 2960 2228 3029 pedibus
2250 2961 2446 3015 vestris
2465 2961 2719 3016 velociter
2740 2961 2912 3033 (Rom.
2937 2963 3048 3038 xvi)
3065 2982 3078 3030 ;
3093 2985 3111 3019 ι
3133 2975 3190 3021 ιιι
3219 2967 3452 3023 dracone

1879 3050 2108 3104 contrito
2127 3058 2288 3119 atque
2314 3050 2579 3120 deposito,
2608 3052 2784 3122 pisces
2806 3069 3019 3124 quoque
3047 3053 3283 3111 ﬂuminis
3309 3057 3453 3113 illius

191 3157 457 3226 scriptum
477 3166 579 3221 est,
616 3156 757 3226 quod
779 3158 1002 3211 verbum
1031 3158 1084 3211 in
1121 3174 1288 3227 aquas
1319 3159 1556 3213 turbidas
1588 3166 1768 3213 trans-
1797 3141 1842 3203 (ἶ
1875 3140 2235 3211 deponi!nt
2280 3150 2336 3196 ει
2378 3143 2536 3197 cadi“
2572 3154 2763 3199 δυοιον
2805 3146 3117 3213 criminum:
3165 3149 3258 3218 qui
3302 3150 3453 3220 Ρνίιιε

191 3245 374 3301 fertur
416 3255 578 3316 atque
606 3260 873 3301 caenosas.
924 3245 991 3302 Ut
1019 3253 1199 3301 autem
1236 3247 1619 3318 intelligamus,
1651 3262 1774 3316 qua:

191 3337 304 3391 sint
352 3334 594 3408 Egyptii
640 3336 885 3391 draconis
923 3334 1141 3391 ﬂumina
1168 3376 1184 3403 ,
1212 3352 1276 3392 ex
1317 3339 1605 3394 contrariis
1632 3340 1774 3394 scire

190 3426 514 3497 poterimus.
565 3426 820 3480 Dominus
869 3425 1107 3495 loquitur
1164 3426 1229 3481 de
1276 3425 1586 3482 ﬂuminibus
1618 3428 1769 3482 suis:

197 3535 216 3568 ι
245 3516 349 3582 Qui
391 3515 563 3571 credit
608 3516 660 3569 in
707 3531 811 3581 me,
863 3515 1082 3570 ﬂumina
1122 3517 1189 3571 de
1227 3525 1410 3571 ventre
1454 3517 1571 3588 ejus
1607 3516 1775 3571 ﬂuent

190 3620 351 3676 aquae
382 3606 517 3659 vivae
540 3604 719 3677 (Joan.
745 3608 868 3676 vn).
903 3624 924 3658 ι
954 3607 1020 3661 Et
1042 3607 1109 3661 ad
1140 3605 1535 3662 Samaritanam
1571 3626 1584 3661 :
1621 3626 1638 3659 ι
1669 3607 1771 3674 Qui

189 3696 394 3751 biberit
420 3695 487 3750 de
510 3711 677 3765 aqua,
698 3711 858 3765 quam
886 3711 987 3765 ego
1022 3697 1221 3752 dedero
1256 3697 1305 3751 ei
1326 3737 1342 3762 ,
1393 3713 1498 3753 non
1539 3698 1684 3753 sitiet
1715 3700 1771 3753 in

190 3798 485 3853 mternum,
513 3788 604 3843 sed
633 3789 721 3843 lict
747 3788 798 3842 in
825 3803 891 3843 eo
916 3788 1036 3843 fons
1061 3804 1213 3859 aqua:
1252 3789 1495 3845 salientis
1523 3790 1575 3844 in
1604 3790 1771 3845 vitam

190 3894 452 3939 aeternam
474 3881 651 3955 (Joan.
682 3882 776 3953 ιν).
809 3903 827 3935 ι
854 3884 962 3939 Ista
992 3891 1119 3938 sunt
1153 3883 1369 3939 ﬂumina
1400 3884 1466 3939 de
1497 3884 1634 3939 coelo
1672 3900 1767 3939 ve-

190 3973 399 4029 nientia
425 3972 492 4029 de
532 3974 726 4043 quibus
765 3973 933 4030 David
972 3974 1119 4029 canit
1151 3993 1164 4028 :
1201 3994 1218 4025 ι
1250 3974 1513 4029 Fluminis
1541 3975 1770 4042 impetus

190 4061 434 4119 laetiﬁcat
474 4062 745 4118 civitatem
779 4063 875 4117 Dei
902 4062 1082 4134 (Psal.
1115 4062 1272 4134 ην),
1305 4082 1323 4115 ι
1362 4063 1505 4117 haud
1546 4063 1768 4117 dubium

190 4155 325 4226 quin
364 4152 657 4208 Ecclesiam
694 4153 979 4225 signiﬁcet.
1023 4153 1441 4209 Consideremns
1484 4167 1614 4224 ergo
1649 4168 1769 4223 qute

192 4245 447 4303 draconis
466 4260 645 4315 poena,
668 4246 877 4315 quodve
899 4245 1218 4314 supplicium
1241 4245 1330 4299 sit.
1352 4243 1637 4313 Sequitur:
1658 4262 1677 4294 ι
1703 4244 1769 4298 Et

190 4350 393 4407 ponam
435 4334 643 4389 frenum
679 4334 763 4389 vel
804 4333 1053 4405 laqueum
1086 4334 1140 4388 in
1171 4333 1403 4388 maxillis
1439 4333 1565 4387 tuis.
1615 4351 1634 4384 ι
1668 4332 1768 4388 Cui

190 4426 373 4483 simile
409 4435 491 4482 est
520 4425 648 4481 illud
669 4425 769 4482 Job
801 4444 815 4479 :
856 4443 875 4476 ι
902 4424 1149 4480 Adduces
1180 4432 1359 4479 autem
1392 4424 1678 4479 draconem
1711 4423 1763 4477 in

1874 3237 2024 3285 stare
2072 3245 2131 3286 se
2172 3232 2557 3298 arbitrabatur,
2606 3242 2661 3288 et
2705 3234 2759 3287 in
2813 3243 2926 3290 toto
2965 3238 3095 3292 orbe
3126 3238 3449 3296 discurrere.

1871 3318 2044 3375 Cadat
2074 3328 2254 3375 autem
2302 3336 2465 3390 super
2502 3320 2698 3376 faciem
2743 3331 2900 3378 terrae
2946 3339 3075 3389 suae,
3101 3325 3168 3379 ad
3193 3342 3355 3397 quam
3387 3327 3453 3383 de

1871 3411 2010 3467 caelo
2034 3411 2399 3482 praecipitatus
2423 3420 2529 3477 est,
2558 3422 2617 3468 ut
2644 3427 2982 3483 nequaquam
3008 3415 3147 3469 ultra
3185 3417 3238 3472 in
3274 3418 3447 3474 haere-

1871 3502 2100 3558 ticorum
2121 3502 2366 3558 ecclesiis
2392 3502 2670 3571 colligatur
2702 3522 2715 3558 :
2746 3517 2918 3573 neque
2941 3516 3294 3577 congregetur
3336 3509 3450 3564 sive

1872 3592 2161 3663 sepeliatur
2189 3594 2243 3647 in
2273 3594 2378 3660 his,
2410 3594 2501 3663 qui
2532 3595 2876 3650 crediderunt
2901 3597 2949 3651 ei
2991 3612 3115 3652 eum
3141 3599 3209 3652 ab
3239 3614 3304 3654 eo
3335 3598 3448 3655 fue-

1871 3684 1978 3739 rint
2011 3684 2241 3749 liberati,
2274 3685 2369 3740 sed
2395 3685 2552 3740 detur
2591 3685 2657 3740 ad
2683 3687 3046 3742 devorandum
3071 3688 3261 3744 bestiis
3291 3698 3448 3746 teme

1869 3785 1925 3832 ct
1950 3765 2256 3833 volatﬁibus
2290 3777 2454 3843 caeli;
2486 3776 2673 3833 bestiis
2715 3778 2821 3833 illis
2850 3779 2917 3835 de
2959 3780 3154 3850 quibus
3186 3781 3446 3851 scriptum

1868 3879 1993 3923 est:
2029 3887 2048 3920 ι
2082 3867 2161 3921 Ne
2204 3868 2385 3922 tradas
2430 3866 2620 3923 bestiis
2664 3869 2899 3923 animam
2952 3868 3296 3926 conﬁtentem
3348 3871 3445 3926 tibi

1870 3958 2041 4031 (Psal.
2067 3958 2285 4029 an).
2313 3978 2341 4015 ι
2366 3959 2432 4016 Et
2455 3959 2761 4015 volatilibus
2786 3960 2928 4028 coeli,
2956 3976 3075 4031 quae
3109 3959 3264 4030 juxta
3302 3962 3444 4017 viam

1868 4058 2164 4105 sementem
2199 4049 2507 4117 comedunt.
2545 4049 2614 4103 Et
2639 4065 2669 4103 a
2706 4048 2983 4105 Salvatore
3028 4051 3441 4122 interpretantur

1867 4157 1988 4197 esse
2015 4141 2232 4197 diaboli.
2269 4141 2389 4197 Non
2415 4142 2589 4221 solum
2623 4144 2766 4198 enim
2802 4145 3052 4213 princeps
3086 4145 3322 4208 malitiae,
3351 4148 3445 4199 sed

1867 4239 1924 4285 et
1976 4231 2223 4300 discipuli
2267 4232 2383 4302 ejus
2427 4232 2623 4287 diaboli
2679 4234 3043 4288 nominantur.
3092 4232 3251 4288 Juxta
3294 4234 3443 4298 illud,

1867 4322 2010 4391 quod
2046 4323 2113 4377 de
2137 4322 2275 4377 Juda
2315 4322 2512 4377 dicitur
2542 4341 2555 4376 :
2608 4340 2629 4374 ι
2659 4322 2848 4379 Nonne
2886 4338 2985 4392 ego
3028 4337 3122 4377 vos
3155 4323 3290 4392 elegi
3322 4322 3447 4377 duo-

1867 4412 2062 4476 decim,
2105 4421 2161 4466 et
2186 4428 2324 4468 unus
2362 4413 2430 4467 de
2470 4412 2622 4467 vobis
2662 4412 2904 4467 diabolus
2938 4411 3055 4466 est?
3084 4430 3102 4462 ι
3131 4411 3311 4483 (Joan.
3342 4413 3442 4480 vi.)

191 4515 380 4580 hamo,
416 4521 475 4570 et
497 4528 664 4585 pones
693 4514 988 4583 capistrum
1006 4508 1161 4568 circa
1195 4527 1354 4567 nares
1375 4511 1512 4582 ejus.
1534 4509 1767 4566 Conﬁdit
1796 4484 1845 4546 θ
1870 4501 2007 4558 lei
2054 4512 2234 4559 autem
2280 4514 2540 4559 vocantur
2577 4503 2840 4569 volatilia,
2886 4503 3013 4573 quia
3051 4502 3153 4557 sibi
3197 4501 3442 4556 sublimia

191 4608 338 4679 quod
352 4607 583 4664 introeat
597 4606 843 4663 Jordanis
856 4605 909 4660 in
922 4620 984 4661 os
996 4605 1133 4676 ejus,
1149 4604 1201 4659 in
1217 4603 1372 4660 oculo
1393 4618 1491 4659 suo
1513 4602 1768 4673 suscipiet

190 4697 344 4753 illum
381 4714 395 4751 :
428 4695 722 4769 perforabit
752 4705 930 4751 autem
958 4697 1090 4751 sude
1111 4709 1271 4750 nares
1300 4692 1446 4764 ejus,
1477 4700 1534 4749 et
1555 4691 1768 4747 armilla

189 4785 397 4842 labium
422 4786 565 4841 illius
597 4785 737 4858 (Job.
765 4783 878 4857 ιιι).
903 4803 921 4837 ι
950 4783 1125 4856 (Greg.
1160 4783 1352 4839 Horat.
1387 4799 1578 4848 χχχιιι,
1609 4797 1658 4837 c.
1686 4780 1767 4854 8.)

191 4878 334 4946 Quid
356 4877 499 4932 aliud
520 4878 697 4943 sudes,
725 4877 776 4932 id
800 4885 883 4932 est
925 4877 1076 4946 palos
1088 4876 1401 4945 accipimus,
1418 4875 1508 4944 qui
1523 4874 1772 4929 videlicet

189 4974 532 5023 exacuuntur
561 4976 623 5021 ut
652 4966 902 5037 ﬁgantur,
918 4968 1020 5022 nisi
1041 4974 1194 5022 acuta
1214 4975 1521 5021 sanctorum
1544 4965 1769 5021 consilia

188 5070 314 5127 qua:
340 5054 500 5124 hujus
522 5055 813 5112 Behemoth
838 5072 998 5112 nares
1016 5056 1312 5127 perforant,
1331 5058 1457 5112 dum
1481 5057 1766 5127 sagacissi«

189 5164 311 5204 mas
325 5148 548 5204 insidias
569 5156 626 5203 et
635 5146 902 5220 vigilando
924 5148 1379 5217 circumspiciunt,
1397 5155 1453 5201 et
1465 5148 1769 5217 superando

188 5238 554 5309 transﬂgunt?
575 5237 680 5294 Per
718 5253 879 5293 nares
910 5252 1039 5293 vero
1073 5238 1208 5293 odor
1236 5238 1488 5302 trahitur,
1518 5246 1572 5292 et
1610 5238 1770 5292 ducto

190 5326 324 5382 ﬂatu
361 5327 467 5382 hoc
504 5326 703 5398 agitur,
747 5334 807 5380 ut
844 5341 934 5381 res
968 5326 1132 5381 etiam
1163 5341 1283 5397 quae
1307 5325 1463 5397 longe
1489 5333 1572 5380 est
1599 5326 1773 5395 posita

190 5411 844 5489 cognoscatur.,Naribus
883 5430 1011 5486 ergo
1046 5416 1362 5481 Behemoth,
1409 5413 1617 5471 callidae
1655 5413 1773 5482 ejus

193 5509 408 5564 insidia:
433 5508 801 5579 designantur,
829 5522 927 5578 per
952 5521 1086 5578 quas
1113 5505 1462 5575 sagacissime
1490 5503 1681 5558 nititur
1718 5511 1775 5557 et

193 5598 412 5655 occulta
438 5597 621 5652 cordis
645 5598 813 5653 nostri
844 5598 981 5652 bona
1012 5608 1357 5663 cognoscere,
1400 5602 1457 5648 et
1494 5594 1609 5648 haec
1646 5607 1774 5663 pes-

197 5690 339 5748 sima
352 5689 703 5758 persuasione
716 5688 994 5759 dissipare.
1010 5686 1067 5742 ιιι
1084 5685 1306 5742 sudibus
1321 5682 1775 5754 itaqueDominns

1872 4594 2273 4663 repromittunt,
2300 4604 2359 4648 ut
2383 4604 2665 4664 postquam
2701 4594 2865 4647 dram
2900 4608 3023 4647 cum
3063 4592 3298 4662 piscibus
3333 4593 3444 4649 suis

1874 4684 2148 4756 depositus
2185 4684 2349 4740 fuerit
2375 4692 2537 4753 atque
2574 4682 2865 4753 projectus,
2893 4690 2950 4735 et
2981 4682 3209 4737 traditus
3247 4683 3313 4737 ad
3352 4683 3448 4739 de-

1874 4776 2170 4831 vorandum
2196 4774 2381 4829 bestiis
2408 4781 2725 4842 terrte,qu:e
2749 4769 2889 4825 nihil
2909 4770 2964 4824 in
2985 4785 3044 4825 se
3071 4771 3270 4827 habent
3292 4788 3436 4826 man-

1872 4868 2190 4932 suetudinis,
2213 4875 2269 4921 et
2315 4865 2400 4920 his
2442 4864 2535 4934 qui
2589 4859 3044 4919 circumferuntur
3091 4860 3237 4917 omni
3286 4870 3445 4916 ventu

1872 4960 2147 5024 doctrinm,
2179 4966 2307 5012 tunc
2328 4955 2630 5026 intelligant
2673 4953 3007 5009 habitatores
3046 4952 3201 5008 istius
3239 4953 3442 5018 s'eculi,

1869 5050 2013 5120 quod
2038 5050 2152 5118 ipse
2173 5048 2531 5102 sitDominns.
2559 5044 2746 5101 Omnis
2769 5054 2951 5100 autem
2974 5059 3135 5099 causa
3158 5040 3443 5113 poenarum

1870 5148 1975 5205 est,
2003 5139 2144 5209 quod
2173 5137 2373 5192 frustra
2407 5136 2587 5192 domui
2617 5134 2780 5191 Israel
2806 5133 3055 5205 promisit
3083 5132 3359 5195 auxilium,
3391 5138 3447 5184 et

1872 5229 1973 5285 fuit
2004 5230 2053 5284 ei
2083 5230 2229 5299 virga
2261 5228 2344 5283 vel
2373 5226 2594 5282 baculus
2616 5226 2967 5289 arundineus,
2995 5238 3198 5278 vacuus
3239 5230 3292 5276 et
3325 5221 3443 5274 ina—

1875 5321 1981 5385 nis,
2029 5319 2268 5387 nihilque
2300 5317 2353 5372 in
2397 5332 2457 5373 se
2506 5306 2708 5371 habens
2752 5313 3117 5385 plenitudinis,
3165 5310 3290 5380 quia
3337 5323 3442 5362 non

1875 5417 2088 5477 poterat
2112 5408 2329 5462 dicere:
2367 5424 2386 5458 ι
2422 5406 2531 5462 Nos
2567 5414 2747 5460 autem
2790 5419 2979 5460 omnes
3023 5403 3087 5457 de
3115 5398 3445 5470 plenitudine

1875 5497 1993 5568 ejus
2021 5498 2326 5566 accepimus
2347 5494 2527 5568 (Joan.
2556 5494 2630 5566 t);
2664 5513 2683 5548 ι
2715 5510 2837 5550 cum
2867 5492 3145 5562 Scriptura
3179 5500 3449 5559 praecepe-

1880 5588 2010 5643 ritu
2030 5586 2147 5642 Non
2170 5585 2453 5657 apparebis
2480 5585 2534 5640 in
2556 5590 2843 5654 conspectu
2872 5578 3080 5635 Domini
3110 5576 3202 5631 Dei
3231 5575 3306 5630 tui
3329 5574 3447 5629 ina-

1880 5677 1966 5733 nis
2012 5684 2107 5732 aut
2151 5689 2353 5731 vacuus
2381 5672 2588 5746 (Exod.
2623 5670 2802 5742 χχιιι).
2841 5689 2859 5724 ι
2888 5666 3046 5737 Quod
3106 5672 3284 5722 autem
3337 5680 3447 5722 non
