3972 6184
502 254 609 314 799

1138 252 1200 306 Β.
1237 248 1487 305 RABANI
1524 248 1744 306 MAURI
1780 248 2099 313 ARCHIEP.
2142 247 2449 306 IIOGUNT.
2490 249 2776 309 OPERUM
2811 251 2991 309 PARS
3030 252 3094 306 ll.

3647 255 3749 309 80C

500 366 791 424 debeamus
823 367 891 421 ab
934 364 1167 435 Egypto
1208 364 1464 418 auxilium
1510 361 1807 433 postulare,
1850 371 1906 417 et
1945 362 2071 417 aliti
2102 371 2148 432 Α
2182 380 2200 413 ‹
2245 378 2507 418 annorum
2557 365 2895 434 congregabo
2937 364 3227 437 Egyptum
3280 367 3348 421 de
3398 364 3642 438 popidis,
3699 371 3750 424 in

500 458 777 528 Scriptura
826 466 1054 512 testatur
1102 474 1115 509 :
1163 476 1182 508 ι
1237 457 1328 511 Vae
1367 456 1447 510 eis
1495 456 1585 523 qui
1634 454 1963 509 descendunt
2015 454 2069 508 in

497 545 787 618 Egyptum
830 546 896 599 ad
940 545 1197 599 auxilium
1234 543 1369 615 (Ira.
1406 543 1578 613 xxxi).
1609 563 1629 597 ι
1662 543 1738 598 De
1767 544 2067 598 istiusmoli

496 641 686 696 baculo
741 641 1037 695 arundineo
1086 648 1141 694 et
1198 639 1467 694 Rabsaces
1520 637 1723 694 frustra
1780 637 2070 707 exprobrat

496 731 736 786 Ezechias
765 731 875 799 regi
915 730 1085 795 Iudae,
1111 731 1296 786 dicens
1322 746 1334 784 :
1370 749 1388 781 ι
1419 730 1559 785 Ecce
1584 729 1809 784 conﬁdis
1836 729 1889 783 in
1916 729 2067 799 virga

484 825 786 879 arundinea
827 833 988 892 atque
1019 822 1295 878 confracta
1342 823 1467 888 ista,
1508 837 1671 891 super
1696 820 1951 892 Egypto,
1978 821 2065 875 cui

490 913 584 984 qui
629 913 844 968 innixus
886 912 1066 976 fuerit,
1115 912 1412 981 ingreditur
1450 912 1501 964 in
1547 926 1764 964 manum
1799 910 1957 981 ejus:
1988 910 2065 964 sic

489 1010 570 1057 est
612 1002 822 1059 Pharao
862 1020 956 1057 rex
1000 1002 1239 1074 Egypti,
1279 1010 1332 1057 et
1358 1016 1545 1057 omnes
1572 1002 1664 1071 qui
1699 1001 1974 1056 conﬁdunt
2009 1002 2063 1055 in

488 1106 552 1146 eo
577 1091 708 1163 (Isa.
740 1092 947 1164 xxxvi).
978 1114 996 1146 ι
1031 1094 1096 1147 Et
1130 1093 1217 1148 ille
1250 1093 1464 1162 quidem
1494 1091 1561 1147 de
1588 1090 1735 1160 justo
1762 1107 1885 1160 rege
1913 1102 2065 1145 men-

490 1183 725 1238 tiebatur
753 1185 853 1239 ista
883 1201 1329 1249 commemorans,
1346 1184 1436 1253 qui
1461 1185 1843 1254 interpretatur
1864 1183 2062 1237 multus

485 1272 695 1342 poculo.
725 1272 1026 1329 Inebriatus
1053 1274 1197 1328 enim
1236 1281 1353 1329 erat
1392 1273 1457 1327 de
1493 1287 1657 1326 aureo
1698 1271 1866 1326 calice
1892 1271 2064 1341 Baby-

484 1363 644 1429 lonis,
692 1374 747 1419 ct
788 1365 990 1421 idcirco
1043 1382 1164 1436 quin
1206 1381 1302 1420 sua
1349 1373 1502 1419 erant
1542 1363 1825 1432 ingerebat
1864 1361 2060 1431 populo

484 1456 757 1510 dominum
789 1457 1085 1512 confitenti.
1120 1457 1217 1512 llic
1246 1471 1373 1511 vero
1413 1456 1770 1524 exprobratur
1791 1454 2057 1509 Pharaoni

483 1545 624 1613 quod
660 1545 820 1601 fuerit
844 1547 1025 1601 domui
1052 1546 1214 1602 Israel
1244 1547 1390 1614 virga
1421 1546 1534 1600 sive
1573 1544 1793 1599 baculus
1833 1545 2056 1598 arundi-

481 1651 634 1701 neus,
664 1652 858 1691 vanum
888 1637 967 1691 eis
1009 1645 1064 1691 et
1109 1636 1296 1707 fragile
1340 1643 1395 1691 et
1434 1635 1542 1691 cito
1582 1635 2054 1689 comminuendum

2180 471 2200 502 ‹
2243 453 2439 522 quibus
2472 454 2697 521 dispersi
2738 454 2951 509 fuerant
2990 464 3046 509 et
3088 455 3341 511 reducam
3381 457 3750 527 captivitatem

2176 557 2196 591 ι
2242 539 2480 612 1Egypti,
2528 549 2584 595 et
2624 542 2898 599 collocabo
2940 557 3034 598 eos
3093 544 3148 598 in
3198 553 3337 599 terra
3381 543 3652 602 Phaturcs
3698 547 3752 603 in

2175 646 2191 677 ι
2240 637 2383 683 terra
2436 630 2734 686 nativitatis
2778 645 2891 686 sua:
2932 651 2944 685 :
2989 633 3041 687 in
3096 642 3237 688 terra
3289 635 3355 688 de
3397 650 3506 704 qua
3550 640 3747 707 sumpti

2174 736 2193 768 ι
2239 725 2405 772 sunt:
2439 719 2506 774 Et
2556 730 2715 776 erunt
2762 722 2833 777 ibi
2880 722 2933 776 in
2987 739 3212 796 regnum
3260 725 3480 791 humile,
3527 738 3586 785 et
3614 729 3750 783 inter

2173 824 2192 857 ι
2240 821 2403 877 regna
2438 817 2632 864 caetera
2660 811 2767 865 erit
2800 812 3193 878 humillimum;
3220 822 3274 869 et
3309 830 3415 869 non
3444 816 3749 873 elevabitu‘r

2172 915 2191 947 ‹
2240 898 2378 953 ultra
2408 915 2571 970 super
2598 902 2868 969 nationes,
2907 912 2963 960 et
2990 905 3303 961 imminuam
3334 922 3447 965 eos.
3481 923 3550 962 ne
3576 909 3747 978 impe-

2171 1005 2191 1038 ι
2239 997 2324 1045 ret
2345 990 2611 1059 gentibus,
2660 1006 2834 1062 neque
2877 1001 3037 1047 erunt
3078 993 3218 1049 ultra
3265 994 3445 1051 domui
3491 996 3661 1051 Israel
3696 997 3745 1051 in

2170 1095 2189 1128 ι
2234 1078 2556 1135 conﬁdentia
2598 1081 2853 1138 docentes
2894 1082 3232 1154 iniquitatem
3258 1125 3275 1150 ,
3326 1093 3385 1140 ut
3430 1084 3646 1156 fugiant
3694 1097 3747 1142 et

2170 1184 2189 1217 ι
2233 1179 2528 1240 sequantur
2574 1186 2708 1226 eos:
2743 1181 2799 1228 et
2837 1173 3009 1241 scient
3034 1174 3160 1244 quia
3197 1189 3297 1246 ego
3330 1191 3449 1232 sum
3486 1177 3746 1233 Dominus

2168 1275 2187 1307 ι
2230 1256 2390 1314 Dens.
2428 1279 2446 1312 ι
2481 1259 2748 1332 (meram)
2771 1261 2943 1334 .lunge
2985 1264 3256 1333 prioribus
3279 1281 3398 1335 quat
3419 1276 3739 1336 sequuntur.

2149 1338 2298 1411 'Quia
2324 1344 2470 1400 fuisti
2503 1348 2725 1403 baculus
2754 1352 3085 1405 arundinetis
3117 1352 3295 1407 domui
3333 1353 3519 1415 Israel,
3558 1367 3611 1409 ct
3641 1373 3740 1410 non

2161 1434 2334 1487 solum
2360 1435 2670 1492 confractus
2698 1454 2758 1493 es
2797 1439 2849 1494 iu
2885 1456 3044 1495 manu
3071 1441 3206 1512 ejus,
3234 1444 3327 1497 sed
3364 1443 3521 1513 juxta
3548 1444 3738 1500 Isaiam

2159 1523 2442 1593 perforasti
2473 1542 2687 1581 manum
2718 1528 2864 1598 ejus,
2898 1540 2954 1585 et
2982 1548 3124 1586 nunc
3152 1531 3395 1587 lacerasti
3431 1533 3735 1595 humerum,

2158 1625 2213 1671 et
2241 1618 2352 1687 ipSc
2372 1620 2732 1678 comminutus
2760 1636 2820 1678 es
2839 1633 2893 1677 et
2919 1623 3262 1681 iunitcntium
3280 1641 3442 1696 super
3476 1635 3528 1680 te
3551 1627 3736 1681 dissol—

483 1726 735 1781 auxilium
788 1727 1185 1797 repromittens.
1238 1726 1308 1781 Ut
1349 1735 1529 1781 autem
1570 1726 1711 1781 scire
1757 1725 2047 1791 valeamus,

2156 1707 2285 1767 visti
2313 1708 2541 1774 lumbos,
2575 1710 2775 1768 idcirco
2820 1729 2920 1784 ego
2948 1714 3197 1770 inducam
3224 1732 3382 1785 super
3422 1728 3474 1772 te
3505 1718 3738 1773 hostium

481 1818 573 1888 qui
605 1818 675 1872 sit
701 1818 921 1873 baculus
959 1819 1306 1879 arundineus,
1348 1832 1512 1887 super
1536 1832 1643 1887 quo
1669 1817 1858 1872 domus
1890 1816 2053 1871 Israel

481 1908 753 1964 conﬁdere
796 1924 902 1964 non
937 1910 1148 1972 debeat,
1187 1925 1251 1964 ex
1285 1909 1561 1964 contrario
1587 1909 1778 1964 baculo
1817 1916 1873 1964 et
1905 1909 2052 1978 virga

480 1999 690 2055 Domini
730 1999 1023 2069 intelligere
1058 2001 1369 2069 poterimus,
1415 2000 1481 2055 de
1520 2014 1627 2069 qua
1662 1998 1728 2053 ad
1766 1999 2050 2055 Dominum

479 2092 677 2148 dicitur
708 2110 720 2144 :
757 2110 775 2141 ‹
807 2091 967 2161 Virga
1005 2100 1093 2146 tua
1120 2101 1172 2146 et
1198 2091 1418 2146 baculus
1446 2100 1570 2147 tuus
1599 2093 1711 2163 ipsa
1740 2107 1827 2147 me
1854 2107 2051 2148 conso-

477 2183 583 2239 lata
611 2191 735 2238 sunt
758 2181 931 2256 (Pral.
962 2186 1115 2257 xm).
1147 2203 1164 2236 ι
1195 2184 1342 2239 Hane
1357 2185 1561 2255 virgam
1586 2184 1844 2239 habuitet
1870 2183 2049 2241 Aaron

475 2288 594 2343 qum
635 2273 897 2328 dracones
931 2272 1215 2344 .Egyptios
1262 2273 1541 2329 devoravit
1586 2272 1781 2345 (Exod.
1820 2289 1935 2340 VIII,
1969 2273 2046 2345 x),

473 2372 529 2419 et
558 2364 823 2434 percussit
849 2379 1071 2437 aggeres
1094 2365 1219 2431 Nili,
1251 2374 1304 2420 et
1322 2366 1580 2437 cyniphes
1601 2367 1654 2421 in
1682 2374 1791 2421 tota
1816 2365 2049 2438 Egypto

475 2464 745 2524 generata:
802 2465 945 2512 sunt.
1002 2457 1210 2528 Moyses
1256 2473 1489 2529 quoque,
1538 2460 1689 2530 juxta
1740 2458 1901 2526 LXX,
1953 2475 2049 2517 ex-

474 2544 640 2598 tendit
660 2545 797 2600 hanc
815 2547 1018 2616 virgam
1042 2556 1097 2601 et
1127 2547 1324 2603 levavit
1349 2549 1402 2603 iu
1442 2549 1671 2615 coelum",
1704 2560 1759 2604 et
1789 2549 2047 2606 Dominus

471 2634 680 2689 induxit
725 2645 938 2692 ventum
982 2646 1223 2694 austrum
1270 2652 1433 2709 super
1461 2648 1659 2695 terram
1700 2650 1812 2696 toto
1840 2640 1930 2696 illo
1957 2640 2047 2697 die

469 2731 525 2777 et
551 2732 659 2778 tota
690 2735 844 2781 nocte
872 2736 926 2781 et
965 2744 1122 2783 mane
1160 2728 1355 2783 levavit
1382 2737 1595 2796 ventus,
1625 2738 1677 2785 et
1712 2720 1934 2785 adduxit
1963 2731 2043 2786 lo-

470 2823 651 2868 custas
697 2830 858 2884 super
900 2832 1112 2871 omnem
1157 2827 1357 2873 terram
1404 2819 1639 2891 Egypti.
1682 2820 1757 2875 De
1788 2821 1889 2877 hac
1914 2830 2046 2892 puto

470 2906 620 2976 virga
636 2906 817 2971 scribi,
846 2915 899 2961 et
920 2907 973 2961 in
992 2907 1344 2963 Numerorum
1365 2908 1503 2964 libro
1522 2909 1709 2974 (Num.
1745 2910 1876 2982 xvu)
1901 2912 2046 2980 quod

471 2996 713 3052 ﬂoruerit
756 3006 810 3052 et
843 3013 1007 3056 nuces
1047 2998 1158 3054 sive
1185 3000 1492 3071 amygdalas
1529 3000 1858 3071 germinarit.
1895 3000 2047 3058 Hanc

2155 1798 2422 1868 gladium,
2464 1812 2520 1857 et
2566 1818 2689 1859 cum
2732 1805 3037 1862 hominibus
3079 1806 3322 1878 jumenta
3385 1810 3611 1865 vastabo
3642 1828 3653 1861 :
3685 1821 3740 1865 et

2154 1892 2393 1948 redietur
2443 1903 2584 1949 terra
2627 1894 2845 1968 Aigypti
2891 1898 2943 1952 in
2991 1898 3338 1965 solitudines,
3391 1910 3443 1956 et
3499 1904 3739 1957 secundo

2152 1984 2324 2040 scient
2370 1984 2633 2057 Egyptii,
2679 1989 2818 2058 quod
2851 2004 2950 2061 ego
2987 2005 3104 2044 sum
3162 1992 3440 2047 Dominus.
3487 1992 3597 2049 Nec
3633 1994 3736 2050 hoc

2150 2091 2245 2131 ero
2276 2078 2379 2133 line
2403 2087 2718 2146 contentus,
2749 2080 2843 2137 sed
2871 2082 2997 2150 quia
3028 2083 3081 2137 in
3112 2091 3317 2139 tantam
3349 2086 3598 2157 prorupit
3624 2087 3740 2143 bla-

2149 2169 2472 2240 sphemiam,
2521 2180 2580 2251 ut
2621 2186 2747 2228 suos
2776 2188 2896 2229 esse
2930 2173 3133 2251 diceret
3166 2174 3378 2241 ﬂuvios,
3414 2185 3472 2231 et
3515 2192 3737 2236 omnem

2150 2248 2545 2315 abundantiam
2559 2260 2798 2335 Egypti,
2830 2262 2951 2319 ideo
2977 2272 3032 2320 et
3046 2248 3240 2337 ipsum
3270 2264 3531 2333 auferam,
3556 2268 3649 2337 qui
3673 2283 3736 2325 se

2150 2351 2361 2406 dixerat
2385 2359 2708 2419 creatorem,
2742 2361 2797 2408 et
2825 2352 3044 2409 ﬁumina
3073 2369 3192 2424 qua:
3218 2370 3249 2409 a
3276 2371 3335 2411 se
3359 2355 3739 2425 creata-jacta-

2147 2450 2302 2496 verat
2345 2450 2401 2528 et
2439 2443 2699 2513 reliquam
2749 2452 2951 2500 terram
2997 2444 3216 2518 [Egypti
3253 2446 3309 2501 in
3354 2448 3734 2520 longissimam

2147 2532 2512 2600 solitudinem,
2564 2544 2620 2591 et
2672 2535 2849 2608 gladio
2903 2537 3219 2609 dissipatam
3272 2555 3304 2594 a
3358 2550 3505 2598 turre
3551 2541 3737 2614 Syene

2147 2634 2317 2690 usque
2343 2623 2411 2678 ad
2454 2624 2712 2680 terminos
2756 2624 3067 2697 Ethiopiae.
3107 2627 3212 2683 Pro
3255 2637 3423 2693 turre,
3465 2646 3585 2700 qua:
3627 2632 3735 2687 he-

2145 2711 2328 2767 braice
2362 2706 2571 2785 magdal
2619 2714 2836 2783 dicitur,
2865 2714 3218 2787 Septuaginta
3261 2717 3362 2774 loci
3395 2735 3587 2775 nomen
3632 2735 3736 2790 po-

2146 2810 2398 2867 suerunt,
2467 2812 2526 2858 ut
2587 2806 2868 2878 magdalon
2924 2807 3244 2865 scriberent.
3311 2810 3499 2867 Turris
3544 2822 3738 2868 autem

2148 2892 2325 2965 Syene
2371 2911 2542 2967 usque
2579 2898 2735 2955 hodie
2768 2910 3048 2970 permanet
3089 2911 3325 2957 castrum
3362 2903 3617 2961 Romana:
3643 2906 3737 2961 di-

2147 2986 2277 3043 tioni
2302 2989 2573 3045 subditum
2602 3009 2617 3045 :
2649 2992 2739 3048 ubi
2762 3004 2889 3048 sunt
2910 2994 3015 3049 Nili
3044 3004 3355 3064 cataractae,
3378 3007 3434 3054 et
3465 3014 3633 3070 usque
3655 3001 3734 3055 ad

471 3086 704 3142 habebat
730 3089 785 3143 et
804 3087 1089 3157 Apostolus
1119 3089 1304 3145 dicens
1337 3107 1351 3144 ε
1391 3107 1410 3141 ι
1449 3089 1587 3157 Quid
1614 3090 1774 3146 vultis
1815 3091 1867 3146 in
1892 3093 2042 3165 virga
2072 3093 2116 3157 c
2146 3093 2306 3147 quem
2329 3078 2503 3135 locum
2529 3082 2596 3138 de
2624 3091 2809 3138 nostra
2830 3085 2963 3140 mari
2984 3084 3132 3142 Nilus
3155 3088 3473 3160 navisabilis
3491 3098 3594 3144 est-
3620 3090 3735 3146 Το-

465 3177 675 3232 veniam
705 3176 772 3232 ad
795 3178 928 3234 vos?
960 3199 978 3232 ι
1009 3178 1063 3250 (1
1089 3178 1211 3234 Cor.
1240 3180 1337 3253 ιν.)
1366 3180 1431 3236 Ει
1460 3182 1548 3251 qui
1572 3180 1778 3237 Pascha
1799 3181 2041 3238 celebra-

465 3264 598 3321 bant
642 3267 860 3324 baculos
913 3270 1165 3324 tenebant
1209 3270 1459 3326 manibus
1494 3270 1704 3343 (Exod.
1752 3287 1827 3328 xu
1840 3278 1885 3341 J,
1927 3273 2044 3329 sine

465 3356 660 3424 quibus
706 3356 1125 3413 imbecillitatem
1164 3359 1384 3414 humani
1417 3360 1661 3430 corporis
1691 3362 2042 3417 sustentanti-

464 3447 567 3503 bus
597 3464 786 3504 carnes
820 3448 943 3520 agni
984 3450 1267 3505 comedere
1306 3464 1414 3505 non
1459 3460 1727 3521 poterant.
1783 3450 1909 3507 Hmc
1958 3460 2044 3507 est

464 3540 613 3611 virga
658 3540 726 3596 de
770 3542 952 3597 radice
997 3539 1170 3607 Iesse,
1201 3557 1361 3613 super
1395 3558 1555 3614 quam
1590 3553 1793 3615 septem
1818 3544 2041 3615 Spiritus

466 3634 865 3702 requieverunt.
922 3632 1027 3690 Sed
1075 3651 1180 3689 non
1236 3635 1356 3691 talis
1403 3637 1634 3704 Pharao,
1683 3653 1783 3693 nec
1818 3638 2041 3695 baculus

468 3721 711 3795 Egypti,
741 3732 795 3779 et
831 3725 979 3797 virga
1017 3727 1333 3793 arundinea,
1363 3742 1481 3797 qua:
1520 3729 1715 3799 decipit
1743 3722 2055 3799 apprchens'

465 3811 655 3867 dentes
678 3828 759 3877 se,
789 3821 845 3868 et
866 3813 1070 3869 lacerat
1100 3815 1352 3871 humeros
1380 3831 1586 3884 eorum,
1618 3818 1670 3872 id
1697 3827 1798 3883 est,
1827 3818 2041 3874 fortitu-

467 3903 664 3959 dinem.
695 3903 759 3957 Et
798 3903 1101 3974 quicunque
1138 3921 1297 3976 super
1324 3922 1442 3962 eam
1475 3907 1636 3964 fuerit
1674 3908 1897 3973 invisus,
1926 3910 2040 3964 dis-

466 3990 750 4045 solvuntur
781 3989 948 4044 lumbi
977 3990 1111 4059 ejus,
1170 4002 1225 4048 et
1269 4003 1414 4048 stare
1452 4012 1557 4050 non
1600 3997 1798 4066 poterit
1827 4012 1926 4052 nec
1950 4013 2041 4052 ac-

471 4081 679 4135 cinctus
711 4079 927 4136 renibus
953 4080 1157 4136 Pascha
1189 4083 1482 4149 celebrare,
1512 4087 1652 4155 quod
1676 4088 1760 4143 his
1793 4088 2041 4159 congruit

470 4168 698 4242 quorum
725 4178 998 4227 scrutatur
1021 4173 1181 4227 corda
1211 4182 1265 4228 et
1294 4188 1449 4228 rencs
1476 4176 1613 4231 Deus
1642 4174 1810 4246 (Paul.
1840 4177 1954 4249 vu).

545 4280 565 4313 ι
613 4262 899 4332 Propterea
946 4261 1061 4317 haec
1101 4262 1232 4318 dicit
1272 4264 1527 4319 Dominus
1565 4264 1705 4321 Deus
1737 4286 1748 4321 :
1778 4268 1914 4323 Ecce
1940 4284 2040 4340 ego

472 4373 491 4407 ι
536 4353 796 4410 adducam
845 4369 1006 4423 super
1050 4361 1103 4409 te
1147 4354 1403 4424 gladium,
1438 4363 1493 4409 et
1534 4354 1853 4411 interﬁciam
1892 4360 1957 4414 de
1982 4369 2035 4415 tc

2147 3178 2257 3223 tam
2281 3168 2446 3240 igitur
2464 3171 2754 3243 Egyptum
2777 3175 3044 3233 dieitesse
3072 3178 3430 3249 pupulandam
3460 3197 3629 3251 usque
3654 3184 3730 3237 ad

2146 3262 2404 3318 terminos
2444 3261 2750 3333 .Ethiopite,
2789 3266 2984 3336 quibus
3030 3278 3273 3325 extrema
3315 3268 3535 3342 ὣς]ιηί
3574 3273 3736 3343 regio

2137 3348 2381 3422 jungitur
2406 3370 2419 3407 :
2447 3352 2519 3407 ita
2540 3362 2597 3408 ut
2625 3367 2721 3423 pes
2740 3354 2972 3412 hominis
2993 3357 3045 3411 in
3062 3356 3298 3429 Αἴθῃ)ιο
3320 3375 3423 3415 non
3447 3369 3732 3430 pertrans-

2142 3448 2251 3507 eat,
2297 3458 2397 3499 nec
2417 3442 2663 3513 jumenta
2692 3447 3033 3516 reperiantur
3056 3449 3109 3503 in
3130 3464 3212 3512 ea,
3241 3458 3296 3505 et
3318 3467 3423 3506 non
3449 3452 3733 3508 habitetur

2143 3547 2237 3601 per
2246 3533 2600 3606 quadraginta
2612 3537 3053 3595 annos.Parcitur
3064 3541 3205 3596 enim
3226 3538 3509 3613 Egyptiis.
3525 3551 3586 3597 et
3597 3544 3730 3612 quia

2143 3624 2384 3694 bOSpites
2403 3627 2673 3695 quondam
2695 3626 2847 3683 fuere
2865 3628 3048 3695 Israel,
3075 3631 3290 3686 brevior
3316 3632 3574 3701 temporis
3595 3648 3733 3689 cou-

2141 3715 2410 3772 demnatio
2451 3723 2554 3772 est.
2607 3716 2781 3789 Tyrus
2828 3719 3182 3775 sabbatizavit
3224 3721 3451 3777 sabbata
3497 3737 3599 3777 sua
3626 3737 3735 3793 per

2140 3820 2311 3861 annos
2337 3806 2673 3876 septuaginta
2712 3815 2768 3863 et
2796 3807 2957 3863 sicin
2993 3810 3277 3879 antiquum
3322 3816 3524 3869 statum
3564 3812 3732 3868 resti-

2143 3902 2253 3951 tuta
2282 3906 2384 3953 est.
2410 3898 2703 3968 Captivitas
2726 3914 2939 3970 quoque
2966 3899 3163 3957 Iudam
3191 3902 3484 3974 templique
3504 3904 3738 3960 subver-

2140 3983 2220 4038 sio
2250 3998 2416 4053 usque
2458 3985 2524 4039 ad
2569 3984 2768 4056 Cyrum
2825 4001 3004 4058 regem
3048 3987 3333 4045 Persarum
3380 3992 3731 4062 septuaginta

2140 4072 2424 4143 complevit
2444 4090 2614 4130 annos
2639 4093 2652 4128 :
2684 4094 2700 4126 ι
2730 4084 2975 4146 potentes
2999 4077 3142 4131 enim
3170 4087 3417 4147 potenter
3452 4087 3730 4136 tormenta

2139 4164 2427 4233 patientur.
2451 4183 2469 4216 ι
2488 4166 2640 4232 Quod
2664 4174 2840 4221 autem
2863 4166 3024 4222 dicit:
3057 4187 3073 4216 ι
3099 4166 3245 4222 Dabo
3274 4176 3474 4223 terram
3504 4167 3730 4239 :Egypti

2138 4254 2407 4309 desertam
2430 4254 2483 4308 in
2508 4254 2681 4309 medio
2705 4263 2972 4310 terrarum
2995 4256 3381 4323 desertarum,»
3408 4256 3733 4314 Palmstinos

2140 4347 2427 4418 signiﬁcat,
2441 4347 2764 4404 ldumazoset
2779 4348 3061 4413 Moabitas,
3082 4364 3375 4419 omnesque
3398 4351 3534 4405 alias
3553 4353 3733 4423 regio-

470 4461 490 4495 ι
535 4444 804 4499 hominem
851 4452 907 4499 et
934 4444 1255 4514 jumentuut.
1303 4444 1369 4499 Et
1406 4446 1509 4500 erit
1557 4456 1697 4502 terra
1737 4448 1952 4520 :Egypti
1981 4451 2034 4505 iu

2149 4456 2238 4494 nes
2283 4441 2565 4497 adversum
2598 4458 2733 4513 quas
2770 4460 2933 4513 supra
2971 4445 3244 4514 prophetae
3276 4445 3590 4500 vaticinium
3620 4456 3730 4501 est.

469 4550 489 4584 ι
534 4532 801 4587 desertum
844 4539 899 4585 et
942 4533 1301 4597 solitudinem,
1342 4543 1396 4589 et
1434 4534 1605 4589 scient
1634 4537 1756 4605 quia
1786 4552 1885 4607 ego
1913 4555 2033 4594 sum

470 4638 493 4672 ι
538 4620 811 4676 Dominus.
840 4621 917 4676 Eo
942 4623 1084 4692 quod
1113 4624 1307 4678 dixerit
1332 4624 1525 4680 ﬂuvius
1554 4642 1702 4681 meus
1727 4635 1827 4691 est,
1860 4638 1912 4683 et
1935 4645 2037 4699 ego

471 4727 491 4761 ι
538 4708 637 4764 feci
668 4725 821 4777 eum;
872 4711 1073 4767 idcirco
1117 4727 1243 4769 ecce
1283 4729 1384 4785 ego
1428 4715 1493 4769 ad
1534 4726 1606 4781 te,
1640 4725 1694 4770 ct
1721 4718 1785 4771 ad
1819 4717 2035 4773 ﬁumina

471 4817 491 4851 ι
542 4807 629 4853 tua
676 4801 918 4871 daboque
961 4809 1159 4856 terram
1190 4802 1407 4874 Egypti
1440 4805 1491 4859 iu
1528 4806 1891 4872 solitudinem,
1925 4809 2038 4877 gla-

473 4908 493 4942 ι
538 4889 625 4945 dio
650 4889 959 4960 dissipatam
995 4908 1025 4946 a
1064 4901 1213 4948 turre
1244 4894 1450 4965 Syenes
1484 4912 1654 4965 usque
1682 4898 1748 4951 ad
1780 4900 2038 4953 terminos

471 4998 490 5032 ι
532 4978 840 5050 Ᾰιὶιιιίορίαξ.
892 4980 1006 5037 Non
1050 4984 1298 5038 transibit
1338 5001 1436 5056 per
1478 5001 1597 5040 eam
1646 5002 1742 5055 pes
1782 4988 2035 5054 hominis,

471 5088 491 5124 ι
538 5085 710 5141 neque
735 5086 829 5141 pes
846 5072 1071 5142 jumenti
1100 5074 1374 5145 gradietur
1399 5077 1450 5131 in
1478 5093 1542 5132 ea
1569 5094 1583 5131 :
1609 5086 1664 5132 et
1694 5095 1797 5133 non
1832 5080 2039 5134 habita—

467 5181 489 5214 ι
534 5162 678 5217 bitur
705 5162 1058 5235 quadraginta
1088 5165 1265 5220 annis.
1298 5166 1552 5236 Daboque
1592 5176 1791 5223 terram
1820 5167 2039 5241 .Egypti

468 5273 489 5309 ι
532 5254 799 5311 desertam
824 5254 877 5309 in
909 5255 1085 5311 medio
1116 5265 1380 5313 terrarum
1414 5260 1769 5325 desertarum,
1815 5268 1870 5314 et
1901 5260 2037 5315 civi-

467 5362 489 5397 ι
536 5351 675 5401 tates
707 5345 823 5415 ejus
851 5345 903 5400 in
934 5347 1110 5403 medio
1140 5347 1351 5402 urbium
1377 5347 1780 5413 subversarum,
1803 5357 1859 5402 et
1877 5358 2036 5403 erunt

468 5451 488 5485 ι
534 5435 787 5490 desolate
828 5435 1181 5505 quadraginta
1221 5436 1394 5491 annis.
1436 5436 1500 5499 Et
1537 5437 1838 5507 dispergam
1867 5434 2036 5506 [Egy—

469 5539 489 5573 ι
535 5524 675 5593 ptios
724 5524 776 5578 in
820 5526 1063 5581 nationes
1087 5534 1142 5580 et
1177 5525 1443 5581 ventilabo
1472 5540 1563 5579 eos
1599 5524 1653 5578 in
1684 5532 1878 5589 terras,
1911 5524 2036 5594 quia

473 5627 490 5659 ι
536 5612 647 5667 ιιίρε
693 5614 819 5670 dicit
842 5614 1100 5671 Dominus
1130 5616 1270 5673 Deus
1296 5636 1306 5669 :
1334 5615 1459 5670 Post
1486 5612 1646 5669 finem
1679 5612 2036 5684 quadraginta

2142 4528 2292 4585 Tune
2314 4531 2580 4601 disperget
2612 4532 2724 4586 sive
2753 4532 3121 4586 disseminabit
3149 4530 3433 4603 :Egyptius
3466 4533 3516 4587 in
3553 4534 3733 4589 natio-

2141 4637 2237 4677 nes
2271 4632 2327 4678 et
2354 4624 2633 4679 ventilabit
2668 4640 2764 4679 eos
2811 4626 2863 4679 in
2901 4636 3091 4681 terras.
3121 4626 3189 4680 Et
3222 4627 3346 4696 quia
3388 4625 3635 4682 clemens
3675 4638 3734 4684 et

2142 4712 2430 4768 miseratur
2454 4724 2535 4769 est
2559 4715 2833 4782 Dominus,
2862 4717 3073 4785 patiens
3098 4725 3149 4770 et
3178 4716 3471 4771 multarum
3497 4720 3733 4773 misera-

2143 4802 2343 4857 tiouum
2355 4844 2368 4866 ,
2392 4812 2512 4872 post
2526 4804 2880 4875 quadraginta
2896 4798 3068 4859 annos
3081 4804 3300 4876 {Egypti
3322 4806 3598 4861 restitutio
3619 4818 3733 4870 est,

2136 4905 2190 4948 et
2207 4895 2491 4949 reducetur
2506 4895 2559 4948 iu
2574 4895 2852 4966 antiquum
2874 4895 3044 4951 solum
3060 4896 3309 4950 universa
3333 4895 3651 4964 captivitas,
3674 4906 3733 4953 ct

2138 4983 2486 5039 collocabitur
2520 4983 2573 5037 in
2605 4986 2736 5040 urbe
2768 4984 3074 5055 metropoli,
3102 5001 3224 5054 quae
3252 4984 3555 5054 appellatur
3588 4986 3730 5040 Pha-

2140 5083 2305 5139 tures,
2327 5075 2415 5129 ubi
2437 5083 2554 5130 orta
2577 5085 2659 5130 est
2679 5085 2735 5131 et
2754 5076 2895 5130 unde
2909 5075 3146 5145 profecta
3156 5085 3262 5139 est,
3288 5076 3361 5130 ita
3378 5075 3647 5132 duntaxat
3671 5086 3732 5131 ut

2137 5182 2235 5236 pro
2253 5167 2483 5222 utilitate
2503 5183 2597 5223 sua
2619 5168 2836 5222 amittat
2859 5166 3137 5237 antiquam
3156 5167 3487 5236 superbiam,
3504 5176 3562 5222 et
3576 5168 3647 5223 sit
3675 5168 3732 5223 in

2139 5271 2361 5325 regnum
2389 5256 2608 5321 humile,
2632 5257 2741 5311 imo
2756 5256 3053 5315 humillima
3078 5257 3647 5317 omniumuatiouutn:
3674 5268 3732 5313 et

2136 5359 2243 5397 non
2258 5338 2497 5400 elevetur
2510 5346 2648 5403 ultra
2669 5354 2859 5402 contra
2873 5355 3082 5417 gentes,
3097 5360 3195 5403 nec
3215 5348 3268 5402 in
3298 5363 3392 5403 eas
3406 5347 3611 5404 habeat
3634 5365 3731 5420 po-

2140 5440 2411 5499 testatem,
2434 5436 2528 5492 sed
2555 5436 2772 5494 redacta
2801 5438 2854 5491 in
2878 5438 3227 5507 paucitatem,
3257 5452 3603 5507 nequaquam
3637 5442 3733 5495 de.

2136 5522 2302 5593 cipiat
2328 5525 2543 5581 domum
2571 5526 2734 5583 Israel
2773 5527 2855 5582 sui
2880 5527 3250 5592 conﬁdentia;
3282 5544 3380 5583 nec
3408 5528 3612 5583 doceat
3632 5544 3733 5584 eos

2140 5614 2501 5683 iniquitatem,
2521 5616 2633 5673 sive
2650 5618 2853 5690 redigat
2868 5634 2962 5673 eos
2985 5618 3037 5673 iu
3060 5618 3372 5674 memoriam
3394 5617 3730 5688 iniquitatis,
