3972 6184
268 276 376 336 εει

1243 270 1599 331 (ΞΟΜΜΕΝΤ.
1643 273 1707 328 ΙΝ
1747 273 2199 333 EZEClllELEM.
2244 306 2311 319 -—
2355 278 2479 335 [ΑΒ.
2525 279 2612 334 XI.

3446 288 3554 345 802

269 396 421 465 quod
450 396 667 453 deserto
701 391 903 447 auxilio
942 391 1037 446 Dei
1072 389 1295 461 δείξει)ιί
1328 389 1662 461 quaesierunt
1694 390 1867 446 admi—
1897 400 1947 457 Α
1977 394 2051 450 tio
2077 394 2316 467 .Egypti,
2344 407 2399 453 et
2430 399 2714 454 reducatur
2744 401 3025 470 captivitas
3065 402 3207 472 ejus,
3241 413 3297 461 ct
3329 408 3558 468 colloce-

270 483 538 541 niculum.
576 482 656 537 Et
694 483 811 538 huic
844 480 1027 537 omnia
1060 479 1205 543 ﬁent,
1245 488 1304 534 ut
1345 479 1506 534 tertio
1542 488 1873 551 cognoscant

271 571 523 645 Egyptii
544 571 688 643 quod
718 572 832 642 ipse
860 571 932 627 sit
957 570 1234 625 Dominus.
1265 568 1393 624 Haec
1428 569 1580 625 brevi
1620 585 1872 628 sermone

271 663 696 736 perstrinximus
726 662 963 718 historiae
999 660 1347 717 fundamenta
1381 659 1648 732 iacientes
1685 678 1698 715 :
1729 676 1874 717 nunc

273 753 552 824 allegoria:
585 752 830 808 nubilum
850 751 1230 807 disserendum
1255 759 1362 815 est,
1395 761 1449 806 et
1480 749 1666 805 eadem
1695 749 1875 805 brevi—

276 853 392 901 tate
413 845 586 900 vitare
607 843 912 908 conabitur,
940 852 996 897 et
1008 840 1166 910 hujus
1177 842 1572 911 explanationis
1584 841 1873 913 longitudi-

272 952 425 991 nem.
442 931 521 990 Ad
541 936 833 990 draconem
855 949 1034 990 sermo
1050 943 1161 998 est,
1192 934 1285 1004 qui
1304 933 1540 998 dixerat,
1573 952 1591 984 ς
1615 931 1728 986 Mea
1746 937 1872 985 sunt

271 1027 522 1090 ﬂumina,
546 1035 602 1080 et
623 1040 723 1094 ego
746 1025 847 1079 feci
876 1040 966 1089 ea,
989 1012 1176 1094 {quod
1196 1023 1419 1079 inducat
1438 1037 1601 1093 super
1619 1022 1872 1090 eumipse

277 1120 541 1175 Dominus
561 1117 824 1188 gladium.
850 1117 1050 1185 Deque
1065 1116 1118 1169 in
1130 1115 1268 1170 lsaia
1280 1116 1539 1185 scriptum
1564 1121 1680 1169 est:
1714 1131 1730 1163 ι
1754 1111 1870 1166 ine-

272 1211 485 1264 briatus
519 1216 602 1263 est
634 1206 851 1276 gladius
887 1219 1039 1259 meus
1068 1204 1122 1258 in
1150 1203 1310 1268 caelo,
1339 1223 1359 1256 ι
1395 1216 1540 1258 nunc
1578 1201 1870 1257 descendet

274 1303 332 1356 in
367 1311 591 1362 terram,
621 1307 682 1352 ut
710 1298 898 1368 perdat
935 1312 1005 1351 ex
1032 1311 1098 1351 ea
1140 1296 1411 1350 hominem
1448 1303 1506 1349 et
1537 1292 1868 1362 jumentum,

270 1392 535 1463 quidquid
586 1390 668 1444 vel
716 1389 945 1443 rationis
974 1387 1190 1442 videtur
1212 1386 1416 1441 habere
1443 1384 1525 1438 vel
1556 1383 1873 1454 simplicita-

272 1485 348 1538 tis
381 1502 394 1536 :
436 1491 493 1537 et
516 1481 712 1552 perdat
747 1480 1011 1543 absolute,
1048 1479 1140 1533 sed
1171 1477 1417 1540 draconi,
1448 1475 1618 1530 velut
1647 1473 1869 1529 draconi

272 1580 522 1644 pereant,
572 1579 628 1624 et
674 1570 858 1624 vivant
892 1569 1025 1623 Deo.
1074 1569 1142 1622 Et
1181 1564 1277 1621 ﬁat
1319 1565 1541 1637 Egypti
1570 1575 1717 1622 terra
1755 1579 1870 1635 per-

270 1663 410 1717 ditio
459 1661 755 1716 secundum
810 1659 1146 1727 superiorem
1203 1671 1447 1717 sensum,
1490 1669 1599 1725 quo
1648 1653 1867 1710 draconi

1974 494 2063 541 tur
2094 488 2145 540 in
2175 493 2316 543 terra
2344 488 2628 554 Phatures,
2663 505 2783 559 quis
2822 492 3210 563 interpretatur
3245 500 3399 565 panis
3423 515 3558 556 cons

1969 577 2355 637 culcatuszubi
2383 582 2536 651 panis
2554 581 2661 647 ille,
2687 584 2776 653 qui
2802 585 3041 641 dixerat:
3073 605 3091 638 ι
3122 587 3234 659 Ego
3257 606 3374 644 sum
3402 594 3559 662 panis

1970 670 2063 739 qui
2094 671 2160 724 de
2186 672 2324 728 caelo
2338 673 2615 738 descendi,
2645 694 2663 725 ι
2695 676 2962 744 pravitate
2983 678 3234 735 haeretica
3266 684 3557 739 conculca-

1972 767 2059 814 tus
2081 769 2202 823 0st,.
2218 771 2277 816 ut
2305 778 2426 816 cum
2457 766 2705 820 venerint
2732 766 2799 820 ad
2842 766 3163 833 Ecclesium,
3211 772 3458 830 habitent
3503 777 3555 831 in

1970 862 2113 918 pane
2140 851 2476 907 conculcata.
2508 855 2576 909 Et
2600 871 2937 927 nequaquam
2965 859 3246 917 eleventur
3275 850 3328 918 in
3369 882 3557 937 super-

1970 939 2140 1006 biam,
2180 942 2273 997 sed
2321 944 2429 997 sint
2472 944 2525 997 in
2566 961 2789 1016 regnum
2835 948 3035 1004 humile
3066 966 3079 1003 :
3109 959 3250 1006 etut
3280 954 3392 1022 jam
3433 972 3555 1011 cum

1974 1031 2211 1087 restituti
2238 1032 2440 1088 fuerint
2468 1034 2522 1089 in
2554 1036 2844 1105 pristinum
2868 1047 3094 1103 statum,
3135 1056 3194 1096 se
3216 1059 3315 1113 per
3344 1046 3560 1103 humili-

1972 1133 2140 1179 tatem
2163 1125 2438 1193 dejiciant,
2453 1128 2596 1197 quod
2620 1129 2673 1184 in
2696 1128 2932 1200 AZgypto
2947 1131 3200 1197 vixerint,
3220 1144 3273 1188 et
3288 1120 3559 1194 latericias

1971 1219 2337 1273 ex..truxerint
2361 1219 2626 1274 civitates.
2657 1221 2723 1275 Et
2750 1222 2892 1276 inter
2927 1223 3089 1275 multa
3131 1240 3291 1295 regna
3316 1227 3560 1284 ecclesia:

1972 1306 2081 1360 sint
2104 1307 2359 1373 humiles,
2384 1317 2441 1362 ct
2476 1311 2647 1363 sciant
2671 1310 2725 1363 in
2748 1314 2915 1378 quem
2938 1322 3314 1380 peccaverunt,
3339 1324 3393 1368 et
3414 1316 3554 1371 ultra

1970 1415 2080 1453 non
2121 1400 2363 1454 elevetur
2404 1400 2668 1475 [Egyptus
2715 1418 2874 1472 super
2904 1404 3160 1459 ecclesias
3202 1406 3253 1459 in
3287 1416 3398 1461 toto
3428 1410 3559 1463 orhe

1971 1489 2196 1553 divisas,
2226 1490 2319 1545 sed
2347 1491 2622 1561 redigatur
2652 1491 2702 1545 in
2734 1481 3082 1561 paucitatem,
3118 1504 3173 1549 ct
3209 1498 3363 1565 pauci
3411 1499 3462 1552 in
3491 1514 3557 1553 ea

1974 1589 2289 1634 remaneant
2316 1580 2458 1635 inter
2483 1590 2697 1651 gentes;
2759 1590 2813 1635 et
2848 1583 2985 1637 ultra
3033 1600 3136 1638 non
3167 1586 3435 1656 decipiant
3463 1590 3559 1643 do-

1971 1682 2119 1721 mum
2154 1666 2338 1731 lsrael,
2371 1668 2421 1721 id
2465 1677 2567 1732 est,
2598 1670 2905 1735 ecclesiam,
2939 1687 3038 1726 nec
3064 1688 3257 1728 vanam
3289 1676 3369 1730 eis
3403 1692 3554 1745 spem

272 1762 482 1826 pereat,
526 1760 582 1807 et
626 1758 753 1821 post
791 1749 1149 1821 perditionem
1201 1747 1477 1818 redigatur
1526 1746 1582 1801 in
1624 1744 1868 1800 solitudi-
1897 1772 1942 1830 Β
1969 1762 2023 1809 et
2055 1755 2435 1811 conﬁdentiam
2482 1756 2859 1828 repromittant
2896 1760 3152 1815 docentes
3194 1744 3551 1833 iniquitatem,

272 1860 441 1912 nem,
494 1842 789 1913 pessimum
845 1840 1115 1911 hospitem
1175 1839 1380 1893 habere
1442 1836 1735 1916 desistens.
1798 1835 1867 1889 Et

272 1945 407 1991 tunc
448 1938 778 2004 cognoscent
807 1931 1056 1987 homines
1092 1937 1145 1984 et
1180 1928 1446 1999 iumenta,
1470 1936 1528 1980 et
1569 1934 1713 1981 terra
1757 1924 1867 1980 dis-

269 2026 483 2099 perdita
545 2022 719 2093 quod,
751 2021 867 2092 ipse
918 2021 991 2077 sit
1049 2019 1328 2075 Dominus.
1394 2016 1490 2072 illo
1546 2031 1706 2072 sensu
1758 2030 1867 2085 quo

273 2132 460 2174 utva
510 2113 722 2185 [isalmo
764 2112 1031 2183 scriptum
1073 2118 1158 2166 est
1191 2127 1204 2164 :
1242 2129 1260 2161 ι
1290 2107 1431 2163 Cum
1468 2107 1747 2161 occideret
1800 2105 1865 2159 it—

271 2210 377 2275 los,
416 2218 551 2264 tunc
593 2205 907 2277 querebar“
934 2216 1078 2259 eum.
1118 2220 1138 2254 ι
1170 2200 1360 2257 Omnis
1399 2199 1545 2254 enim
1592 2197 1684 2267 qui
1721 2211 1867 2265 qua:-

272 2304 390 2368 rit,
432 2303 693 2358 inveniet.
738 2298 941 2367 Deique
983 2291 1373 2349 misericordia:
1420 2298 1526 2353 est,
1573 2299 1632 2342 ut
1678 2286 1865 2342 mundi

275 2395 438 2465 hujus
464 2401 653 2465 pereat
696 2385 1048 2450 abundantia,
1082 2394 1137 2440 et
1169 2382 1389 2454 Egypti
1424 2380 1623 2435 ﬂuenta
1651 2379 1863 2436 siccen-

274 2496 386 2550 tur,
424 2485 533 2540 imo
583 2492 731 2539 terra
772 2493 962 2535 eorum
1012 2476 1087 2532 sit
1129 2475 1183 2530 in
1222 2473 1544 2529 solitudines
1578 2489 1592 2526 :
1647 2478 1704 2526 et
1735 2485 1863 2526 sen-

274 2574 441 2628 tentia
482 2571 692 2627 Diutiini
738 2568 1032 2637 dissipetur
1077 2580 1107 2618 a
1154 2571 1302 2618 turre
1332 2560 1528 2633 Syene,
1553 2575 1672 2630 quat
1702 2560 1868 2615 inter-

271 2670 520 2734 pretatur
545 2676 725 2732 θείως,
755 2665 812 2713 ιιι
840 2656 974 2712 nihil
1001 2655 1055 2710 in
1081 2669 1140 2710 se
1167 2652 1302 2709 recti
1339 2651 1562 2719 habeat,
1590 2663 1762 2720 usque
1795 2648 1865 2705 ad

274 2766 476 2809 terram
501 2751 834 2821 EthiOpnm,
858 2748 948 2819 qui
971 2745 1201 2802 humiles
1220 2741 1582 2814 appellantur,
1599 2748 1659 2795 ut
1679 2738 1867 2796 videli-

274 2853 361 2901 cet
385 2824 563 2897 omnis
584 2839 836 2911 superbia
861 2853 1065 2908 qum-se
1100 2840 1288 2892 cbntra
1316 2832 1413 2888 Dei
1442 2831 1725 2888 scientiam
1747 2843 1867 2885 ere-

275 2941 432 2988 xerat
463 2932 792 2995 destruatur,
814 2937 869 2981 et
891 2926 1201 2982 humilictur
1221 2925 1274 2979 in
1299 2923 1530 2979 salutem
1556 2936 1730 2977 suam.
1753 2918 1864 2975 Nec

272 3044 371 3100 pes
398 3027 650 3090 hominis,
681 3026 782 3080 hoc
803 3031 887 3079 est
908 3018 1170 3076 rationale
1195 3018 1470 3088 quippiam
1502 3018 1744 3070 transeat
1768 3027 1867 3083 per

1966 1854 2026 1901 ut
2068 1846 2274 1919 fugiant
2319 1849 2743 1905 ecclesiasticam
2781 1851 3231 1921 disciplinamyet
3258 1866 3555 1925 sequantur

1967 1936 2251 2010 [Egyptias
2279 1940 2600 2011 voluptates.
2631 1941 2755 1997 [lare
2778 1951 2960 1998 autem
3000 1943 3149 2009 ﬁent,
3182 1953 3240 1999 ut
3274 1948 3431 2002 tertio
3456 1964 3550 2003 co-

1965 2039 2226 2100 gnoscant
2247 2030 2509 2102 Egyptii,
2539 2032 2679 2101 quod
2706 2032 2819 2101 ipse
2839 2033 2911 2087 sit
2936 2034 3214 2089 Dominus.
3244 2036 3396 2103 Quod
3421 2038 3553 2093 mihi

1964 2130 2249 2191 propterea
2264 2122 2479 2176 videtur
2491 2122 2620 2187 dici,
2647 2130 2704 2176 ut
2729 2123 2964 2193 cognitio
2990 2125 3069 2194 pri
3078 2140 3160 2178 ma
3176 2124 3553 2197 Egyptiorum

1966 2211 2020 2267 in
2064 2226 2229 2268 carne
2266 2211 2356 2274 sit.
2403 2213 2639 2267 secunda
2684 2212 2739 2267 in
2786 2206 2986 2279 anima,
3045 2215 3203 2285 tertia
3243 2217 3296 2271 in
3335 2217 3551 2288 spiritu.

1964 2299 2148 2357 Primo
2171 2315 2333 2370 super
2357 2311 2581 2367 terram,
2603 2303 2844 2359 secundo
2867 2305 3052 2361 mundi
3079 2305 3239 2375 hujus
3264 2322 3556 2363 conversa-

1967 2393 2113 2448 tione
2138 2392 2308 2457 tinita,
2338 2393 2496 2447 tertio
2526 2402 2650 2461 post
2672 2394 3145 2450 resurrectionem.

2041 2500 2060 2535 ι
2089 2483 2155 2538 Ει
2183 2482 2385 2538 factum
2413 2492 2497 2539 est
2540 2483 2594 2537 in
2637 2484 2918 2548 vicesimo,
2942 2492 2999 2539 et
3038 2468 3266 2554 septimo
3309 2501 3455 2539 anno
3498 2487 3554 2542 in

1971 2592 1993 2628 ι
2020 2575 2196 2646 primo
2221 2585 2277 2630 et
2316 2591 2422 2630 una
2462 2575 2550 2630 die
2585 2575 2807 2639 mensis,
2838 2575 3042 2630 factum
3090 2585 3175 2631 est
3198 2577 3418 2631 verbum
3452 2578 3555 2632 Do-

1969 2684 1991 2718 r
2022 2666 2235 2721 miniad
2258 2681 2342 2722 me
2371 2667 2560 2723 dicens
2586 2684 2601 2720 :
2634 2665 2735 2721 Fili
2762 2666 3020 2733 hominis,
3059 2666 3559 2724 Nabuchodonosor

1970 2776 1990 2810 ι
2023 2772 2117 2813 rex
2155 2757 2466 2830 Babylonis,
2494 2759 2702 2815 servire
2727 2758 2857 2813 fecit
2882 2760 3184 2814 exercitum
3231 2775 3389 2815 suum
3443 2775 3556 2815 scr-

1970 2867 1990 2899 c
2025 2848 2195 2904 vitate
2238 2864 2432 2920 magna
2479 2851 2765 2905 adversum
2802 2849 3024 2921 Tyrum.
3060 2850 3232 2906 Omne
3282 2860 3444 2922 caput
3470 2852 3559 2908 de-

1971 2955 1993 2988 ι
2026 2936 2329 3006 calvatum,
2384 2948 2441 2995 et
2496 2939 2675 2995 omnis
2728 2941 2987 2995 humerus
3035 2940 3301 3007 depilatos
3356 2951 3560 3008 est;et

1972 3047 1991 3081 ς
2020 3043 2230 3084 merces
2263 3045 2366 3085 non
2397 3037 2483 3086 est
2527 3030 2735 3086 reddita
2762 3031 2831 3094 ei,
2860 3045 3037 3101 neque
3058 3032 3321 3088 exercitui
3348 3032 3464 3102 ejus
3489 3035 3559 3091 de

272 3118 569 3190 λεωρωπι
606 3133 621 3169 ε
656 3127 831 3182 neque
866 3127 971 3181 Ῥθε
1008 3108 1238 3178 ἓυιηεηιί
1289 3106 1571 3203 εγαμᾲίαξυιζ
1599 3105 1653 3203 ill
1693 3118 1781 3203 εδ]
1803 3110 1864 3203 ιξι
1891 3126 1936 3188 c
1972 3140 1991 3173 ι
2029 3120 2173 3192 Tyro
2199 3137 2297 3203 pro
2323 3122 2581 3177 servitute
2603 3163 2619 3187 ,
2665 3137 2770 3192 qua
2822 3123 3045 3179 servivit
3093 3124 3226 3179 mihi
3268 3124 3557 3181 adversum

273 3209 548 3280 simplices
575 3218 820 3276 quosque
846 3219 954 3258 non
982 3207 1182 3264 teneat,
1209 3190 1345 3268 quos
1364 3195 1607 3280 dimissis
1627 3194 1866 3251 homini-

271 3272 618 3356 bus-Pharao
644 3297 701 3351 in
726 3272 958 3364 Egypto
998 3300 1182 3346 tenere
1215 3272 1487 3359 cupiebat,
1516 3286 1698 3357 Moyse
1729 3300 1865 3342 con-

275 3390 597 3451 tradicente,
626 3392 684 3442 et
712 3384 927 3440 volente
946 3381 1190 3452 jumenta
1214 3392 1429 3449 quoque
1457 3377 1525 3431 dc
1554 3376 1865 3445 captivitate

275 3479 499 3552 Αἴθῃ»ιί
535 3476 778 3532 liberari.
807 3492 827 3525 ι
862 3473 930 3527 Ει
968 3486 1098 3537 non,
1132 3469 1328 3539 inquit,
1369 3466 1703 3522 habitabitur
1730 3479 1865 3535 qua-

279 3573 528 3643 draginta
558 3567 748 3633 annis;
786 3583 807 3617 ι
857 3563 950 3633 qui
998 3574 1257 3616 numerus
1293 3572 1509 3628 semper
1532 3553 1865 3610 afﬂictionis

277 3671 334 3718 et
359 3674 536 3732 ptenaa
564 3665 667 3713 est.
688 3655 841 3712 Unde
859 3661 916 3708 et
944 3651 1154 3723 Moyses
1176 3648 1374 3722 (Exod.
1409 3648 1618 3709 xxxxvi,
1644 3653 1699 3699 et
1722 3644 1865 3700 tilias

279 3751 397 3825 (HI
430 3750 557 3818 Reg.
588 3748 728 3819 xxx),
755 3755 810 3801 et
848 3736 962 3815 ipse
992 3742 1240 3797 Salvator
1266 3737 1493 3811 (Matth.
1518 3736 1602 3806 tv)
1633 3735 1866 3805 quadra-

278 3842 431 3913 ginta
473 3839 662 3894 diebus
693 3836 1076 3906 jejunaverunt
1109 3840 1165 3887 et
1204 3831 1471 3886 noctibus.
1510 3828 1572 3882 Et
1605 3842 1700 3897 per
1734 3837 1866 3897 qua-

278 3931 530 4002 draginta
562 3943 734 3989 annos
760 3925 988 3997 populus
1014 3933 1132 3979 erat
1160 3922 1213 3978 in
1255 3921 1568 3985 solitudine,
1595 3927 1653 3973 ut
1679 3927 1865 3988 postea

279 4027 636 4086 circumcisus
684 4026 737 4079 in
781 4021 1015 4093 Galgalis
1061 4018 1262 4091 (Nam.
1308 4015 1452 4087 xw).
1497 4011 1784 4082 opprobrio
1813 4018 1869 4064 et

280 4118 572 4192 ignominia
600 4114 818 4186 [Egypti
838 4113 1175 4167 liberaretur.
1212 4108 1269 4163 ln
1283 4107 1438 4176 cujus
1455 4104 1661 4159 numeri
1686 4117 1870 4158 sacra-

280 4217 466 4265 mento
484 4217 541 4261 et
564 4207 651 4261 hic
695 4206 839 4259 idem
880 4202 1141 4272 propheta
1172 4215 1270 4270 pro
1299 4199 1440 4252 tribu
1472 4195 1608 4250 Juda
1639 4194 1871 4265 quadra-

278 4300 428 4372 ginta
455 4299 647 4353 dielms
668 4296 867 4352 dormit
895 4297 949 4351 in
973 4296 1161 4349 dextro
1187 4292 1351 4351 latere
1381 4309 1394 4344 :
1427 4300 1480 4345 et
1509 4288 1872 4359 quadringen-

279 4394 352 4447 tis
382 4391 545 4446 annis
584 4388 813 4459 populus
862 4387 1166 4442 serviturus
1202 4385 1255 4438 in
1301 4382 1538 4453 Egypto
1566 4381 1869 4442 nuntiatur,

1974 3228 1994 3261 ι
2027 3226 2168 3265 eam.
2210 3212 2499 3280 Propterea
2550 3213 2666 3267 haec
2694 3213 2825 3267 dicit
2880 3213 3140 3269 Dominus
3192 3215 3334 3271 Deus
3368 3234 3380 3270 :
3416 3216 3559 3273 Ecce

1972 3321 1992 3355 α
2018 3317 2119 3372 ego
2148 3301 2796 3360 daboNabuchodonosor
2820 3319 3002 3375 regem
3018 3306 3306 3377 Babylonis
3332 3309 3383 3362 in
3413 3317 3556 3364 terra

1972 3412 1991 3445 ι
2028 3392 2268 3464 Egypti,
2296 3402 2351 3448 et
2373 3392 2581 3449 auferet
2611 3394 3005 3450 multitudinem
3028 3397 3167 3467 ejus,
3197 3406 3251 3451 ct
3276 3397 3558 3468 depraeda-

1972 3502 1997 3559 ε
2024 3486 2173 3541 bitur
2196 3485 2479 3540 manubias
2508 3484 2644 3553 ejus,
2675 3494 2732 3540 et
2754 3486 2974 3557 diripiet
3000 3487 3169 3556 spolia
3193 3485 3342 3555 ejus;
3377 3498 3433 3544 et
3453 3491 3560 3545 erit

1970 3595 1990 3628 ι
2022 3578 2073 3632 in
2108 3576 2411 3631 mercedem
2435 3576 2697 3631 exercitui
2726 3574 2886 3641 illius,
2911 3586 2961 3630 et
2996 3567 3168 3647 operi,
3198 3591 3307 3647 quo
3336 3579 3562 3632 servivit

1971 3685 1990 3719 ι
2024 3667 2156 3722 mihi
2191 3657 2474 3722 adversum
2501 3680 2641 3720 cam.
2686 3665 2816 3720 Dedi
2845 3666 2896 3720 ei
2942 3674 3141 3720 terram
3171 3665 3413 3737 Egypti,
3458 3683 3560 3736 pro

1970 3774 1991 3807 ι
2025 3771 2092 3810 eo
2124 3756 2264 3825 quod
2287 3755 2616 3808 laboraverit
2643 3755 2794 3819 mihi,
2817 3756 2891 3809 ait
2911 3755 3171 3810 Dominus
3194 3755 3357 3811 Deus.
3384 3756 3441 3811 in
3474 3756 3560 3812 die

1971 3861 1993 3893 α
2026 3842 2117 3897 illo
2151 3832 2630 3913 pullulabit‘cornu
2684 3843 2875 3897 domus
2911 3842 3075 3897 Israel
3102 3884 3117 3908 ,
3175 3852 3230 3898 et
3275 3844 3371 3899 tibi
3418 3845 3559 3899 dabo

1946 3953 1991 3986 -‹
2023 3943 2267 4004 apertum
2312 3949 2375 3989 os
2422 3934 2474 3988 in
2507 3934 2685 3989 medio
2714 3948 2920 3989 eorum.
2968 3934 3036 3989 Et
3080 3936 3259 3990 scient
3294 3936 3552 4005 quoniam

1969 4045 1993 4078 ε
2024 4042 2123 4096 ego
2152 4026 2429 4081 Dominus.
2462 4045 2481 4078 ο
2511 4026 2783 4094 Qurrritur
2820 4026 3090 4096 quomodo
3138 4037 3260 4097 post
3286 4027 3554 4083 decimum

1967 4133 2169 4173 annum
2208 4118 2507 4189 superioris
2538 4118 2806 4174 sermonis
2832 4118 3017 4172 statim
3046 4119 3338 4174 vicesimus
3366 4127 3419 4174 et
3468 4134 3557 4174 se-

1968 4210 2433 4280 ptimuspunatur
2470 4225 2674 4276 annus,
2718 4217 2773 4273 et
2819 4210 2872 4263 in
2923 4211 3271 4278 sequentibus
3314 4210 3559 4265 decimus

1970 4300 2463 4369 duodecimusque:
2495 4308 2549 4354 et
2598 4300 2650 4353 in
2683 4306 2925 4353 extrema
2967 4298 3328 4367 descriptione
3371 4299 3555 4367 templi

1964 4392 2265 4446 vicesimus
2296 4390 2534 4461 quintus,
2566 4389 2659 4443 sed
2687 4387 3073 4443 facilissolutio
3100 4396 3202 4441 est.
3232 4386 3370 4452 Quia
3406 4387 3552 4440 enim

279 4482 370 4551 qui
394 4480 606 4535 faciunt
625 4478 982 4549 quadraginta
1010 4474 1241 4531 decedas
1269 4476 1382 4530 sive
1402 4480 1635 4542 quatuor
1664 4472 1868 4530 inarav-
1894 4483 1945 4543 ι)
1971 4480 2038 4536 de
2069 4480 2306 4551 Αζεγρω
2346 4488 2402 4534 οι
2444 4478 2693 4547 superior
2742 4485 2797 4531 et
2840 4478 2975 4540 haec,
3006 4490 3124 4544 quae
3166 4489 3310 4528 nunc
3356 4474 3557 4530 dicitur

277 4574 463 4636 τάδας.
519 4572 719 4626 Pluvite
758 4586 982 4641 quoque
1025 4570 1209 4625 diluvii
1261 4567 1617 4639 quadraginta
1672 4566 1863 4621 diebus

278 4664 525 4720 inferunt
546 4663 665 4717 orbi
693 4661 1051 4731 naufragium.
1087 4660 1297 4717 Iustum
1324 4659 1469 4713 enim
1497 4666 1637 4722 erat,
1681 4665 1741 4710 ut
1770 4655 1864 4725 qui
1898 4676 1903 4683 -

274 4772 379 4828 per
397 4762 633 4827 quatuor
646 4754 919 4810 elementa
944 4753 1157 4817 mundi,
1187 4753 1385 4822 quibus
1408 4751 1588 4806 omnia
1614 4757 1866 4806 constare

278 4855 555 4916 dicuntur,
594 4851 725 4905 dum
769 4865 832 4906 ea
860 4850 1040 4919 diligit
1085 4859 1143 4903 et
1184 4848 1347 4909 fovet,
1392 4847 1557 4900 Deum
1606 4844 1863 4909 adundat,

278 4946 334 4999 in
373 4945 495 5013 ipso
534 4957 761 4996 numero
794 4941 1100 5009 puniretur,
1140 4948 1189 4993 ct
1224 4937 1386 4993 Israel
1417 4935 1510 5004 qui
1544 4944 1866 5004 peccaverat

279 5036 334 5088 in
356 5032 662 5093 sabbatum,
692 5030 1269 5101 septom-decadarum,
1287 5028 1391 5082 hoc
1415 5035 1500 5081 cst
1526 5026 1864 5097 septuaginta

279 5138 552 5181 annorum
568 5122 889 5193 supplicium
912 5121 1221 5177 sustineret.
1247 5121 1519 5190 Daturquc
1541 5128 1684 5175 terra
1706 5118 1868 5189 Egy-

277 5216 358 5288 pti
401 5214 613 5269 deserta
658 5223 715 5267 et
755 5212 1005 5267 civitates
1045 5211 1165 5282 ejus
1200 5212 1255 5266 in
1292 5211 1472 5266 medio
1514 5218 1779 5265 terrarum
1814 5217 1869 5262 et

275 5303 499 5359 urbium
542 5302 944 5366 subversamm,
988 5315 1109 5369 qum
1164 5314 1269 5353 non
1311 5307 1438 5353 sunt
1483 5305 1772 5352 castrch
1799 5294 1866 5349 de

278 5393 582 5465 lapidibus,
609 5393 705 5447 sed
742 5391 911 5447 lateae
940 5399 992 5446 et
1018 5391 1200 5462 paleis
1232 5400 1290 5445 ut
1323 5386 1666 5459 dispergatur
1693 5386 1864 5457 Egy-

279 5494 430 5554 ptns,
461 5498 582 5553 qua:
631 5482 771 5537 male
811 5482 913 5537 sibi
963 5481 1141 5537 fuerat
1176 5481 1447 5551 copulata,
1481 5488 1536 5533 et
1576 5477 1868 5534 ventilctur

280 5575 339 5627 in
366 5584 562 5631 terras.
587 5589 696 5643 quo
716 5574 926 5629 scilicet
947 5573 1272 5627 frumentum
1297 5570 1516 5641 a‘paleis
1542 5578 1864 5641 separetur:

283 5678 337 5719 et
375 5668 727 5738 quadraginta
768 5680 1029 5722 annorum
1072 5665 1174 5719 fine
1211 5662 1494 5732 completo,
1536 5663 1605 5717 sit
1647 5661 1863 5715 restitu-

1970 4571 2254 4643 prophetia
2300 4570 2626 4632 contexitur,
2650 4568 2783 4621 licet
2819 4568 3046 4621 diversis
3085 4566 3560 4637 sitfuctaiempo—

1972 4664 2145 4727 ribus,
2168 4669 2345 4715 tamen
2366 4660 2491 4728 quia
2521 4658 2587 4712 de
2604 4672 2709 4710 una
2724 4655 3009 4725 provincia
3037 4656 3408 4725 prophetatur,
3429 4655 3558 4726 jun-

1970 4764 2072 4809 cta:
2106 4751 2207 4809 sibi
2235 4756 2380 4805 sunt.
2412 4745 2576 4813 Quod
2621 4754 2675 4801 et
2704 4745 2757 4799 in
2798 4743 3031 4798 Ieremia
3082 4747 3276 4799 crebro
3309 4744 3555 4815 legimus,

1971 4854 2031 4899 ut
2057 4850 2386 4914 praepostero
2407 4838 2600 4895 ordine
2648 4826 3334 4907 tempora‘deseribantur.
3394 4838 3554 4895 Prius

1967 4936 2113 4990 enim
2164 4931 2402 4987 Scdccioe
2459 4930 2513 4983 in
2554 4927 2875 4999 quihusdam
2922 4936 3071 4998 gesta
3118 4926 3451 4993 referuntur,
3501 4936 3558 4984 et

1969 5033 2154 5097 postea
2202 5021 2467 5085 Joach'mi,
2492 5020 2583 5089 qui
2612 5028 2735 5073 ante
2782 5033 2904 5072 eum
2939 5019 3057 5073 fuit.
3107 5019 3163 5073 In
3194 5017 3421 5073 Psalmis
3457 5034 3555 5072 au-

1970 5126 2076 5170 tem
2104 5155 2118 5178 ,
2166 5114 2289 5183 quia
2340 5127 2559 5167 carmen
2596 5119 2682 5165 est
2725 5110 2955 5180 lyricum
3007 5110 3244 5164 historia:
3272 5109 3405 5163 ordo
3445 5104 3552 5163 non

1968 5200 2245 5281 quaeritur.
2265 5208 2511 5263 Dicamus
2523 5222 2653 5277 ergo
2664 5207 2814 5277 prius
2822 5203 3244 5274 juxtalitteram.
3265 5202 3555 5257 Nabucho-

1968 5302 2203 5357 donosor
2216 5314 2337 5354 eum
2361 5296 2930 5368 oppugnaret'l'yrum,
2948 5303 3003 5349 et
3020 5293 3234 5354 arietes,
3251 5290 3552 5355 machinas,

1969 5391 2283 5459 vineasque,
2320 5403 2386 5443 eo
2422 5389 2565 5467 quod
2615 5389 2792 5444 cincta
2835 5386 2971 5441 mari
3091 5389 3259 5445 esset,
3382 5380 3552 5435 muris

1969 5495 2075 5535 non
2112 5487 2295 5548 posset
2321 5478 2638 5549 adjungcrc,
2675 5478 2938 5532 inﬁnitam
2988 5473 3262 5530 exercitus
3306 5469 3552 5525 multitu-

1969 5571 2153 5626 dinem
2168 5566 2335 5637 jussit
2368 5583 2496 5623 saxa
2531 5577 2588 5623 et
2629 5581 2852 5639 aggeres
2887 5570 3246 5634 comportare,
3272 5568 3327 5616 et
3363 5558 3549 5627 exple-

1972 5668 2026 5714 to
2054 5659 2227 5715 medio
2252 5660 2405 5724 mari,
2424 5659 2533 5715 imo
2562 5657 2700 5713 freto
2721 5656 3116 5727 angustissimo,
3144 5655 3377 5710 vicinum
3400 5654 3548 5710 littus
