3972 6184
455 230 561 288 803

1094 229 1156 284 B.
1198 228 1449 284 RABANI
1490 228 1708 286 MAURI
1746 223 2065 283 ARCHIEP.
2109 219 2419 281 MOGUNT.
2455 221 2741 281 OPERUM
2777 221 2957 279 PARS
2989 222 3056 278 ιι.

3603 223 3701 281 8ὓι

457 344 647 403 insulae
700 343 831 402 fecit
873 341 1204 415 contiguum.
1239 342 1391 410 Quod
1438 358 1558 399 cum
1588 343 1833 399 viderent
1878 342 2025 414 Tyrii
2055 344 2102 404 A
2132 337 2402 395 Romanos
2443 337 2643 394 Paulus
2669 337 2945 409 apostolus
2988 338 3247 409 disputat.
3286 337 3366 394 Ac
3415 353 3486 395 ne
3512 339 3705 413 aliquid

453 438 564 509 jam
590 439 808 508 jamque
839 435 1156 507 perfectum,
1184 442 1240 489 et
1290 436 1635 504 percussione
1663 436 1889 491 arietum
1912 449 2031 488 mu-

460 546 641 587 rorum
699 529 1043 583 fundamenta
1091 534 1463 596 quaterentur,
1525 527 1784 598 quidquid
1831 527 2031 597 pretio-

458 637 578 678 sum
612 622 665 674 in
697 635 848 683 auro,
877 625 1098 688 argento
1127 617 1474 687 vestibusque
1513 626 1569 673 et
1612 616 1762 671 varia
1796 614 2030 684 supellc-

456 710 568 765 ctili
600 709 851 763 nobilitas
878 707 1084 771 habuit,
1123 706 1436 776 impositum
1478 705 1704 761 navibus
1733 706 1801 761 ad
1827 704 2032 759 insulas

459 797 772 868 asportavit,
812 797 884 850 ita
915 804 976 851 ut
1019 804 1176 865 capta
1224 797 1357 851 urbe
1401 796 1535 851 nihil
1586 796 1807 867 dignum
1848 795 2033 850 labore

458 906 556 947 suo
598 890 860 945 inveniret
890 888 1400 944 Nabuchodonosor.
1444 888 1510 943 Et
1547 889 1671 959 quia
1699 888 1794 943 Dei
1839 887 1893 942 in
1931 887 2034 941 hac

457 987 609 1049 parte
629 978 906 1034 ohedierat
922 977 1181 1034 voluntati
1205 986 1322 1048 post
1341 977 1542 1046 aliquo:
1563 992 1733 1031 annos
1754 976 2034 1046 captivita-

458 1069 528 1122 tis
548 1068 741 1139 Tyrim,
757 1068 913 1123 datur
940 1068 987 1123 ei
1019 1067 1299 1138 Egyptus.
1331 1067 1604 1137 Multoque
1636 1067 1829 1121 suavior
1856 1064 2032 1136 Tyrus

456 1160 709 1233 Egypto.
737 1160 830 1215 illa
855 1160 999 1214 enim
1026 1159 1368 1230 oppugnabat
1387 1157 1740 1224 Hierusalem,
1775 1157 1891 1212 haec
1937 1171 2033 1210 va-

455 1268 585 1307 num
611 1251 966 1321 pollicebatur
996 1249 1276 1303 auxilium.
1306 1249 1463 1303 Aliud
1489 1240 1573 1304 est
1601 1248 1744 1303 enim
1783 1247 1900 1317 spei
1927 1247 2031 1300 im—

454 1343 747 1398 bccillitate
776 1342 1052 1411 decipere,
1101 1340 1245 1396 aliud
1307 1341 1590 1396 adversum
1648 1339 1741 1394 Dei
1780 1337 2031 1408 pepulum

457 1433 733 1488 dimicare.
762 1432 874 1487 lloe
893 1441 975 1487 est
1003 1447 1152 1502 ergo,
1188 1432 1331 1502 quod
1362 1432 1494 1485 dicit
1539 1428 2035 1495 Nabuchbdonosor

459 1536 551 1576 rex
580 1521 865 1591 Babylonis
893 1520 944 1574 in
962 1520 1356 1591 oppugnatione
1375 1519 1500 1589 Tyri
1527 1536 1540 1572 :
1572 1517 1741 1572 Suum
1762 1518 1892 1572 milii
1920 1533 2035 1573 ser-

460 1611 576 1664 vire
605 1610 734 1665 fecit
769 1610 1088 1672 exercitum,
1120 1619 1179 1661 ut
1202 1608 1449 1678 impleret
1475 1608 1804 1663 voluntatem
1832 1622 2028 1661 meam.

2129 429 2405 500 praeterire
2430 428 2733 495 videamur,
2765 430 3060 485 secundum
3107 429 3517 500 intelligentiam
3548 432 3706 503 spiri-

2129 518 2292 573 talem
2321 518 2613 587 quaerimus
2660 518 2749 573 ubi
2778 519 2923 574 hunc
2955 534 3271 585 numerum,
3322 521 3427 577 hoc
3459 531 3586 588 est,
3637 524 3709 580 vi-

2130 609 2261 678 ginti
2304 615 2507 679 septem
2532 602 2837 680 legerimus.
2862 608 2919 663 1n
2948 607 3221 665 Geneseos
3247 610 3387 665 libro
3410 608 3567 682 (Gen.
3594 612 3709 686 vn),

2131 697 2408 768 Scriptura
2424 707 2649 753 testatur
2664 700 3058 755 sexcentesimo
3083 714 3225 755 anno
3237 700 3360 757 vitae
3375 700 3507 766 Noe,
3530 718 3711 759 secun-

2131 792 2199 845 do
2216 805 2419 857 mense,
2435 791 2691 860 vicesimo
2705 791 2936 862 septimo
2950 793 3039 847 die
3058 793 3262 848 mensis
3284 796 3532 861 secundi,
3555 810 3710 867 super

2130 881 2324 937 faciem
2355 891 2514 937 terrae
2555 897 2724 953 aquas
2771 883 3018 941 inductas
3042 899 3163 941 esse
3190 886 3397 952 diluvii,
3422 895 3481 942 et
3521 897 3706 958 postea

2131 975 2359 1044 septimo
2391 989 2576 1031 mense
2616 974 2855 1045 ejusdem
2903 976 3057 1043 anni,
3085 977 3178 1049 qui
3219 978 3430 1033 vicinus
3462 987 3552 1034 est
3593 980 3708 1035 sab-

2129 1065 2276 1131 bato,
2291 1072 2347 1120 et
2366 1065 2623 1121 vicesima
2644 1065 2873 1135 septima
2894 1064 2981 1122 die
3003 1064 3242 1135 ejusdem
3268 1067 3473 1123 mensis
3492 1069 3708 1138 septimi

2132 1175 2300 1241 aquas
2326 1174 2570 1216 cessasse
2604 1160 2821 1227 diluvii,
2869 1168 2926 1216 et
2954 1162 3157 1218 sedisse
3182 1178 3365 1218 arcam
3393 1163 3507 1219 Noe
3552 1179 3712 1235 super

2132 1258 2340 1305 montes
2365 1251 2581 1314 Ararat,
2613 1251 2704 1321 qui
2729 1252 3151 1329 interpretantur
3176 1253 3469 1308 Armeniae.
3501 1253 3582 1309 Ex
3611 1269 3711 1324 quo

2094 1377 2103 1394 .
2132 1341 2477 1412 intelligimus
2501 1342 2734 1396 medium
2764 1356 2884 1398 esse
2904 1356 3210 1410 numerum,
3234 1350 3291 1398 et
3327 1343 3396 1398 ad
3422 1351 3709 1414 utrumque

2130 1446 2291 1500 posse
2311 1430 2585 1487 conferri:
2615 1433 2830 1503 quando
2873 1432 2925 1486 in
2977 1432 3081 1488 hoc
3118 1442 3175 1488 et
3214 1433 3296 1487 ira
3323 1432 3417 1488 Dei
3469 1433 3709 1504 incipita

2131 1520 2351 1584 diluvio,
2381 1527 2434 1574 et
2481 1519 2770 1574 clementia
2794 1520 2910 1589 ejus
2935 1522 3165 1591 septimo
3208 1536 3396 1578 mense
3437 1522 3493 1577 in
3524 1522 3707 1579 eodem

2132 1610 2340 1666 dierum
2389 1623 2615 1665 numero
2661 1609 3083 1665 demonstratur.
3128 1610 3195 1665 Et
3234 1611 3366 1689 quia
3416 1611 3565 1680 apud
3612 1611 3709 1666 lie-

457 1699 648 1763 Omne,
673 1700 870 1769 inquit,
909 1708 1068 1769 caput
1088 1699 1444 1764 decalvatum,
1469 1707 1524 1753 et
1566 1700 1743 1753 omnis
1774 1700 2031 1753 humerus
2066 1710 2108 1768 Β
2135 1701 2309 1755 διέιξοε
2327 1699 2546 1764 mensis,
2575 1700 2665 1769 qui
2697 1700 2837 1769 apud
2863 1714 2962 1755 nos
2986 1698 3241 1755 Kalendis
3259 1707 3315 1754 et
3334 1700 3497 1755 nonis
3518 1700 3710 1756 idibus-

457 1790 718 1859 depilatus
746 1800 845 1844 est.
867 1789 1201 1845 Gestantium
1224 1790 1471 1845 videlicet
1490 1791 1750 1860 cephiuos
1776 1799 1955 1857 terrae,
1978 1799 2035 1846 et

456 1878 679 1950 lapides,
708 1878 902 1949 quibus
933 1881 1194 1935 raduntur
1240 1880 1451 1935 humeri
1501 1889 1557 1934 et
1598 1881 1909 1936 decalvatur
1949 1896 2036 1936 ca-

454 1981 569 2043 put.
595 1973 662 2027 Et
698 1981 872 2027 tamen
916 1987 1015 2027 nec
1046 1973 1161 2041 ipse
1207 1988 1308 2028 nec
1352 1973 1628 2029 exercitus
1665 1973 1783 2041 ejus
1830 1973 2032 2042 aliquid

454 2062 674 2131 dignum
705 2063 907 2118 invenit
928 2064 979 2117 in
995 2063 1155 2134 Tyro.
1174 2063 1241 2116 Et
1263 2064 1316 2117 in
1338 2063 1440 2119 hoc
1462 2079 1584 2119 cum
1608 2065 1738 2119 mihi
1762 2064 2028 2129 servierit,

453 2163 509 2205 et
534 2166 709 2206 meam
747 2160 935 2207 contra
970 2152 1169 2224 Tyrum
1224 2152 1522 2224 impleverit
1567 2153 1917 2220 voluntatem,
1952 2154 2032 2208 id-

453 2238 601 2293 circo
629 2238 769 2295 dabo
790 2240 841 2294 ei
880 2248 1079 2294 terram
1108 2239 1348 2311 IEgypti.
1391 2240 1544 2308 Quod
1589 2243 1805 2312 quidam
1847 2243 2032 2298 dicunt

454 2330 556 2386 sub
581 2330 1073 2387 Nabuchodonosor
1094 2346 1214 2387 esse
1243 2333 1586 2402 completum.
1616 2334 1721 2388 Alii
1751 2334 1851 2389 sub
1873 2333 2029 2388 Cam-

453 2419 584 2492 byse
611 2420 722 2476 lilio
746 2421 892 2493 Cyri,
916 2422 1007 2492 qui
1050 2421 1340 2494 Egyptum
1369 2439 1539 2494 usque
1585 2424 1655 2479 ad
1695 2423 2028 2494 Ethiopiam

454 2511 717 2577 vastavit,
739 2511 812 2566 ita
840 2520 901 2567 ut
946 2512 1101 2582 Apim
1145 2513 1492 2579 interﬁceret,
1524 2524 1579 2568 et
1611 2514 1793 2571 omnia
1837 2528 2026 2569 eorum

453 2599 740 2656 simulacra
761 2601 979 2657 deleret.
1008 2602 1179 2670 Quam
1201 2605 1270 2659 ob
1298 2619 1518 2660 causam
1534 2613 1727 2676 putant
1752 2621 1875 2662 eum
1910 2619 2028 2660 ver-

453 2704 572 2744 sum
595 2691 648 2745 in
672 2692 961 2746 amentiam
989 2708 1118 2749 casu
1156 2694 1278 2764 equi
1303 2703 1360 2748 et
1383 2695 1602 2766 proprio
1631 2696 1864 2768 pugione
1896 2713 2026 2753 con-

451 2780 677 2835 fossum.
716 2780 1031 2839 Plenissime
1076 2785 1215 2839 hanc
1243 2785 1524 2841 historiam
1575 2796 1761 2842 narrat
1789 2786 2028 2844 Herodo-

462 2878 571 2935 tus,
594 2870 684 2926 ubi
706 2878 763 2925 et
779 2872 955 2927 omnis
978 2871 1246 2943 AEgyptus
1271 2889 1365 2943 per
1392 2889 1560 2945 pagos
1589 2881 1643 2930 et
1667 2875 1816 2931 vicos
1852 2886 1908 2931 et
1930 2891 2025 2933 ca-
2084 2932 2091 2933 ,

451 2960 607 3016 stella
628 2960 975 3028 describitur,
995 2971 1050 3017 et
1073 2961 1176 3016 Nili
1195 2963 1345 3034 origo
1363 2964 1644 3035 gentisque
1679 2966 1796 3037 ejus
1814 2967 2020 3037 populi,

2136 1804 2240 1859 que
2268 1787 2590 1852 devolvitur,
2606 1788 2901 1843 secundum
2941 1787 3080 1844 luna;
3121 1802 3341 1844 cursum
3366 1798 3705 1859 supputatur,

2131 1882 2275 1937 unde
2299 1888 2354 1937 et
2395 1879 2585 1936 Graeco
2611 1880 2871 1937 vocabulo
2897 1886 3046 1952 μήνη,
3079 1881 3131 1936 id
3169 1888 3253 1935 est
3286 1879 3431 1945 luna,
3466 1896 3501 1936 a
3530 1896 3709 1937 mense

2132 1988 2327 2028 nomen
2359 1971 2585 2043 accepit,
2633 1970 2739 2026 hoc
2772 1972 2970 2026 dictum
2997 1980 3085 2027 est
3113 1972 3167 2026 in
3193 1971 3455 2028 vicesimo
3485 1972 3710 2042 septimo

2131 2061 2270 2117 luna:
2291 2061 2376 2116 die
2400 2077 2590 2131 parum
2619 2061 2748 2130 quid
2774 2061 2992 2117 luminis
3022 2061 3365 2127 remansisse,
3403 2077 3477 2117 ne
3505 2062 3711 2132 penitus

2131 2153 2211 2207 ira
2232 2152 2349 2223 ejus
2377 2153 2580 2222 absque
2608 2152 2975 2208 misericordia
2997 2152 3086 2206 sit.
3096 2152 3338 2219 ‘Quando
3360 2160 3547 2206 autem
3574 2160 3708 2206 totus

2130 2244 2271 2299 lunae
2307 2243 2457 2299 orbis
2491 2244 2762 2313 impletur,
2794 2252 2921 2298 tunc
2956 2252 3012 2298 et
3047 2243 3255 2298 Pascha
3283 2242 3627 2308 celebratur,
3661 2251 3711 2296 et

2129 2348 2323 2397 omnes,
2336 2335 2573 2390 maxime
2592 2333 2981 2400 solemnitates,
3001 2334 3145 2404 quod
3165 2335 3395 2390 strictim
3411 2335 3708 2405 posuimus,

2128 2432 2191 2479 ut
2203 2424 2437 2480 sciamus
2459 2424 2514 2479 in
2536 2425 2639 2480 hoc
2658 2439 2883 2480 numero
2900 2432 2955 2478 et
2973 2425 3111 2480 bona
3131 2432 3187 2481 et
3207 2424 3347 2479 mala
3367 2425 3712 2494 paritercou-

2128 2515 2309 2581 tineri,
2334 2515 2474 2571 bona
2496 2515 2988 2571 Nabuchodonosor
2999 2513 3152 2584 cujus
3173 2515 3345 2571 labori
3369 2514 3712 2571 mercesred-

2127 2607 2312 2673 ditur,
2355 2605 2495 2663 mala
2524 2605 2811 2678 Egyptiis,
2867 2617 3098 2676 quorum
3136 2606 3361 2661 vastitas
3408 2606 3708 2662 nuntiatur.

2708 2718 2935 2776 CAPUT
2970 2718 3140 2774 XXX.

2126 2812 2409 2885 Plangitur
2431 2814 2712 2895 destructio
2742 2813 2961 2895 Ᾱῑρῃριί
2980 2823 3030 2895 et
3051 2815 3257 2895 urbium
3289 2830 3430 2895 ejus,
3455 2830 3581 2868 cum
3606 2830 3708 2884 qua

2335 2893 2645 2938 corruerunt
2680 2884 2962 2954 provincia:
2984 2884 3086 2956 ipsi
3105 2884 3497 2954 confederatae.

2202 2990 2222 3024 ι
2260 2971 2327 3027 Ει
2349 2972 2547 3030 factum
2574 2983 2657 3028 est
2680 2973 2904 3029 verbum
2922 2973 3133 3029 Domini
3162 2975 3229 3030 ad
3244 2989 3331 3029 me
3351 2975 3586 3030 dicens:
3613 2974 3711 3029 Fili

449 3060 505 3106 et
526 3065 776 3107 mensura
805 3060 965 3107 terrai
990 3066 1087 3122 per
1126 3053 1411 3109 circuitum
1438 3071 1608 3126 usque
1638 3058 1707 3112 ad
1749 3058 2018 3114 desertum
2046 3060 2091 3123 C
2128 3080 2147 3115 α
2176 3062 2411 3118 hominis
2438 3103 2453 3128 ,
2505 3065 2765 3134 propheta
2828 3074 2883 3120 et
2937 3065 3060 3121 dic:
3088 3065 3214 3121 Hec
3263 3064 3397 3120 dicit
3454 3066 3713 3122 Dominus

448 3138 740 3212 [Ethiopize
759 3150 815 3197 et
840 3140 1019 3197 littora
1047 3144 1209 3198 maris
1231 3144 1430 3215 magni,
1457 3144 1745 3217 Libquue
1788 3156 1843 3202 et
1881 3148 2019 3203 Ara-

448 3232 550 3288 bia:
572 3232 804 3289 confinia
820 3233 1272 3288 demonstrantur.
1295 3234 1469 3290 Causa
1489 3244 1667 3291 autem
1690 3236 1786 3293 ira:
1809 3238 2022 3293 Domini

448 3328 637 3377 contra
677 3319 966 3393 Egyptum
997 3322 1087 3378 illa
1123 3330 1227 3389 est,
1251 3326 1395 3395 quod
1414 3326 1665 3395 populum
1684 3327 1777 3382 Dei
1804 3343 1901 3383 suo
1924 3329 2020 3384 dc-

448 3412 653 3483 ccperit
681 3413 902 3479 auxilio,
929 3428 999 3468 ne
1022 3424 1267 3484 speraret
1288 3415 1340 3469 in
1366 3414 1670 3483 Dominum,
1694 3428 1750 3473 et
1772 3418 1920 3473 illum
1954 3419 2023 3475 ad

448 3501 777 3557 iracundiam
834 3503 1157 3572 provocarit.
1216 3502 1274 3558 ln
1333 3504 1464 3571 illo,
1526 3506 1731 3576 inquit,
1786 3507 1874 3563 die
1916 3522 2023 3577 quo

448 3587 714 3660 Algyptus
737 3598 892 3660 capta
921 3590 1081 3646 fuerit
1109 3591 1391 3661 pullulahit
1410 3609 1577 3649 cornu
1612 3596 1802 3652 domus
1834 3596 2019 3653 Israel.

449 3676 601 3732 Haud
643 3678 862 3733 dubium
903 3680 1031 3748 quin
1061 3681 1266 3751 regium
1320 3698 1489 3753 genus
1536 3685 1822 3756 signiﬁcet.
1869 3685 2024 3754 Quod

449 3769 667 3841 quidam
706 3770 773 3824 ad
796 3770 1093 3826 Zorobabel
1118 3772 1288 3829 lilium
1328 3773 1610 3842 Salathiel,
1652 3776 1745 3846 qui
1791 3792 1891 3847 per
1934 3776 2025 3834 Je-

452 3858 665 3915 coniam
685 3859 754 3913 de
787 3858 955 3914 David
979 3861 1148 3931 stirpe
1189 3870 1604 3934 generatus'est.
1651 3866 1757 3922 Alii
1790 3867 1859 3923 ad
1902 3869 2026 3926 ulti-

447 3962 596 4001 mum
651 3953 873 4016 tempus
904 3946 1173 4016 referunt,
1225 3952 1439 4021 quando
1501 3963 1695 4025 putant
1739 3967 1795 4012 et
1854 3957 2025 4014 Eliam

448 4052 571 4093 esse
597 4047 898 4092 venturum.
926 4036 1033 4094 Nos
1058 4048 1236 4096 autem
1262 4057 1432 4098 cornu
1458 4046 1667 4103 Domini
1688 4063 1786 4118 pro
1810 4049 2026 4107 Christo

448 4127 807 4200 intelligentes
843 4138 1161 4200 praesentem
1210 4134 1483 4205 carpimus
1529 4137 1830 4195 historiam.
1865 4140 2026 4197 Cum-

447 4234 574 4291 que,
613 4221 709 4286 ait,
750 4236 784 4277 ο
829 4221 1113 4292 propheta,
1149 4221 1252 4279 hoc
1302 4225 1455 4294 prius
1501 4224 1668 4283 fuerit
1711 4229 2022 4299 expletum:

450 4321 577 4367 tunc
616 4310 887 4382 aperietur
920 4325 982 4367 os
1012 4320 1180 4379 tuum,
1205 4321 1262 4369 et
1302 4314 1613 4371 vaticinium
1643 4326 1795 4372 tuum
1822 4333 2027 4391 nequa-

447 4410 612 4472 quam
671 4402 830 4458 dubia
883 4403 1241 4472 promissione
1298 4406 1587 4477 pandebit,
1629 4410 1724 4466 sed
1770 4422 2022 4469 cernetur
2051 4407 2099 4468 D

445 4509 609 4564 opere
634 4502 1021 4564 perpetratum,
1050 4503 1110 4550 ut
1149 4495 1343 4562 sciant,
1371 4497 1463 4566 qui
1500 4500 1768 4557 audierint
1793 4519 1880 4561 me
1904 4520 2025 4563 esse

446 4584 757 4648 Dominum,
791 4584 943 4653 cujus
967 4584 1169 4642 dixisse
1201 4586 1394 4645 fecisse
1425 4596 1528 4646 est.
1568 4590 1695 4649 Haec
1726 4596 2023 4653 secundum

446 4672 701 4737 litteram,
729 4673 837 4728 imo
876 4674 1030 4747 juxta
1054 4675 1337 4732 veritatem
1378 4678 1521 4734 dicta
1554 4682 1664 4737 sint
1704 4685 2021 4755 prophetiae.

450 4762 716 4818 Caeterum
766 4779 835 4819 ex
881 4779 967 4832 eo,
994 4767 1136 4836 quod
1181 4766 1676 4830 Nabuchodonosor
1716 4776 2020 4834 mercedem

446 4853 718 4925 acceperit
778 4855 904 4910 boni
966 4857 1165 4927 operis,
1216 4858 1563 4931 intelligimus
1628 4866 1792 4921 etiam
1840 4869 2024 4924 ethni-

448 4958 565 5010 cos,
595 4942 793 5014 siquid
819 4943 945 5000 boni
982 4944 1227 5015 fecerint,
1265 4965 1372 5005 non
1399 4952 1603 5023 absque
1638 4959 1886 5014 mercede
1926 4959 2021 5015 Dei

440 5035 646 5108 judicio
660 5036 954 5108 “teriri.
987 5036 1140 5093 Unde
1167 5050 1224 5095 et
1262 5055 1361 5110 per
1392 5041 1685 5101 Jeremiam
1736 5047 2022 5106 Nabucho-

445 5129 678 5183 donosor
702 5124 948 5182 columba
979 5127 1074 5183 Dei
1118 5130 1432 5199 appellatur,
1461 5149 1527 5189 co
1555 5138 1697 5206 quod
1733 5139 2019 5197 adversum

441 5216 699 5287 populum
749 5224 1091 5287 peccatorem
1125 5217 1220 5274 Dei
1279 5223 1528 5279 servierit
1561 5225 1842 5283 voluntati.
1885 5249 1904 5281 ι
1957 5231 2025 5286 Et

443 5306 737 5377 adducam,
756 5306 950 5376 inquit,
977 5322 1191 5363 servum
1239 5325 1417 5366 meum
1449 5313 1959 5375 Nabuchodonosor.
1996 5340 2015 5373 ι

445 5395 522 5452 Ex
555 5410 689 5466 quo,
710 5397 1050 5468 perspicuum
1079 5406 1162 5455 est
1205 5400 1549 5467 condemnari
1592 5421 1691 5462 nos
1744 5423 2023 5486 compara-

444 5487 590 5544 tione
639 5490 956 5561 gentilium,
997 5492 1043 5549 si
1077 5492 1150 5549 illi
1198 5493 1316 5566 lege
1346 5494 1549 5554 faciant
1583 5501 1844 5568 naturali,
1898 5517 2019 5572 qua:

446 5593 545 5635 nos
566 5581 727 5636 ctiam
758 5584 955 5655 scripta
993 5584 1329 5657 negligimus.
1358 5588 1433 5644 De
1461 5604 1569 5657 quo
1610 5591 1916 5663 plenissime
1950 5595 2018 5651 ad

2128 3172 2147 3205 ι
2177 3152 2320 3209 Deus
2351 3171 2367 3208 :
2393 3153 2628 3219 Ululate,
2651 3170 2749 3222 vae,
2771 3171 2854 3211 va:
2881 3156 3011 3222 diei,
3032 3156 3159 3227 quia
3180 3155 3335 3224 juxta
3368 3163 3457 3212 est
3495 3156 3636 3222 dies,
3659 3165 3716 3212 et

2128 3262 2147 3297 ι
2174 3245 2603 3316 appropinquant
2649 3247 2764 3303 dies
2817 3246 3063 3329 Domini,
3123 3248 3240 3304 dies
3284 3248 3465 3313 nubis,
3502 3258 3714 3319 tempus

2127 3356 2148 3389 ι
2173 3338 2413 3408 gentium
2441 3338 2568 3403 erit,
2593 3345 2650 3392 et
2700 3339 2884 3394 veniet
2933 3339 3143 3410 gladius
3191 3339 3246 3393 in
3272 3336 3609 3410 Egyptum,
3659 3346 3712 3393 et

2130 3444 2148 3478 ι
2184 3427 2287 3482 erit
2308 3442 2472 3496 pavor
2503 3427 2558 3482 in
2574 3426 2871 3499 Ethiopia,
2890 3444 3011 3484 cum
3039 3429 3333 3484 ceciderint
3361 3428 3635 3484 vulnerati
3656 3429 3707 3483 in

2128 3537 2147 3570 ι
2176 3516 2428 3589 Egypto,
2444 3526 2499 3573 et
2520 3518 2698 3574 ablata
2726 3518 2890 3575 fuerit
2917 3518 3202 3575 multitudo
3221 3518 3387 3584 illius,
3414 3526 3473 3573 et
3497 3519 3708 3575 destru-

2128 3627 2147 3660 I
2176 3616 2262 3664 eta
2288 3609 2634 3665 fundamenta
2649 3608 2782 3678 ejus.
2799 3609 3097 3680 Ethiopia,
3115 3618 3170 3666 et
3191 3609 3380 3681 Libya,
3396 3618 3453 3665 et
3474 3610 3632 3682 Lydi,
3656 3618 3707 3664 et

2129 3715 2148 3750 ι
2170 3714 2331 3754 omne
2355 3699 2618 3770 reliquum
2647 3700 2855 3771 vulgus,
2887 3710 2943 3756 et
2960 3700 3135 3767 Ghub,
3151 3709 3207 3757 et
3235 3700 3327 3755 lilii
3353 3709 3517 3756 terra:
3546 3701 3707 3756 foede-

2129 3786 2256 3845 (ris
2300 3804 2426 3844 cum
2475 3790 2557 3844 eis
2605 3788 2783 3859 gladio
2823 3790 3038 3845 cadent.
3097 3789 3220 3845 Haec
3268 3790 3400 3845 dicit
3446 3791 3702 3846 Dominus

2130 3896 2150 3930 ι
2182 3878 2354 3934 Deus:
2408 3878 2475 3932 Et
2523 3887 2777 3934 corruent
2819 3878 3101 3935 fulcientes
3149 3878 3482 3950 Egyptian,
3532 3888 3592 3934 et
3620 3879 3704 3934 de-

2128 3987 2148 4020 ι
2178 3979 2419 4026 struetur
2468 3971 2721 4047 superbia
2778 3972 2987 4042 imperii
3021 3971 3137 4040 ejus
3165 4011 3180 4037 ,
3226 3986 3258 4025 a
3310 3980 3463 4028 turre
3500 3971 3702 4044 Syenes

2130 4079 2150 4113 c
2179 4059 2354 4129 gladio
2397 4060 2591 4115 cadent
2632 4060 2687 4114 in
2723 4074 2811 4127 ea,
2834 4061 2910 4114 ait
2935 4061 3196 4116 Dominus
3232 4061 3591 4116 exercituum.
3637 4061 3698 4115 Et

2129 4170 2150 4203 ‹
2177 4151 2578 4221 dissipabuntur
2623 4150 2677 4204 in
2721 4150 2898 4207 medio
2924 4159 3190 4206 terrarum
3237 4150 3617 4213 desolatamm,
3646 4160 3698 4205 et

2130 4257 2149 4292 ‹
2174 4241 2339 4297 urbes
2365 4238 2481 4309 ejus
2523 4241 2575 4294 in
2614 4240 2790 4296 medio
2830 4242 3105 4296 civitatum
3136 4240 3476 4297 desertarum
3521 4250 3689 4296 erunt.

2130 4349 2150 4383 ι
2178 4332 2247 4387 Ει
2292 4331 2467 4386 scient
2516 4331 2773 4400 quoniam
2825 4344 2925 4401 ego
2975 4329 3232 4385 Dominus
3255 4370 3271 4394 ,
3331 4345 3455 4385 cum
3502 4330 3692 4385 dedero

2129 4439 2151 4473 α
2181 4421 2361 4492 ignem
2398 4421 2450 4475 in
2476 4420 2730 4492 Egypto,
2755 4428 2811 4476 et
2831 4420 3002 4475 attriti
3034 4420 3232 4476 fuerint
3259 4436 3452 4476 omnes
3475 4419 3691 4475 auxilia-

2130 4531 2149 4566 ι
2184 4522 2328 4571 tores
2347 4512 2483 4582 ejus.
2504 4513 2563 4569 In
2586 4513 2673 4568 die
2685 4513 2775 4567 illa
2800 4513 3144 4584 egredientur
3166 4514 3339 4568 nuntii
3369 4529 3401 4569 a
3426 4512 3563 4570 facie
3579 4526 3687 4567 mea

2129 4621 2149 4656 ι
2179 4603 2232 4659 in
2255 4605 2507 4660 trieribus
2528 4606 2596 4660 ad
2620 4605 2896 4659 terendam
2913 4603 3205 4674 Ethiopia:
3227 4603 3690 4669 conﬂdentiam,et

2129 4712 2150 4746 ι
2181 4695 2288 4751 erit
2318 4708 2484 4764 pavor
2510 4695 2565 4749 in
2592 4695 2672 4750 eis
2717 4696 2772 4749 in
2801 4694 2887 4751 die
2923 4683 3173 4766 Egypti,
3222 4696 3347 4766 quia
3376 4695 3579 4766 absque
3602 4694 3689 4749 du-

2130 4802 2151 4835 ς
2180 4784 2268 4839 bio
2293 4784 2492 4840 veniet.
2521 4784 2652 4840 Ha'c
2671 4784 2803 4840 dicit
2830 4784 3089 4840 Dominus
3113 4785 3273 4841 Deus.
3296 4785 3365 4841 Et
3387 4798 3600 4841 cessare
3620 4781 3691 4837 fa-

2130 4891 2150 4926 ι
2181 4874 2324 4930 ciam
2349 4875 2745 4930 multitudinem
2779 4873 3001 4947 Egypti
3047 4875 3103 4931 in
3149 4891 3311 4929 manu
3340 4873 3690 4930 Nabuchodo—

2129 4980 2149 5014 ι
2176 4978 2339 5018 nosor
2368 4965 2511 5033 regis
2551 4963 2854 5035 Babylonis,
2886 4964 2999 5034 ipse
3036 4972 3094 5020 et
3140 4964 3371 5035 populus
3412 4964 3530 5034 ejus
3575 4975 3689 5018 cum

2126 5071 2145 5105 σ
2173 5068 2259 5119 eo,
2291 5054 2570 5111 fortissimi
2593 5056 2830 5126 gentium
2851 5056 3183 5112 adducentur
3201 5057 3271 5112 ad
3290 5056 3688 5126 disperdenzlam

2129 5161 2147 5195 ι
2176 5154 2400 5209 terram,
2427 5152 2482 5198 et
2513 5144 2876 5215 evaginabunt
2917 5144 3121 5215 gladios
3176 5160 3304 5200 suos
3343 5160 3507 5215 super
3527 5143 3689 5212 λείῃ*

2129 5250 2149 5284 ι
2178 5242 2349 5302 ptum,
2372 5242 2428 5287 et
2468 5233 2763 5303 implebunt
2797 5242 2997 5290 terram
3035 5233 3354 5289 interfectis.
3398 5234 3464 5287 Et
3503 5231 3687 5287 faciam

2128 5338 2147 5371 ‹
2178 5321 2358 5377 alveos
2384 5322 2660 5377 ﬂuminum
2691 5324 2891 5387 aridos.
2922 5331 2976 5378 ct
3000 5323 3211 5379 tradam
3241 5333 3444 5378 terram
3491 5324 3542 5378 in
3585 5335 3691 5374 ma-

2129 5429 2147 5462 ι
2180 5426 2253 5466 nu
2294 5412 2673 5481 pessimorum,
2702 5420 2758 5473 et
2802 5411 3077 5482 dissipabo
3129 5421 3333 5468 terram
3377 5422 3434 5467 et
3470 5410 3687 5481 plenitu-

2125 5520 2145 5555 σ
2173 5501 2352 5558 dinem
2375 5502 2490 5574 ejus
2538 5504 2590 5558 in
2644 5519 2804 5558 manu
2833 5503 3149 5568 alienorum,
3177 5519 3277 5575 ego
3330 5505 3578 5559 Dominus
3612 5499 3687 5553 lo-

2126 5612 2146 5646 ι
2175 5602 2329 5651 cutus
2355 5610 2495 5651 sum.
2522 5595 2647 5653 Haec
2667 5597 2797 5653 dicit
2827 5597 3083 5653 Dominus
3100 5598 3240 5652 Deus
3265 5615 3277 5651 :
3311 5597 3375 5653 Et
3398 5595 3685 5669 disperdam
