3972 6184
358 325 467 376 805

1281 270 1661 377 ‘COMMENT.
1702 322 1769 377 IN
1806 324 2261 382 EZECIIIELEM.
2300 359 2372 371 —-
2404 332 2530 386 LIB.
2569 335 2662 388 XI.

3504 351 3610 406 806

362 457 379 487 ι
416 435 723 492 simulacra.
748 444 801 488 ct
829 448 1042 489 cessare
1071 433 1263 489 faciam
1291 436 1429 491 idola
1471 438 1536 492 de
1572 438 1853 510 Memphis,
1877 451 1931 493 ct
1963 444 2007 501 Λ
2037 441 2315 514 Tantaque
2361 447 2465 502 erit
2501 448 2580 502 ira
2601 449 2834 518 Domini,
2865 460 2924 506 ut
2955 453 3222 510 siccentur
3264 460 3398 515 alvei
3444 460 3614 521 ﬂumi-

362 545 383 579 ι
413 527 519 580 dux
554 526 607 579 in
637 532 781 579 terra
826 522 1047 603 Egypti
1092 540 1197 579 non
1238 526 1357 581 erit-
1382 527 1632 597 amplius.
1686 530 1752 582 Et
1796 532 1935 585 dabo

361 637 381 671 ι
417 626 678 672 terrorem
709 617 761 670 in
800 625 942 671 terra
990 615 1208 686 Egypti
1231 657 1246 682 ,
1272 626 1329 672 et
1370 618 1676 689 disperdam
1734 629 1935 677 terram

360 727 381 760 ι
408 707 700 771 Phatures,
722 713 778 759 et
796 706 933 761 dabo
964 705 1141 776 ignem
1178 705 1231 760 in
1259 706 1519 777 Tapbnis,
1550 716 1606 763 et
1638 708 1833 764 faciam
1855 708 1939 778 ju-

360 815 381 848 I
413 796 552 852 dicia
590 794 647 849 in
685 794 1011 879 Alexandria
1035 834 1052 860 ,
1093 802 1148 850 et
1193 794 1936 879 eli‘undam'indignationem

360 903 381 937 ι
412 899 590 941 meam
643 878 806 952 super
832 882 1103 938 Pelusium
1157 883 1323 938 robur
1370 878 1609 955 .Egypti,
1640 893 1695 940 et
1731 886 1937 942 interﬂ-

359 996 379 1029 ι
411 977 550 1031 ciam
580 974 975 1029 multitudinem
999 973 1354 1029 Alexandriae.
1385 974 1454 1029 Et
1493 975 1634 1031 dabo
1677 975 1854 1045 ignem
1880 976 1935 1031 in

359 1060 646 1138 i/Egypto
672 1084 686 1120 :
716 1066 867 1136 quasi
914 1066 1222 1136 parturiens
1270 1065 1472 1123 dolebit
1517 1066 1828 1134 Pelusium,
1881 1078 1936 1124 et

359 1176 379 1208 ι
411 1157 736 1212 Alexandria
761 1155 868 1211 erit
892 1155 1172 1224 dissipata,
1202 1162 1258 1211 et
1300 1155 1353 1209 in
1384 1155 1645 1226 Memphis
1674 1159 1936 1229 angustiae

359 1265 379 1298 ι
412 1245 760 1315 quotidianae,
791 1241 1020 1311 juvenes
1069 1243 1407 1312 lleliopolcos
1430 1252 1485 1299 ct
1509 1245 1726 1301 Bubasti
1756 1245 1933 1317 gladio

356 1355 375 1386 ι
405 1334 620 1399 cadent,
642 1343 696 1389 ct
723 1334 852 1405 ipsa:
879 1334 1104 1403 captiva:
1127 1334 1409 1400 ducentur,
1431 1344 1486 1390 et
1510 1335 1562 1388 in
1580 1335 1819 1406 Tapbnis
1855 1337 1935 1391 ni-

356 1443 377 1475 x
406 1433 618 1495 grcscet
639 1424 776 1489 dies,
808 1438 931 1478 cum
954 1424 1263 1479 contrivcro
1287 1425 1358 1478 ibi
1385 1434 1596 1495 sceptra
1617 1424 1856 1496 Egypti,
1881 1434 1937 1480 et

355 1536 372 1566 I
409 1515 668 1570 defecerit
688 1516 744 1569 in
763 1531 825 1570 ea
849 1517 1101 1585 superbia
1121 1516 1373 1586 potentia)
1387 1517 1503 1587 ejus
1529 1532 1545 1572 :
1568 1518 1739 1588 ipsam
1762 1519 1933 1573 nubes

354 1627 371 1656 ι
406 1608 628 1676 operict.
663 1606 811 1661 Filiae
837 1615 1014 1660 autem
1037 1606 1153 1676 ejus
1175 1606 1227 1660 in
1250 1607 1618 1677 captivitatem
1648 1609 1929 1663 ducentur.

2034 551 2182 601 num,
2206 537 2307 591 boc
2320 548 2403 592 cst
2424 538 2527 593 Nili
2559 541 2836 619 διώρυχες,
2855 559 3023 614 usque
3045 547 3111 600 ad
3134 548 3326 616 solum,
3342 560 3396 607 et
3419 554 3469 608 in
3496 572 3611 611 ma-

2033 639 2104 679 nu
2125 626 2491 694 pestilentium
2521 630 2634 686 sive
2660 632 2934 688 hominum
2962 637 3313 704 pessimorum
3338 642 3612 711 plenitudo

2033 713 2250 786 Egypti
2287 718 2576 783 desoletur,
2605 736 2723 776 mea
2761 724 2903 778 enim
2934 726 3095 781 verba
3145 729 3294 785 irrita
3339 747 3461 789 esse
3505 752 3613 790 non

2034 815 2274 873 possunt.
2325 806 2561 878 lllucque
2596 811 2841 879 proficiet
2882 815 3196 885 indignatio,
3232 829 3288 874 ut
3322 822 3610 880 simulacra

2034 895 2250 966 A'Igypti
2275 896 2674 968 disperdantur,
2699 911 2753 957 et
2790 916 3005 961 cessent
3033 908 3174 964 idola
3214 909 3282 966 de
3327 911 3611 983 Memphis,

2034 1000 2154 1056 qua:
2182 1002 2351 1056 usque
2370 990 2531 1044 hodie
2555 994 2863 1062 metropolis
2904 1005 2989 1051 est
3025 1001 3420 1069 superstitionis
3445 1002 3612 1076 Egy-

2034 1078 2178 1149 ptize,
2206 1080 2320 1134 sive
2339 1081 2627 1150 optimates
2649 1092 2703 1137 et
2752 1085 3023 1155 principes
3058 1089 3124 1142 de
3163 1090 3422 1162 Memphis
3450 1103 3504 1149 et
3546 1094 3614 1151 de

2035 1176 2180 1224 terra
2209 1167 2449 1241 Egypti.
2483 1171 2686 1226 Tantus
2733 1181 2915 1227 autem
2946 1184 3121 1231 terror
3150 1190 3395 1235 cunctam
3439 1168 3611 1255 Egy-

2032 1269 2181 1329 ptum
2208 1261 2517 1329 possidebit,
2552 1271 2610 1316 ut
2632 1270 2772 1317 terra
2794 1264 3057 1321 Phatnres
3093 1271 3270 1325 omnis
3297 1283 3519 1340 pereat,
3559 1284 3618 1330 et

2037 1348 2176 1417 ignis
2216 1357 2391 1403 vastet
2438 1350 2708 1420 Tapbnis,
2750 1353 2884 1419 sive,
2914 1362 2973 1409 ut
3018 1355 3159 1410 LXX
3199 1362 3612 1430 transtulerunt,

2038 1436 2227 1490 Tanin.
2285 1438 2633 1509 Faciamque,
2665 1443 2762 1507 ait,
2784 1442 2982 1511 judicia
3036 1447 3087 1500 in
3117 1446 3459 1519 Alexandria,
3490 1469 3611 1523 quae

2035 1526 2193 1581 hodie
2228 1527 2307 1583 sic
2334 1541 2593 1584 vocatur:
2625 1540 2879 1586 caeterum
2909 1535 3196 1603 pristinum
3221 1554 3413 1594 nomen
3440 1543 3604 1609 habet

2035 1613 2133 1679 No,
2160 1616 2300 1683 quod
2324 1617 2517 1686 Aquila
2547 1618 2901 1690 Symmachus
2942 1633 2996 1678 et
3027 1625 3343 1693 Tbeodotio,
3385 1632 3526 1686 sicut
3551 1634 3605 1687 in

355 1714 373 1744 ι
410 1695 476 1748 Et
508 1694 702 1749 faciam
727 1694 929 1767 judicia
964 1695 1017 1749 in
1044 1694 1279 1765 Egypto
1299 1735 1314 1761 ,
1364 1703 1419 1751 et
1460 1696 1634 1751 scient
1677 1697 1802 1766 quia
1833 1712 1921 1767 ego

2035 1703 2259 1760 Heme
2287 1706 2522 1774 positum
2559 1717 2641 1762 est
2691 1713 3096 1769 transtulerunt.
3127 1716 3230 1773 Pro
3274 1735 3381 1788 quo
3428 1724 3612 1778 nescio

356 1807 374 1835 ι
414 1785 685 1842 Dominus.
721 1807 739 1839 ι
792 1787 923 1841 Post
959 1786 1274 1841 vicesimum
1321 1795 1378 1842 et
1424 1788 1711 1857 septimum
1736 1804 1933 1843 annum
1963 1785 2009 1843 Β
2037 1793 2164 1861 quid
2199 1793 2441 1852 volentes
2489 1795 2837 1870 Septuaginta
2893 1803 3080 1859 dixere
3120 1785 3433 1877 Diospolim,
3493 1829 3613 1882 quae

348 1879 684 1949 captivitatis
704 1879 848 1950 regis
872 1877 1116 1934 Joachim
1140 1880 1430 1934 revertitur
1457 1881 1523 1935 ad
1539 1895 1777 1951 przescns
1803 1891 1932 1938 tem-

347 1986 451 2039 pus
496 1970 711 2040 quando
752 1980 939 2025 contra
981 1969 1272 2040 IEgyptum
1313 1979 1550 2041 ett-perat
1583 1973 1929 2041 prophetare,

344 2058 403 2113 id
434 2068 536 2125 est,
565 2054 635 2114 ad
659 2073 858 2112 annum
882 2058 1149 2113 decimum
1175 2067 1229 2112 et
1255 2059 1520 2113 decimum
1545 2074 1804 2124 mensem,
1834 2077 1932 2114 nn-

310 2164 313 2165 '
344 2152 559 2208 decima
583 2150 782 2205 mensis
802 2150 907 2204 die.
924 2149 987 2204 Et
1011 2149 1140 2203 dicit
1164 2149 1264 2203 sibi
1294 2157 1661 2218 praeceptuma
1682 2151 1927 2214 Domino,

346 2253 409 2298 ut
433 2244 683 2313 loquatur
703 2242 771 2297 ad
791 2256 977 2296 omnes
1018 2241 1280 2303 nationes,
1306 2249 1361 2295 et
1386 2256 1507 2295 cum
1532 2242 1783 2296 omnibus
1813 2256 1931 2310 spe-

343 2333 558 2389 cialiter
585 2333 651 2387 ad
674 2331 985 2403 zEgyptum.
1013 2330 1141 2398 Qutc
1176 2339 1300 2385 sunt
1331 2346 1459 2401 ergo
1498 2346 1617 2400 qum
1657 2332 1932 2402 loquitur?

310 2454 313 2457 ν
349 2448 368 2480 ε
404 2427 635 2489 Ululate,
660 2440 761 2489 vm,
792 2440 872 2479 va:
902 2423 1028 2488 diei,
1069 2422 1194 2492 quia
1240 2423 1396 2493 juxta
1445 2429 1529 2477 est
1572 2422 1706 2486 dies,
1736 2431 1790 2477 et
1837 2437 1932 2493 ap-

343 2516 666 2586 propinquat
712 2513 829 2568 dies
849 2511 1083 2575 Domini,
1118 2531 1136 2563 ι
1192 2525 1295 2566 non
1327 2510 1473 2564 claro
1514 2510 1627 2565 sole
1677 2510 1927 2577 rutilans,

344 2606 440 2660 sed
474 2613 658 2674 operta
688 2603 937 2667 nubibus,
968 2611 1023 2656 et
1055 2600 1398 2672 Babyloniam
1425 2600 1676 2655 adferens
1720 2611 1931 2670 tempe-

344 2701 562 2749 statem.
591 2692 831 2762 Cumque
852 2691 1059 2763 gladius
1098 2691 1322 2760 cmperit
1359 2698 1569 2745 vastare
1612 2689 1926 2761 Egyptum,

345 2801 513 2855 pavor
531 2784 641 2841 erit‘
658 2785 711 2839 in
737 2783 1011 2853 EthiOpia
1035 2797 1153 2851 qna:
1185 2782 1359 2838 vicina
1388 2791 1471 2836 est
1490 2781 1746 2852 IEgypto,
1771 2797 1837 2837 ne
1860 2783 1928 2837 ad

343 2890 406 2933 se
432 2888 603 2943 usque
639 2871 963 2943 Babylonius
998 2886 1186 2927 mucro
1230 2869 1520 2941 perveniat.
1553 2870 1926 2939 Cadentcnim

345 2964 400 3017 in
423 2962 653 3033 [Egypto
679 2960 961 3025 vulnerati,
986 2968 1043 3014 ct
1082 2959 1356 3014 auferetur
1381 2959 1669 3014 multitudo
1701 2960 1847 3014 illius
1873 2968 1928 3014 et

341 3067 516 3122 usque
542 3052 608 3106 ad
644 3051 985 3106 fundamenta
1020 3050 1198 3104 omnia
1244 3051 1594 3104 destrucntur
1619 3089 1634 3113 ,
1692 3050 1765 3104 ita
1794 3058 1854 3104 ut
1879 3051 1926 3105 si

2033 1880 2249 1954 Egypti
2272 1900 2436 1955 parva
2456 1887 2650 1943 civitas
2676 1899 2776 1943 est.
2802 1889 2911 1946 Nos
2936 1900 3113 1947 autem
3134 1911 3231 1964 pro
3277 1897 3356 1953 No
3383 1880 3613 1956 Alexan-

2033 1972 2202 2027 driam
2253 1977 2529 2044 posuimus
2555 2018 2570 2041 ,
2614 1994 2714 2048 per
2750 1981 3222 2050 anticipationem,
3272 2002 3390 2056 quae
3427 1990 3613 2046 Graece

2031 2063 2293 2133 prolepsis
2327 2067 2622 2135 appellatur
2644 2108 2658 2131 ,
2703 2070 2855 2139 juxta
2886 2072 3013 2126 illud
3054 2073 3403 2145 Virgilianum
3432 2094 3446 2132 :
3502 2081 3609 2134 La-

2032 2152 2249 2223 vinaque
2275 2156 2409 2208 venit
2451 2156 2631 2211 littora
2661 2173 2680 2211 :
2730 2173 2834 2212 non
2860 2175 2967 2229 quo
3005 2175 3070 2217 eo
3098 2172 3358 2235 tempore,
3401 2171 3614 2237 quando

2031 2241 2177 2295 venit
2208 2240 2413 2298 Aﬂncas
2448 2244 2501 2299 in
2529 2245 2740 2301 Latium
2775 2247 2992 2304 Lavinia
3021 2252 3349 2320 dicerentur,
3377 2259 3469 2313 sed
3491 2274 3612 2329 quae

2030 2341 2217 2401 postea
2239 2332 2461 2387 Lavinia
2498 2347 2803 2405 nuncupata
2852 2349 3000 2404 sunt,
3021 2349 3082 2407 ut
3106 2345 3438 2400 manifestior
3465 2347 3613 2402 locus

2032 2420 2186 2475 fieret
2233 2420 2451 2478 lectoris
2499 2425 2882 2497 intelligentize.
2923 2447 2942 2481 ι
2982 2431 3049 2484 Et
3097 2432 3384 2501 effundam,
3414 2437 3607 2506 inquit,

2031 2510 2451 2581 indignationem
2498 2528 2672 2569 meam
2718 2533 2878 2587 super
2932 2518 3083 2587 Sain,
3125 2542 3144 2575 ι
3190 2538 3350 2592 quam
3400 2542 3498 2583 nos
3555 2530 3609 2583 in

2030 2602 2302 2661 Pelusium
2340 2610 2599 2666 vertimus
2629 2627 2644 2665 :
2676 2620 2732 2667 et
2760 2614 2923 2668 robur
2946 2617 3242 2687 appellatur
3275 2619 3497 2692 Egypti
3542 2639 3609 2678 eo

2029 2694 2170 2763 quod
2210 2704 2425 2765 portum
2462 2698 2660 2755 habeat
2704 2703 3030 2787 tutissimum
3055 2745 3071 2770 ,
3107 2715 3161 2762 et
3216 2711 3608 2781 negotiationes

2028 2785 2197 2840 maris
2244 2786 2316 2841 ibi
2347 2787 2432 2843 vel
2478 2790 2711 2846 maxime
2756 2785 3130 2852 exerceantur.
3165 2797 3317 2855 Unde
3351 2810 3408 2857 et
3449 2810 3607 2870 poeta

2027 2874 2362 2932 Pelusiacam
2389 2879 2620 2949 appellat
2660 2882 2884 2950 lentem,
2927 2900 3030 2941 non
3059 2888 3201 2956 quod
3228 2889 3296 2943 ibi
3330 2904 3497 2960 genus
3526 2895 3605 2946 le-

2028 2965 2261 3035 guminis
2289 2968 2539 3038 gignatur
2577 2971 2663 3025 vel
2689 2974 2944 3041 maxime,
2973 2978 3069 3032 sed
3104 2979 3244 3047 quod
3274 2996 3307 3034 e
3334 2980 3607 3037 Thebaide

2027 3065 2083 3112 et
2111 3059 2261 3113 omni
2287 3059 2518 3131 .IEgypto
2547 3076 2643 3131 per
2667 3064 2839 3117 rivum
2870 3063 2975 3119 Nili
3026 3064 3153 3122 illnc
3179 3068 3469 3137 plurimum
3510 3072 3605 3127 de-
3650 3094 3659 3097 -

340 3144 465 3212 quis
502 3143 554 3196 in
582 3140 813 3212 [Egypto
842 3140 1138 3211 reperiatur
1175 3141 1242 3196 de
1271 3141 1547 3210 Ethiopia
1573 3148 1629 3195 et
1663 3139 1831 3211 Libya
1864 3152 1919 3198 et
1946 3126 1989 3186 (ἶ
2021 3144 2249 3200 feratur.
2280 3165 2299 3199 ‹
2345 3126 2795 3218 Btintdrﬁeiam,
2823 3154 2922 3218 ait,
2948 3126 3342 3213 multitudinem
3373 3158 3606 3224 Alexan-

340 3234 531 3305 Lydia,
557 3234 689 3288 etin
722 3247 1006 3289 commune
1050 3233 1117 3288 de
1164 3233 1328 3288 variis
1369 3234 1579 3304 populis
1635 3242 1692 3289 et
1728 3234 1917 3300 Chub,

340 3322 485 3392 quod
500 3321 853 3392 Symmachus
868 3321 1099 3375 vertitin
1123 3321 1397 3385 Arabiam,
1426 3330 1481 3375 et
1515 3321 1580 3376 de
1618 3320 1740 3376 ﬁliis
1763 3330 1920 3377 terrae

340 3412 584 3475 foederis,
614 3411 717 3466 hoc
740 3419 845 3475 est,
870 3410 937 3465 de
963 3411 1159 3480 populo
1182 3411 1507 3477 Judteorum,
1533 3427 1652 3466 cum
1683 3411 1788 3466 illis
1807 3411 1919 3482 gla-

340 3504 433 3557 dio
477 3502 652 3557 cadat.
702 3500 809 3557 Pro
859 3501 1055 3570 quibus
1123 3501 1373 3572 gentibus
1415 3500 1555 3555 LXX
1619 3496 1918 3571 posuerunt

342 3613 360 3645 ‹
400 3592 577 3647 Persa:
620 3599 676 3646 et
703 3589 986 3647 Cretenses
1034 3600 1089 3645 et
1133 3591 1264 3663 Lydi
1296 3600 1350 3648 et
1398 3592 1594 3664 Libyes
1625 3603 1679 3648 et
1730 3609 1918 3650 omnes

336 3683 617 3739 commixti
643 3699 659 3736 :
690 3690 746 3738 et
781 3682 875 3736 lilii
907 3682 1233 3737 Testamenti
1268 3683 1391 3745 mei,
1420 3698 1542 3739 eum
1595 3683 1709 3754 ipsa
1739 3685 1917 3757 gladio

337 3774 555 3829 cadent.
589 3791 608 3824 ι
640 3771 707 3825 Ει
730 3780 788 3826 ut
824 3770 1087 3827 sciremus
1108 3771 1206 3827 has
1230 3786 1419 3827 omnes
1442 3780 1628 3843 gentes
1665 3772 1828 3828 fuisse
1861 3774 1915 3827 in

336 3864 543 3920 auxilio
570 3863 814 3935 Egypti,
842 3879 1073 3936 sequens
1101 3879 1281 3920 sermo
1314 3864 1665 3920 demonstrat.
1695 3865 1761 3919 Et
1791 3880 1914 3920 cor-

337 3964 500 4010 rnent
529 3953 1129 4025 fulcientcsASgyptum,
1151 3955 1263 4009 sive
1285 3956 1647 4011 sustentacula
1671 3956 1914 4028 Egypti,

336 4047 391 4100 id
413 4054 517 4113 est,
542 4046 694 4102 socii.
731 4046 800 4100 Et
825 4046 1000 4102 omnis
1040 4047 1291 4116 superbia
1332 4046 1566 4116 imperii,
1590 4048 1702 4102 sive
1722 4056 1913 4103 contu-

335 4136 498 4191 melia
524 4135 852 4193 fortitudinis
883 4136 1024 4192 illius
1053 4137 1359 4192 destruetur
1400 4153 1467 4192 ac
1511 4139 1822 4207 deponetnr.
1867 4138 1915 4194 A

338 4236 491 4282 turre
520 4226 696 4298 Syene
720 4268 736 4293 ,
775 4243 937 4297 quam
982 4228 1035 4282 in
1065 4229 1324 4284 extremis
1372 4229 1567 4284 finibus
1595 4230 1810 4302 ngypti
1828 4230 1913 4286 .si-

338 4325 452 4371 tam
491 4318 743 4384 diximus,
782 4318 898 4373 sive
955 4335 974 4369 ε
1021 4333 1053 4373 a
1097 4318 1342 4390 Magdalo
1380 4334 1553 4391 usque
1614 4319 1850 4391 Syenen,
1888 4339 1907 4373 ι

336 4408 483 4463 sicut
543 4408 891 4480 Septuaginta
938 4409 1371 4475 transtulerunt,
1424 4426 1611 4467 omnes
1667 4413 1913 4468 civitates

337 4496 556 4569 Egypti
585 4498 814 4553 deserta:
864 4505 1063 4562 erunt,
1111 4505 1173 4552 ut
1222 4509 1546 4570 cognoscant
1594 4500 1909 4568 Dominum;

335 4587 553 4656 quando
580 4587 719 4659 ignis
737 4587 1108 4644 Chaldaeorum
1134 4589 1388 4647 universa
1414 4592 1722 4657 vastaverit,
1753 4601 1808 4647 ct
1830 4602 1913 4648 at-

337 4679 453 4732 triti
508 4677 705 4733 fuerint
727 4678 1073 4734 auxiliatores
1101 4678 1235 4749 ejus,
1262 4689 1317 4739 et
1358 4683 1701 4750 pervenerint
1740 4684 1911 4739 nuntii

333 4769 485 4837 juxta
513 4767 760 4836 Aquilam
798 4778 853 4823 ct
876 4767 1299 4825 Theodotionem
1328 4771 1470 4835 siim,
1499 4786 1635 4841 quos
1662 4771 1911 4844 Symma-

336 4858 475 4913 cbus
519 4858 791 4912 transtulit
831 4857 1166 4926 festinantes,
1193 4875 1293 4916 nos
1318 4860 1371 4915 in
1399 4861 1590 4917 trieres
1617 4864 1905 4933 vertimus;

336 4950 413 5002 ita
445 4947 589 5002 enim
631 4948 698 5003 ab
729 4947 970 5004 licbrmis
1003 4950 1309 5021 accepimus
1329 4991 1344 5017 ,
1401 4961 1462 5008 ut
1498 4956 1675 5011 omnis
1700 4955 1912 5013 Ethio-

339 5042 439 5110 pia:
467 5041 658 5097 fiducia
691 5052 1021 5110 conteratur,
1053 5052 1109 5101 et
1151 5047 1363 5115 quando
1394 5045 1555 5100 fuerit
1585 5046 1759 5103 vicina
1788 5061 1914 5116 pro-

336 5134 512 5189 vincia
535 5134 794 5200 desolata,
825 5150 993 5205 pavor
1032 5145 1212 5192 teneat
1253 5137 1569 5206 proximam.
1618 5137 1684 5193 Ut
1728 5146 1910 5194 autem

338 5225 602 5281 sciremus
624 5226 746 5296 quis
769 5235 914 5282 esset
957 5228 1060 5282 iste
1092 5227 1320 5296 gladius,
1365 5229 1455 5298 qui
1484 5237 1717 5285 vastaret
1745 5228 1910 5300 Atigy-

336 5326 509 5388 ptum,
532 5325 587 5372 et
616 5324 844 5373 terreret
889 5316 1242 5388 Ethiopiam,
1264 5319 1504 5388 sequitur
1550 5318 1907 5374 manifestius.

342 5425 363 5459 ι
402 5408 469 5462 Et
500 5422 715 5463 cessare
756 5406 952 5463 faciam
983 5407 1374 5463 multitudinem
1402 5407 1618 5479 Egypti
1639 5411 1696 5464 in
1743 5424 1907 5464 manu

338 5497 830 5553 Nabuchodonosor
877 5498 1018 5569 regis
1062 5496 1370 5567 Babylonis,
1404 5517 1423 5550 ι
1463 5499 1554 5568 qui
1599 5513 1705 5554 non
1737 5498 1908 5554 solum

336 5588 534 5652 veniet,
558 5587 652 5642 sed
679 5587 860 5642 veniet
880 5586 1065 5642 multis
1084 5586 1370 5642 comitatus
1403 5586 1726 5654 nationibus,
1750 5588 1823 5643 ita
1853 5597 1911 5645 ut

337 5676 510 5730 omnis
541 5674 802 5746 mgyptus
833 5675 1233 5733 interfectorum
1268 5674 1527 5747 sanguine
1555 5677 1904 5746 compleatur.

2020 3234 2169 3299 drite,
2207 3256 2227 3289 ι
2261 3252 2381 3306 quae
2433 3255 2645 3299 rursum
2692 3242 2746 3299 in
2791 3242 3016 3300 "eme
3042 3247 3216 3315 posita
3250 3257 3333 3305 est
3363 3249 3467 3316 Na,
3504 3266 3603 3320 pro

2018 3340 2124 3394 qua
2155 3339 2492 3396 nequaquam
2519 3329 2810 3400 Diospolim
2859 3340 2915 3385 ut
2948 3348 3108 3403 supra
3131 3375 3148 3401 ,
3198 3337 3291 3392 sed
3319 3338 3601 3411 Memphim

2019 3412 2374 3484 Septuaginta
2398 3416 2803 3472 transtulerunt.
2836 3419 2903 3474 Et
2929 3430 2986 3474 ut
3013 3425 3262 3478 ostendat
3290 3428 3599 3495 populosam

2012 3506 2125 3577 jam
2158 3506 2249 3561 illo
2304 3516 2545 3577 tempore
2574 3507 2737 3564 fuisse
2783 3511 2995 3569 urbem:
3041 3513 3292 3582 Perdam,
3319 3516 3413 3582 ait,
3456 3520 3598 3572 mul-

2019 3595 2300 3651 titndinem
2315 3595 2417 3663 No,
2431 3605 2485 3652 et
2507 3598 2645 3654 dabo
2667 3599 2867 3670 ignem,
2885 3601 2984 3657 hoc
3000 3613 3083 3658 est
3107 3618 3287 3673 regem
3312 3605 3599 3677 Babylonis

2018 3685 2074 3740 in
2109 3684 2378 3758 Egypto,
2407 3689 2496 3756 qui
2523 3691 2694 3744 instar
2729 3691 2867 3761 ignis
2891 3702 3085 3747 cuncta
3107 3694 3410 3764 populetur.
3428 3697 3597 3764 Quasi

2016 3777 2324 3846 parturiens
2343 3777 2541 3833 dolebit
2555 3777 2704 3843 Sain,
2722 3780 2774 3835 id
2785 3790 2887 3847 est,
2896 3781 3160 3838 Pelusium
3181 3801 3194 3838 :
3212 3785 3323 3839 sive
3337 3787 3598 3844 turbatio-

2018 3883 2085 3922 ne
2111 3868 2430 3931 turbabitur,
2448 3869 2569 3923 etin
2593 3869 2935 3936 Alexandria,
2955 3873 3005 3926 id
3025 3882 3129 3939 est,
3146 3874 3197 3928 in
3219 3873 3440 3942 No,erit
3459 3878 3595 3933 scis-

2017 3973 2163 4012 sura.
2182 3958 2248 4011 Et
2273 3958 2638 4015 diti‘undentur
2662 3975 2835 4030 aquas,
2863 3977 2965 4032 pro
2985 3979 3089 4033 qua
3120 3981 3332 4021 rursum
3375 3967 3598 4039 Septua-

2016 4050 2161 4119 ginta
2193 4048 2484 4119 Diospolim
2530 4052 2940 4109 transtulerunt.
2987 4055 3148 4113 Moris
3196 4068 3376 4114 autem
3426 4059 3595 4132 [Egy-

2015 4140 2250 4209 ptiorum
2294 4148 2399 4205 est,
2429 4150 2643 4210 propter
2691 4142 3099 4201 inundationem
3151 4147 3302 4215 Nili,
3351 4151 3594 4207 excelsos

2015 4242 2240 4299 aggeres
2267 4239 2582 4286 construere
2615 4247 2679 4287 ac
2724 4233 2897 4302 ripas»
2928 4234 3055 4302 Nili,
3082 4237 3174 4306 qui
3219 4240 3266 4293 si
3313 4240 3595 4296 custodum

2017 4318 2337 4401 negligentia
2394 4320 2479 4376 vel
2527 4321 2691 4377 nimia
2736 4338 2998 4393 aquarum
3040 4328 3405 4397 magnitudine
3448 4333 3592 4401 rupti

2018 4396 2592 4480 fuerint,subjacentes
2619 4429 2837 4484 campos
2858 4396 3190 4485 nequaquam
3220 4419 3394 4489 rigant
3414 4396 3588 4490 aqute,

2018 4499 2113 4554 sed
2140 4501 2452 4571 Opprimunt
2472 4510 2630 4570 atque
2660 4502 3000 4571 populantur.
3031 4504 3134 4560 Per
3155 4508 3293 4575 quod
3322 4510 3589 4580 significa-

2017 4596 2124 4654 tur,
2150 4590 2230 4645 sie
2247 4590 2614 4646 Chaldaeorum
2634 4593 2873 4647 exercitu
2888 4595 3248 4664 occupandam
3271 4596 3582 4670 Egyptum,

2013 4683 2280 4753 quomodo
2308 4682 2690 4739 inundantibus
2719 4682 2822 4737 Nili
2868 4685 3043 4754 aquis,
3069 4694 3125 4742 et
3151 4701 3314 4757 super
3360 4691 3577 4747 modum

2010 4772 2376 4827 crescentibus
2399 4773 2597 4841 operiri
2633 4773 2943 4843 soletatque
2968 4775 3261 4845 corrumpi.
3287 4775 3390 4832 Pro
3412 4777 3573 4834 inun-

2010 4863 2226 4918 datione
2248 4878 2507 4933 aquarum
2547 4871 2603 4919 et
2649 4863 2945 4937 irruptione
2972 4874 3131 4935 atque
3164 4868 3393 4923 scissura
3424 4886 3582 4942 agge-

2015 4968 2155 5017 rum,
2187 4952 2239 5006 in
2264 4951 2487 5008 Hebrteo
2505 4954 2738 5023 positum
2752 4942 2866 5009 est.
2897 4975 2915 5007 ι
2953 4956 3018 5010 Et
3048 4966 3210 5012 erunt
3239 4958 3290 5013 in
3319 4958 3582 5028 Memphis

2013 5043 2273 5114 angustia:
2287 5044 2645 5113 quotidianae,
2659 5064 2678 5097 ›
2700 5052 2759 5099 ιιι
2784 5046 2923 5100 unde
2945 5045 3097 5103 Nilus
3119 5047 3393 5115 dividitur,
3415 5057 3469 5104 et
3491 5050 3581 5105 ubi

2011 5134 2143 5205 Apis
2165 5135 2417 5206 templum
2438 5145 2542 5200 est,
2565 5145 2617 5191 et
2640 5137 2882 5192 consulta
2904 5138 3230 5208 respondent
3252 5138 3486 5205 oracula,
3505 5140 3579 5197 ibi

2012 5226 2338 5297 quotidianae
2364 5227 2623 5298 angustiae
2660 5226 2809 5283 fiant.
2839 5227 3071 5285 Juvenes
3099 5244 3312 5299 quoque
3333 5229 3580 5300 Heliopo~

2011 5318 2145 5383 leos,
2174 5333 2290 5387 quae
2306 5318 2569 5375 Hebraice
2596 5305 2892 5390 appellatur
2916 5325 3007 5385 od,
3031 5329 3086 5375 et
3108 5319 3329 5376 Bubasti
3356 5320 3579 5375 alterius

2008 5406 2264 5471 civitatis,
2297 5406 2473 5477 gladio
2495 5416 2771 5474 corruerit,
2794 5407 2868 5462 ita
2905 5418 2962 5463 ut
2988 5409 3114 5478 ipsae
3142 5407 3444 5474 urbes,hoc
3469 5417 3576 5476 est,

2009 5496 2362 5560 habitatores,
2391 5497 2505 5552 sive
2528 5496 2783 5553 mulieres
2811 5507 3000 5552 earum
3021 5498 3285 5552 ducantur
3326 5497 3380 5551 in
3409 5500 3578 5567 capti-

2009 5585 2253 5651 vitatem,
2283 5586 2374 5657 qui
2396 5574 2557 5645 sexus
2584 5584 2791 5655 injuria:
2820 5585 3076 5655 suhjacet.
3096 5586 3154 5640 In
3189 5586 3423 5656 Tapbnis
3447 5591 3575 5642 vero

2009 5694 2129 5749 qum
2156 5686 2237 5733 est
2272 5677 2418 5749 regia
2444 5677 2634 5733 civitas
2661 5687 3003 5733 conterentur
3022 5688 3230 5750 sceptra
3260 5678 3499 5757 Egypti,
3518 5679 3574 5737 id
