3972 6184
415 223 524 283 807

1108 222 1168 278 Β.
1209 219 1463 278 RABANI
1499 219 1718 277 MAURI
1748 219 2073 277 ARCHIEP.
2118 218 2727 281 MOGUNT.OPERUM
2752 217 2935 274 PARS
2972 216 3041 272 ll.

3569 219 3668 278 808

415 344 516 398 est,
546 348 709 391 omne
739 334 943 405 regium
992 347 1179 403 genus.
1209 331 1452 401 Cumque
1499 331 1737 400 petentia
1767 330 1990 400 ejusin-
2020 334 2067 393 Α
2095 349 2201 388 non
2247 332 2513 403 plantavit
2549 330 2787 385 ctelestis
2838 338 2995 400 pater
3039 328 3413 386 eradicabitur
3456 329 3673 401 (Matth.

416 426 659 483 terfcctis
706 427 1041 498 principibus
1095 424 1374 489 defecerit,
1398 434 1526 481 tunc
1572 425 1845 496 nigrescet
1875 426 1992 481 dies

413 526 468 572 et
519 516 749 588 caligine
800 530 865 571 ac
919 516 1161 571 tenebris
1198 516 1379 572 omnia
1447 516 1877 587 complebuntur,
1913 517 1991 572 ita

415 616 475 662 ut
502 609 615 677 ipsa
645 606 774 662 urbs
801 607 1077 675 operiatur
1124 607 1268 661 nube
1309 607 1562 662 mmroris
1607 622 1674 661 ac
1699 606 1895 662 luctus.
1926 607 1975 690 Γ(

416 697 540 754 lilia:
560 697 691 767 ejus,
722 698 776 752 id
800 705 903 759 est,
926 696 1120 767 oppida
1144 697 1349 766 reliqua
1381 696 1650 752 ducantur
1677 697 1731 750 in
1766 697 1991 766 captivi-

415 796 601 853 tatem,
632 796 692 841 ut
720 796 1001 857 postquam
1048 785 1226 841 fecero
1266 785 1526 854 judicium
1572 786 1624 840 in
1654 785 1905 858 Egypto,
1937 793 1991 840 et

413 877 468 932 in
498 876 963 947 cunctisjndicem
987 877 1451 939 demonstravero,
1483 885 1608 930 tunc
1629 876 1801 931 sciant
1827 875 1992 948 Egy-

410 968 506 1039 ptii
555 968 695 1038 quod
744 983 843 1036 ego
887 967 988 1020 sim
1032 966 1308 1021 Dominus.
1362 966 1490 1021 Ilzec
1547 967 1700 1037 quasi
1753 966 1990 1036 parvulis

409 1060 673 1115 elementa
703 1060 1102 1128 descripsimus,
1137 1068 1195 1113 ut
1219 1073 1317 1129 per
1345 1060 1572 1122 litteras,
1601 1058 1858 1130 syllabas,
1888 1076 1989 1114 no-

409 1151 576 1214 mina,
599 1151 992 1218 verborumque
1016 1159 1325 1203 contextum
1356 1151 1562 1219 possint
1591 1152 1658 1206 ad
1704 1151 1985 1205 lectionem

406 1254 580 1309 prosa:
602 1239 685 1294 vel
710 1239 971 1293 carminis
985 1240 1288 1308 pervenire.
1315 1238 1466 1294 Nunc
1479 1240 1854 1310 aggrediamur
1878 1248 1997 1313 tro-I

405 1329 694 1399 pologiam,
720 1339 774 1383 ct
805 1328 1127 1383 latissimum
1148 1328 1532 1400 disputationis
1574 1328 1795 1400 pelagus
1837 1328 1987 1384 brevi

405 1421 561 1488 quasi
585 1419 808 1488 pictura:
838 1418 1019 1472 tabula
1043 1418 1493 1473 demonstremus.
1535 1416 1727 1472 Sermo
1752 1417 1984 1480 Domini,

403 1510 495 1579 qui
526 1518 646 1563 erat
688 1524 903 1579 semper
933 1508 985 1561 in
1019 1517 1195 1578 patre,
1221 1508 1393 1564 lactus
1421 1517 1505 1564 est
1541 1510 1610 1564 ad
1646 1510 1984 1579 pr0phetam,

401 1609 457 1659 ct
477 1608 634 1656 vocat
651 1615 773 1654 eum
800 1614 1139 1669 nequaquam
1162 1599 1382 1655 nomine
1408 1615 1529 1665 suo,
1561 1601 1658 1655 scd
1684 1598 1851 1655 lilium
1889 1600 1987 1657 ho-

2092 423 2204 495 xv).
2244 442 2264 475 »
2294 421 2446 479 Unde
2470 430 2526 477 et
2564 420 2829 477 Jeremias
2848 422 3134 479 destruere
3165 418 3389 499 iubetur
3406 436 3530 493 qua:
3555 438 3677 481 cou-

2088 522 2293 570 structa
2323 523 2512 577 erant,
2554 520 2614 568 ut
2642 509 2875 569 :edilicet
2896 509 3140 566 meliora.
3170 509 3432 569 Peribunt
3457 529 3674 585 quoque

2089 607 2143 661 in
2168 605 2404 677 Egypto
2433 598 2737 673 Ethiopcs,
2771 602 2966 675 Libyes
2991 614 3047 658 et
3075 602 3231 675 Lydi,
3254 602 3370 659 sive
3389 602 3547 673 juxta
3574 605 3674 662 Se—

2088 696 2387 766 ptuaginta,
2416 695 2612 760 Perse,
2641 692 2961 758 Cretenses,
2994 701 3050 748 et
3095 692 3265 765 Lydi,
3296 701 3354 748 et
3382 690 3582 766 Libyes
3621 705 3678 755 et

2088 785 2262 851 Chub,
2300 786 2354 839 id
2402 793 2503 850 est,
2546 784 2797 849 Arabes,
2844 792 2903 838 et
2946 797 3109 841 omne
3164 782 3433 855 reliquum
3465 783 3674 856 vulgus,

2087 892 2224 947 quos
2253 896 2272 928 ι
2300 876 2566 947 llybridas
2596 883 2758 945 atque
2777 874 3051 930 mixticios
3074 873 3217 930 LXX
3242 874 3674 933 transtulerunt:

2088 984 2226 1039 quos
2258 983 2448 1023 omnes
2466 982 2568 1037 pro
2591 966 2904 1022 diversitate
2935 966 3196 1023 vitiorum
3228 966 3680 1039 interpretatione

2088 1059 2384 1122 nominum,
2410 1074 2530 1128 qum
2568 1058 2621 1112 in
2653 1058 2861 1113 visione
2900 1058 3029 1129 Tyri
3074 1059 3350 1129 posuimus
3375 1100 3392 1124 ,
3436 1061 3683 1129 diversas

2088 1164 2375 1221 possumus
2431 1148 2732 1218 intelligere
2789 1148 3056 1204 nationes.
3139 1148 3291 1205 Unde
3340 1150 3676 1221 Apostolus:

2095 1260 2114 1291 ‹
2158 1240 2284 1303 Vos,
2318 1239 2513 1309 inquit,
2537 1247 2725 1311 gentes
2774 1239 2830 1292 in
2867 1254 3050 1305 carne,
3084 1259 3104 1292 ι
3148 1239 3240 1309 qui
3268 1240 3514 1296 dicimini
3542 1256 3681 1312 prae-

2086 1332 2295 1401 putium
2326 1330 2542 1402 (Ephes.
2574 1328 2669 1402 u);
2696 1344 2988 1399 numquam
3014 1320 3161 1386 enim
3190 1329 3417 1386 dixisset
3443 1330 3500 1384 in
3522 1347 3680 1384 came

2087 1432 2298 1492 gentes,
2332 1422 2434 1477 nisi
2462 1431 2647 1477 essent
2674 1419 2793 1475 alia:
2830 1420 2885 1474 in
2908 1420 3121 1491 spiritu.
3158 1418 3228 1475 Ut
3262 1419 3314 1474 in
3359 1419 3471 1475 alio
3510 1419 3631 1475 loco
3660 1438 3675 1473 :

2093 1531 2110 1564 ι
2153 1510 2336 1567 Videte
2356 1511 2520 1567 Israel
2547 1510 2842 1567 secundum
2864 1524 3083 1565 carnem
3110 1508 3161 1581 (1
3189 1507 3313 1564 Cor.
3361 1509 3439 1579 x).
3474 1529 3494 1561 ι
3525 1509 3678 1566 Unde

2087 1617 2414 1675 magnopere
2457 1600 2846 1672 providendum
2887 1608 2993 1667 est,
3016 1616 3084 1656 ne
3114 1601 3277 1656 corde
3333 1612 3679 1658 revertamur

401 1693 603 1749 minis:
630 1692 774 1762 quod
798 1691 853 1746 in
882 1689 1176 1761 Scripturis
1204 1692 1406 1746 sanctis
1433 1691 1488 1746 in
1530 1692 1727 1748 bonam
1774 1702 1986 1763 partem
2016 1685 2061 1744 B
2092 1693 2145 1747 in
2172 1691 2486 1764 Egyptum,
2508 1692 2575 1748 de
2590 1707 2695 1762 qua
2721 1689 2889 1746 semel
2913 1691 3181 1746 exivimus
3201 1702 3257 1746 et
3284 1690 3419 1761 inter
3446 1700 3677 1747 cameras

400 1801 616 1856 semper
643 1784 908 1855 accipitur
953 1785 1217 1839 duntaxat
1266 1799 1492 1840 numero
1536 1784 1819 1856 singulari,
1843 1793 1902 1840 ut
1931 1785 1985 1841 in

401 1877 507 1931 hoc
535 1876 722 1931 eodem
760 1876 1022 1945 propheta
1051 1883 1106 1930 et
1148 1875 1203 1929 in
1235 1874 1450 1931 Daniele
1475 1884 1534 1930 et
1580 1875 1634 1930 in
1661 1874 1983 1946 Evangelia;

400 1966 640 2036 alioquin
683 1965 881 2035 plurali
930 1980 1157 2021 numero
1188 1966 1243 2020 in
1272 1965 1606 2021 contrarium
1640 1966 1837 2037 legitur
1862 2006 1879 2032 ,
1928 1973 1988 2022 ut

399 2067 484 2114 est
516 2057 679 2111 illud:
715 2073 735 2108 ι
769 2055 889 2111 Filii
931 2056 1233 2118 hominum,
1278 2056 1466 2111 dentes
1502 2070 1691 2111 eorum
1728 2072 1881 2112 arma
1932 2065 1988 2112 et

398 2156 626 2226 sagittae,
647 2163 704 2210 et
720 2155 900 2226 lingua
926 2169 1111 2210 eorum
1134 2152 1343 2225 gladius
1364 2163 1574 2209 acutus.
1601 2172 1618 2204 ι
1638 2153 1705 2207 Ει
1725 2168 1937 2208 rursum
1968 2172 1980 2207 :

404 2263 424 2295 ι
462 2244 582 2299 Filii
616 2245 921 2308 hominum,
950 2257 1234 2313 usquequo
1254 2242 1407 2313 gravi
1427 2243 1626 2298 corde?
1648 2261 1666 2294 ι
1687 2238 1859 2312 (Psal.
1883 2240 1984 2311 tv.)

396 2335 507 2391 Leo
540 2336 688 2391 enim
732 2335 927 2407 rugiet,
942 2343 997 2388 et
1030 2334 1155 2404 quis
1192 2349 1299 2389 non
1328 2333 1576 2390 timebit?
1603 2334 1864 2390 Dominus
1909 2330 1988 2388 lo—

396 2436 555 2482 cutus
605 2434 690 2482 est
730 2436 788 2480 et
839 2426 964 2495 quis
1008 2439 1114 2479 non
1166 2423 1547 2495 prophetabit?
1580 2443 1598 2478 ι
1645 2424 1826 2496 (Amos
1874 2420 1984 2493 ιιι.)

400 2534 420 2567 ι
455 2514 689 2579 Ululate,
710 2514 904 2584 inquit,
929 2528 1029 2578 rm,
1059 2528 1140 2567 va:
1173 2513 1300 2579 diei,
1331 2515 1455 2583 quia
1477 2513 1634 2583 juxta
1660 2523 1747 2570 est
1773 2514 1908 2580 dies,
1930 2522 1988 2570 et

395 2608 811 2677 appropinquat,
834 2606 968 2661 dicit
988 2604 1266 2674 Dominus,
1287 2607 1403 2663 dies
1422 2606 1601 2672 nubis,
1635 2615 1846 2678 tempus
1870 2607 1985 2663 sive

397 2695 523 2750 ﬁnis
571 2696 810 2766 gentium
839 2697 963 2753 erit.
1016 2717 1036 2750 ι
1072 2696 1276 2767 Duplex
1306 2695 1702 2751 consummatio
1727 2702 1850 2753 est:
1890 2702 1984 2749 aut

398 2786 727 2857 generaliter
767 2788 1043 2853 omnium,
1096 2788 1312 2857 quando
1347 2785 1472 2840 linis
1506 2783 1690 2839 mundi
1742 2799 1770 2837 a
1802 2798 1979 2838 .vene—

395 2878 506 2932 rit:
552 2884 647 2932 aut
697 2877 1005 2948 specialiter
1066 2876 1402 2948 singulorum
1433 2914 1449 2938 ,
1500 2874 1716 2945 quando
1775 2880 1984 2942 tempus

394 2965 590 3021 mortis
634 2965 909 3020 institerit.
945 2965 1114 3020 Juxta
1144 2972 1324 3020 autem
1352 2962 1569 3029 dicitur,
1601 2961 1730 3032 quia
1763 2961 1982 3017 aeterni-

2085 1792 2275 1853 gentes
2302 1783 2663 1849 inveniamur,
2693 1792 2749 1838 et
2776 1797 3062 1853 pereamus
3100 1782 3299 1855 gladio.
3360 1784 3439 1838 De
3483 1800 3596 1853 quo
3626 1784 3677 1840 in

2085 1874 2542 1945 consequentibus
2562 1874 2763 1929 dicitur
2788 1892 2800 1928 :
2830 1892 2850 1925 ι
2872 1871 3107 1930 Iuvenes
3127 1873 3475 1945 Heliopolcos
3498 1886 3555 1930 et
3576 1875 3679 1931 Bu-

2085 1965 2225 2020 basti
2266 1964 2452 2042 gladio
2489 1965 2702 2033 cadent,
2745 1982 2764 2016 ι
2811 1965 3047 2023 maxime
3082 1980 3206 2020 cum
3243 1963 3530 2037 jungatur,
3580 1986 3601 2020 ι
3626 1978 3683 2025 et

2086 2055 2181 2111 filii
2210 2065 2369 2112 terrae
2389 2054 2610 2112 foederis
2634 2056 2749 2112 sive
2777 2054 3112 2112 Testamenti
3140 2056 3245 2111 mei
3271 2057 3437 2112 simul
3462 2074 3682 2117 mucro-

2086 2160 2156 2201 ne
2179 2144 2460 2202 ferientur.
2503 2166 2523 2200 ι
2570 2145 2649 2203 De
2692 2148 2888 2216 quibus
2922 2148 3183 2217 scriptum
3235 2157 3357 2204 est:
3386 2167 3408 2202 ι
3460 2151 3556 2207 Va:
3588 2152 3679 2223 qui

2085 2236 2420 2291 descendunt
2447 2237 2501 2291 in
2528 2236 2820 2309 1Egyptum
2846 2237 2916 2292 ad
2933 2238 3196 2294 auxilium
3221 2239 3274 2294 in
3298 2241 3459 2311 equis
3479 2253 3537 2298 et
3559 2258 3679 2298 cur-

2084 2324 2236 2382 ribus
2259 2326 2589 2383 confidentes
2612 2327 2748 2400 (Isa.
2767 2327 2941 2401 xxxi).
2973 2348 2992 2382 ι
3025 2326 3123 2384 Sin
3144 2338 3325 2386 autem
3350 2341 3678 2390 ceterarum

2083 2420 2323 2490 gentium
2346 2420 2594 2477 homines
2620 2421 2957 2481 trucidantur
2981 2421 3036 2477 in
3048 2420 3305 2494 Egypto,
3330 2434 3545 2494 quanto
3567 2442 3681 2481 ma-

2082 2510 2165 2582 gis
2188 2510 2284 2565 lilii
2314 2510 2535 2567 l'osderis
2557 2520 2613 2567 et
2640 2510 2973 2569 Testamenti
2997 2510 3118 2576 Dei,
3143 2512 3238 2582 qui
3259 2522 3678 2573 cmitemnetttes

2082 2600 2398 2673 angelorum
2418 2616 2614 2672 panem
2643 2618 2657 2655 :
2687 2600 2905 2673 Egypti
2928 2615 3199 2672 peponum
3231 2610 3285 2658 et
3324 2618 3595 2674 ceparum
3624 2614 3680 2661 et

2081 2689 2351 2755 alliorum,
2365 2698 2422 2746 et
2432 2705 2781 2747 cucumerum
2796 2692 3066 2749 recordati
3091 2701 3235 2749 sunt.
3255 2693 3683 2753 Tunceorruent

2081 2782 2448 2838 sustentacula
2468 2790 2525 2837 et
2549 2781 2722 2838 fulcra
2750 2780 2992 2854 Egypti,
3017 2797 3141 2853 qum
3182 2798 3303 2840 eam
3336 2785 3391 2840 in
3430 2788 3679 2858 nequitia

2081 2875 2498 2929 sustentabant:
2537 2873 2944 2930 dialecticorum
2976 2873 3203 2945 argutia:
3235 2883 3291 2929 et
3326 2874 3682 2949 philosopho-

2084 2985 2207 3025 rum
2242 2971 2498 3041 strophte,
2522 2970 2972 3027 contumeliosum
3012 2985 3230 3042 quoque
3258 2985 3324 3027 ac
3376 2970 3681 3042 superbum

395 3057 494 3112 tati
543 3064 914 3127 comparatum
957 3071 1119 3112 omne
1158 3066 1371 3125 tempus
1408 3055 1574 3109 breve
1601 3031 1704 3108 est.
1737 3052 1891 3109 Unde
1925 3060 1982 3106 et
2010 3031 2054 3093 Ο
2086 3031 2375 3130 imperium.
2399 3031 2731 3126 destruetur,
2752 3060 2845 3130 qui
2873 3031 3056 3116 omnia
3078 3031 3376 3131 ιυᾷυιιιιιιη·
3400 3031 3504 3130 per
3527 3073 3684 3115 arro-

393 3146 561 3205 Jaeob
597 3156 817 3204 centum
862 3156 920 3203 et
967 3148 1188 3220 triginta
1239 3161 1452 3212 annos,
1512 3145 1709 3215 quibus
1748 3144 1983 3200 vixerat:

401 3256 425 3291 ι
451 3239 646 3303 Pauci,
690 3238 906 3309 inquit,
956 3248 1012 3295 et
1067 3238 1290 3309 pessimi
1337 3246 1465 3296 sunt
1507 3236 1625 3292 dies
1674 3234 1781 3291 mei
1823 3231 1977 3307 (Gen.

395 3330 584 3400 vau).
630 3347 650 3383 ι
695 3330 764 3384 Ει
810 3329 1098 3386 Psalmista
1137 3331 1203 3385 de
1221 3327 1465 3391 universi
1516 3326 1729 3399 generis
1757 3325 1979 3381 humani

393 3420 686 3491 fragilitate
714 3421 1015 3492 disputans,
1045 3422 1123 3476 ait
1149 3439 1162 3475 :
1202 3438 1222 3472 ι
1256 3420 1383 3475 Dies
1414 3419 1585 3475 nostri
1611 3418 1764 3488 quasi
1787 3416 1979 3472 umbra

391 3509 967 3582 pertranseunt(Psal.
994 3509 1089 3582 Cl).
1130 3529 1149 3562 ι
1193 3508 1347 3577 Quod
1368 3519 1681 3579 reputantes
1701 3547 1717 3573 ,
1756 3522 1857 3562 nec
1883 3521 1981 3576 po-

395 3602 562 3658 tentia
586 3602 882 3670 erigemur,
908 3616 1007 3658 nec
1033 3600 1237 3657 divitiis
1264 3600 1660 3664 incubabimus,
1684 3612 1784 3654 nec
1809 3597 1980 3654 felici-

392 3701 503 3750 tate
530 3693 853 3761 lsetebimur,
876 3695 984 3750 cito
1008 3694 1192 3749 omnia
1214 3690 1515 3748 auferenda
1532 3700 1836 3745 noscentes.
1856 3689 1981 3744 Pul-

390 3780 628 3854 citroque
651 3784 764 3838 dies
802 3784 999 3839 dicitur
1034 3782 1245 3837 Domini
1276 3821 1291 3847 ,
1333 3780 1548 3851 quando
1572 3779 1753 3835 omnis
1796 3778 1978 3834 sreculi

393 3874 736 3931 conversatio
762 3874 1094 3940 destruetur,
1116 3884 1172 3928 et
1197 3886 1385 3928 errore
1404 3871 1616 3927 sublato
1643 3885 1750 3925 una
1776 3869 1980 3925 veritas

392 3962 693 4033 apparebit.
734 3962 966 4031 Diesque
1002 3963 1161 4017 nubis
1186 3971 1242 4017 et
1268 3960 1493 4025 nebulae,
1520 3961 1698 4017 nullus
1736 3961 1880 4017 enim
1904 3962 1981 4016 in-

392 4051 639 4121 trepidus
668 4051 1016 4121 incertusque
1044 4051 1111 4105 de
1144 4052 1416 4105 sententia
1438 4050 1644 4119 absque
1671 4064 1868 4119 pavore
1893 4049 1981 4120 ju-

392 4144 566 4199 dicem
589 4139 950 4212 prmstolatur.
972 4140 1038 4195 Et
1060 4148 1295 4209 tempus,
1310 4140 1425 4195 sive
1449 4139 1573 4194 finis
1592 4140 1830 4210 gentium
1852 4141 1975 4203 erit,

392 4250 501 4291 non
527 4234 687 4288 unius
716 4233 892 4304 gentis
916 4231 1209 4305 Egyptize,
1241 4233 1335 4287 sed
1359 4233 1755 4296 universarum,
1786 4241 1845 4287 ut
1872 4248 1980 4287 ma-

390 4325 647 4381 nifestum
680 4324 771 4380 flat
798 4324 865 4379 de
892 4324 1102 4380 cunctis
1139 4323 1389 4393 gentibus
1428 4322 1758 4393 prophetari.
1791 4321 1979 4393 Sequi-

390 4422 481 4469 tur
506 4432 519 4468 :
555 4432 573 4466 ι
603 4412 794 4469 Veniet
821 4413 1032 4486 gladius
1060 4413 1114 4468 in
1143 4412 1459 4484 Egyptnm.
1496 4432 1515 4465 ι
1546 4412 1773 4469 Gladius
1792 4428 1976 4469 versa-

391 4505 521 4566 tilis,
551 4513 609 4559 et
646 4503 946 4569 flammeus,
986 4517 1168 4559 sermo
1191 4502 1426 4569 divinus,
1460 4502 1551 4574 qui
1576 4502 1748 4559 bonos
1767 4518 1797 4556 a
1821 4503 1976 4559 malis

390 4594 613 4659 dividet,
647 4603 701 4649 et
733 4596 998 4664 pessimos
1023 4611 1152 4651 suos
1185 4596 1308 4667 igne
1336 4603 1622 4651 consumat
1652 4613 1664 4649 :
1718 4593 1777 4649 In
1809 4594 1975 4669 Egy-

391 4689 541 4752 ptum
570 4691 746 4739 autem
761 4682 1132 4753 hujusszeculi,
1148 4687 1222 4742 ita
1238 4695 1483 4757 utpavor
1514 4686 1588 4743 sit
1616 4686 1672 4741 in
1701 4687 1975 4758 Ethiopia

391 4773 482 4844 qui
515 4783 664 4829 trans
685 4775 973 4847 ZEgyptum
999 4779 1053 4833 in
1075 4787 1233 4857 nocte
1253 4781 1459 4836 erroris
1484 4790 1539 4836 et
1569 4780 1808 4836 tenebris
1827 4797 1976 4837 com-

389 4872 694 4930 morantur,
716 4875 771 4920 et
793 4883 1023 4937 quorum
1046 4870 1267 4940 nigredo
1296 4870 1350 4925 in
1395 4873 1683 4927 candorem
1715 4882 1810 4926 aut
1841 4872 1976 4928 difli-

392 4957 581 5021 culter,
622 4967 715 5012 aut
769 4975 1107 5030 nequaquam
1154 4964 1507 5019 convertitur.
1555 4963 1867 5035 Cadentque
1921 4966 1975 5020 in

390 5048 626 5122 Egypto
651 5049 932 5112 vulnerati,
979 5052 1069 5120 qui
1122 5052 1262 5107 male
1298 5062 1561 5108 steterant
1611 5054 1667 5108 in
1711 5055 1971 5125 nequitia.

396 5158 416 5191 ι
450 5141 516 5194 Et
541 5140 817 5195 auferetur
868 5141 1155 5197 multitudo
1202 5142 1439 5215 Egypti.
1482 5166 1501 5197 ι
1552 5144 1685 5199 Lata
1731 5147 1876 5201 enim
1920 5155 1976 5201 et

390 5231 625 5300 spatiosa
663 5231 747 5303 via
778 5242 883 5298 est,
928 5248 1049 5303 qua:
1099 5232 1246 5288 ducit
1281 5234 1349 5289 ad
1381 5244 1633 5291 mortem.
1688 5237 1754 5292 Et
1783 5237 1974 5294 funda-

388 5334 570 5380 menta
618 5325 760 5381 illius
807 5327 1173 5391 destruentur,
1208 5337 1268 5382 ut
1295 5329 1429 5384 nihil
1486 5331 1538 5385 in
1581 5329 1818 5403 Aigypto
1866 5334 1975 5403 pri-

2009 4373 2056 4433 D

2082 3150 2343 3221 gantiam,
2369 3158 2426 3205 et
2457 3149 2884 3207 ecclesiasticam
2912 3149 3314 3221 simplicitatem
3345 3149 3556 3206 ducunt
3582 3164 3684 3221 pro

2081 3238 2269 3296 nihilo.
2288 3258 2307 3292 ι
2342 3238 2389 3294 Α
2414 3248 2566 3295 turre
2583 3239 2729 3295 enim
2760 3238 2966 3312 Syenes
2985 3239 3181 3295 cadent
3200 3239 3254 3297 in
3288 3253 3379 3304 ea,
3402 3257 3422 3291 ι
3466 3253 3599 3309 qua
3628 3239 3682 3299 in

2079 3330 2341 3385 extremis
2385 3330 2630 3386 terminis
2648 3329 2888 3401 Egypti,
2918 3322 3211 3400 Ethiopian
3247 3329 3683 3401 Blemmyarum-

2080 3434 2186 3491 que
2224 3420 2454 3477 conﬁnis
2490 3430 2597 3487 est,
2640 3421 2732 3477 ubi
2766 3420 2918 3476 Nilus
2946 3414 3342 3491 innavigabilis,
3380 3427 3447 3475 et
3463 3427 3684 3477 catara-

2081 3520 2293 3566 ctarum
2320 3510 2523 3582 fragor,
2555 3519 2611 3566 et
2634 3511 2818 3566 omnia
2854 3509 3001 3565 invia
3029 3510 3295 3581 plenaque
3333 3509 3681 3580 serpentium

2080 3609 2137 3657 et
2162 3611 2550 3656 venenatorum
2595 3601 2972 3656 animantium.
3027 3600 3124 3657 Sin
3168 3610 3371 3667 autem,
3404 3610 3468 3655 ut
3514 3615 3682 3672 supra

2080 3690 2336 3756 diximus,
2359 3690 2635 3762 Magdalus
2664 3690 3141 3760 magnificentiam,
3186 3698 3243 3746 et
3270 3689 3453 3762 Syene
3478 3706 3679 3762 gyrum

2081 3794 2260 3850 sonat,
2294 3784 2641 3855 perspicuum
2669 3793 2774 3850 est,
2802 3785 2948 3857 quod
2982 3783 3253 3857 Egyptian
3278 3799 3434 3856 opes,
3456 3784 3514 3841 et
3545 3801 3682 3843 coa-

2081 3874 2361 3930 tumeliosa
2379 3874 2633 3931 fortitudo
2647 3884 2704 3930 et
2717 3874 3135 3947 magniﬁcentia,
3153 3876 3206 3930 id
3222 3885 3327 3941 est,
3341 3874 3528 3943 jactan
3536 3876 3616 3931 tia
3626 3880 3684 3931 ct

2079 3964 2437 4020 exaltationes
2490 3966 2868 4035 vituperemur
2910 3981 3031 4035 qua:
3083 3966 3151 4021 ad
3196 3981 3391 4037 gyrum
3445 3964 3678 4038 Egypti

2077 4058 2372 4127 pertinent,
2393 4057 2482 4112 ubi
2517 4057 2652 4112 nihil
2691 4058 2885 4114 stabile
2913 4066 3020 4123 est,
3053 4059 3149 4113 sed
3191 4058 3402 4113 incerto
3436 4058 3681 4114 volvitur

2080 4149 2230 4220 lapsu
2277 4158 2332 4205 et
2374 4150 2621 4220 pervenit
2664 4151 2733 4207 ad
2779 4149 3012 4204 ruinam.
3059 4149 3213 4205 Tunc
3264 4149 3680 4220 dissipabuntur

2082 4240 2354 4311 [Egyptim
2392 4242 2658 4305 civitates,
2686 4249 2742 4295 et
2787 4249 2930 4295 terra
2962 4240 3175 4295 deserta
3220 4241 3365 4306 erit,
3420 4251 3479 4294 et
3522 4241 3676 4296 nulla

2081 4333 2423 4403 congregatio
2460 4333 2777 4397 remanebit,
2813 4330 3017 4386 habens
3049 4330 3249 4401 aliquid
3274 4322 3575 4395 firmitatis,
3618 4338 3679 4386 ut

2083 4441 2262 4503 rerum
2308 4425 2412 4481 line
2477 4433 2805 4493 cognoscant
2859 4422 3002 4492 quod
3067 4423 3180 4493 ipse
3231 4424 3309 4478 sit
3373 4423 3677 4488 Dominus,

2080 4518 2297 4587 quando
2331 4516 2539 4570 miserit
2578 4516 2754 4585 ignem
2802 4514 2855 4569 in
2899 4511 3169 4585 Egypto,
3216 4529 3381 4583 quem
3408 4515 3679 4570 Dominus

2081 4605 2273 4659 ardere
2335 4604 2648 4667 desiderat,
2724 4612 2783 4657 ut
2865 4600 3045 4657 fenum
3071 4643 3085 4665 ,
3165 4602 3352 4673 ligna,
3416 4604 3674 4672 stipuhc,

2080 4709 2202 4764 qua:
2266 4709 2429 4763 supra
2489 4693 2897 4749 fundamentum
2954 4694 3158 4750 Christi
3195 4694 3460 4750 mdilicata
3519 4704 3675 4761 sunt,

2079 4795 2517 4850 concrementur,
2566 4795 2620 4841 et
2671 4802 2860 4842 omnes
2900 4786 3251 4843 auxiliatores
3286 4802 3670 4858 perversorum

2079 4875 2388 4946 dogmatum
2429 4885 2798 4930 conterantur.
2844 4878 2923 4931 Ex
2965 4892 3073 4946 quo
3108 4878 3515 4949 intelligendum
3550 4879 3670 4934 falsi

2078 4966 2311 5022 nominis
2346 4967 2647 5032 scientiam,
2689 4980 2744 5023 et
2777 4984 2872 5023 eos
2911 4969 2978 5024 de
3012 4970 3209 5038 quibus
3236 4969 3499 5040 scriptum
3530 4984 3617 5027 est
3654 4989 3667 5024 :

2083 5077 2102 5110 ι
2150 5059 2360 5128 Dissipa
2407 5074 2597 5115 omnes
2643 5070 2849 5131 gentes,
2896 5077 3019 5131 qua:
3065 5062 3203 5118 bella
3251 5062 3440 5117 volunt
3489 5062 3666 5135 (Ρεηι.

2077 5149 2267 5215 ιιινιι),
2300 5170 2316 5200 ι
2364 5150 2541 5205 socios
2580 5159 2636 5204 et
2677 5152 2858 5206 auxili.
2882 5160 3026 5207 tores
3069 5150 3290 5223 Λεπριί
3338 5155 3666 5225 nuncupari.

2081 5258 2099 5290 ι
2128 5238 2183 5293 In
2210 5241 2317 5305 die,
2345 5241 2536 5310 inquit,
2568 5240 2655 5294 illa
2683 5242 3030 5313 egredientur
3058 5243 3234 5298 nuntii
3258 5259 3289 5298 a
3312 5245 3454 5301 facie
3473 5260 3615 5311 mea,
3642 5264 3662 5295 ι

2074 5331 2141 5385 de
2173 5332 2369 5401 quibus
2406 5333 2459 5386 in
2496 5331 2791 5403 Evangelio
2823 5334 3084 5403 scriptum
3123 5344 3208 5390 est
3237 5343 3308 5388 εἰ
3333 5335 3525 5407 Angeii
3566 5349 3666 5390 eo-

388 5414 543 5470 stinze
568 5417 806 5474 resideat
835 5419 1108 5474 firmitatis
1129 5460 1144 5484 ,
1189 5420 1285 5475 sed
1334 5420 1563 5477 desertis
1611 5421 1973 5478 fundamentis
2075 5437 2191 5477 rum
2223 5438 2437 5493 semper
2462 5424 2648 5477 vident
2674 5422 2864 5478 faciem
2892 5424 3072 5480 Patris
3098 5426 3226 5489 mei,
3248 5426 3341 5496 qui
3368 5434 3454 5481 est
3474 5427 3525 5480 in
3547 5440 3664 5480 ca:-

389 5507 638 5575 pessimis
687 5519 917 5579 ponatur
968 5510 1374 5567 fundamentum
1424 5511 1647 5576 Christi,
1677 5528 1840 5583 super
1865 5528 1976 5582 quo
2075 5511 2140 5567 lis
2172 5512 2386 5584 (Matth.
2416 5512 2590 5584 xvm).
2623 5532 2642 5564 ι
2699 5513 2767 5568 Et
2794 5515 2848 5568 in
2882 5516 3141 5570 sementis
3169 5516 3424 5586 parabola
3456 5530 3667 5570 messe-

389 5602 681 5654 mdilicctur
712 5598 970 5657 Ecclesia.
1012 5621 1031 5653 ι
1066 5601 1257 5658 Omnis
1281 5603 1479 5673 quippe
1508 5603 1791 5672 plantatio,
1811 5619 1979 5673 quam
2075 5623 2163 5661 res
2193 5607 2387 5677 angeli,
2422 5608 2598 5672 idest,
2630 5607 2722 5677 qui
2763 5609 2935 5663 nuntii
2961 5619 3108 5671 sunt,
3142 5612 3431 5665 mittuntur
3460 5619 3516 5662 ut
3545 5607 3667 5661 uni-
