1986 3092
120 99 177 127 809

599 100 775 130 COMMENT.
797 102 829 129 lN
849 102 1073 131 EZECHIELEM.
1094 119 1128 123 —
1145 100 1207 130 LIB.
1229 101 1273 131 Kl.

1697 104 1749 131 8l0

120 165 201 184 versa
214 157 339 185 scandala
360 162 532 194 congregem,
554 163 581 185 et
602 159 711 185 mittant
729 166 761 186 ea
780 159 807 185 in
827 159 912 186 cami-
928 167 952 196 Α
966 159 1015 186 bus
1025 160 1129 187 diversa
1142 160 1327 187 lneretioorum
1337 163 1365 187 et
1375 159 1465 186 omnia
1476 159 1674 186 mendaciorum
1684 167 1750 186 cou-

122 211 188 229 num
204 203 290 237 ignis:
305 213 314 228 ‹
330 203 373 229 tibi
389 209 431 230 est
445 203 523 230 ﬂetus
535 203 684 236 oculorttm,
700 207 727 230 et
739 203 840 230 stridor
852 203 916 229 den-

121 251 191 277 tium
206 250 313 285 (Matth.
329 250 389 286 sm)
404 257 411 277 :
430 261 439 276 ι
460 250 676 285 festinabantque
687 250 797 285 implere
813 257 914 284 praece-

120 300 216 330 ptum,
232 300 261 322 ut
272 296 428 327 deterreant
440 296 496 323 sive
509 301 651 323 conterant
670 296 812 331 AEthiopize
828 295 913 323 confi-

120 341 257 373 dentiam,
273 341 318 375 qui
332 341 366 367 ad
379 348 513 368 snmnmm
527 340 635 367 malitia:
648 341 776 367 verticetn
785 347 915 374 pervene-

122 391 198 418 runt,
209 390 238 413 ut
252 386 278 412 in
291 386 431 413 eversione
444 385 554 420 ,Ευριί
567 385 706 420 Ᾰίιιιίορίει
719 389 874 412 conteratur
887 389 915 412 et

119 436 232 465 paveat,
248 438 280 458 co
293 431 364 465 quod
376 431 435 458 dies
445 430 550 457 Domini
563 430 598 457 sit
610 429 720 457 ultionis
733 433 815 464 atque
827 429 916 456 vindi-

119 482 173 503 cuc
191 485 243 511 qua
262 476 390 511 fugentur
410 476 526 503 tenebrae
544 480 733 510 peccatorum,
752 478 782 502 et
798 473 845 501 lux
861 474 917 501 vir—

120 526 210 548 tutum
227 525 365 547 remaneat
382 529 389 547 :
409 530 418 546 ι
432 521 467 547 Ει
479 528 601 552 cessare,
616 520 702 554 inquit
714 539 722 552 ,
736 519 835 547 faciam
848 519 916 546 mul-

121 566 265 592 titudinem
287 565 397 600 Egypti
418 567 445 592 in
470 573 551 592 manu
576 565 822 593 Nabuchodonosor
844 565 915 600 regis

120 611 284 646 Babylonis,
305 620 314 635 ι
338 610 382 637 cui
403 610 493 637 traditi
514 614 576 637 sunt
595 610 627 637 ad
646 610 811 644 puniendum
832 617 839 636 :
858 610 914 644 ipse

119 662 164 683 cst
179 656 251 683 enim
265 655 390 683 inimicus
408 659 436 683 et
453 655 550 682 vindex
561 675 568 687 ,
590 655 636 690 qui
659 655 742 683 etiam
762 655 914 682 mercedem

120 702 246 737 accepit,
273 709 305 729 eo
330 701 401 736 quod
425 701 550 729 servierit
577 702 603 728 in
629 702 826 736 expugnatione
851 701 913 736 Tyri

119 746 234 782 A‘lgypti
246 747 454 779 multitudinem,
469 751 498 774 ut
518 747 594 774 multi
615 747 643 773 in
661 746 778 782 Egypto
792 754 852 774 esse
871 747 916 774 de-

119 794 230 824 sistant,
250 793 295 827 qui
313 800 420 827 semper
441 794 467 819 in
490 800 522 819 ea
544 797 614 819 sunt.
638 793 685 820 Sin
706 796 796 820 autem
818 792 915 827 aliquis

966 204 1090 231 ciliabnla
1101 204 1329 236 demonstrantur,
1351 205 1396 238 qui
1416 204 1575 231 conculcant
1594 212 1690 238 panem
1710 212 1752 231 ec-

965 249 1145 276 clesiasticum
1161 253 1241 284 atque
1258 253 1441 281 contemnunt,
1461 254 1488 276 et
1505 255 1653 283 sequuntur
1674 257 1750 276 unm—

965 292 1056 320 datum
1069 292 1169 320 humile
1179 297 1207 320 et
1216 294 1249 320 ad
1259 293 1378 320 ctelestia
1391 301 1442 320 non
1453 294 1602 328 perducens
1612 299 1639 321 et
1650 294 1753 321 deliciis

964 341 1071 369 vacant,
1091 341 1119 364 ct
1131 341 1194 364 sunt
1212 338 1238 364 in
1252 338 1354 371 requie,
1370 338 1476 372 qualem
1489 338 1515 364 in
1530 338 1673 371 Evangelio
1688 338 1753 373 legi-

965 390 1026 410 mus
1053 383 1153 410 habere
1179 383 1289 410 divitem
1313 388 1488 418 purpuratum
1510 388 1537 411 et
1561 384 1753 412 tentationibus

965 427 1123 458 inserviunt,
1140 435 1254 462 quorum
1267 435 1337 454 unus
1350 429 1478 462 expetivit
1490 436 1506 455 a
1516 428 1631 456 Domino
1645 429 1715 464 (Job.
1730 430 1751 464 ι)

966 475 996 497 ut
1008 471 1126 498 tentandi
1139 471 1190 499 Job
1203 472 1314 499 haberet
1327 476 1496 506 potestatem.
1521 473 1582 501 “me
1599 475 1688 501 omnia
1701 474 1753 502 Do—

966 517 1055 544 minus
1067 516 1204 551 disperdet
1214 521 1294 551 atque
1301 518 1452 549 succendet,
1464 517 1614 546 eteﬂ'nmlet
1626 527 1706 554 super
1720 527 1752 547 ea

966 561 1175 597 indignationem
1187 569 1274 595 suam,
1288 567 1315 589 et
1330 563 1412 589 robur
1423 562 1531 598 Αῐεγριὶ
1543 564 1683 598 dissipabit
1701 573 1707 589 :
1725 569 1754 591 ut

966 607 1069 634 redacti
1085 607 1120 634 ad
1138 606 1250 634 nihilum
1269 615 1438 642 nequaquam
1451 608 1577 643 populum
1590 609 1637 636 Dei
1655 609 1753 636 sollici-

966 655 1032 684 tent,
1046 655 1073 679 et
1087 651 1114 678 in
1126 659 1175 679 suo
1189 659 1298 686 sperare
1311 652 1410 679 faciant
1424 653 1533 685 auxilio,
1549 658 1577 680 ut
1592 654 1696 680 deserta
1709 661 1754 680 ve-

966 697 1044 724 ritate
1057 701 1179 732 qumrant
1193 697 1372 730 mendacium,
1385 702 1412 725 et
1436 699 1511 732 quasi
1528 707 1543 725 a
1564 698 1658 725 baculo
1672 707 1752 726 arun-

965 741 1044 768 dineo
1054 742 1093 768 sic
1103 749 1153 769 suo
1162 742 1287 776 praesidio
1298 742 1481 770 vulnerentur.
1497 743 1561 770 Post
1570 744 1626 770 lucc
1637 744 1733 771 dicitur
1744 751 1751 770 :

967 796 976 812 ι
992 787 1025 814 Et
1039 787 1196 815 interfieiam
1215 788 1272 815 sive
1286 788 1436 823 disperdam
1456 788 1651 816 multitudinem
1670 789 1753 816 Mein-

120 838 280 872 opposucrit
297 838 431 872 quomodo
449 838 513 864 illud
528 838 633 865 dicatur
645 838 673 864 in
685 838 892 865 Denteronomio
907 846 914 865 :

970 833 1061 866 plieos.
1081 841 1091 857 ι
1106 831 1159 860 Pro
1173 840 1226 867 qua
1243 832 1271 860 in
1286 833 1418 860 Hebraico
1438 832 1517 860 habet
1531 834 1572 861 Νο
1587 842 1595 860 ;
1609 828 1752 869 ιιιιιιιιιέιι-

123 892 132 906 ι
151 882 180 908 ln
199 882 367 916 septuaginta
384 882 523 909 animabus
543 880 739 909 descenderunt
756 887 848 917 patres
864 890 913 909 no—

121 928 172 954 stri
199 928 225 953 in
250 926 406 962 (Egyptian,
431 934 502 954 nunc
525 932 614 954 autem
630 926 693 954 facti
712 927 778 954 estis
792 931 822 954 ιιι
833 927 915 954 stella:

121 973 183 1001 cadi
204 973 229 999 in
247 973 419 999 multitmlinc
434 973 522 1008 (Deut.
538 973 575 1008 ι),
593 983 602 998 ›
622 972 699 1000 facile
718 973 829 1000 solvitur
844 982 850 1000 :
865 981 915 1000 ne-

121 1025 176 1052 que
189 1017 261 1043 enim
274 1017 427 1051 exetnplum
440 1022 553 1044 terrenae
567 1017 745 1044 multitudinis
756 1017 853 1051 posuit,
869 1017 915 1044 sed

121 1061 252 1094 cmlestis,
266 1069 326 1096 qua:
337 1062 478 1089 Virtutibus
491 1061 589 1097 fulgeat
603 1067 629 1088 ct
640 1062 717 1096 plena
729 1063 763 1089 sit
774 1063 914 1089 luminum.

122 1107 213 1141 Super
235 1114 316 1141 quam
341 1106 536 1134 multitudinem
564 1107 672 1142 [Egypti
687 1128 693 1139 ,
719 1117 728 1133 ι
747 1108 917 1134 adducuntur

123 1153 263 1179 fortissimi
278 1152 406 1187 gentium,
422 1162 431 1178 ι
449 1157 477 1179 ιιι
490 1152 645 1187 disperdant
663 1158 772 1187 terram,
791 1161 839 1188 pro
857 1154 916 1188 qui-

121 1197 173 1224 bus
193 1196 367 1232 Septuaginta
391 1197 535 1227 pestilentes
557 1198 722 1232 interpretati
748 1204 825 1231 sunt,
846 1199 917 1233 quod

122 1241 217 1269 nescio
240 1241 374 1276 quomodo
397 1242 539 1269 conveniat
563 1243 605 1269 his
633 1244 679 1277 qui
702 1243 871 1270 adducuntur
900 1251 914 1269 a

123 1287 240 1314 Domino
256 1295 262 1313 ;
277 1286 329 1314 nisi
342 1286 410 1313 forte
424 1287 500 1322 juxta
520 1287 583 1314 illud
597 1288 749 1322 exemplum
765 1297 772 1315 :
791 1298 800 1313 ι
816 1288 918 1315 Immis-

123 1333 229 1360 sionem
240 1340 288 1367 per
300 1332 408 1368 angelos
420 1332 641 1369 pessimos(Psul.
650 1334 762 1368 Lxxvn).
776 1343 785 1359 ι
796 1333 846 1367 Qui
858 1342 917 1361 eva-

123 1378 256 1414 ginabunt
275 1378 377 1412 gladios
402 1385 465 1404 suos
488 1385 569 1412 super
593 1377 754 1413 Egyptum,
779 1383 806 1405 et
824 1378 917 1413 imple-

125 1425 193 1450 bunt
218 1429 316 1449 terram
333 1422 491 1455 interfectis,
504 1423 561 1450 sive
576 1423 736 1455 vulneratis,
761 1427 791 1449 ut
813 1424 918 1450 occisos

125 1467 334 1501 vulneratosque
353 1474 382 1493 se
402 1474 462 1493 esse
482 1467 608 1499 sentiant,
630 1472 657 1494 et
679 1467 813 1494 intantum
832 1467 915 1503 Egy-

965 885 1013 911 pra
1029 877 1109 903 iidem
1125 875 1298 912 Septuaginta
1313 877 1455 913 Diospolim
1478 878 1680 911 transtulerunt,
1694 887 1754 913 qua:

966 921 1158 956 interpretatur
1174 923 1283 957 requies.
1306 921 1380 948 Multi
1395 923 1465 949 enim
1484 927 1547 949 sunt
1567 923 1612 957 qui
1631 928 1753 958 quaerant

967 967 1096 1000 requiem,
1105 970 1132 993 et
1139 965 1230 1000 jacere
1237 966 1319 994 velint
1328 974 1408 1001 super
1419 967 1502 994 lectos
1514 967 1657 1000 elmrneos,
1668 972 1695 995 et
1705 976 1753 995 co-

966 1011 1073 1037 medere
1080 1018 1163 1046 agnos
1169 1011 1299 1038 lactentes
1308 1021 1314 1038 :
1324 1012 1476 1047 sive,juxta
1483 1012 1565 1045 LXX,
1573 1013 1617 1047 qui
1626 1014 1755 1048 interpre-

967 1056 1015 1082 tati
1032 1062 1095 1083 snnt
1113 1055 1271 1091 Memphim,
1286 1056 1363 1084 multi
1380 1058 1500 1092 suntqui
1515 1058 1659 1092 loquantur
1675 1059 1753 1086 aliis:

969 1110 978 1127 ι
993 1101 1104 1129 Dimitte
1120 1106 1149 1129 ut
1167 1102 1287 1129 auferam
1304 1098 1433 1130 festucam
1449 1103 1482 1130 de
1495 1104 1572 1130 oculo
1585 1108 1630 1131 tuo
1645 1104 1752 1139 (Matth.

967 1148 1027 1183 vn),
1040 1158 1050 1174 ι
1059 1156 1121 1176 cum
1130 1148 1181 1184 ipsi
1193 1149 1282 1176 trabes
1296 1149 1412 1177 habeant
1423 1149 1450 1176 in
1465 1157 1524 1176 suo.
1537 1149 1671 1184 Daturque
1685 1150 1755 1184 ignis

966 1195 994 1221 in
1002 1194 1183 1230 (Egypto,qui
1192 1195 1380 1223 verbositatem
1392 1199 1472 1230 atque
1480 1195 1588 1223 delicias
1599 1202 1646 1222 suo
1658 1195 1754 1221 ardore

967 1245 1122 1267 consumat:
1134 1250 1143 1265 ι
1154 1241 1259 1267 Dolebit
1268 1241 1392 1268 universa
1404 1240 1524 1273 tentatio,
1535 1245 1563 1267 et
1572 1240 1598 1267 in
1609 1240 1752 1274 Diespoli,t

967 1293 1025 1319 qua:
1036 1293 1142 1312 sursum
1154 1286 1180 1312 in
1192 1285 1322 1312 llebraico
1337 1284 1376 1313 No
1386 1286 1504 1320 ponitur,
1518 1294 1526 1310 I
1542 1285 1593 1312 erit
1601 1285 1726 1316 scissura,
1743 1295 1752 1311 ι

967 1336 996 1358 ιιι
1014 1331 1185 1359 etfundantur
1206 1339 1283 1365 aqum
1298 1331 1438 1365 omnisque
1454 1331 1570 1365 pessima
1584 1331 1755 1365 congregatio

967 1376 1123 1410 dissipetur,
1136 1380 1164 1403 et
1178 1376 1230 1402 huc
1240 1376 1356 1411 illucque
1377 1375 1520 1411 dispereat.
1538 1376 1586 1403 Vel
1605 1376 1683 1410 juxta
1706 1375 1756 1402 lle-

967 1420 1088 1447 braicum
1104 1428 1111 1447 :
1128 1430 1136 1445 ι
1147 1420 1176 1447 ln
1191 1420 1320 1455 Memphis
1328 1424 1409 1447 erunt
1418 1421 1547 1456 angustiae
1561 1421 1730 1455 quotidianae,
1743 1429 1753 1446 ι

968 1470 997 1491 ιιι
1014 1473 1063 1500 pro
1079 1465 1153 1492 omni
1172 1466 1254 1493 verbo
1273 1466 1360 1493 otioso
1377 1466 1490 1494 reddant
1506 1466 1647 1499 rationem,
1669 1470 1698 1493 ut
1715 1466 1757 1493 in-

124 1518 200 1549 ptum
215 1521 275 1540 esse
288 1514 451 1540 tlcstructam
462 1517 489 1540 et
497 1513 531 1540 ad
544 1513 618 1540 nihili
633 1514 799 1548 pervenisse,
814 1517 844 1541 ut
857 1521 914 1541 om—
927 1520 949 1551 ρ
966 1511 1085 1547 telligant
1094 1511 1159 1539 nihil
1171 1511 1303 1539 dictorum
1314 1519 1425 1539 suorum
1436 1512 1677 1547 Dominijudicinm
1688 1520 1757 1548 pne—

125 1561 170 1587 nia
187 1559 298 1586 flumina
312 1559 470 1593 eloquentiae
486 1559 583 1593 quibus
600 1566 708 1587 errores
725 1559 844 1594 [Egyptii
856 1559 918 1594 jun—

125 1614 175 1633 cus
187 1610 216 1633 et
233 1605 354 1633 calamus
373 1605 509 1639 rtgahatur
529 1604 644 1632 arefiant
658 1614 664 1631 :
680 1610 708 1633 et
729 1606 871 1633 tradantur
889 1605 917 1632 in

125 1658 237 1677 manum
252 1650 440 1685 pessimorum,
456 1650 500 1684 qui
513 1657 560 1677 eos
572 1654 726 1684 torqueant,
741 1653 768 1677 et
780 1650 918 1685 plenitudo

125 1701 208 1725 teme
222 1695 329 1734 Egypli
340 1716 347 1726 .
363 1703 421 1732 qua:
435 1696 503 1723 male
513 1700 646 1728 creverat,
661 1696 782 1724 deleatur
795 1696 822 1723 in
837 1703 917 1723 manu

127 1745 279 1772 alienorum
295 1752 310 1771 a
324 1744 389 1772 Deo.
414 1744 505 1779 Neque
517 1746 589 1772 enim
602 1744 674 1776 boni.
691 1744 738 1771 sed
753 1743 816 1770 mali
830 1743 919 1779 angeli

127 1789 271 1816 tormentis
284 1789 419 1824 praepesiti
430 1794 501 1816 sunt.
527 1789 590 1817 Haec
600 1798 710 1818 necesse
719 1797 771 1825 est,
783 1797 813 1819 ιιι
821 1792 918 1825 sciant,

128 1834 193 1868 quia
207 1834 311 1862 locutus
329 1839 371 1862 est
384 1834 521 1862 Dominus.
543 1835 620 1868 Quod
634 1835 789 1871 frequenter
801 1840 918 1867 assumi-

129 1885 184 1912 tur,
199 1885 229 1907 ut
244 1880 339 1913 sciant,
351 1881 397 1916 qui
409 1880 529 1913 audiunt,
545 1888 597 1908 non
610 1882 748 1917 prophetae
757 1883 837 1910 verba
848 1889 922 1913 esse,

129 1926 178 1954 sed
193 1926 310 1959 Domini,
326 1926 401 1961 cujus
415 1931 549 1962 pracepta
565 1927 641 1955 irrita
656 1935 717 1956 esse
728 1935 783 1956 non
796 1933 919 1964 possunt.

130 1971 259 2005 Sequitur
276 1980 282 1997 :
301 1981 310 1996 ι
324 1972 358 1998 Ει
370 1972 522 2006 disperdam
537 1972 690 2005 simulacra,
702 1982 713 1999 ι
739 1980 799 2009 quae
821 1974 922 2001 abomi-

130 2017 250 2043 nationer
267 2016 442 2053 Septuaginta
463 2017 667 2046 transtulerunt.
686 2018 740 2046 «Et
757 2026 865 2047 cessare
881 2018 921 2046 fa—

130 2063 201 2089 ciam
228 2063 297 2090 itlola
322 2063 362 2090 vel
385 2064 527 2098 optimates
547 2064 580 2091 de
596 2063 738 2099 Memphis,
752 2068 781 2091 et
796 2064 851 2091 dux
864 2064 922 2092 sive

129 2108 268 2143 principes
281 2109 306 2135 in
322 2113 393 2136 terra
409 2108 518 2145 [Egypti
530 2117 582 2136 non
595 2113 675 2136 erunt
691 2109 814 2144 amplius.
828 2119 837 2136 ι
861 2109 921 2137 Cle-

132 2153 294 2180 mentissimi
314 2154 385 2180 enim
406 2153 510 2181 Domini
534 2159 576 2181 est
598 2153 729 2181 inaleiicta
754 2155 920 2186 subvertere,

969 1558 1060 1585 terire.
1077 1567 1086 1582 ι
1105 1556 1221 1585 Juvenes
1233 1565 1339 1592 quoque
1353 1558 1521 1593 Heliopolcos
1539 1563 1566 1586 et
1579 1559 1689 1587 Bubasti
1703 1559 1757 1593 gla-

968 1602 1013 1629 dio
1035 1601 1142 1629 cadent.
1165 1611 1175 1627 ι
1202 1602 1345 1637 Heliopolis
1358 1602 1488 1630 Hebraiee
1504 1612 1536 1630 on
1553 1604 1665 1636 dicitur,
1685 1605 1756 1638 quod

968 1648 1163 1683 interpretatur
1182 1647 1267 1675 dolor.
1283 1648 1415 1676 Bubastus
1439 1654 1527 1676 autem
1539 1648 1617 1681 juxta
1638 1649 1755 1688 linguam

969 1693 1156 1732 .Egyptiacam
1170 1693 1223 1724 oris
1236 1697 1448 1732 experimentum.
1471 1698 1570 1726 Omnes
1582 1699 1637 1732 isti,
1652 1700 1696 1733 qui
1710 1701 1758 1727 do-

969 1742 1054 1770 lorem
1065 1742 1157 1770 saeculi
1171 1742 1242 1769 ferre
1254 1750 1306 1770 non
1320 1747 1455 1778 poterant,
1471 1744 1517 1771 sed
1531 1744 1640 1772 delicias
1651 1745 1759 1780 Diospo—

969 1786 1026 1814 leos
1045 1787 1219 1814 sectabantur
1238 1791 1266 1814 et
1286 1787 1456 1815 conﬁdebant
1476 1788 1528 1815 sibi
1546 1789 1574 1816 in
1593 1789 1759 1818 volubilitate

968 1838 1134 1865 sermonum,
1148 1835 1176 1859 et
1188 1831 1330 1859 adversum
1344 1836 1441 1870 caetera
1455 1833 1579 1868 dogmata
1593 1834 1759 1869 disputantes

966 1878 1120 1905 habuerant
1145 1876 1329 1911 experimenta
1355 1877 1494 1911 victorias,
1518 1879 1606 1913 gladio
1627 1881 1760 1908 sermonis

971 1920 1076 1949 Domini
1087 1921 1238 1954 concident,
1246 1925 1273 1948 et
1284 1921 1329 1956 qui
1340 1923 1639 1958 nequaquamjuvenes,
1651 1925 1698 1952 sed
1710 1925 1760 1952 im-

970 1965 1114 1993 becillitate
1120 1966 1218 1993 mentis
1228 1966 1353 1994 mulieres
1364 1968 1541 2003 appellantur,
1548 1970 1646 2004 captivi
1656 1972 1759 1998 ducen-

971 2015 1026 2044 tur,
1038 2012 1095 2038 sive
1108 2010 1172 2046 ips:e
1186 2011 1266 2039 urbes
1278 2012 1370 2040 dolore
1380 2017 1408 2041 et
1418 2015 1473 2041 oris
1482 2014 1612 2049 jactantia
1628 2015 1759 2043 ducentur

972 2057 999 2084 in
1022 2057 1214 2091 captivitatem.
1240 2068 1249 2084 ι
1264 2059 1297 2086 Ει
1316 2060 1342 2087 in
1363 2060 1490 2096 Taphnis,
1509 2062 1606 2096 inquit,
1626 2063 1761 2098 nigreseet

972 2103 1039 2135 dies.
1057 2114 1066 2130 ι
1084 2103 1201 2139 Taphna:
1224 2105 1436 2141 interpretantur
1453 2109 1569 2136 cedentes
1588 2109 1645 2141 ori,
1662 2111 1761 2137 subau-

975 2150 1048 2178 ditur
1063 2150 1170 2184 diaboli,
1189 2151 1232 2179 cui
1251 2153 1297 2187 qui
1316 2154 1456 2187 cesserint,
1474 2155 1595 2182 amittant
1610 2155 1699 2182 lumen
1717 2164 1760 2183 rc-

131 2204 160 2225 ut
174 2197 247 2224 nulla
263 2198 420 2230 similitudo,
437 2206 496 2232 qua:
510 2199 639 2226 mentitur
658 2199 800 2233 imaginem
821 2200 918 2226 verita-

974 2197 1076 2231 ritatis,
1090 2202 1117 2225 et
1136 2199 1207 2226 diem
1221 2203 1299 2226 nocte
1313 2199 1462 2226 mutabunt.
1478 2200 1511 2227 Et
1528 2204 1632 2235 sceptra
1651 2201 1759 2237 [Egypti

130 2245 176 2276 tis,
193 2248 332 2271 remaneat
343 2245 368 2271 in
384 2244 500 2280 {Egypto
515 2254 520 2270 :
535 2245 677 2279 optimates
691 2252 798 2280 quoque
810 2250 923 2280 pereant

130 2293 162 2318 de
178 2290 321 2325 Memphis,
341 2298 401 2325 qua:
417 2290 608 2324 interpretatur
626 2297 658 2317 ex
678 2297 736 2322 ore,
754 2291 787 2318 de
799 2298 853 2325 quo
866 2298 924 2318 om-

131 2336 174 2362 nia
188 2335 260 2362 idola
270 2335 451 2368 contixerunt,
466 2340 496 2363 ut
509 2337 640 2364 truncatis
653 2336 786 2371 capitibus
799 2341 828 2363 et
838 2336 923 2372 magi-

131 2382 198 2408 stris
211 2380 355 2413 idolorum,
367 2389 419 2408 non
432 2381 467 2408 sit
480 2381 605 2416 princeps
625 2382 652 2408 in
674 2381 792 2417 lEgyptn
805 2390 812 2409 :
825 2386 852 2409 et
872 2387 925 2410 ter-

134 2434 196 2454 rore
216 2434 249 2453 ac
267 2426 415 2461 perditione
433 2427 520 2453 omnis
536 2426 670 2461 [Egyptus
689 2426 863 2461 compleatur.
888 2427 925 2453 De

134 2470 212 2505 cujus
227 2471 339 2499 urbibus
353 2471 450 2498 dicitur
465 2481 470 2497 :
490 2481 498 2495 ι
514 2471 546 2498 Ει
568 2472 719 2505 disperdam
739 2475 838 2498 terram
856 2471 925 2498 Pba-

136 2519 240 2549 thures,
258 2522 286 2545 et
297 2518 366 2545 dabo
380 2518 468 2552 ignem
484 2519 510 2545 in
525 2518 643 2553 'l‘aphnis
655 2519 711 2546 sive
731 2519 756 2546 in
774 2519 866 2549 Tanis.
893 2519 926 2546 Et

137 2563 235 2590 faciam
259 2562 358 2596 judicia
388 2564 414 2590 in
438 2563 477 2590 No
502 2563 700 2599 [Alexanlria];
717 2574 726 2590 ι
753 2564 926 2600 Septuaginta

138 2607 281 2642 l)iospalim
306 2608 509 2635 transtulerunt.
538 2609 588 2635 «Et
614 2608 747 2636 effundam
769 2609 928 2644 indignatio-

138 2660 199 2679 nem
217 2660 303 2678 mcam
323 2660 403 2687 super
417 2653 481 2679 Sain
497 2652 666 2689 [Pelusium],
685 2654 766 2680 robur
780 2653 899 2688 Egypti.
915 2663 924 2679 ι

138 2697 272 2724 l‘ltaturcs
304 2699 496 2732 interpretatur
531 2699 605 2733 panis
636 2699 817 2730 conculcatio;
849 2699 930 2726 Tanis

139 2743 293 2769 mandatum
306 2743 419 2775 humile;
434 2743 576 2778 Diospolis,
591 2751 639 2778 pro
652 2752 703 2778 qua
721 2744 746 2770 in
763 2743 874 2771 Hebraeo
884 2751 931 2778 po-

139 2789 220 2816 situm
235 2792 277 2815 est
295 2788 347 2818 No,
372 2789 483 2823 requies;
500 2788 564 2815 Sain
577 2790 695 2821 tentutio,
707 2790 804 2823 quilms
817 2790 930 2818 nomini-

298 2836 436 2866 l’n‘non.
459 2835 525 2865 CX.

974 2248 1055 2279 atque
1067 2251 1147 2272 omne
1160 2244 1302 2279 imperium
1319 2246 1437 2272 sentiunt
1452 2246 1478 2273 in
1492 2246 1609 2281 Taphnis
1626 2256 1685 2275 esse
1697 2258 1759 2276 con-

975 2290 1077 2322 tritnm,
1093 2290 1130 2317 ita
1145 2294 1174 2317 ut
1188 2290 1295 2318 deficiat
1315 2291 1342 2318 in
1361 2298 1393 2319 ea
1411 2291 1601 2321 cantumeliosa
1621 2293 1760 2327 fortitudo,

975 2336 1033 2364 sive
1056 2335 1181 2370 superbia
1201 2336 1327 2371 potentiae
1346 2337 1413 2371 ejus,
1434 2342 1462 2364 et
1482 2337 1545 2365 solis
1557 2337 1669 2372 justitite
1693 2341 1760 2366 radii

976 2381 1047 2409 nube
1065 2385 1212 2414 caecatur,
1229 2386 1257 2409 et
1280 2389 1450 2417 nequaquam
1475 2383 1610 2417 mulieres,
1631 2384 1679 2411 sed
1701 2385 1762 2412 ﬁlia:

978 2427 1111 2454 ducantur
1133 2427 1160 2453 in
1181 2427 1380 2461 captivitatem,
1404 2428 1536 2463 faciatque
1558 2429 1685 2457 Dominus
1711 2438 1762 2457 non

979 2479 1061 2498 unum
1073 2471 1213 2506 judicium,
1232 2472 1279 2499 sed
1292 2472 1374 2499 multa
1385 2473 1485 2507 judicia
1500 2473 1526 2500 in
1538 2472 1663 2509 (Egypto.
1690 2474 1765 2501 Sicut

980 2517 1051 2545 enim
1071 2518 1201 2546 bonorum
1222 2518 1292 2553 apud
1307 2518 1415 2545 Patrem
1437 2519 1548 2547 diversae
1569 2524 1632 2546 sunt
1649 2520 1765 2546 mansio—

981 2571 1040 2595 nes,
1055 2563 1091 2590 ita
1106 2568 1132 2590 et
1148 2563 1257 2599 {Egypti
1273 2564 1463 2599 suppliciorum
1480 2564 1585 2592 diversa
1604 2564 1717 2599 judicia,
1737 2571 1765 2591 ut

980 2618 1041 2637 cum
1064 2610 1120 2637 haec
1136 2610 1226 2636 omnia
1244 2610 1313 2637 facta
1337 2610 1446 2643 fuerint,
1467 2615 1628 2646 cognoscant
1647 2610 1765 2645 Egyptii

981 2655 1051 2689 quod
1067 2655 1123 2689 ipse
1137 2655 1172 2682 sit
1184 2654 1322 2688 Dominus,
1338 2656 1414 2691 cujus
1426 2656 1526 2691 judicia
1543 2663 1605 2683 vera
1618 2655 1766 2690 justilicata

982 2700 1007 2727 in
1022 2700 1183 2734 semetipsis.

1015 2760 1023 2774 ι
1041 2751 1071 2776 Et
1082 2749 1182 2776 factum
1193 2747 1272 2775 estin
1283 2746 1521 2775 nndecimoanno,
1535 2743 1561 2769 in
1572 2742 1659 2777 primo
1668 2748 1764 2768 mense

981 2798 1020 2824 «In
1030 2797 1143 2831 septima
1155 2794 1269 2827 me:;sis,
1281 2793 1382 2821 factum
1392 2796 1434 2819 est
1441 2790 1552 2819 verbum
1564 2787 1668 2815 Domini
1679 2786 1712 2813 ad
1721 2789 1766 2814 me

1543 2842 1581 2871 26
