1986 3092
241 147 292 177 8H

583 148 611 174 Β.
632 147 756 174 RABANI
776 146 883 174 MAUlll
904 147 1061 174 ARCIIIEP.
1085 146 1238 174 MOliilN'l‘.
1255 146 1396 175 OPERU.“
1418 146 1506 175 PARS
1527 147 1558 175 li.

1835 150 1886 178 Ri!

245 211 255 228 α
269 205 362 233 dicens
377 216 383 231 ;
401 204 451 231 Fili
478 204 604 235 hominis,
632 204 772 231 brachium
796 203 944 231 Pharaonis
968 204 1038 238 regis
1054 208 1075 235 Α
1089 208 1181 237 postea
1202 203 1329 229 vicesimo
1351 203 1466 237 septimo
1480 211 1486 229 τ
1503 208 1530 230 ct
1546 204 1672 239 deinceps
1685 212 1757 232 anno
1771 206 1886 237 decimo.

245 260 255 276 α
269 250 379 286 Ᾱεέεξριί
393 249 522 284 confregi.
546 249 579 275 Et
590 256 653 276 ecce
668 256 720 276 non
731 253 773 277 est
785 249 941 276 obvolutum
954 253 982 275 ut
996 256 1038 275 re-

246 305 255 322 ι
270 296 437 327 stitueretur,
450 298 477 321 et
490 294 603 326 sanitas,
615 298 642 320 et
653 293 783 329 ligaretur
794 293 901 328 pannis,
915 297 943 320 et
953 293 1039 320 sarci-

246 351 254 368 ι
269 347 343 369 retur
355 340 482 372 linteolis,
494 344 525 367 ut
541 344 653 374 accepto
668 340 764 367 robore
776 344 868 374 posset
883 343 975 366 tenere
986 339 1039 374 gla-

245 396 254 413 l
268 387 352 414 dium.
381 385 527 420 Propterea
546 386 604 412 haec
628 385 694 413 dicit
712 385 842 412 Dominus
864 385 935 412 Deus
950 394 956 411 :
970 385 1039 412 Ecce

244 442 253 458 ι
267 440 317 468 ego
330 431 364 458 ad
376 431 544 458 Pharaonem
564 438 654 467 regem
669 430 778 466 Egypti
788 451 794 462 .
813 435 840 457 et
856 430 1037 458 comminuam

245 487 254 504 ε
267 477 408 505 brachium
432 476 491 512 ejus
509 477 594 508 forte,
611 476 659 504 sed
673 475 856 508 confractum,
876 479 902 503 et
915 475 1038 509 dejiciam

244 533 252 548 ι
267 523 385 558 gladium
407 522 441 549 de
463 530 544 549 manu
565 521 640 557 ejus,
670 525 698 548 et
718 521 869 557 dispergam
892 521 1038 556 (Egyptum

244 580 252 594 ι
270 569 297 596 in
313 569 449 603 gentibus,
464 572 492 595 et
503 568 639 595 ventilabo
657 575 703 595 eos
717 567 743 594 in
758 572 856 595 terras.
880 567 913 595 Et
929 567 1037 594 confor-

244 624 254 641 σ
269 615 330 642 tabo
352 614 464 642 brachia
492 615 563 648 regis
591 614 754 649 Babylonis,
775 614 897 649 daboqnc
920 613 1037 648 gladium

244 670 253 686 ε
269 668 358 688 meum
373 661 400 687 in
415 667 496 687 ruanu
510 659 578 694 ejus.
604 660 638 687 Et
653 660 820 695 confringam
841 660 949 687 brachia
968 660 1038 687 Pha-

245 715 254 730 ι
270 705 360 732 raonis
375 710 402 732 et
418 709 525 741 gement
540 704 684 740 gemitibus
698 704 832 732 interfecti
852 713 944 732 coram
970 704 1038 732 facie

245 761 254 776 ι
269 751 335 785 ejus.
365 751 399 778 Et
424 750 583 778 confortabo
606 751 718 778 brachia
739 751 809 786 regis
830 751 982 786 Babylonis,
1012 756 1038 778 et

246 806 254 822 ι
269 797 380 824 brachia
400 796 551 825 Pharaonis
566 798 671 825 cadent.
692 798 725 825 Et
742 799 827 826 scient
842 799 904 833 quia
922 806 972 833 ego
986 799 1038 826 Do-

245 852 253 867 ι
269 842 369 875 minus,
393 850 454 870 cum
469 843 568 871 dedero
583 843 699 878 gladium
715 852 803 871 meum
825 844 850 871 in
868 852 946 870 manu
966 844 1037 879 regis

1090 255 1150 274 cum
1165 247 1257 281 utique
1266 247 1343 282 juxta
1354 248 1476 274 ordinem
1489 248 1606 282 primum
1620 249 1751 280 decimus,
1770 254 1889 278 secundo

1089 293 1255 324 undecimus,
1272 294 1352 320 tertio
1368 293 1512 320 vicesimus
1533 294 1664 328 septimus
1683 303 1782 328 annus,
1801 297 1888 331 singu-

1089 338 1122 366 lis
1147 339 1297 373 prophetiis
1320 339 1461 366 debuerint
1482 340 1637 374 praenolari.
1662 340 1703 367 Ad
1730 342 1803 376 quod
1827 341 1887 368 illud

1088 391 1231 418 possumus
1257 385 1420 418 respondere
1445 393 1451 410 :
1478 394 1486 409 ι
1502 384 1524 412 0
1547 384 1710 419 profundum
1734 387 1887 414 divitiarun

1089 430 1227 464 sapientia:
1245 435 1273 456 et
1291 430 1412 457 scientiae
1432 430 1489 462 Dei,
1516 438 1597 465 quam
1617 431 1805 458 inscrutabilia
1820 432 1887 467 judi-

1088 475 1129 502 cia
1141 474 1210 509 ejus,
1223 479 1251 502 et
1263 475 1463 510 investigabiles
1475 475 1525 502 vim
1537 475 1608 510 ejus!
1625 476 1710 511 (Rom.
1727 477 1779 512 xl.)
1796 488 1805 503 i
1822 478 1853 504 Et
1864 480 1886 506 in
1907 475 1909 480 ’

1088 522 1144 548 alio
1161 521 1221 548 loco
1239 529 1246 547 :
1268 531 1277 546 ι
1291 521 1423 556 Abyssum
1441 526 1468 549 et
1488 522 1647 555 sapientiam
1664 525 1726 557 quis
1746 524 1887 559 investiga-

1088 568 1145 595 hlt?
1156 577 1164 593 i
1175 566 1321 594 Possumus
1333 572 1420 594 autem
1433 568 1482 595 hoc
1493 569 1582 595 dicere
1592 569 1662 603 quod
1671 574 1698 596 et
1713 569 1740 596 in
1752 570 1873 604 pmpbetl
1881 587 1887 595 ν

1089 621 1258 648 nequaquam
1275 613 1393 641 historia:
1407 614 1474 642 crdo
1490 620 1624 647 servetur,
1639 615 1774 643 duntaxat
1790 625 1842 643 non
1865 617 1886 642 ia

1088 658 1222 690 omnibus,
1238 658 1283 684 scd
1298 658 1324 685 in
1341 658 1501 692 quihusdam
1519 658 1593 686 locis.
1618 658 1711 695 Neque
1732 660 1806 688 enim
1831 669 1885 687 nar—

1089 708 1148 730 rant
1159 704 1306 738 practerita,
1324 704 1369 731 sed
1382 704 1470 732 futura
1488 706 1679 740 pnnnuntiant,
1695 711 1778 741 prout
1794 707 1885 734 volun-

1090 753 1130 775 tas
1153 749 1269 783 Spiritus
1288 749 1373 776 sanrti
1398 750 1489 777 fuerit.
1516 751 1544 777 In
1567 752 1680 779 historia
1703 759 1769 779 vero
1783 757 1813 779 ut
1827 759 1886 779 sunt

1089 793 1172 829 Moysi
1196 795 1315 829 quinque
1335 794 1394 821 libri
1417 799 1445 822 et
1462 795 1535 828 Jesu,
1555 800 1581 823 et
1596 795 1719 824 Iudicum
1738 797 1884 829 volumina,

1089 838 1161 866 Ruth
1177 845 1284 873 quoque
1296 844 1324 866 et
1338 839 1446 872 Esther,
1463 840 1571 867 Samuel
1584 845 1611 868 et
1625 841 1767 869 Malachim
1785 851 1791 869 ε
1807 842 1885 869 Para-

245 897 253 913 ε
270 887 422 923 Babylonis,
435 892 462 915 et
474 888 627 916 extenderit
637 895 698 915 eum
715 896 796 924 super
807 893 906 916 terram
919 889 1038 923 {EgyptL
1056 888 1078 918 Β
1092 884 1245 919 lipomcnon
1258 885 1327 912 liber
1338 890 1365 913 et
1383 886 1469 918 Ezraa,
1483 885 1579 920 juncto
1593 887 1643 914 sibi
1657 888 1761 922 pariter
1777 887 1883 915 Noernia

246 943 254 959 ι
270 934 303 960 Et
315 933 467 969 dispergam
487 933 633 969 [Egyptum
654 935 680 961 in
704 934 836 966 nationes,
859 939 885 961 et
903 934 1037 961 ventilabo

246 985 316 1005 «eos
342 978 368 1004 in
396 982 492 1005 terras.
517 978 550 1005 Et
579 979 666 1006 scient
692 980 754 1013 quia
780 987 829 1014 ego
861 979 999 1006 Dominus.
1026 989 1034 1004 ι

244 1022 379 1058 (ΙΙίενοη.)
403 1022 559 1050 Reverlilur
581 1024 615 1051 ad
636 1024 759 1051 ordinem
782 1025 940 1059 prophetim.
974 1025 1038 1051 Post

244 1067 400 1095 vicesimum
413 1068 485 1095 enim
500 1073 528 1096 et
542 1069 685 1103 septimum
700 1077 810 1102 annum,
824 1078 894 1097 nunc
904 1070 978 1105 ponit
990 1078 1038 1096 un-

243 1114 391 1146 decimum,
408 1122 468 1149 quae
483 1116 597 1150 quaestio
610 1116 692 1143 etiam
710 1115 736 1142 in
752 1116 936 1150 superioribus
951 1116 1037 1143 conti—

244 1163 332 1185 netur.
354 1158 423 1186 Cum
435 1159 507 1187 enim
524 1167 613 1187 sermo
628 1160 735 1187 Domini
756 1166 850 1187 contra
874 1160 975 1196 Tyrum
999 1160 1039 1187 fa-

243 1208 304 1230 ctus
322 1203 357 1230 sit
380 1203 407 1231 in
430 1211 501 1232 anno
514 1204 667 1237 undecimo,
682 1205 727 1240 qui
744 1205 819 1240 prius
829 1206 934 1241 positus
948 1211 999 1238 est,
1013 1206 1040 1233 in

243 1249 470 1285 consequentibus
483 1250 602 1285 loquitur
612 1250 646 1277 ad
664 1250 830 1278 Pharaonem
841 1260 912 1279 anno
923 1252 1038 1279 decimo.

244 1293 417 1330 Rursumque
434 1296 509 1329 ponit
524 1295 680 1322 vicesimum
702 1297 856 1330 septimum,
871 1302 899 1323 ut
915 1297 1039 1330 diximus,

244 1342 271 1365 et
285 1346 358 1366 nunc
369 1340 553 1366 undecimum.
569 1340 603 1367 L‘t
617 1345 713 1367 uetera
727 1342 929 1375 praetermittmn
942 1349 1002 1376 qua).
1014 1341 1040 1368 in

244 1384 408 1419 psalmorum
417 1385 510 1412 ordine
518 1386 698 1417 continentur,
709 1388 837 1420 quaeritur
848 1387 982 1421 quomodo
992 1392 1043 1415 ter-

245 1431 297 1458 tius
309 1431 476 1466 psalmusbis
485 1431 595 1466 psalmis
606 1438 777 1467 prarponatur
788 1433 813 1459 in
823 1434 919 1467 quibus
931 1433 1043 1460 mutavit

245 1477 341 1505 faciem
356 1485 432 1505 suam
445 1478 526 1505 David
538 1486 628 1505 coram
636 1477 791 1505 Abimelech
803 1483 829 1504 et
842 1478 873 1504 de
885 1478 973 1506 Docch
984 1478 1043 1505 ldu-

245 1530 313 1550 ιηπο
328 1530 335 1550 :
348 1527 375 1550 et
387 1524 494 1558 quando
512 1524 635 1551 inventus
650 1528 691 1551 est
710 1525 735 1550 in
755 1524 880 1558 spelunca
901 1532 906 1550 :
925 1528 952 1551 et
968 1524 1044 1559 quin-

1088 933 1278 964 pr:eposteram
1292 931 1474 958 narrationem
1497 939 1666 966 nequaquam
1687 933 1812 967 reperiri.
1827 933 1883 961 [hec

1088 974 1122 1000 de
1136 981 1267 1001 annorum
1279 975 1373 1002 ordine
1387 975 1487 1003 dixisse
1500 975 1624 1004 sulliciat.
1644 976 1721 1004 Nunc
1735 978 1880 1010 videamus,

1089 1027 1147 1054 quae
1160 1024 1253 1046 contra
1270 1020 1437 1048 Pharaonem
1452 1022 1508 1048 sive
1528 1021 1561 1049 de
1581 1021 1723 1049 Pharaone
1746 1023 1882 1058 prophetia

1089 1066 1134 1093 sit.
1160 1065 1303 1093 Brachium
1318 1067 1376 1102 ejus
1390 1067 1555 1102 confregisse
1570 1075 1599 1095 se
1614 1068 1687 1099 dicit,
1707 1073 1735 1095 et
1755 1076 1810 1095 non
1829 1077 1882 1096 esse

1089 1111 1243 1139 obvolutum
1258 1119 1344 1146 neque
1359 1112 1479 1148 ligatum,
1493 1121 1543 1140 nec
1562 1117 1664 1140 sartum
1690 1113 1810 1140 linteolis
1820 1135 1826 1144 ,
1839 1121 1882 1140 nec

1091 1158 1226 1193 accepisse
1245 1158 1385 1192 malagma.
1404 1158 1486 1186 Juxta
1501 1159 1565 1186 illud
1578 1159 1650 1193 quod
1671 1159 1806 1194 scripturn
1826 1164 1881 1186 est:

1094 1212 1103 1228 ‹
1117 1203 1175 1230 Non
1190 1208 1231 1230 est
1242 1204 1373 1237 malagma
1389 1203 1538 1238 imponere,
1554 1212 1603 1231 nec
1613 1203 1713 1235 oleum.
1729 1211 1782 1231 nec
1798 1204 1882 1239 alliga-

1092 1252 1175 1275 turas.
1190 1259 1198 1273 i
1226 1248 1300 1281 Quod
1317 1250 1338 1275 si
1355 1249 1453 1275 factum
1469 1248 1575 1282 fuisset,
1593 1250 1687 1284 utique
1705 1255 1818 1284 recepta
1836 1249 1883 1277 for-

1092 1293 1205 1321 titudine
1218 1299 1310 1328 posset
1320 1299 1411 1321 tenere
1425 1294 1542 1328 gladium
1556 1299 1584 1321 et
1598 1295 1630 1321 ad
1648 1295 1718 1322 bella
1732 1295 1883 1329 procedere.

1093 1339 1195 1366 Idcirco
1209 1339 1326 1366 clemens
1343 1342 1370 1366 et
1384 1339 1538 1367 misericors
1559 1339 1631 1367 Deus
1651 1348 1760 1367 rursum
1777 1340 1883 1367 commi-

1094 1385 1152 1411 nuit
1170 1383 1310 1411 brachium
1328 1384 1386 1419 ejus
1405 1384 1461 1411 sive
1478 1385 1589 1412 brachia
1607 1395 1612 1411 :
1637 1389 1665 1412 nt
1684 1385 1795 1420 penitus
1813 1386 1885 1412 cadat

1094 1429 1197 1464 gladius
1211 1429 1244 1456 de
1259 1437 1338 1456 manu
1351 1429 1409 1464 ejus
1419 1450 1426 1461 ,
1444 1434 1471 1456 et
1484 1429 1510 1456 in
1524 1434 1617 1464 gentes
1634 1429 1770 1465 Egyptus
1784 1430 1882 1464 disper-

1095 1479 1174 1510 gatur
1187 1468 1215 1501 et
1228 1474 1371 1501 ventiletur
1390 1475 1416 1501 in
1434 1478 1529 1501 terras.
1558 1475 1586 1502 In
1606 1475 1717 1502 brachio
1737 1479 1830 1502 autem
1848 1483 1885 1502 ro-

1095 1521 1147 1548 bur
1167 1520 1251 1554 accipi
1273 1524 1299 1547 ct
1319 1519 1448 1548 fortitudo
1469 1525 1567 1555 potest,
1591 1521 1697 1549 dicente
1723 1521 1860 1555 Scriptura
1878 1531 1883 1547 ;

238 1569 417 1604 lquagesimus
427 1570 603 1604 posnitentirc,
620 1570 647 1596 in
663 1569 738 1603 cujus
751 1570 828 1596 titulo
842 1570 1040 1597 demonstratur

1098 1573 1107 1590 ‹
1122 1564 1236 1592 Conterc
1248 1564 1387 1591 brachium
1400 1564 1550 1599 peccatoris
1564 1570 1591 1592 ct
1602 1565 1711 1600 maligni
1727 1565 1815 1600 (Psal.
1831 1566 1863 1600 ι).
1874 1576 1881 1590 ι

245 1614 316 1648 quod
327 1613 478 1641 introivcrit
490 1615 521 1641 ad
528 1614 678 1642 Bethsabee
687 1622 796 1641 uxorem
809 1615 888 1645 Urbe,
899 1622 960 1641 cum
971 1614 1041 1650 prio-

247 1666 290 1686 res
299 1659 354 1686 sint
364 1659 409 1686 isti
423 1660 519 1694 psalmi
533 1660 635 1695 psalmo
650 1661 739 1692 tertio,
753 1661 778 1687 in
794 1669 846 1694 quo
859 1661 949 1695 fugere
961 1665 1038 1688 nota—

246 1709 290 1732 tur
302 1712 317 1732 a
331 1705 401 1733 facie
414 1706 462 1733 filii
478 1706 518 1734 sui
527 1706 653 1734 Absalon.
666 1705 721 1735 Sed
736 1707 762 1734 in
773 1707 884 1741 psalmis
898 1706 984 1734 facilis
996 1715 1039 1734 re-

244 1751 355 1785 sponsio
369 1755 422 1783 est,
440 1758 548 1779 carmen
559 1759 619 1780 esse
632 1752 744 1787 lyricum
760 1773 766 1784 ,
779 1753 843 1779 etin
856 1753 1039 1788 hujuScemodi

245 1805 327 1833 opere
341 1806 394 1825 non
407 1799 490 1833 qureri
504 1799 626 1826 ordinem
637 1798 766 1830 historiae,
783 1798 829 1826 sed
843 1798 974 1826 factorum
986 1807 1043 1826 car-

246 1843 317 1870 mina
330 1844 506 1878 singulorum.
520 1843 548 1871 ln
560 1844 674 1871 historia
685 1851 749 1871 vero
760 1843 824 1871 illud
837 1843 979 1871 dicendum
991 1849 1042 1877 est,

246 1899 276 1918 ea
291 1900 351 1927 qua:
362 1892 395 1919 de
408 1900 461 1919 uua
474 1900 502 1919 re
518 1892 709 1920 diversissunt
719 1892 789 1920 dicta
810 1893 976 1927 temporibus
991 1901 1043 1920 non

246 1938 345 1965 debere
367 1938 489 1965 oratione
516 1938 615 1971 dividi,
641 1938 688 1966 sed
711 1939 790 1966 unius
814 1938 864 1966 loci
888 1939 1042 1967 narratione

248 1982 382 2010 concludi.
406 1983 486 2010 Verbi
507 1984 592 2019 gratia
614 1993 620 2009 :
645 1988 674 2010 ut
694 1991 754 2018 qua:
775 1984 808 2010 de
827 1983 945 2019 ngypto
969 1984 1042 2011 dicta

248 2033 310 2054 sunt
322 2028 378 2055 alio
391 2033 471 2063 atque
484 2028 536 2056 alio
550 2034 679 2063 tempore,
693 2037 746 2056 uno
759 2030 879 2057 lectionis
890 2030 984 2056 ordine
998 2038 1043 2057 co-

248 2078 421 2107 gnoscantur.
437 2073 502 2100 Cum
521 2074 578 2101 hrec
591 2074 749 2104 dixerimus,
762 2079 852 2101 manet
869 2075 1043 2102 nihilominus

248 2119 373 2154 qumstio,
392 2127 441 2147 cur
462 2119 489 2146 in
510 2120 560 2147 hoc
576 2119 668 2147 eodeni
689 2119 748 2147 loco
766 2121 881 2155 primum
899 2121 987 2148 factus
1007 2122 1042 2149 sit

248 2172 337 2193 sermo
358 2165 463 2192 Domini
484 2166 517 2192 ad
541 2165 709 2192 Pharaonem
736 2173 806 2193 anno
831 2166 972 2193 undecimo
990 2174 996 2192 :
1017 2171 1043 2194 et

1094 1610 1171 1643 Quod
1185 1610 1335 1637 conteritur
1354 1610 1379 1637 in
1401 1610 1564 1638 adversariis
1588 1611 1698 1640 nostris.
1716 1612 1827 1646 quando
1843 1619 1884 1638 nos

1093 1661 1291 1691 persequuntur
1305 1656 1422 1691 quidem,
1435 1656 1480 1684 sed
1488 1657 1639 1691 opprimere
1646 1663 1797 1692 nequeunt,
1809 1662 1834 1684 ct
1843 1664 1884 1692 pro

1095 1701 1181 1729 salute
1195 1708 1334 1729 servorum
1361 1702 1408 1729 Dei
1425 1702 1553 1729 adversus
1563 1702 1733 1730 Pharaonem
1748 1711 1796 1729 rex
1809 1703 1883 1738 Baby-

1094 1747 1164 1774 lonis
1183 1754 1252 1781 sape
1268 1747 1416 1782 consurgit,
1434 1751 1463 1774 ut
1486 1751 1621 1782 potentem
1642 1748 1780 1782 opprimat
1799 1752 1882 1782 poten-

1096 1792 1157 1823 tior,
1172 1797 1197 1818 et
1217 1792 1278 1818 mali
1299 1792 1440 1819 tradantur
1458 1792 1594 1827 pejoribus
1618 1802 1625 1819 :
1643 1792 1815 1820 confortante
1835 1792 1883 1818 Deo

1096 1838 1204 1864 brachia
1216 1838 1405 1871 pessimorum,
1419 1842 1447 1864 ut
1461 1838 1536 1867 sciat,
1551 1838 1595 1872 qui
1612 1838 1743 1865 liberatus
1757 1843 1807 1868 cst,
1817 1838 1881 1872 quo]

1096 1884 1153 1918 ipse
1165 1884 1199 1910 sit
1214 1883 1353 1912 Dominus.
1365 1884 1513 1918 perfectum
1524 1888 1613 1911 autem
1627 1891 1688 1910 esse
1701 1884 1810 1910 virtutis
1820 1883 1882 1910 scire

1096 1930 1165 1964 quod
1178 1930 1233 1964 ipse
1247 1930 1281 1956 sit
1297 1929 1434 1957 Dominus.
1452 1929 1609 1957 Eeontrario
1623 1937 1767 1964 possumus
1779 1930 1862 1956 dicere
1876 1937 1880 1954 :

1100 1986 1108 2000 ι
1124 1975 1182 2002 Filii
1199 1975 1267 2007 lleli,
1292 1975 1338 2002 lllii
1358 1975 1518 2010 pestilentize
1536 1976 1688 2003 nescientes
1711 1976 1802 2002 Deum.
1819 1985 1828 2000 ι
1854 1974 1880 2001 Et

1098 2023 1123 2049 in
1138 2023 1234 2049 bonam
1251 2027 1355 2056 partem
1368 2022 1400 2049 de
1415 2022 1531 2057 regibus,
1547 2022 1591 2056 qui
1607 2026 1709 2048 rectum
1726 2021 1843 2048 fecerunt
1859 2021 1881 2046 in

1097 2072 1241 2102 conspectu
1269 2067 1326 2099 Dei,
1348 2067 1479 2101 scriptum
1504 2071 1546 2093 est
1571 2067 1641 2101 quod
1661 2067 1784 2093 noverint
1798 2065 1880 2092 Darni-

1099 2123 1171 2141 Illllll.

803 2291 950 2328 LIBER
981 2290 1185 2329 DUODEC
1197 2292 1205 2328 i
1217 2290 1332 2328 MUS.

286 2386 411 2414 Volebam
432 2395 482 2423 ego
499 2388 640 2415 historiam
661 2389 845 2423 propheticum
865 2390 898 2417 de
913 2390 1041 2426 .Egypto,
1058 2393 1081 2422 D
1099 2400 1106 2415 ε
1123 2390 1224 2417 mensis
1239 2399 1244 2416 :
1259 2390 1358 2417 factum
1371 2393 1411 2416 est
1424 2390 1534 2416 verbum
1551 2388 1654 2416 Domini
1673 2390 1705 2416 ad
1723 2399 1763 2416 me
1777 2390 1878 2416 dit-ens:

248 2437 276 2460 et
298 2440 361 2467 rege
383 2432 441 2466 ejus
460 2433 540 2459 simul
560 2433 586 2460 in
606 2441 687 2460 unum
710 2434 806 2461 libr-um
828 2440 965 2470 coaptarc.
991 2437 1043 2464 Sed

249 2479 311 2514 quia
330 2479 381 2506 hoc
400 2486 453 2505 non
473 2479 574 2513 patitur
593 2480 729 2514 longitudo
749 2482 921 2514 narrationis,
943 2483 1044 2510 idcirco

251 2525 318 2551 sicut
330 2524 364 2551 de
373 2524 445 2559 Tyro
457 2529 483 2551 et
496 2524 616 2559 principe
631 2524 886 2559 cjnsindnoslibros
900 2528 1044 2556 dividimus

252 2569 403 2602 historiam,
417 2570 453 2596 ita
468 2574 494 2597 ct
509 2577 580 2597 nunc
593 2571 626 2598 dc
640 2571 753 2606 [Egypto
774 2577 802 2600 et
821 2572 961 2601 Pharaone
978 2575 1044 2602 divi-

251 2614 353 2643 sionem
370 2615 440 2643 iuter
453 2616 520 2643 duos
536 2616 620 2643 libros
634 2617 771 2645 faciemus.

525 2670 639 2699 CAPUT
668 2672 763 2699 XXXI.

255 2715 345 2744 Sermo
366 2715 469 2753 Domini
491 2722 581 2753 contra
606 2716 772 2753 Pharaonem
795 2719 863 2753 quod
882 2720 999 2747 tradetur
1019 2722 1046 2749 in

286 2759 379 2789 manus
396 2750 649 2789 Nabuchodonosor,
665 2756 689 2777 et
711 2752 743 2779 de
754 2750 862 2789 Assyria
878 2755 925 2781 sub
943 2757 1046 2784 nomine

284 2786 387 2813 arboris
397 2786 481 2813 eidem
497 2786 611 2813 tradita.

290 2851 298 2866 ε
313 2842 346 2868 Et
358 2841 457 2869 factum
465 2842 539 2869 estin
546 2843 688 2871 undecimo
694 2852 775 2878 anno,
783 2846 864 2874 tertio
876 2854 977 2880 mense,
993 2856 1045 2876 una

1101 2446 1109 2461 ί
1125 2436 1175 2463 Fili
1191 2434 1316 2467 hominis,
1333 2435 1525 2463 dic.Pharaoni
1541 2435 1595 2470 regi
1612 2434 1722 2470 Ang'pti
1743 2440 1768 2462 ct
1790 2435 1877 2470 populo

1101 2492 1109 2506 ‹
1125 2482 1252 2515 ejus:Cui
1265 2482 1360 2509 similis
1371 2481 1456 2509 factus
1466 2489 1496 2509 cs
1508 2482 1533 2508 in
1547 2481 1731 2516 magnitudine
1744 2482 1802 2508 tua?
1815 2480 1876 2507 Ecce

1101 2538 1108 2552 ι
1125 2528 1217 2560 Assur,
1237 2527 1311 2562 quasi
1336 2528 1433 2555 cedrus
1454 2527 1480 2554 in
1502 2526 1614 2558 Libano,
1635 2527 1746 2561 pulcher
1762 2526 1837 2553 ramis
1854 2529 1875 2551 ct

1099 2574 1261 2601 «frondibus
1286 2581 1461 2604 nemorosus,
1484 2573 1660 2607 excelsusque
1685 2572 1831 2602 altitudine,
1854 2577 1875 2597 et

1097 2631 1105 2645 ‹
1121 2621 1192 2647 inter
1202 2621 1351 2647 cotulcnsas
1363 2619 1470 2647 frondes
1482 2619 1613 2646 clevatum
1627 2624 1669 2646 c-zl
1680 2626 1802 2647 cacatneu
1814 2617 1867 2650 ejus

1100 2676 1108 2691 ι
1125 2667 1207 2701 Αίιιιω
1218 2666 1373 2693 nutrierunt
1388 2665 1460 2692 illum
1478 2675 1483 2692 :
1498 2666 1612 2700 abyssus
1626 2666 1741 2692 elevavit
1753 2671 1817 2694 eum,
1833 2663 1871 2688 lius

1100 2722 1108 2738 (
1123 2713 1195 2739 mina
1210 2711 1269 2747 ejus
1283 2712 1427 2739 manabant
1445 2712 1471 2738 in
1492 2712 1606 2739 circuitu
1628 2712 1748 2739 radicum
1769 2710 1829 2744 ejus.
1853 2713 1877 2735 ct

1100 2767 1109 2782 ι
1124 2759 1195 2785 rivos
1210 2766 1272 2785 suos
1285 2758 1376 2785 emisit
1388 2757 1421 2784 ad
1436 2757 1560 2784 universa
1581 2758 1651 2792 ligna
1674 2757 1794 2792 regionis.
1816 2754 1877 2780 Pro-

1100 2814 1108 2830 ι
1124 2811 1216 2840 ptcrea
1235 2805 1339 2832 elevata
1357 2809 1399 2832 cst
1415 2804 1527 2831 altitudo
1547 2804 1605 2839 ejus
1622 2812 1704 2839 super
1716 2803 1797 2830 otiaris
1810 2801 1876 2835 lig=.a

1101 2861 1109 2876 ε
1128 2851 1252 2885 regionis,
1270 2856 1295 2878 cl
1311 2850 1487 2885 multipliea'a
1503 2856 1565 2878 sunt
1579 2851 1688 2877 arbusta
1704 2849 1772 2882 ejus.
1787 2852 1807 2873 et
1824 2845 1869 2871 eie-
