1986 3092
155 117 211 144 813

158 224 167 240 ε
184 216 350 243 cxtemlisset
363 217 483 243 umbram
500 225 575 245 suam
603 220 628 246 in
644 221 725 247 ramis
741 222 806 255 ejus,
825 222 945 249 fecerunt

157 269 168 284 ε
184 259 260 286 nidos
280 260 368 287 omnia
390 261 506 288 volatilia
527 263 599 294 caeli,
622 268 649 290 et
667 265 716 291 sub
737 265 874 293 frondibus
888 267 946 301 ejus

157 312 168 329 ι
183 310 335 338 genuerunt
347 312 441 332 omnes
460 306 553 334 bestia:
574 308 701 340 Saltuum,
718 315 745 336 et
765 311 814 338 sub
838 312 945 338 umbra-

157 358 168 373 ε
184 348 244 375 culo
260 348 331 377 illius
346 350 483 378 habitabat
504 356 590 379 emtas
612 354 731 388 gentium
747 357 943 383 universarum.

157 402 168 416 ι
183 393 301 428 Eratque
319 393 515 428 pulcherrimus
533 397 558 423 in
581 398 764 432 magnitudine
787 407 845 432 sua,
868 406 894 428 et
918 403 944 429 in

157 446 168 462 ι
183 437 339 466 dilatatione
351 439 521 467 arbustorum
536 449 656 468 suorum.
673 443 756 470 Erant
779 445 851 472 enim
876 447 946 473 radi-

156 490 166 505 ε
181 489 228 509 ces
243 481 315 509 illius
329 482 407 516 juxta
423 492 509 518 aquas
530 486 637 514 multas.
664 487 743 515 Cedri
763 496 816 516 non
837 490 945 518 fuerunt

155 537 167 553 ί
182 528 291 556 altiores
304 530 349 556 illo
368 531 395 557 in
412 532 535 566 paradiso
549 533 606 560 Dei.
630 533 738 562 Abietes
755 544 806 563 non
821 537 944 571 ειόλιιιιιιιι-

155 584 165 599 ι
182 579 278 602 verunt
298 576 480 604 summitatem
503 578 576 613 ejus,
596 583 624 606 et
643 580 744 614 platani
764 589 816 607 non
838 582 944 609 fuerunt

155 628 165 644 ι
180 626 265 655 atquae
280 619 419 647 frondibus
434 621 514 648 illitis.
541 622 626 651 Omne
643 624 744 659 lignum
763 627 879 660 paradisi
899 627 945 654 Dri

154 674 166 691 ι
182 673 235 692 ιιυιι
248 670 290 693 est
307 666 484 694 assimilatum
498 667 545 700 illi,
556 673 584 695 et.
595 669 786 703 pulchritudini
798 671 865 705 ejus,
880 680 945 707 quo-

154 718 164 733 ι
181 709 253 737 niam
268 711 418 745 speciosum
436 711 488 739 feci
503 720 576 745 eum,
595 719 623 740 et
640 715 731 741 multis
749 717 944 752 eondensisque

152 765 163 780 ι
180 754 329 783 frondibus.
358 756 392 783 Et
407 757 531 784 aemulata
550 763 613 786 sunt
631 767 693 787 eum
710 762 800 788 omnia
819 762 888 797 ligna
903 772 945 790 vo-

152 810 164 826 ¢
179 801 305 836 luptatis.
329 810 390 836 quae
411 808 489 830 erant
514 804 542 831 in
564 806 689 839 paradiso
713 806 768 832 Dei.
798 807 943 843 Propterea

629 120 803 148 COElRliIKT.
826 122 856 148 [Ν
878 123 1103 152 EllitdliELEEi.
1126 141 1158 146 —
1176 127 1237 154 1,.Β.
1261 129 1314 156 ΧΗ.

157 182 166 196 ι
183 174 238 198 irati
265 176 327 198 sunt
353 179 418 198 rami
440 173 498 208 ejus
521 181 575 208 pra:
598 176 675 209 aquis
701 176 799 203 multis.
825 177 945 211 (hunquc
961 179 984 207 Λ
998 177 1025 203 fit
1043 181 1151 209 mentio.
1168 189 1200 207 ne
1218 183 1336 209 rideatur
1351 189 1442 212 rontra
1456 186 1588 220 raptiviun
1605 196 1637 222 po

1735 135 1788 164 8ἕῦ

1640 190 1728 223 pultm
1741 201 1786 226 pu-

997 223 1064 250 situs
1085 225 1109 251 in
1127 226 1247 253 Chaldxa
1265 229 1431 257 dominorum
1449 237 1528 266 atque
1547 236 1715 268 regnantium
1734 240 1781 265 ira~

997 270 1120 296 cundiam
1139 279 1295 305 provocare.
1313 275 1359 301 sed
1373 276 1472 303 dicitur
1485 279 1517 304 de
1532 286 1592 314 rege
1604 280 1783 315 Assyriorum.

996 313 1041 346 qui
1065 321 1097 341 eo
1117 316 1173 349 jam
1200 320 1320 352 tempore
1341 325 1434 354 captus
1459 320 1544 348 fuerat
1563 313 1577 349 ξι
1597 313 1737 357 Chalda-is.
1760 334 1787 354 et

996 364 1075 385 omne
1086 360 1168 386 robur
1181 361 1353 396 Assyriorum
1372 365 1516 400 Babylonio
1533 368 1687 401 subjaccbat
1704 371 1785 406 impe-

996 402 1047 435 rio,
1060 404 1130 432 unde
1137 409 1163 432 et
1175 405 1269 433 decem
1285 408 1380 440 tribus,
1394 410 1443 437 hor.
1456 417 1507 441 est.
1524 412 1613 445 Israel,
1626 414 1728 449 Assyrii
1741 402 1785 444 ca—

995 448 1081 481 piunt.
1109 450 1182 478 Duas
1204 457 1303 485 autem,
1325 454 1375 481 hoc
1390 461 1440 487 est,
1466 456 1561 484 Judam
1587 464 1613 486 et
1636 448 1783 495 Bcnjzuuin,

995 492 1110 521 (Ἇωιαιυί
1127 502 1265 530 superant.
1281 503 1307 524 et
1326 499 1417 526 urbem
1434 501 1592 529 subvertant
1606 503 1783 532 llierusalcm.
1823 490 1840 534 ’ἒ

997 538 1122 566 Dicturus
1135 541 1216 576 igitur
1230 548 1322 570 contra
1335 544 1501 573 Pharamiem
1514 555 1602 583 regem
1617 549 1724 585 Aigypti
1741 562 1745 577 :
1759 558 1784 578 et

994 584 1121 617 populant
1137 588 1195 619 eius
1211 595 1300 615 sermo
1315 590 1422 618 divinus
1442 592 1486 618 tali
1507 594 1635 622 adversus
1655 596 1728 623 illum
1744 604 1785 624 est

996 637 1061 656 usus
1083 632 1203 659 exordio.
1234 644 1242 659 (
1257 633 1304 661 Cui
1328 635 1423 663 similis
1445 637 1531 664 factus
1559 647 1588 666 rs
1603 641 1628 666 in
1654 642 1785 676 ninguitu-

994 673 1057 701 dine
1069 676 1135 701 tua?
1148 676 1216 704 Ecce
1231 679 1323 711 Assur,
1338 681 1413 714 quasi
1428 682 1524 709 cedrus
1537 683 1563 709 in
1578 673 1713 716 Libanofi
1731 691 1782 713 etc.

996 718 1029 744 Et
1053 723 1093 746 est
1113 727 1210 748 sensus
1225 732 1231 748 :
1247 722 1303 750 Non
1320 725 1426 752 mireris
1443 726 1464 753 si
1483 735 1497 753 a
1513 727 1667 763 Babyloniis
1678 731 1715 757 sis
1728 731 1786 758 viu-

995 765 1096 792 ccndus
1117 769 1198 800 atque
1220 769 1363 802 periturus,
1384 774 1411 797 et
1433 775 1507 798 tuum
1527 773 1680 807 perditurus
1704 776 1787 811 impe-

997 808 1077 840 rium,
1089 817 1236 845 omnesque
1246 821 1309 847 opes
1320 814 1453 849 Aigypthe
1464 816 1631 846 destruenda:
1644 820 1707 853 sint,
1725 829 1785 848 eum

152 855 164 871 ι
180 847 237 874 haec
253 847 318 874 dicit
337 847 465 876 Dominus
482 849 553 877 Deus
567 859 572 876 :
586 850 638 877 Pro
657 859 689 878 eo
701 853 771 885 quod
786 853 944 881 sublimatus
958 852 981 881 B
996 857 1079 882 Assur
1094 856 1179 884 multo
1191 861 1218 885 te
1228 857 1323 885 fortior
1336 847 1430 888 eodem
1445 861 1571 890 Chaldaeo
1583 847 1726 898 superante
1740 867 1787 894 dc-

152 900 164 915 ι
178 892 259 919 estin
277 892 458 926 altitudinem,
480 897 508 921 et
527 894 600 921 dedit
622 897 802 923 summitatem
817 906 891 925 suam
908 900 943 925 νίς

152 945 162 960 ι
180 940 282 963 reutem
294 941 375 971 atque
385 938 558 970 condensam,
574 945 602 967 et
615 941 747 967 elevatum
763 947 805 969 est
821 949 868 969 cor
884 944 942 978 ejus

152 991 162 1006 c
180 981 206 1007 in
223 982 364 1009 altitudine
377 990 437 1015 sua,
457 984 552 1011 tradidi
572 993 633 1011 eum
660 986 686 1012 in
701 993 780 1013 manu
803 987 941 1015 fortissimi

152 1035 162 1050 ‹
178 1028 306 1061 gentium.
329 1027 441 1056 Faciens
456 1028 536 1056 faciet
553 1030 578 1057 ei
592 1030 670 1065 juxta
690 1031 855 1065 impietatem
872 1032 939 1067 ejus.

152 1081 162 1096 ι
179 1072 211 1098 Et
223 1073 288 1106 ιλ]υαί
301 1081 374 1107 eam,
388 1078 415 1101 et
433 1075 571 1103 succident
590 1083 650 1103 eam
668 1077 748 1104 alieni
768 1083 796 1104 et
815 1079 942 1106 crudelis-

151 1127 162 1143 1
177 1118 238 1144 simi
255 1119 405 1146 nationum.
420 1120 453 1147 Et
466 1120 607 1155 projicient
618 1129 678 1149 eam
693 1130 775 1157 super
786 1128 901 1157 montes,
914 1130 942 1152 et

151 1173 162 1188 ι
178 1165 206 1191 in
224 1165 328 1192 cunctis
344 1166 508 1194 convallibus
519 1171 648 1195 eorruent
661 1169 728 1195 rami
742 1168 809 1202 ejus.
828 1170 862 1196 Et
875 1178 940 1197 con-

151 1221 161 1236 ‹
176 1211 326 1247 friugentur
338 1214 449 1241 arbusta
460 1213 517 1248 ejus
535 1215 563 1241 in
580 1216 715 1249 universis
728 1217 838 1251 rupibus
852 1222 940 1245 terrze.

150 1267 161 1283 ι
176 1257 211 1284 Et
226 1259 352 1286 recedent
362 1259 397 1286 de
408 1259 564 1287 umbraculo
580 1260 639 1295 ejus
653 1269 748 1288 omnes
761 1262 850 1297 populi
864 1267 943 1290 terra:

151 1312 161 1329 ι
176 1307 205 1331 et
220 1304 370 1340 relinquent
387 1312 456 1333 eam.
478 1306 507 1333 In
523 1306 599 1333 ruina
613 1307 671 1342 ejus
683 1308 872 1336 habitaverunt
885 1317 942 1336 om-

149 1361 160 1376 l
176 1352 221 1378 nia
244 1351 361 1379 volatilia
385 1352 456 1385 cteli,
477 1356 505 1380 et
525 1353 553 1380 in
577 1354 660 1381 ramis
684 1353 742 1387 ejus
764 1354 871 1382 fuerunt
887 1356 944 1382 uni-

150 1406 160 1421 ε
177 1404 262 1425 νει-ξω
278 1397 370 1424 bestia:
386 1397 512 1432 regionis.
540 1398 720 1431 Quamobrem
735 1406 789 1426 non
801 1400 943 1428 elevabum

150 1455 159 1469 ι
176 1449 221 1472 tur
236 1445 262 1472 in
277 1445 419 1472 altitudine
433 1453 482 1472 sua
496 1446 586 1473 omnia
606 1446 677 1481 ligna
696 1453 837 1480 aquarum.
856 1455 944 1482 neque

150 1499 159 1514 ι
175 1493 278 1523 ponent
296 1490 489 1517 sublimitatem
508 1498 584 1518 suam
604 1491 675 1519 inter
697 1499 838 1519 nemorosa
862 1497 944 1528 atque

150 1543 159 1559 ι
174 1534 319 1566 fromiosa,
340 1542 390 1562 nec
405 1534 514 1562 stabunt
533 1535 560 1562 in
583 1535 748 1563 sublimitate
767 1544 814 1563 sua
834 1538 943 1570 omnia,

150 1587 159 1603 ι
174 1586 237 1613 qua:
258 1579 405 1614 irrigantur
419 1580 507 1614 aquis,
521 1581 584 1615 quia
604 1588 699 1608 omnes
720 1582 810 1609 traditi
831 1588 895 1610 sunt
917 1584 943 1610 in

149 1632 158 1646 ε
174 1628 290 1651 mortem
306 1623 340 1651 ad
360 1629 459 1652 terram
481 1625 602 1652 ultimam
614 1625 641 1652 in
657 1626 745 1654 medio
759 1626 876 1654 filiorum
896 1629 944 1655 ho-

149 1679 158 1692 ι
175 1669 280 1696 inicum
294 1670 328 1697 ad
350 1677 398 1698 eos
414 1671 460 1705 qui
477 1671 644 1698 descendunt
660 1673 686 1699 in
704 1672 801 1699 laeum.
830 1673 892 1701 Haec
907 1675 944 1702 di-

149 1725 157 1737 α
174 1714 211 1740 tit
232 1714 361 1742 Dominus
379 1715 459 1742 Deus.
485 1716 513 1743 ln
527 1716 570 1743 die
583 1718 691 1751 quando
705 1718 844 1746 descendit
858 1720 892 1746 ad
906 1721 944 1747 in-

149 1770 157 1782 ι
174 1760 247 1786 feros
259 1759 343 1787 indixi
358 1760 469 1792 luctum,
480 1763 574 1795 operui
587 1770 647 1789 eum
660 1763 767 1797 abysso.
782 1769 807 1790 et
818 1766 942 1798 prohibui

151 1814 159 1828 ι
176 1805 288 1832 flumina
305 1805 374 1840 ejus,
390 1810 419 1833 et
437 1807 543 1833 eoercui
564 1814 649 1841 aquas
671 1808 778 1836 multas.
805 1810 944 1838 Cotitritns

151 1861 159 1875 ι
174 1856 218 1879 est
241 1859 322 1887 super
343 1860 406 1880 eum
419 1853 546 1885 Libanus,
562 1859 590 1882 et
607 1856 697 1882 etnnia
713 1857 783 1891 ligna
799 1859 856 1892 agri
877 1866 942 1885 con-

150 1909 158 1922 c
174 1906 255 1925 eussa
278 1904 351 1926 sunt.
375 1900 397 1926 A
420 1901 509 1931 sonitu
534 1902 619 1929 ruime
638 1903 696 1937 ejus
714 1906 861 1932 commovit
879 1914 943 1940 geu-

150 1959 158 1968 ι
176 1950 217 1972 tes
242 1952 304 1972 cum
329 1944 493 1974 deducerent
513 1955 574 1975 eum
600 1948 633 1975 ad
657 1948 793 1977 infernum
819 1959 881 1978 eum
901 1952 943 1980 his

150 2002 157 2013 α
173 1991 220 2026 qui
243 1991 441 2019 descendebant
462 1993 490 2019 in
510 1992 609 2021 lacum.
637 1995 671 2022 Et
681 1996 819 2024 coosolata
834 2003 898 2025 sunt
915 1999 941 2025 in

151 2048 158 2062 ι
176 2042 249 2064 terra
264 2038 354 2065 inﬁma
372 2039 463 2066 ormiia
477 2039 550 2075 ligna
570 2041 715 2075 voluptatis
732 2044 841 2078 egregia
862 2050 943 2079 atque

151 2095 158 2107 ι
175 2083 305 2117 praeclara
331 2083 358 2110 in
378 2084 482 2112 Libano
506 2086 632 2114 universa
646 2107 653 2120 ,
679 2096 739 2122 qua:
762 2090 943 2125 irrigabantur

151 2139 159 2154 ι
175 2129 263 2164 aquis.
290 2129 366 2171 Nam’
378 2135 405 2158 et
426 2131 477 2166 ipsi
496 2139 557 2159 eum
576 2140 607 2160 ea
627 2134 791 2162 descendent
809 2137 842 2163 ad
857 2137 941 2165 infer-

150 2183 158 2198 ι
176 2182 242 2201 num
264 2175 298 2202 ad
322 2176 479 2204 interfectos
499 2177 589 2212 gladio
603 2198 611 2211 ,
632 2183 660 2206 et
680 2181 820 2208 brachium
847 2183 941 2210 unius-

996 899 1065 927 lctus
1078 901 1122 927 sit.
1145 902 1329 938 Describitque
1351 908 1498 939 potentiam
1519 916 1589 944 regis
1613 909 1714 945 Assyrii
1736 913 1787 940 sub

995 945 1079 979 figura
1093 946 1199 974 arboris
1213 949 1286 975 cedri
1297 948 1372 983 juxta
1387 950 1558 984 Hebraicum,
1573 955 1786 989 cyparissijuxta

994 989 1074 1020 LXX.
1096 991 1122 1018 in
1140 997 1229 1020 monte
1247 993 1348 1021 Libano
1364 996 1526 1028 constituta,
1545 1006 1603 1032 qum
1620 999 1654 1026 sit
1674 1000 1787 1034 pulchra

996 1035 1077 1062 ramis
1092 1040 1119 1063 et
1137 1037 1271 1064 condensa
1287 1037 1426 1067 frondibus
1442 1045 1470 1067 et
1481 1041 1514 1068 ad
1529 1043 1613 1069 nubes
1628 1051 1712 1079 usque
1725 1046 1787 1072 sub-

993 1084 1080 1112 recta,
1100 1088 1160 1114 qua:
1175 1081 1276 1108 idcirco
1294 1086 1400 1110 tantum
1419 1085 1513 1117 crevit,
1537 1087 1608 1120 quod
1627 1095 1680 1115 non
1698 1089 1786 1123 aquis,

993 1124 1040 1150 sed
1068 1124 1184 1160 abyssis,
1209 1127 1260 1154 hoc
1278 1132 1335 1160 est,
1360 1129 1438 1163 aquis
1463 1130 1701 1160 abundantissimis
1727 1135 1788 1161 irri-

993 1175 1081 1205 getur.
1105 1171 1224 1206 Abyssus
1246 1173 1318 1200 enim
1345 1174 1486 1202 multitudo
1512 1177 1616 1203 sonitus
1644 1185 1785 1212 aquarum.

994 1216 1031 1243 lta
1060 1221 1088 1244 ut
1116 1225 1212 1246 omnes
1239 1226 1303 1247 aves
1331 1221 1408 1248 nidos
1436 1222 1551 1248 fecerint
1576 1223 1601 1249 in
1618 1224 1701 1251 ramis
1728 1224 1787 1259 qius

993 1266 1021 1289 et
1049 1263 1100 1290 sub
1129 1263 1268 1291 frondibus
1299 1265 1370 1293 illius
1398 1268 1541 1301 genuerint
1566 1276 1660 1296 omnes
1695 1270 1788 1299 bestia:

994 1306 1121 1335 saltuum.
1130 1308 1164 1335 Et
1172 1316 1206 1336 ne
1216 1309 1402 1338 dubitaremus
1412 1320 1472 1346 quae
1482 1318 1573 1340 essent
1584 1314 1644 1341 caeli
1657 1315 1786 1350 volatilia,

993 1359 1054 1385 qua:
1066 1351 1193 1380 silvarum
1210 1353 1303 1381 bestia:
1325 1356 1446 1389 apertius
1459 1358 1556 1390 posuit.
1581 1368 1590 1383 ί
1612 1359 1644 1386 Et
1655 1360 1706 1387 sub
1726 1368 1788 1388 utn-

994 1397 1106 1425 braculo
1118 1398 1189 1426 illius
1199 1400 1338 1427 habitabat
1347 1406 1434 1429 coetus
1444 1404 1565 1437 gentium
1576 1404 1762 1438 plurimarum.
1776 1416 1785 1432 ν

971 1441 973 1443 ’
994 1441 1085 1474 Cedri,
1109 1443 1215 1478 inquit,
1236 1449 1264 1471 et
1286 1446 1430 1480 cyparissi,
1451 1447 1554 1475 abicies
1581 1449 1637 1476 sive
1658 1450 1737 1485 pinus
1761 1456 1788 1478 et

995 1487 1108 1522 platani,
1135 1488 1193 1515 sive
1218 1490 1361 1524 cyparissi.
1386 1498 1439 1518 non
1466 1492 1574 1520 fuerunt
1599 1502 1682 1530 mquae
1706 1497 1788 1523 ramis

957 1531 979 1560 C
997 1533 1077 1560 illius.
1094 1534 1127 1561 Et
1137 1541 1172 1561 ne
1182 1536 1338 1570 singillatim
1353 1537 1387 1564 de
1399 1539 1504 1566 cunctis
1515 1539 1658 1568 arboribus
1671 1541 1786 1575 diceret.

998 1587 1010 1604 ι
1028 1579 1061 1606 Et
1075 1580 1177 1611 omnia,
1193 1580 1290 1615 inquit.
1310 1581 1381 1616 ligna
1394 1584 1512 1617 paradisi
1529 1585 1585 1617 Dei,
1598 1593 1651 1612 non
1664 1591 1727 1614 sunt
1744 1595 1787 1615 as-

995 1623 1112 1651 similata
1138 1624 1176 1651 illi
1198 1629 1226 1652 et
1249 1626 1443 1659 pulchritudini
1467 1628 1534 1662 ejus,
1555 1640 1564 1655 ι
1590 1636 1643 1659 etc.
1661 1631 1711 1658 Per
1729 1640 1790 1667 qua:

995 1669 1116 1697 nonnulli
1131 1670 1283 1705 intelligunt
1297 1679 1350 1698 non
1364 1672 1396 1698 de
1410 1680 1472 1707 rege
1482 1674 1534 1700 dici
1550 1674 1671 1710 Assyrio,
1692 1678 1739 1703 sed
1753 1678 1787 1705 de

995 1714 1131 1741 contraria
1154 1715 1314 1742 fortitudine
1327 1736 1335 1748 ,
1353 1724 1413 1751 quae
1430 1717 1457 1743 in
1482 1726 1607 1746 sermone
1628 1720 1691 1755 Tyri
1716 1722 1788 1749 inter

994 1760 1140 1787 Cherubim
1155 1761 1255 1788 dicitur
1274 1769 1334 1789 esse
1348 1768 1488 1797 generata,
1508 1770 1535 1791 et
1550 1765 1675 1798 pretiosis
1689 1767 1787 1794 distin-

993 1809 1036 1832 cta
1056 1806 1207 1840 lapidibus.
1225 1811 1253 1833 ct
1267 1812 1358 1841 postea
1373 1808 1406 1834 ad
1423 1813 1528 1836 terrena
1544 1818 1595 1837 suo
1614 1811 1679 1839 vitio
1698 1814 1788 1840 conci-

995 1851 1079 1882 disse,
1094 1852 1178 1886 quiet
1194 1852 1223 1879 in
1235 1852 1304 1879 Isaia
1315 1853 1415 1880 cadens
1430 1853 1538 1882 Lucifer
1552 1857 1702 1890 appellatur
1718 1857 1786 1893 (lsa.

995 1897 1065 1931 xiv),
1081 1897 1143 1924 etin
1167 1897 1312 1932 Evangeiio
1323 1899 1445 1934 signatur
1459 1908 1473 1927 a
1488 1901 1600 1929 Domino
1614 1912 1620 1929 ι
1636 1913 1645 1928 ί
1658 1903 1788 1932 Videbam

995 1943 1136 1975 Satanam,
1147 1943 1225 1978 quasi
1235 1944 1322 1979 fulgor
1337 1945 1371 1972 de
1385 1946 1454 1973 caelo
1467 1947 1607 1975 cadentem
1624 1948 1701 1984 (Luc.
1715 1950 1753 1985 tt).
1774 1960 1784 1976 ι

995 1986 1096 2023 (ϐπ-αθ.)
1112 1987 1162 2021 Qui
1178 1995 1295 2022 namque
1319 1990 1405 2025 accipi
1428 1991 1454 2018 in
1478 1992 1566 2020 cedria
1603 1993 1737 2022 abietibus
1759 2000 1787 2023 et

995 2034 1110 2069 platanis
1132 2039 1256 2070 possunt,
1278 2036 1331 2063 nisi
1353 2037 1397 2063 illa
1415 2038 1546 2065 virtutqu
1558 2040 1708 2067 antestium
1722 2048 1786 2076 pro-

994 2087 1064 2107 cera:
1082 2080 1251 2108 celsitudinis
1269 2082 1375 2116 agmina
1391 2083 1418 2109 in
1428 2087 1528 2110 :etema
1546 2084 1788 2114 lietitiacviriditate

993 2125 1133 2159 plantata?
1153 2126 1218 2159 Qum
1238 2127 1363 2161 quamvis
1381 2129 1486 2155 excelsa
1506 2128 1559 2156 sint
1580 2130 1700 2163 condita,
1725 2131 1787 2159 huic

994 2176 1083 2199 tamen
1104 2180 1153 2199 nuc
1172 2173 1282 2207 praelata
1302 2178 1365 2201 sunt
1388 2181 1437 2201 nec
1452 2178 1572 2209 aequata,
1589 2175 1635 2209 qui
1649 2176 1786 2209 speciosus

150 2231 158 2244 ι
174 2221 306 2256 cujusque
324 2222 428 2250 sedebit
439 2224 491 2251 sub
501 2207 661 2253 ἶιηιιπυξυιο
676 2207 739 2261 ei“,
751 2227 777 2253 in
792 2207 941 2256 5663;};
954 2207 979 2237 Ῐ)
993 2217 1080 2245 factus
1110 2218 1136 2245 in
1165 2218 1258 2247 multis
1284 2207 1492 2253 condensisquev
1509 2207 1649 2247 frondibus
1663 2207 1783 2248 dicitur.

149 2276 157 2288 ‹
175 2266 280 2293 tionum
299 2267 366 2301 ejus.
390 2266 440 2295 Cui
461 2269 625 2297 assimilatas
643 2278 684 2303 es,
707 2279 725 2298 0
741 2272 840 2307 inclyte
860 2277 941 2308 atque

149 2320 158 2335 ε
175 2311 300 2339 sublimis
318 2312 388 2340 inter
406 2313 476 2348 ligna
491 2314 654 2350 voluptatis?
671 2317 741 2345 Ecce
760 2318 891 2346 deductus
911 2327 940 2348 cs
961 2335 969 2343 -

148 2367 157 2382 α
174 2365 238 2384 cum
253 2358 332 2392 lignis
343 2360 488 2394 voluptatis
503 2362 537 2389 ad
555 2367 654 2390 terram
677 2365 810 2392 ultimam.
835 2365 862 2392 In
888 2374 940 2393 me-

149 2412 158 2428 ι
174 2404 220 2430 dio
237 2404 483 2434 incircumcisorum
500 2408 620 2436 dormies
636 2417 697 2436 eum
713 2410 755 2437 his
767 2411 813 2445 qui
828 2412 940 2440 interfe-

149 2458 158 2473 ι
174 2450 210 2475 eti
225 2453 288 2476 sunt
306 2449 403 2486 gladio.
428 2450 486 2485 lpse
499 2457 541 2479 est
554 2453 594 2480 sic
608 2453 724 2486 Pharao,
740 2460 768 2482 et
778 2456 866 2484 omnis
879 2458 944 2484 mul—

149 2505 159 2519 ε
174 2495 262 2530 Liuido
272 2495 337 2529 tuus,
352 2497 416 2524 dicit
424 2498 550 2526 Dominus
557 2498 637 2527 Deus.
654 2499 806 2536 »(Ηὶενοη).
822 2501 942 2529 Primum

148 2540 379 2578 sciﬂt}tlﬂttt,fjl10d
385 2549 551 2579 qureouuque
562 2543 688 2573 dicuntur
694 2545 727 2572 de
743 2553 806 2580 rege
820 2545 942 2581 Assyrio-

149 2594 209 2613 rum
232 2586 323 2615 futuro
337 2592 467 2623 tempore,
490 2589 516 2617 in
531 2588 703 2624 Septuaginta
718 2592 794 2625 quasi
808 2596 942 2618 transacta

150 2626 390 2667 memorantnr':.et
404 2633 444 2660 sic
456 2633 497 2660 vel
512 2634 545 2661 ad
558 2634 681 2662 arborem
694 2635 736 2662 vel
747 2635 780 2662 ad
792 2636 941 2670 principem

149 2675 268 2710 loquitur
276 2677 455 2712 Assyriorum,
464 2683 492 2705 ut
500 2683 552 2706 tatu
562 2680 711 2708 masculino
721 2688 802 2715 quam
812 2681 943 2710 feminino

148 2729 248 2756 genere
272 2723 304 2750 de
328 2731 380 2752 una
404 2732 518 2759 persona
540 2724 715 2759 intelligatur,
735 2727 798 2754 dum
817 2731 845 2753 et
862 2727 944 2754 arbor

149 2766 267 2794 refertur
282 2767 314 2794 ad
332 2768 471 2804 Assyrium
488 2774 514 2796 et
529 2770 656 2803 Assyrius
672 2770 698 2797 in
712 2770 810 2797 arbore
821 2772 943 2798 nomina-

150 2817 202 2839 tur.
225 2812 279 2841 ἓως
293 2814 324 2844 de
338 2822 398 2850 rege
412 2814 558 2848 Babylonio
574 2814 599 2840 in
614 2815 738 2848 prmsenti
752 2823 877 2844 sermone
889 2816 941 2844 ulla

993 2262 1060 2296 Quia
1073 2263 1214 2297 pradatum
1228 2264 1333 2291 castoris
1345 2263 1493 2297 legionibus
1508 2269 1580 2292 tanta
1594 2265 1667 2293 ilium
1681 2267 1786 2301 species

992 2308 1174 2343 pulchriorem
1186 2309 1312 2341 reddidit,
1324 2314 1423 2343 quanta
1438 2316 1465 2336 et
1478 2311 1616 2345 supposita
1627 2312 1785 2348 angelorum

993 2356 1137 2383 multitudo
1147 2356 1294 2383 decoravit.
1316 2355 1370 2382 Ista
1383 2356 1465 2383 arbor
1483 2357 1508 2383 in
1533 2358 1658 2391 paradiso
1678 2359 1728 2387 Dei
1747 2363 1787 2387 tot

992 2401 1069 2436 quasi
1088 2401 1186 2428 densas
1200 2401 1309 2429 frondes
1324 2402 1433 2433 habuit,
1449 2408 1514 2437 quot
1528 2404 1578 2430 sub
1590 2412 1618 2431 se
1630 2406 1733 2440 positas
1742 2414 1787 2436 su-

994 2454 1139 2480 pernorum
1161 2447 1304 2482 spirituum
1322 2447 1442 2481 legiones
1462 2449 1588 2476 attendit.
1610 2450 1660 2484 Qui
1682 2452 1786 2480 idcirco

994 2498 1110 2526 peccans
1129 2492 1188 2518 sine
1203 2491 1278 2519 venia
1297 2492 1440 2520 damnatus
1451 2498 1503 2525 est,
1524 2495 1586 2529 quia
1602 2503 1715 2530 magnus
1727 2498 1785 2525 sine

993 2538 1194 2572 comparatione
1212 2536 1300 2565 fuerat
1312 2543 1429 2566 creatus.
1448 2539 1582 2576 (Hier-on.)
1599 2540 1651 2568 Sed
1665 2550 1714 2569 nos
1729 2543 1786 2569 lure

995 2584 1086 2611 otnnia
1110 2588 1139 2620 ut
1157 2584 1266 2611 interim
1287 2593 1433 2619 sequamur
1455 2587 1594 2615 historiam
1611 2589 1784 2625 ὑπερϐολικῶς

994 2629 1067 2657 dicta
1092 2629 1288 2664 intelligamus,
1311 2631 1382 2665 quod
1400 2636 1481 2660 tanta:
1497 2632 1625 2667 Assyrius
1641 2633 1721 2660 fuerit
1738 2642 1784 2668 po—

996 2676 1096 2706 tentiae,
1123 2681 1151 2702 et
1174 2676 1214 2704 sic
1237 2682 1349 2705 cunctas
1368 2679 1532 2713 oppresserit
1553 2679 1685 2710 nationes,
1711 2685 1740 2705 ut
1754 2687 1784 2706 se

996 2724 1150 2758 angelorum
1159 2724 1308 2751 fortitudini
1319 2726 1490 2760 compararit.
1503 2725 1597 2752 Omnia
1606 2730 1695 2753 autem
1706 2737 1784 2762 μετα-

996 2775 1104 2809 φορικῶς
1118 2771 1167 2798 sub
1182 2771 1315 2798 altissima
1330 2773 1412 2798 cedro
1428 2773 1484 2799 sive
1504 2772 1643 2807 cyparisso
1657 2773 1784 2799 dicuntur

996 2817 1029 2844 ad
1048 2818 1205 2852 Assyrium,
1222 2817 1429 2852 iutcrfcctioque
1442 2818 1512 2844 illius
1532 2818 1681 2853 appellatur
1696 2818 1785 2846 sueci-
