1986 3092
228 126 280 154 8l5

565 127 596 154 Β.
617 126 741 154 RABANI
762 126 871 155 MAURI
891 127 1048 155 ARClllEP.
1072 127 1225 155 llOGU-NT.
1246 127 1389 157 OPERUM
1409 129 1499 157 PARS
1517 130 1548 158 ll.

1814 133 1866 161 816

225 185 275 211 sia.
291 182 421 217 Quodque
435 183 556 217 sequitur
574 192 578 208 :
595 193 602 208 ι
622 183 729 210 Tradidi
743 191 801 210 eam
821 183 846 210 in
867 191 947 210 mann
962 183 1015 209 for-
1028 186 1052 214 Α
1067 183 1093 211 id
1111 189 1169 216 est,
1185 185 1218 212 ad
1235 184 1336 212 inferos
1353 186 1486 214 deductus
1504 195 1534 214 cs
1546 207 1554 220 ,
1576 188 1682 215 (licente
1697 189 1840 225 Scriptura
1856 203 1863 220 :

227 229 322 256 tissimi
335 228 465 263 gentium,
484 237 492 253 ι
507 235 595 262 regem
604 227 777 262 Babylonium
791 232 878 254 vocat.
892 228 926 255 Ut
944 228 1015 262 quod

225 274 291 301 vicit
307 273 447 308 Assyrium
460 280 512 300 non
525 273 641 307 propriae
659 273 842 305 fortitudinis,
856 274 903 301 st
918 274 1015 301 divina:

225 318 354 353 intelligat
375 319 525 353 potestatis.
543 328 551 344 ι
569 318 647 345 Juxta
661 318 836 354 impietatem,
849 320 943 354 inquit,
957 319 1015 353 ejus

224 364 292 398 ejcci
303 371 361 390 eam
371 383 378 395 ,
396 373 405 389 ι
423 367 453 390 ut
464 363 568 391 occulte
582 364 758 399 Babylonium
776 370 885 392 moneat
900 373 952 392 non
965 366 1014 393 de-

222 409 286 435 bere
306 415 365 435 esse
387 408 541 441 crudelem,
567 417 617 437 nec
639 410 792 443 opprimere
811 411 937 446 populum
954 412 1013 444 Dei,

222 455 267 488 qui
276 454 326 481 sibi
338 456 454 481 traditus
464 455 510 487 sit,
520 463 552 482 ne
561 455 658 482 similia
666 456 784 490 patiatur
794 457 827 484 ab
834 457 956 492 Assyrio,
968 457 1012 491 qui

221 500 336 527 crudelis
354 505 382 528 et
396 501 493 536 impius
509 500 568 528 fuit.
590 511 598 526 ι
623 501 656 528 Ει
679 502 818 529 succident
832 502 904 529 illam
919 503 1011 535 alieni,

220 550 247 572 et
258 546 439 573 crudelissimi
455 546 605 579 nationum,
624 556 634 573 ι
650 547 717 579 sive,
729 546 810 581 juxta
823 547 1011 583 Septuaginta,

219 591 365 626 pestilentes
379 611 386 624 ,
405 591 478 626 quod
492 600 630 626 nunquam
641 593 727 620 voluit
739 593 829 620 dicere
843 593 869 619 in
886 592 1011 620 Chaldma

219 636 334 670 positus,
350 644 383 663 ne
399 635 474 663 illum
488 636 632 664 adversum
646 641 754 672 gentem
766 645 846 664 suam
859 644 1012 665 commove-

218 684 269 707 ret.
292 679 437 714 l'rojicitur
458 688 565 716 quoque
586 689 668 717 super
687 686 803 715 montes,
821 687 849 709 et
863 682 890 709 in
906 683 1012 711 cunctis

217 725 385 752 convallibus
401 730 532 753 corruunt
550 727 617 754 rami
631 727 706 762 ejus,
720 732 749 755 et
764 728 973 763 confringtmtur
983 728 1010 755 in

218 773 339 807 rupibus,
356 778 383 800 et
400 781 414 800 a
430 773 535 800 cunctis
549 774 744 808 derelinquitnr
759 775 875 810 populis,
892 776 944 803 hoc
956 781 1009 808 est,

216 817 370 845 volatilibus
387 819 464 851 caeli,
480 823 508 846 et
521 819 616 846 bestiis
633 820 731 854 campi.
755 820 789 846 Et
802 820 830 847 in
845 825 947 847 tantam
963 828 1008 849 ve-

1069 240 1077 255 ε
1097 230 1284 264 lngredientur
1295 231 1329 257 ad
1343 235 1466 258 extrema
1483 237 1580 264 terrm,
1598 235 1740 262 tradentur
1756 236 1784 264 in
1805 245 1863 265 ma-

1065 283 1116 301 nus
1131 275 1222 309 gladii.
1237 280 1328 310 partes
1342 276 1462 311 vulpium
1477 282 1558 305 erunt
1570 277 1657 313 (Paul.
1675 280 1754 316 un).
1779 291 1788 307 ι
1807 291 1816 306 ι
1834 286 1862 309 ιιι

1065 320 1171 353 medio,
1188 321 1242 353 ait,
1257 321 1510 349 incircumcisorum
1527 323 1656 355 dormies,
1672 333 1735 352 cum
1753 326 1799 353 his
1817 328 1861 362 qui

1066 365 1199 392 interfecti
1214 370 1276 393 sunt
1292 366 1391 400 gladio.
1411 377 1420 392 ›
1436 367 1560 395 Ostendit
1581 377 1641 404 qua:
1659 375 1750 398 essent
1770 372 1859 407 ligna,

1064 418 1124 445 qum
1143 412 1240 439 cedrus
1252 412 1309 439 sive
1324 412 1478 447 cyparissus
1492 414 1589 449 gladiis
1606 416 1759 450 vulnerata,
1777 424 1805 445 et
1820 419 1861 453 ja-

1064 463 1129 483 cens
1143 463 1203 483 cum
1219 456 1427 485 incircumcisis.
1448 459 1481 486 Et
1498 465 1527 487 ut
1539 466 1660 489 extrema
1676 464 1861 493 anterioribns
1884 463 1887 468 ’

1060 499 1203 535 jungeret,
1223 503 1286 536 quia
1306 511 1386 538 supra
1401 504 1508 533 dixerat
1524 513 1531 532 :
1550 515 1560 531 t
1585 506 1633 534 Cui
1648 508 1747 536 similis
1771 510 1860 538 factus

1063 552 1093 572 es
1108 545 1134 572 in
1150 547 1333 581 magnitudine
1349 552 1393 574 tua
1404 568 1411 580 ,
1431 557 1496 577 ecce
1507 551 1609 584 Assur,
1624 554 1702 587 quasi
1716 554 1819 583 cedrus
1833 556 1859 583 in

1062 590 1166 617 Libano
1185 591 1297 625 pulcher
1322 594 1405 621 ramis
1424 599 1451 621 ct
1476 595 1619 627 frondibus
1633 617 1640 630 ,
1664 603 1729 632 eun,
1751 609 1761 625 ›
1789 609 1860 629 nunc

1063 635 1144 663 infert
1157 647 1166 662 ι
1185 646 1191 663 :
1208 636 1253 664 Sic
1264 642 1306 665 est
1316 638 1422 667 Pharao
1431 644 1458 667 et
1469 641 1558 668 omnis
1567 643 1711 671 multitudo
1723 645 1861 680 ejus,tlicit

1062 682 1203 710 Dominus.
1225 693 1233 709 ι
1259 684 1417 717 Quomodo,
1441 686 1538 721 inquit,
1563 688 1692 724 Assyrius
1714 691 1818 719 cedrus
1832 697 1860 720 et

1061 729 1217 763 cyparissus
1240 729 1390 764 Babylonio
1414 732 1570 760 succidente
1597 734 1700 769 dejecta
1721 741 1766 764 est
1791 746 1798 763 :
1821 738 1860 765 sic

1061 772 1168 801 Pharao
1193 778 1221 802 et
1248 775 1363 810 populus
1387 776 1463 811 ejus,
1488 778 1540 806 hoc
1561 784 1604 807 est
1625 780 1682 815 ipsa
1706 782 1813 815 arbor,
1834 790 1861 811 et

1061 819 1129 846 rami
1154 819 1224 847 illius
1251 828 1265 846 a
1291 821 1439 856 Babylonio
1460 823 1644 851 suceidentur.
1662 825 1725 854 Haec
1749 827 1860 857 interim

217 863 274 889 niet
287 863 476 897 perditionem,
490 868 622 891 utomnes
635 864 757 898 arbores,
770 873 830 900 quae
842 866 1009 900 putabantur
1024 861 1046 890 Β
1057 862 1136 897 juxta
1158 863 1299 890 historiam
1324 865 1395 891 dicta
1417 866 1483 898 sint,
1504 873 1564 901 qua:
1583 867 1706 903 plerique
1731 871 1759 898 in
1792 880 1860 900 eon-

216 907 332 935 cxcelsze
345 908 548 943 comparatione
559 908 677 943 Assyriae
686 909 807 942 arboris,
822 918 871 938 suo
885 911 1009 945 exemplo

217 952 326 984 elevari,
342 957 370 980 ct
383 953 409 979 in
421 953 535 980 sublime
548 953 616 988 erigi
631 953 701 980 ultra
715 954 859 987 desistant,
875 964 925 983 nec
937 960 1010 983 stent

217 997 243 1024 in
259 997 401 1025 altitudine
414 1006 462 1025 sua
474 1018 481 1031 ,
496 999 542 1026 sed
552 1019 560 1031 ,
577 999 621 1026 illa
634 1000 752 1033 succisa,
764 1008 859 1028 omnes
876 1006 948 1028 metu
962 1010 1009 1037 pa-

217 1043 284 1070 riter
309 1044 494 1071 succidantur.
516 1044 647 1081 Quodque
669 1054 719 1081 per
745 1047 948 1075 translationem
969 1048 1009 1075 di-

215 1105 222 1117 .
235 1101 288 1120 tum
303 1101 361 1120 erat
374 1092 404 1119 lit
416 1089 589 1118 manifestius
605 1100 612 1117 :
632 1100 641 1116 ι
658 1090 769 1124 Omnes,
781 1093 828 1125 ait,
843 1093 935 1120 traditi
946 1098 1009 1120 sunt

216 1139 387 1173 (subauditur
403 1148 490 1174 regeS)
509 1141 537 1167 in
553 1142 666 1168 mortem
688 1137 721 1164 ad
736 1142 836 1165 terram
849 1137 981 1170 ultimam,
996 1148 1005 1164 ι

215 1183 266 1210 hoc
277 1188 326 1216 est,
341 1184 373 1211 ad
386 1184 537 1219 infernum;
552 1195 561 1211 ι
572 1186 599 1213 in
606 1184 817 1215 medioﬁliorum
830 1183 978 1220 hominum,
996 1194 1010 1211 ν

215 1235 384 1264 nequaquam
406 1229 479 1256 inter
495 1230 624 1264 arbores,
643 1240 651 1256 ι
673 1232 708 1259 ad
723 1238 770 1259 eos
782 1231 829 1266 qui
842 1231 1008 1259 descendunt

209 1275 241 1301 'in
253 1274 339 1302 lacum
351 1282 358 1301 :
375 1285 384 1301 ι
395 1275 465 1303 haud
477 1275 586 1303 dubium
596 1277 661 1311 quin
673 1276 777 1304 inferna
788 1277 930 1313 significet.
943 1277 1009 1304 Post

215 1321 394 1348 succisiouem
408 1321 513 1349 arboris
524 1321 642 1358 Assyriae
658 1323 714 1350 sive
724 1322 805 1350 Indiae
818 1322 883 1359 [Al.,
900 1323 927 1350 in
940 1322 1005 1359 die},

216 1366 324 1400 quando
335 1366 473 1394 descendit
483 1367 516 1394 ad
531 1367 632 1395 inferos
642 1367 770 1403 Assyrius
785 1377 791 1394 :
807 1373 835 1396 et
847 1368 945 1396 indixit
955 1369 1007 1396 Do-

215 1411 305 1438 minus
316 1410 428 1445 luctum,
442 1420 549 1440 rursum
561 1420 610 1448 per
622 1413 823 1441 translationem
837 1414 870 1441 de
881 1422 914 1442 eo
924 1414 1008 1449 loqui-

213 1460 268 1488 tur,
286 1457 358 1490 quod
376 1461 486 1491 opertus
500 1458 535 1485 sit
548 1458 656 1493 abysso,
677 1458 756 1492 juxta
772 1458 836 1486 illud
849 1459 920 1494 quod
936 1458 1005 1487 scri-
1021 1455 1027 1461 ’

211 1505 288 1536 ptum
302 1506 344 1529 est
357 1509 364 1528 :
379 1511 388 1528 ‹
408 1502 475 1530 Veni
490 1503 517 1529 in
529 1503 692 1538 profundum
708 1504 806 1534 maris.
818 1508 846 1531 et
859 1508 1005 1539 tempestas

213 1547 341 1575 demersit
359 1555 402 1575 me
414 1547 500 1583 (Paul.
516 1549 623 1585 vant),
639 1558 649 1575 ›
666 1553 694 1577 et
706 1549 796 1577 omnia
809 1549 929 1583 ﬂumina,
944 1558 1001 1578 om-
1017 1540 1040 1572 (ἶ

212 1600 261 1620 nes
283 1593 408 1621 videlicet
421 1594 543 1622 nationes
557 1602 619 1623 eum
635 1594 706 1622 ultra
722 1595 811 1631 rigare
826 1596 1003 1629 cessaverint,

207 1644 241 1666 et
253 1639 386 1667 contritus
405 1640 451 1673 sit,
471 1641 527 1668 sive
549 1641 759 1669 contenebratus
779 1649 860 1677 super
876 1650 953 1675 eam,
977 1642 1005 1670 id

210 1688 264 1717 est,
280 1684 404 1711 arborem
414 1705 422 1717 ,
437 1685 478 1712 vel
496 1692 557 1712 eum
567 1706 574 1718 ,
589 1686 616 1713 id
626 1691 667 1713 est
677 1706 685 1718 ,
703 1685 843 1721 Assyrium
853 1707 860 1720 ,
874 1686 1002 1714 Libanns.

212 1731 252 1758 Ac
267 1738 300 1757 ne
308 1734 472 1764 putaremus
487 1731 520 1758 de
542 1731 639 1759 arbore
658 1739 718 1760 esse
737 1739 901 1765 sermonem,
916 1733 1005 1767 sequi-

212 1779 256 1801 tur
274 1784 279 1801 :
300 1784 308 1800 ‹
327 1775 350 1801 Α
364 1775 453 1803 sonitu
475 1776 559 1803 ruina
573 1775 631 1810 ejus
645 1777 779 1804 commovi
790 1781 900 1812 gentes;
917 1787 926 1803 ι
944 1785 1004 1812 quae

211 1821 284 1847 enim
297 1825 370 1848 tanta
385 1821 462 1848 ruina
474 1828 534 1849 esse
550 1822 629 1849 unius
642 1822 748 1850 arboris
763 1827 862 1857 potest,
876 1827 905 1850 ut
916 1824 949 1851 ad
961 1831 1003 1851 so-

211 1867 298 1894 nituttt
316 1867 375 1901 ejus
395 1867 528 1895 universa
544 1872 638 1902 gentes
654 1873 886 1896 commoveantur.
910 1878 919 1895 t
936 1868 1003 1897 Cum

210 1912 370 1940 deducerem
382 1933 389 1946 ,
404 1913 502 1948 inquit,
516 1920 577 1941 eam
590 1914 624 1941 ad
641 1913 787 1942 infernum.
811 1924 820 1940 ι
835 1914 917 1942 Juxta
931 1914 1003 1943 litte-

212 1966 284 1990 ram,
302 1959 384 1986 arbor
406 1959 440 1986 ad
460 1958 562 1987 inferos
583 1960 679 1987 deduci
701 1968 756 1988 non
777 1966 874 1996 potest.
898 1970 908 1987 ι
935 1961 1002 1991 Cum

211 2004 272 2031 aliis
286 2004 331 2038 qui
344 2004 372 2031 in
383 2004 481 2035 lacum,
496 2014 507 2030 ›
519 2005 544 2032 id
555 2010 606 2038 est,
621 2006 655 2033 ad
667 2006 778 2040 inferos,
791 2008 1001 2037 descendebant.

216 2060 225 2075 ι
241 2051 274 2078 Et
284 2049 423 2077 consolata
439 2055 502 2078 sunt
516 2050 542 2077 in
555 2054 627 2078 terra
639 2052 740 2086 inﬁma,
752 2063 761 2079 ι
775 2053 801 2080 in
815 2054 897 2081 corde
910 2054 1003 2082 videli¢

212 2099 255 2122 oet
274 2099 364 2128 terra),
388 2104 397 2121 ι
413 2096 504 2123 omnia
518 2095 590 2131 ligna
604 2096 749 2131 voluptatis
761 2118 768 2129 ,
796 2107 805 2124 ι
823 2099 880 2126 sive
891 2099 1002 2127 delicia-

211 2149 271 2168 rum
285 2161 292 2175 ,
310 2142 381 2176 quod
396 2141 528 2169 Hebraice
545 2142 696 2177 appellatur
712 2144 787 2176 oden,
801 2149 831 2172 ut
846 2152 1002 2175 nemorosos

209 2186 296 2214 saltus
313 2187 449 2222 silvasque
462 2187 595 2223 signiﬁcet
613 2188 737 2224 egregias
754 2194 835 2225 atque
855 2191 1000 2226 pra-claras

211 2241 269 2267 qua:
287 2219 445 2261 fuerunt-in
469 2219 572 2262 Libano
587 2241 594 2260 :
614 2219 868 2271 «'Et‘irrigabantui'
881 2238 968 2273 aquis.
988 2248 997 2264 ι
1014 2219 1040 2249 D

213 2289 221 2304 ε
236 2278 338 2307 Namct
347 2279 412 2315 ipsa:
421 2280 532 2308 arbores
544 2288 605 2308 cum
612 2288 657 2314 eo,
670 2291 680 2308 ι
693 2281 745 2310 hoc
756 2286 798 2310 est
807 2290 869 2310 cum
877 2283 998 2320 Assyrio,

213 2335 222 2351 ι
236 2326 400 2354 descendent
411 2327 447 2354 ad
456 2326 604 2361 infernum,
617 2329 650 2356 ad
663 2328 820 2358 interfectos
834 2331 891 2359 sive
905 2332 999 2360 vulne-

214 2376 285 2398 ratos
305 2370 403 2405 gladio.
430 2381 439 2396 ι
463 2371 546 2408 Ligna
564 2372 660 2407 gladiis
674 2382 727 2402 non
741 2375 933 2409 vulnerantur,
952 2378 999 2405 sed

211 2417 361 2450 caeduntur,
386 2425 436 2444 nec
454 2418 621 2446 descendunt
633 2420 666 2447 ad
679 2419 822 2448 infernum.
844 2431 853 2447 ε
880 2422 913 2449 Ει
932 2423 995 2450 bra-

208 2462 313 2494 chium,
327 2471 336 2488 ι
353 2463 451 2498 inquit,
463 2463 519 2491 sive
534 2471 637 2497 semen,
650 2465 779 2500 quoniam
791 2467 861 2502 apud
874 2467 1000 2496 Hebraeos

210 2517 300 2536 sermo
320 2517 384 2536 zara
406 2514 550 2545 utrumque
576 2511 710 2546 signiﬁcat
734 2521 739 2537 :
769 2523 778 2538 ι
801 2513 950 2548 requiescet
973 2515 1000 2542 in

212 2555 368 2583 umbraculo
384 2555 441 2590 ejus
451 2576 458 2588 ,
474 2556 501 2583 in
523 2557 610 2584 medio
632 2557 780 2591 nationum,
795 2569 804 2585 ι
829 2567 999 2594 nequaquam

213 2601 355 2634 silvarum,
367 2600 414 2629 sed
429 2602 559 2637 gentium.
575 2602 616 2629 Ad
631 2607 783 2630 extremum
796 2603 826 2631 lit
838 2605 1000 2639 apostrophe

214 2650 247 2676 ad
263 2649 349 2683 ipsum
363 2648 515 2683 Assyrium,
527 2649 584 2676 sive
600 2649 634 2676 ad
646 2649 824 2678 Pharaonem.
844 2660 853 2676 ι
869 2651 918 2679 Cui
932 2652 1000 2680 assi-

214 2695 322 2722 tnilatus
335 2701 376 2728 es,
389 2702 405 2722 ο
419 2694 518 2729 inclyte
532 2699 613 2729 atque
629 2695 766 2728 sublimis,
781 2697 852 2724 inter
865 2697 937 2733 ligna
953 2706 1000 2725 vo-

209 2739 338 2774 luptatis?
365 2749 375 2765 »
394 2738 488 2766 Nullus
504 2738 562 2772 tibi,
583 2739 684 2774 inquit,
699 2748 749 2776 par
764 2741 823 2774 fuit,
843 2742 891 2770 sed
905 2749 998 2770 omnes

209 2793 286 2819 reges
302 2785 423 2819 potentia
441 2787 573 2819 superasti
593 2794 601 2813 :
621 2791 648 2814 et
661 2792 751 2815 tamen
764 2795 825 2815 cum
838 2789 943 2817 caeteris
955 2797 999 2817 re-

209 2829 297 2862 gibus,
309 2830 353 2863 qui
367 2835 445 2857 erant
460 2831 486 2858 in
500 2833 629 2860 comitatu
645 2837 700 2864 tuo.
728 2834 760 2860 ad
778 2838 863 2862 terras
879 2835 996 2868 intimas,

1060 909 1239 936 summatione
1255 910 1346 937 mundi
1361 910 1449 937 futura
1460 912 1630 948 intelligunt;
1646 919 1672 942 et
1686 924 1780 951 regem
1791 918 1858 946 l'ha-

1060 960 1170 981 raonem
1179 973 1187 987 ,
1202 955 1254 982 hoc
1266 961 1319 987 est,
1334 964 1394 983 eam
1408 962 1571 991 potestatem
1587 960 1630 987 cui
1644 960 1783 997 Egyptus
1796 966 1859 992 sub-

1057 998 1130 1033 jecta
1151 1000 1188 1027 sit
1209 1001 1361 1035 comparari
1378 1002 1434 1038 regi
1457 1003 1631 1039 Assyriorum
1654 1009 1860 1043 potentissimo,

1060 1045 1086 1072 id
1100 1048 1153 1078 est,
1165 1045 1347 1075 Antichristo.
1366 1048 1443 1082 Quod
1462 1050 1485 1077 si
1498 1051 1542 1078 ille
1557 1054 1703 1085 corruerit.
1722 1056 1820 1091 utique
1833 1063 1861 1085 et

1059 1090 1105 1117 alii
1119 1095 1240 1120 rectores
1255 1094 1431 1121 tenebrarum
1444 1095 1559 1124 istarum
1573 1101 1600 1125 et
1610 1099 1751 1135 principes
1765 1090 1860 1130 mundi

1059 1134 1165 1162 facilius
1176 1142 1315 1164 corruant.
1328 1137 1456 1167 Dicamus
1468 1148 1534 1176 ergo
1548 1143 1581 1169 de
1596 1134 1722 1178 singulis,
1736 1147 1860 1176 breviter

1057 1181 1149 1210 omnia
1162 1182 1376 1219 perstringentes
1386 1205 1394 1219 ,
1409 1190 1503 1226 utnon
1521 1191 1575 1214 tam
1591 1189 1761 1220 disseramus
1774 1197 1800 1221 et
1813 1201 1860 1222 ex-

1058 1229 1200 1263 planemus
1216 1229 1341 1263 obscura,
1360 1239 1442 1266 quam
1455 1233 1602 1268 explanare
1615 1236 1792 1271 cupientibus
1804 1247 1860 1267 ma-

1059 1274 1156 1301 teriam
1171 1275 1279 1303 dedisse
1296 1277 1444 1304 videamur.
1462 1278 1637 1315 Primumque
1652 1281 1857 1312 discutiendum

1059 1326 1108 1346 cur
1124 1318 1268 1347 undecimo
1288 1329 1371 1355 anno,
1396 1323 1475 1351 tertio
1497 1332 1601 1358 mense,
1613 1334 1668 1353 una
1684 1328 1729 1355 die
1741 1330 1859 1364 mensis,

1059 1363 1160 1392 factum
1181 1370 1223 1393 est
1236 1367 1349 1398 verbum
1367 1368 1474 1396 Domini
1487 1370 1521 1396 ad
1540 1370 1712 1400 Ezechielem
1735 1363 1855 1404 dicenst

1058 1410 1109 1438 Fili
1127 1412 1244 1440 hominis
1254 1432 1262 1446 ,
1276 1413 1319 1441 dic
1331 1413 1467 1442 Pharaoni
1482 1416 1539 1451 regi
1552 1416 1674 1454 Egypti,
1691 1424 1719 1447 et
1732 1421 1856 1449 multitu-

1058 1457 1115 1484 dini
1135 1457 1203 1492 ejus.
1223 1458 1361 1487 Locuturo
1378 1460 1412 1487 ad
1424 1460 1596 1490 Pharaonem
1616 1464 1762 1494 undecimo
1782 1461 1856 1495 anno

1058 1511 1147 1532 sermo
1163 1504 1193 1532 tit
1210 1506 1333 1539 Domini;
1350 1508 1466 1535 necdum
1485 1508 1558 1535 enini
1576 1515 1689 1538 venerat
1702 1512 1738 1539 ad
1752 1513 1856 1541 duode-

1055 1550 1172 1583 cimum,
1196 1551 1242 1586 qui
1265 1560 1395 1580 numerus
1412 1553 1498 1588 plena:
1522 1561 1774 1593 consummataeque
1796 1559 1854 1586 vir-

1056 1596 1120 1623 tutis
1139 1601 1191 1624 est.
1218 1597 1293 1625 Unde
1310 1602 1338 1626 et
1355 1599 1496 1626 duodecim
1517 1600 1600 1629 Jacob
1626 1602 1672 1629 lilii
1693 1609 1758 1631 sunt
1774 1604 1852 1640 (Gen.

1055 1642 1151 1678 xxxv),
1170 1650 1186 1670 a
1202 1643 1300 1678 quibus
1319 1648 1412 1680 postea
1425 1646 1565 1674 duodecim
1582 1649 1691 1676 nomina
1703 1651 1855 1685 propheta-

1055 1696 1115 1716 rum
1134 1696 1188 1716 uno
1204 1689 1340 1718 volumine
1360 1692 1543 1719 continentur.
1566 1693 1599 1720 Et
1618 1696 1736 1729 apostoli
1751 1697 1855 1724 duode-

1054 1735 1120 1768 cim,
1142 1742 1257 1770 quorum
1271 1736 1335 1771 quia
1350 1744 1420 1765 unus
1438 1737 1522 1766 ludas
1542 1740 1665 1774 proditor
1684 1740 1753 1775 fuit,
1772 1742 1799 1769 in
1816 1742 1854 1770 lo-

1054 1788 1115 1807 cum
1127 1780 1185 1815 ejus
1196 1781 1325 1809 Mattbias
1337 1782 1454 1818 elegitur
1467 1784 1536 1820 (Αιι.
1552 1785 1583 1820 ι).
1598 1785 1631 1812 Et
1640 1786 1852 1824 archisynagogi

1054 1826 1109 1853 ﬁlia
1121 1834 1252 1855 annorum
1264 1828 1404 1856 duodecim
1416 1837 1431 1857 a
1443 1830 1557 1858 Domino
1569 1832 1729 1860 suscitatur.
1738 1834 1852 1862 Hemor—

1054 1873 1158 1900 rhoissa
1180 1881 1287 1909 quoque
1312 1883 1385 1903 anno
1407 1877 1568 1906 duodecimo
1587 1880 1683 1915 recipit
1703 1882 1850 1910 sanitatem

1054 1917 1161 1953 (Matth.
1190 1919 1240 1954 ix).
1265 1919 1318 1947 Sed
1342 1921 1405 1956 quia
1421 1923 1566 1958 corripitur
1585 1924 1692 1953 Pharao
1710 1931 1739 1953 et
1755 1932 1849 1962 postea

1053 1963 1201 1999 plangitur,
1217 1971 1361 2000 propterea
1378 1968 1474 1996 tertius
1490 1970 1593 1998 mensis
1607 1976 1634 1998 et
1649 1980 1720 2000 unus
1731 1973 1792 2001 dies
1803 1982 1850 2001 uu-

1053 2009 1140 2037 decim
1155 2018 1289 2039 annorum
1305 2020 1420 2042 numero
1431 2015 1602 2050 copulantur.
1621 2016 1698 2045 Unde
1709 2019 1738 2045 in
1755 2027 1850 2048 ωηερ-

1053 2058 1212 2091 quentibus,
1227 2058 1389 2087 duodecimo
1404 2068 1487 2094 anno,
1498 2069 1592 2090 mense
1607 2063 1783 2098 duodecimo,
1798 2075 1848 2093 una

1052 2103 1164 2136 mensis,
1176 2102 1206 2130 fit
1215 2104 1328 2132 verbum
1339 2104 1446 2133 Domini
1458 2107 1492 2134 ad
1499 2107 1623 2136 Ezechiel
1636 2109 1730 2137 dicens
1742 2119 1750 2138 :
1767 2120 1777 2137 α
1788 2111 1846 2145 Fili,

1053 2147 1182 2181 hominis,
1198 2156 1308 2177 assume
1325 2149 1462 2185 planctum
1477 2160 1560 2188 super
1572 2153 1745 2183 Pharaonem
1760 2164 1848 2194 regem

1052 2191 1175 2228 (Egypti,
1186 2198 1214 2221 et
1227 2194 1300 2222 dices
1313 2196 1347 2222 ad
1360 2203 1421 2224 eum
1434 2197 1442 2233 (
1453 2196 1548 2225 Each.
1563 2200 1666 2235 xxxn).
1688 2211 1697 2227 ι
1713 2202 1767 2235 Qui
1778 2191 1847 2230 enim

1053 2239 1205 2274 plangitur,
1225 2241 1286 2269 ideo
1300 2242 1451 2277 plangitur,
1468 2249 1497 2271 ut
1513 2245 1644 2282 intelligat
1656 2253 1761 2282 quanta
1778 2250 1847 2277 bona

1052 2287 1211 2321 perdiderit,
1226 2291 1255 2315 et
1268 2292 1369 2321 tamen,
1382 2290 1445 2324 quia
1460 2290 1565 2319 Pharao
1578 2297 1647 2325 erat,
1662 2298 1689 2321 et
1706 2294 1847 2323 brachium

1026 2352 1030 2355 .
1053 2332 1110 2366 ejus
1123 2333 1237 2360 necdum
1256 2333 1345 2361 fuerat
1361 2335 1528 2371 colligatum,
1544 2345 1593 2365 nec
1612 2339 1760 2373 pristinam
1772 2348 1846 2368 rece-

1052 2383 1131 2412 perat
1145 2378 1347 2413 fortitudinem,
1362 2386 1505 2416 propterea
1521 2383 1548 2411 in
1562 2392 1632 2412 anno
1646 2385 1809 2416 duodecimo
1821 2394 1847 2415 et

1053 2424 1079 2451 in
1090 2432 1182 2453 mense
1193 2425 1354 2455 duodecimo
1363 2428 1456 2463 viginti
1470 2437 1567 2457 novem
1581 2431 1640 2458 dies
1654 2433 1746 2461 adhuc
1762 2442 1845 2462 rema-

1053 2475 1126 2503 nent,
1135 2476 1165 2498 ut
1174 2472 1332 2500 duodecimo
1340 2480 1472 2501 annorum
1481 2483 1609 2504 numerus
1621 2477 1779 2512 impleatur.
1790 2480 1845 2508 Uno

1052 2516 1135 2551 igitur
1149 2517 1250 2545 mensis
1262 2517 1305 2545 die
1317 2525 1407 2546 sermo
1422 2519 1451 2547 tit
1464 2521 1570 2549 Domini
1585 2522 1619 2550 ad
1636 2525 1809 2559 prophetam,
1820 2531 1844 2553 et

1052 2563 1208 2597 prmcipitur
1222 2564 1246 2591 ei
1262 2568 1292 2591 ut
1304 2564 1430 2600 loquatur
1444 2567 1499 2603 regi
1512 2567 1622 2604 Egypti
1639 2576 1667 2597 et
1678 2572 1843 2601 multitudini

1051 2607 1118 2642 ejus.
1130 2608 1160 2636 In
1172 2617 1226 2644 quo
1236 2611 1389 2639 mirandum
1401 2613 1473 2648 quod
1487 2619 1605 2649 quatuor
1617 2616 1782 2653 interpretes
1792 2627 1843 2648 non

1051 2653 1175 2688 pupulum
1184 2654 1313 2689 dixerim,
1328 2656 1375 2684 sed
1385 2657 1590 2688 multitudinem.
1602 2669 1611 2685 ι
1623 2660 1699 2689 Multi
1713 2664 1788 2691 enim
1799 2671 1843 2691 vo-

1050 2699 1103 2726 cati
1114 2703 1141 2727 et
1152 2700 1231 2734 pauci
1242 2700 1318 2728 electi
1330 2700 1439 2737 (lauit.
1448 2703 1528 2739 xm).
1540 2713 1550 2730 ι
1560 2704 1593 2732 Et
1603 2705 1631 2732 in
1641 2705 1701 2742 lege
1714 2709 1842 2743 scriptum

1050 2751 1108 2774 est:
1119 2756 1129 2772 ε
1141 2747 1199 2774 Non
1210 2748 1265 2775 eris
1276 2756 1337 2775 cum
1348 2748 1521 2778 multitudine
1532 2751 1558 2778 in
1570 2752 1650 2780 malo.
1663 2763 1673 2779 ι
1688 2753 1842 2790 Diciturque

1052 2792 1085 2819 ad
1097 2800 1187 2828 regem
1201 2793 1310 2830 (Egypti
1323 2803 1329 2821 :
1345 2803 1354 2820 ί
1364 2794 1413 2822 Cui
1425 2795 1521 2824 similis
1533 2796 1620 2825 factus
1629 2806 1659 2825 es
1671 2799 1699 2826 in
1712 2801 1841 2836 magnitu-

1052 2836 1124 2869 dine,
1137 2837 1202 2870 sive,
1218 2838 1244 2865 in
1258 2838 1397 2867 altitudine
1412 2841 1471 2868 tua?
1484 2850 1493 2867 ι
1508 2841 1578 2876 quod
1591 2846 1619 2869 et
1628 2842 1685 2876 ipse
1699 2851 1729 2872 se
1738 2845 1838 2872 exalta‘
