1986 3092
127 174 182 204 8l7

603 166 780 197 COMMENT.
799 165 834 194 IN
851 163 1077 193 EZECHIELEDI.
1099 178 1133 183 —
1150 162 1214 191 LIB.
1230 163 1287 191 XII.

1703 164 1757 192 818

128 234 217 263 verat,
228 234 255 258 et
265 228 402 264 subjaceat
413 227 451 255 illi
463 225 616 255 sententiae:
627 234 636 251 ι
648 225 741 253 Omnis
753 224 798 259 qui
808 230 837 250 se
845 220 919 249 exal-
932 221 959 251 Α
971 220 1057 248 titudo
1071 220 1190 256 gentium
1204 220 1381 255 plurimarum
1393 241 1400 253 ,
1419 223 1448 248 ut
1467 220 1625 249 commistos
1637 220 1757 250 diversos

129 280 181 307 tat,
195 271 496 307 bnmiliabitur(Mauh.
513 270 591 307 mn)
602 291 608 303 ,
625 280 633 296 ι
652 270 699 297 sed
715 273 805 297 tamen
821 275 874 295 non
886 266 921 293 sit

129 320 190 354 ejus
198 318 331 346 altitudini
339 317 444 349 similis,
451 316 496 351 qui
507 315 584 350 quasi
595 314 692 342 cedrus
703 314 759 341 sive
766 312 921 349 cyparissus

130 366 159 392 in
168 364 270 391 Libano
284 362 365 389 fuerit
375 362 488 397 pulcher
498 360 591 392 ramis,
603 363 631 387 et
641 358 781 386 frondibus
795 364 921 384 nemoro-

130 417 189 440 sus,
202 408 377 440 excelsusquc
392 405 542 437 altitudine,
554 408 582 431 et
593 404 626 431 ad
638 404 724 431 nubes
734 409 820 436 usque
827 408 922 429 erexe-

132 454 170 481 rit
181 457 270 488 caput.
281 451 320 478 Ad
331 458 398 486 quas
407 450 553 478 secundum
562 446 646 476 David
657 448 756 475 veritas
767 447 813 474 Dei
824 453 920 482 perve-

132 499 184 530 nit,
192 497 322 531 etquibus
330 496 472 523 mandatur
481 494 613 529 nepluant
622 492 788 528 superlsrael
796 492 921 518 imbrem.

126 541 308 570 Pulchritudo
321 547 426 575 quoque
434 539 505 566 illius
518 538 688 573 praedicatur,
699 544 758 572 qua:
768 536 796 563 in
809 536 923 570 turpitu-

132 588 226 615 dinem
241 593 323 621 prava
338 585 476 612 voluntate
489 587 591 610 mutata
606 586 657 615 est,
672 581 710 609 ita
721 585 751 608 ut
768 581 874 608 dicatur
890 579 923 607 de

132 639 170 659 eo
192 640 199 658 :
225 641 234 656 ι
260 630 416 665 Confringet
443 628 571 656 Dominus
590 627 686 655 cedros
709 626 804 654 Libani
827 624 921 660 (Psal.

133 676 250 711 xxvm);
274 686 283 702 ι
299 679 327 702 et
341 674 465 702 excelsus
479 673 538 709 ipse
548 673 575 700 in
588 672 720 700 altissimo
731 671 864 698 montium
877 669 925 697 Li-

133 722 207 748 bano
222 720 392 752 constitutus,
406 722 507 753 quanto
519 716 659 745 sublimior
671 715 768 749 fuerat,
782 719 859 743 tanto
869 714 923 742 for-

135 767 193 793 tius
208 766 326 793 caderet.
340 763 422 799 Cujus
436 763 575 797 Scriptura
589 765 682 789 sancta
695 761 789 789 volens
803 759 924 787 altitudi-

135 817 199 838 nem
221 810 421 840 demonstrare,
442 806 560 842 appellat
581 813 644 833 eum
667 805 778 833 cedrum
800 810 925 840 magnam

135 861 220 889 quam
244 852 397 880 nutrierunt
416 858 501 886 aquae.
524 850 582 877 Non
603 857 678 884 aqua:
698 848 781 881 Siloe,
799 855 859 883 quae
876 855 924 874 va-

970 266 1042 294 vitiis
1056 266 1190 302 significet
1203 270 1284 302 atque
1297 267 1424 302 peccatis.
1448 276 1456 293 I
1480 267 1545 295 Erat
1563 272 1653 297 autem
1673 268 1758 297 Assur

968 311 1169 348 pulcherrimus
1183 311 1209 339 in
1227 312 1414 347 magnitudine
1431 319 1498 345 sua,
1516 317 1545 341 et
1559 313 1586 341 in
1601 314 1758 342 dilatatione

970 357 1141 384 arbustorum
1154 364 1274 390 suorum,
1294 366 1304 384 ›
1328 357 1391 393 quia
1408 358 1485 392 aquis
1500 358 1593 386 multis
1606 359 1685 386 radix
1699 359 1757 394 ejus

970 402 1058 430 fuerat
1072 402 1195 438 irrigata,
1217 403 1351 430 intantum
1374 407 1403 430 ut
1428 404 1455 431 in
1473 404 1600 439 paradiso
1619 405 1666 432 Dei
1686 405 1759 432 nulla

971 447 1113 474 cedrorum
1134 451 1162 475 et
1176 448 1374 483 cyparissorum
1388 453 1461 476 esset
1477 449 1557 477 altior
1567 470 1575 483 ,
1590 458 1641 478 nec
1656 451 1759 479 abietes

970 491 1080 527 pinique
1093 492 1266 527 adaequarent
1279 493 1470 521 sublimitatem
1486 494 1554 528 ejus,
1580 495 1636 523 sive
1655 496 1759 530 platani

971 544 1024 564 non
1034 540 1126 564 essent
1135 544 1218 571 aequae
1231 536 1370 565 frondibus
1380 538 1461 566 illius.
1473 539 1575 567 Idcirco
1586 545 1675 568 autem
1685 541 1758 569 nulla

971 581 1098 609 arborum
1112 581 1139 608 in
1153 581 1465 617 paradisoplantatarum
1472 584 1497 611 ei
1505 584 1594 613 fuerat
1607 587 1757 621 adaequata,

975 634 986 652 ι
1000 626 1063 661 quia
1076 633 1157 654 omne
1169 627 1270 662 lignum
1281 628 1399 662 paradisi
1405 628 1453 656 Dei
1465 636 1519 657 non
1530 634 1572 658 est
1579 631 1758 659 assimilatum

972 670 1012 699 illi
1024 675 1054 699 et
1066 670 1263 706 pulchritudini
1277 671 1347 706 ejus.
1363 682 1375 699 ι
1391 672 1566 710 Nequaquam
1578 676 1650 704 enim
1662 681 1761 705 erecta:

973 719 1036 744 sunt
1066 724 1115 752 per
1144 717 1299 751 superbiam
1314 738 1322 751 ,
1355 719 1403 746 sed
1433 719 1553 747 sciean
1580 721 1760 749 humilitatem

973 768 1063 794 suam,
1077 768 1165 797 neque
1179 762 1380 791 similitudinem
1394 763 1442 791 Dei
1456 765 1588 800 sacrilego
1600 766 1651 794 sibi
1671 767 1762 794 animo

973 805 1112 834 vindicare
1122 811 1226 842 cenatas
1237 812 1310 835 sunt.
1318 807 1448 843 Quodque
1457 810 1579 845 sequitur
1592 820 1599 838 :
1616 820 1625 837 ι
1637 811 1671 839 Et
1677 819 1761 839 aemu-

975 851 1028 879 lata
1043 856 1107 880 sunt
1118 860 1179 880 eam
1191 853 1281 881 omnia
1293 853 1365 890 ligna
1380 855 1555 889 deliciarum,
1570 864 1630 891 qua:
1643 861 1722 885 erant
1734 858 1762 885 in

135 900 205 926 dunt
220 906 280 926 cum
298 897 414 929 silentio,
426 897 473 924 88d
485 903 562 930 aqua:
579 895 661 921 llasin
674 899 701 921 et
715 902 791 927 aqua:
803 892 925 928 Egypti,

985 898 1111 931 >aradiso,
1139 908 1149 925 ι
1172 899 1213 927 sic
1229 899 1404 928 edisserimus
1427 909 1434 927 :
1455 901 1593 930 [Emulata
1614 907 1677 931 sunt
1690 903 1763 939 ligna

135 945 172 972 de
184 944 280 979 quibus
293 944 422 977 scriptum
442 945 484 969 est
499 949 505 967 :
520 950 529 966 ι
548 940 617 973 Quid
631 939 678 966 tibi
693 944 721 965 ut
735 939 812 965 bibas
828 945 926 972 aquam

135 990 214 1018 Gcon
229 988 347 1025 (1min),
359 998 367 1014 ι
376 988 434 1015 sive
446 985 606 1021 Sior?vquod.
615 992 696 1020 aqua:
702 983 822 1011 turbidas
835 985 925 1010 sonat.

173 1038 294 1073 Abyssus
317 1043 425 1072 quoque
449 1035 577 1063 exaltavit
596 1041 669 1067 eum,
695 1039 777 1068 super
797 1039 878 1066 quam
898 1032 927 1059 in

135 1085 273 1122 principio
288 1084 382 1111 mundi
396 1083 514 1110 tenebrae
526 1081 682 1108 ferebantur
695 1088 702 1107 :
714 1083 743 1107 et
755 1078 789 1107 ad
804 1086 883 1113 quam
899 1078 927 1105 in

137 1130 285 1164 Evangelio
304 1130 439 1157 daemones
457 1135 492 1155 ne
513 1127 663 1158 mittantur,
684 1127 789 1160 rogant.
803 1123 928 1151 Flumina

137 1175 260 1211 ejusdem
278 1175 386 1210 abyssi,
403 1173 433 1201 in
446 1172 562 1200 circuitu
582 1171 702 1199 radicum
718 1169 777 1205 ejus
791 1173 879 1201 erant,
893 1168 927 1196 de

140 1223 242 1259 quibus
259 1222 358 1249 dicitur
371 1230 378 1248 :
394 1229 403 1246 ι
423 1219 498 1254 Quod
514 1218 563 1246 tibi
582 1222 609 1245 et
625 1217 676 1244 via:
691 1215 878 1251 Assyriorum,
900 1218 931 1242 ut

138 1267 219 1295 bibas
231 1274 316 1301 aquas
326 1265 475 1293 fluminum.
494 1273 504 1290 ι
520 1264 553 1290 Et
570 1263 597 1290 in
610 1262 662 1290 alio
672 1262 732 1289 loco
750 1270 757 1288 :
776 1269 785 1287 ι
799 1261 869 1288 Ecce
881 1260 931 1287 Do-

138 1313 233 1340 minus
248 1312 356 1339 inducet
375 1317 456 1345 super
468 1316 516 1337 vos
535 1315 634 1343 aquam
652 1305 769 1334 fluminis
788 1305 885 1333 fortem
903 1307 931 1332 et

141 1357 268 1392 multam,
287 1363 381 1391 regem
396 1354 567 1390 Assyriorum
584 1357 613 1381 et
625 1358 733 1379 omnem
748 1349 860 1386 gloriam
873 1348 932 1384 ejus

141 1403 216 1439 (1m.
231 1405 305 1436 vm).
324 1411 335 1428 ι
350 1401 433 1428 Rivos
447 1406 555 1435 quoque
571 1405 635 1426 suos
651 1396 742 1425 emisit
762 1396 878 1431 abyssus
898 1393 932 1421 ad

142 1448 270 1475 universa
292 1446 364 1482 ligna
387 1445 519 1481 regionis,
544 1447 575 1471 ut
598 1450 652 1470 non
673 1441 759 1470 solum
782 1440 932 1476 principem

977 944 1095 978 paradisi
1111 944 1311 972 multitudinem
1330 953 1467 973 ramorum
1482 946 1549 982 ejus.
1574 956 1583 973 ι
1599 947 1770 976 Μιιιιὶπθιιίιιιι

977 990 1065 1017 vocati
1079 993 1107 1016 et
1122 990 1200 1024 pauci
1212 990 1302 1023 electi,
1319 1000 1328 1016 ι
1341 995 1368 1018 et
1382 1001 1391 1017 ι
1406 991 1459 1019 lata
1475 996 1505 1020 et
1519 993 1638 1028 spatiosa
1650 994 1693 1020 via
1705 1001 1766 1028 quae

978 1035 1053 1063 ducit
1066 1036 1099 1064 ad
1109 1035 1341 1071 mortemﬂfallh.
1351 1044 1397 1069 xx,
1407 1036 1467 1071 vn).
1482 1046 1492 1063 ›
1504 1036 1583 1073 Cupit
1596 1038 1766 1066 enimtantos

978 1080 1079 1108 habere
1091 1080 1120 1107 in
1133 1081 1245 1108 salutem
1260 1085 1376 1115 quantos
1391 1080 1480 1109 Assur
1491 1082 1585 1110 habuit
1596 1082 1624 1110 in
1635 1083 1765 1118 perditio-

979 1133 1051 1153 nem.
1075 1126 1152 1154 Unde
1174 1126 1260 1154 Assur
1276 1126 1438 1155 sublimatus
1459 1132 1501 1155 est
1523 1128 1551 1155 in
1574 1128 1725 1161 altitudine,
1740 1133 1767 1157 et

980 1172 1055 1200 dedit
1066 1172 1257 1200 sublimitatem
1268 1180 1346 1200 suam
1356 1173 1489 1201 virentem
1500 1178 1581 1209 atque
1592 1175 1766 1202 condensam.

980 1217 1045 1246 Sive
1066 1226 1152 1253 usque
1166 1219 1201 1245 ad
1215 1219 1301 1247 nubes
1317 1227 1449 1247 cacumen
1463 1221 1565 1252 erexit,
1585 1224 1613 1247 et
1635 1220 1768 1248 elevatum

981 1271 1028 1292 cor
1039 1263 1098 1299 ejus
1108 1284 1116 1296 ,
1131 1268 1162 1291 ut
1176 1265 1287 1298 diceret,
1303 1274 1318 1291 I-
1334 1265 1388 1293 Ero
1408 1265 1503 1293 similis
1512 1265 1659 1293 Altissimo.
1677 1275 1685 1291 ι
1700 1265 1769 1292 Prc-

980 1313 1073 1344 pterea
1091 1318 1101 1335 ι
1119 1309 1236 1337 traditus
1249 1314 1291 1338 est
1306 1311 1332 1337 in
1350 1318 1429 1338 manu
1449 1310 1587 1338 fortissimi
1604 1312 1740 1347 gentium;
1756 1321 1766 1338 ι

981 1363 1062 1391 quam
1086 1355 1271 1391 intelligamus
1290 1356 1369 1384 aliam
1399 1357 1585 1385 detestabilem
1607 1362 1769 1393 potestatem

981 1400 1025 1429 cui
1041 1400 1157 1428 traditur
1170 1402 1204 1428 ad
1220 1402 1402 1436 puniendum,
1423 1403 1481 1437 ipse
1495 1407 1536 1431 est
1549 1404 1621 1431 enim
1646 1404 1772 1432 inimicus

983 1449 1010 1473 et
1024 1446 1105 1474 ultor.
1122 1446 1159 1474 Ut
1174 1447 1261 1475 Assur
1275 1448 1439 1484 intelligatur
1456 1448 1640 1477 Antichristus
1650 1470 1658 1483 ,
1676 1453 1704 1477 et
1717 1450 1771 1477 for-

143 1492 237 1520 mundi
249 1491 340 1526 hujus,
351 1491 399 1518 sed
411 1495 440 1517 et
453 1490 541 1518 socios
554 1488 627 1516 illius
637 1488 772 1523 irrigaret.
786 1485 934 1521 Propterea

985 1490 1105 1518 tissimus
1126 1491 1247 1526 gentium
1270 1493 1314 1520 cui
1334 1493 1449 1521 traditus
1473 1498 1524 1527 est,
1550 1493 1676 1528 Satanas,
1693 1494 1772 1529 juxta

143 1537 266 1565 elevatus
280 1540 333 1569 est.
352 1540 381 1564 et
399 1543 481 1570 super
490 1534 582 1562 omnia
599 1531 935 1567 altissimalisuasuccre-
952 1570 969 1574 _
985 1535 1050 1563 illud
1066 1536 1186 1571 Apostoli
1200 1537 1226 1572 (1
1243 1537 1310 1565 Tim.
1327 1538 1347 1574 ι)
1363 1547 1369 1565 π
1386 1547 1400 1564 ι-
1413 1539 1486 1572 Quos
1500 1540 1599 1568 tradidi
1613 1540 1730 1573 Satanze,
1744 1545 1774 1568 ut

145 1583 204 1611 νίιε
222 1591 232 1608 ε
250 1582 285 1609 Ει
301 1581 478 1616 multiplicata
492 1583 556 1607 sunt
569 1579 678 1606 arbusta
691 1576 765 1612 ejus,
784 1585 795 1604 ο
813 1580 842 1604 et
852 1575 935 1603 totius
947 1570 970 1601 (ἶ
986 1570 1159 1608 discantnon
1168 1570 1365 1616 blasphemare.
1384 1592 1393 1609 ι
1409 1570 1459 1617 Qui
1473 1592 1483 1609 ‹
1504 1583 1605 1612 faciens
1619 1585 1698 1613 faciet
1708 1570 1744 1618 ei,
1761 1596 1770 1612 ι

145 1628 222 1655 "bis
237 1626 357 1662 Ροθθθάίι
379 1625 522 1660 imperium
536 1624 628 1651 dicens
645 1630 653 1650 ε
671 1622 735 1650 nam
754 1621 849 1649 omnii
868 1620 936 1647 ωίΙιί
986 1632 1151 1660 quaecunque
1170 1626 1195 1653 ei
1212 1625 1340 1654 fuerinta
1359 1628 1472 1655 Domino
1488 1629 1630 1663 imperata.
1655 1630 1707 1657 Ista
1727 1638 1776 1657 au—

145 1673 247 1700 tradita
257 1675 323 1699 sunt
335 1692 342 1698 .
359 1680 369 1697 ι
383 1671 415 1698 Et
428 1670 523 1698 elevati
539 1672 602 1697 sunt
615 1668 683 1696 rami
696 1666 764 1702 ejus,
775 1666 844 1701 rqui
859 1665 937 1700 aquis
986 1673 1041 1696 tem
1061 1670 1216 1705 cyparissus
1232 1670 1318 1705 ejecta
1334 1675 1376 1698 est
1393 1671 1427 1699 de
1446 1672 1571 1706 paradiso
1595 1674 1643 1701 Dei
1663 1679 1776 1709 propter

145 1717 239 1753 abyssi
263 1716 370 1743 fuerant
389 1715 493 1751 irrigati
508 1722 516 1741 :
531 1715 577 1749 qui
597 1713 716 1741 extendit
739 1711 796 1739 sive
816 1709 939 1739 dilatavit

146 1762 336 1793 umbraculum
352 1769 430 1790 suum
444 1765 476 1788 ut
493 1767 588 1788 omnes
605 1766 662 1787 suae
674 1757 819 1792 subjiceret
831 1754 936 1783 ditioni.

149 1808 180 1837 In
199 1808 284 1835 ramis
300 1806 359 1841 ejus
381 1806 503 1833 fecerunt
517 1804 596 1831 nidos
615 1802 707 1830 omnia
725 1800 844 1829 volatilia
864 1799 936 1827 eali.

147 1853 245 1882 Omnis
270 1852 344 1879 enim
366 1851 412 1886 qui
434 1849 499 1877 facit
521 1852 661 1884 peccatum
680 1847 715 1875 de
735 1844 841 1874 diabolo
860 1848 940 1871 natus

148 1903 202 1932 est,
221 1902 249 1926 et
268 1898 304 1926 de
316 1904 455 1925 ramorum
476 1896 536 1931 ejus
553 1902 666 1922 numero
690 1896 871 1928 computatur.
892 1891 940 1918 Illa

148 1945 224 1972 enim
247 1943 367 1971 volatilia
388 1942 510 1970 fecerunt
530 1940 610 1968 nidos
635 1939 663 1967 in
688 1938 770 1965 ramis
792 1937 861 1973 ejus,
881 1944 941 1971 quae

148 1989 228 2025 juxta
247 1989 323 2016 viam
338 1986 518 2022 evangelicum
535 1988 683 2013 sementem
697 1982 840 2011 comedere
862 1991 869 2009 :
884 1981 941 2009 sive

151 2035 282 2070 quoniam
292 2044 301 2060 ‹
311 2040 405 2061 omnes
413 2036 593 2067 peccaverunt
599 2035 626 2058 et
632 2030 752 2066 indigent
757 2028 942 2057 misericordia

151 2081 200 2109 Dei
224 2079 311 2115 (Rom.
327 2079 383 2114 ιιι),
402 2088 413 2105 ι
430 2078 463 2106 de
486 2077 584 2113 quibus
599 2077 701 2104 dictum
715 2079 757 2103 est
777 2084 783 2102 :
811 2084 821 2101 ι
841 2074 943 2103 Omnes

153 2128 369 2159 declinaverunt,
380 2125 460 2154 simul
474 2125 582 2152 inutiles
596 2123 660 2151 facti
675 2126 736 2151 sunt
751 2122 837 2157 (Psal.
848 2123 940 2156 mn.)

154 2174 258 2202 idcirco
285 2172 312 2199 in
339 2171 423 2198 ramis
451 2170 509 2205 ejus
536 2168 658 2196 fecerunt
678 2167 765 2194 nidos.
792 2166 942 2201 Sequitur:

158 2228 169 2245 ι
187 2218 222 2245 Et
246 2217 296 2244 sub
323 2215 463 2243 frondibus
489 2214 548 2249 ejus
572 2216 721 2248 genuerunt
739 2218 833 2239 omnes
849 2211 943 2238 bestia

155 2263 285 2293 saltuum,
304 2270 313 2286 ι
330 2268 390 2295 qua!
400 2258 498 2287 Christi
512 2257 745 2286 mansuetudinem
758 2256 942 2291 perdiderunt.

159 2316 169 2332 ι
188 2306 224 2333 Et
240 2305 291 2332 sub
306 2303 462 2331 umbraculo
481 2302 552 2329 illius
571 2301 710 2328 habitabat
723 2304 811 2328 enatus
824 2300 944 2335 gentium

155 2350 351 2386 plurimarum;
374 2358 384 2374 ι
407 2352 438 2375 ut
452 2346 541 2374 nullus
559 2349 631 2373 esset
649 2345 695 2380 qui
716 2353 769 2372 non
790 2345 849 2379 ejus
872 2351 947 2379 tege-

156 2399 235 2423 retur
251 2393 417 2426 umbraculo,
436 2397 535 2428 praeter
543 2399 606 2419 eum
624 2391 670 2426 qui
683 2391 750 2418 dixit
765 2399 772 2417 :
790 2399 800 2416 ι
820 2389 892 2417 Ecce
903 2397 948 2417 ve-

157 2442 199 2469 nit
214 2440 340 2475 princéps
359 2439 450 2467 mundi
466 2439 561 2474 hujus,
580 2441 610 2465 ut
624 2436 743 2465 inveniet
759 2436 787 2464 in
806 2444 851 2465 me
869 2436 945 2463 nihil.

160 2497 169 2512 ε
184 2486 238 2513 Per
251 2492 335 2512 unum
345 2484 479 2512 hominem
494 2486 635 2518 peccatum
646 2481 756 2509 intravit
767 2481 793 2508 in
804 2481 947 2514 mundum,

157 2536 186 2559 et
212 2539 262 2566 per
284 2534 425 2565 peccatum
450 2537 534 2561 mors,
558 2532 585 2556 et
602 2529 641 2556 sic
661 2528 688 2555 in
709 2535 807 2556 omnes
827 2528 949 2555 homines

159 2585 234 2605 mors
249 2576 422 2612 pertransiit,
442 2586 451 2602 ›
465 2576 491 2602 in
507 2582 562 2610 quo
573 2581 668 2602 omnes
681 2581 865 2609 peccavimus,
881 2577 908 2601 et
921 2573 949 2601 in

158 2621 248 2649 Adam
271 2627 365 2647 omnes
386 2620 532 2651 morimur,
550 2619 694 2653 cunctique
715 2618 899 2653 peccavimus,
923 2621 950 2645 et

159 2668 313 2703 indigemus
333 2667 417 2702 gloria
431 2666 495 2699 Dei,
514 2670 542 2693 et
554 2670 645 2693 tamen
661 2666 688 2692 in
704 2665 762 2699 ipsa
781 2664 949 2692 habitatione

160 2715 267 2742 diversa
291 2712 408 2740 conditio
432 2716 482 2740 est.
509 2711 560 2739 Alii
581 2711 704 2738 habitant
724 2710 750 2737 in
772 2710 857 2737 ramis
881 2708 947 2743 ejus,

161 2760 239 2794 quasi
261 2758 391 2791 volatilia,
414 2758 555 2785 scientiam
575 2757 626 2784 sibi
644 2756 671 2783 in
687 2756 856 2791 philosophia
880 2755 950 2782 etin

162 2805 351 2833 lizrreticorum
380 2805 549 2840 dogmatibus
583 2803 761 2838 pollicentes;
793 2802 838 2829 alii
872 2802 949 2837 quasi

165 2850 258 2877 bestia:
270 2849 333 2877 fera:
348 2850 465 2877 immites
477 2853 557 2883 atque
572 2848 709 2880 crudeles;
724 2848 768 2874 alii
782 2848 858 2881 quasi
882 2847 950 2873 mul-

987 1715 1152 1750 impietatem
1175 1723 1260 1743 suam.
1286 1725 1296 1742 ι
1322 1716 1356 1743 Et
1386 1718 1525 1745 succident
1545 1718 1619 1746 illam
1639 1719 1721 1747 alieni
1747 1724 1776 1747 et

988 1760 1124 1794 crudeles,
1153 1771 1162 1787 ι
1181 1762 1237 1789 sive
1254 1762 1411 1797 pestilentes
1425 1772 1435 1789 ι
1454 1764 1481 1790 in
1495 1765 1630 1799 gentibus,
1648 1775 1657 1791 ι
1681 1770 1711 1793 ιιι
1724 1766 1776 1792 im-

988 1806 1093 1841 pleatur
1113 1806 1184 1833 illud'
1198 1807 1269 1841 quod
1289 1807 1418 1842 scriptum
1437 1812 1478 1835 est
1499 1817 1506 1836 ε
1530 1817 1541 1834 ‹
1569 1809 1714 1836 Pestilente
1727 1809 1784 1836 lla-

989 1851 1087 1886 gellato
1098 1851 1197 1879 stultus
1210 1852 1326 1879 astutior
1338 1852 1384 1880 ﬁet
1397 1852 1489 1889 (Prov.
1503 1852 1573 1889 xu).
1592 1863 1601 1880 ι
1614 1853 1648 1880 Ει
1661 1854 1775 1881 iterum:

993 1905 1001 1921 ι
1018 1896 1078 1923 Jam
1096 1897 1200 1924 securis
1215 1897 1249 1923 ad
1264 1897 1369 1924 radices
1384 1898 1488 1925 arboris
1504 1898 1592 1933 posita
1604 1902 1647 1925 est
1661 1898 1775 1934 (Matth.

991 1941 1042 1975 ιιι).
1062 1950 1071 1966 ι
1091 1941 1141 1974 Qui
1160 1941 1307 1976 pmcident
1319 1948 1379 1969 eam
1394 1950 1475 1977 super
1488 1946 1603 1975 montes,
1621 1947 1650 1970 ut
1666 1947 1785 1971 corruat-

991 1985 1018 2012 in
1031 1985 1155 2020 superbia
1172 1993 1231 2013 sua.
1245 1985 1276 2013 In
1294 1996 1303 2012 ι
1321 1987 1426 2014 cunctis
1436 1992 1527 2015 autem
1541 1988 1708 2016 convallibus
1722 1996 1781 2016 cor-

992 2034 1071 2057 ruent
1086 2030 1152 2057 rami
1169 2030 1247 2065 ejus,
1261 2040 1270 2057 ι
1288 2035 1318 2058 ιιι
1335 2032 1369 2059 ad
1389 2036 1523 2060 tartarum
1543 2033 1710 2064 deducantur
1721 2042 1780 2061 ont-

991 2083 1041 2103 ncs
1064 2075 1110 2111 qui
1129 2076 1156 2103 in
1181 2075 1240 2110 ejus
1260 2076 1335 2105 fuere
1356 2078 1496 2106 comitatu.
1523 2088 1531 2103 ι
1553 2078 1586 2105 Et
1597 2079 1725 2106 recedant
1748 2079 1781 2106 de

992 2120 1148 2148 umbraculo
1166 2121 1236 2148 illius
1252 2126 1282 2149 ut
1304 2121 1459 2156 relinquant
1473 2130 1532 2149 eam
1547 2142 1555 2154 ,
1579 2132 1588 2148 ι
1611 2127 1641 2149 ιιι
1661 2123 1780 2150 volatilia

993 2165 1056 2193 coeli
1073 2168 1101 2192 et
1118 2164 1212 2192 bestia:
1229 2170 1319 2198 terrai,
1335 2173 1395 2200 qua:
1407 2166 1482 2201 prius
1497 2167 1547 2193 sub
1562 2166 1605 2193 illa
1620 2166 1739 2200 fuerant,
1752 2172 1781 2195 et

994 2209 1065 2237 illius
1080 2209 1237 2236 umbraculo
1252 2211 1420 2244 tegebantur,
1437 2215 1528 2245 postea
1544 2218 1630 2245 ptume
1644 2212 1701 2247 ejus
1715 2220 1780 2247 par—

997 2255 1091 2289 ticipes
1106 2254 1169 2281 sint.
1186 2254 1307 2288 Cumque
1323 2255 1438 2281 viderint
1450 2258 1548 2282 caetera
1564 2255 1635 2290 ligna
1650 2256 1779 2287 silvarum

997 2299 1053 2326 sive
1075 2299 1204 2333 paradisi,
1217 2298 1303 2326 Assur
1322 2299 1490 2334 cyparissum
1516 2302 1650 2329 sententia
1674 2302 1781 2330 Domini

996 2343 1146 2375 corruisse,
1169 2351 1221 2371 non
1243 2343 1418 2370 elcvabuntur
1436 2344 1463 2371 in
1485 2345 1656 2379 superbiam.
1680 2354 1731 2374 nec
1753 2356 1783 2375 se

995 2389 1098 2424 aliquid
1115 2388 1296 2420 (estimabuut,
1310 2395 1360 2415 nec
1373 2389 1556 2424 irrigationem
1570 2398 1702 2426 aquarum
1716 2401 1779 2421 sua-

998 2442 1058 2462 rum
1076 2434 1199 2469 proprias
1211 2433 1413 2461 arbitrabuntur
1427 2435 1544 2469 divitias,
1557 2444 1590 2464 eo
1601 2439 1673 2472 quod
1685 2447 1781 2468 omnes

999 2479 1067 2507 rami
1081 2483 1109 2507 et
1129 2476 1251 2506 volatilia
1270 2478 1333 2506 coeli
1352 2482 1380 2506 et
1400 2479 1495 2507 bestiae
1508 2485 1601 2514 terrae,
1626 2491 1687 2517 qure
1705 2489 1784 2511 erant

998 2526 1049 2553 sub
1066 2524 1179 2559 imperio
1198 2523 1291 2556 Assur,
1307 2523 1473 2552 deducantur
1491 2525 1519 2552 in
1536 2531 1651 2554 mortem
1672 2529 1706 2555 ad
1730 2533 1785 2556 ter-

999 2580 1058 2601 ram
1069 2573 1201 2604 ultimam,
1210 2572 1242 2599 de
1249 2571 1345 2606 quibus
1355 2572 1484 2607 scriptum
1496 2577 1538 2601 est
1549 2582 1555 2600 :
1572 2583 1582 2600 «
1597 2574 1626 2601 In
1637 2581 1782 2609 conspectu

1000 2618 1059 2654 ejus
1072 2618 1170 2646 cadent
1181 2625 1275 2645 omnes
1289 2618 1335 2652 qni
1352 2618 1520 2646 descendunt
1533 2620 1559 2646 in
1576 2624 1675 2647 terram
1693 2620 1783 2656 (Psal.

1002 2664 1071 2701 nl).
1092 2675 1101 2691 ι
1117 2665 1149 2692 Ει
1168 2665 1194 2691 in
1208 2664 1261 2691 alio
1280 2664 1358 2692 loco:
1377 2673 1386 2690 ι
1411 2665 1597 2700 lngredienlur
1616 2666 1649 2693 ad
1661 2670 1786 2693 extrema

1002 2715 1082 2739 terra:
1097 2709 1181 2745 (Paul.
1195 2710 1272 2745 un),
1288 2719 1297 2735 ι
1316 2713 1343 2737 et
1357 2714 1437 2737 erunt
1451 2718 1620 2745 nequaquam
1630 2718 1692 2738 cum
1704 2718 1787 2746 ange—

1003 2756 1045 2788 lis,
1067 2756 1114 2783 sed
1130 2763 1191 2782 cum
1207 2754 1268 2782 filiis
1283 2755 1438 2788 hominum,
1458 2756 1504 2790 qui
1523 2756 1688 2783 descendunt
1701 2755 1727 2782 in
1750 2756 1789 2782 la-

1003 2809 1075 2833 cum,
1090 2801 1147 2828 sive
1165 2808 1191 2827 ιιι
1209 2800 1311 2827 loveam
1328 2801 1527 2836 sempiternam.
1551 2801 1618 2828 Cum
1637 2804 1726 2827 autem
1744 2801 1789 2829 ille

1004 2845 1172 2875 descenderit
1190 2846 1216 2872 in
1234 2850 1353 2873 extrema
1368 2851 1499 2877 tcmc,.ct
1515 2854 1577 2880 pars
1591 2845 1708 2880 vulpium
1732 2846 1785 2872 fuc-
