3972 6184
423 266 528 323 819

1056 267 1114 321 Β.
1154 265 1401 320 RABANI
1438 262 1657 320 ΜΑυιυ
1692 263 1992 319 ARCHIEP

2098 262 2366 322 lOGUNT.
2401 263 2687 325 ορειιυιι
2721 264 2901 321 Ριὶῐὶδ
2935 261 2999 318 ll.

3560 256 3659 319 8‘30

422 393 510 440 rit.
555 394 588 433 a
622 376 820 450 quibus
862 377 1178 433 tacemuzlus
1231 385 1333 440 est,
1378 383 1508 428 tunc
1542 374 1722 428 luctus
1750 373 1858 428 erit
1903 372 1987 428 vel
2016 378 2065 433 Α
2098 392 2117 426 ι
2164 375 2432 431 universa;
2469 385 2643 431 teme.
2690 375 2758 430 Et
2794 375 2935 428 dabo
2963 387 3155 429 carnes
3181 381 3300 428 tuas
3326 387 3487 442 super
3514 390 3656 430 tuon-

420 470 659 525 omnianl
689 468 956 523 sociorum
984 466 1118 535 ejus,
1146 465 1229 521 vel
1251 473 1563 520 sanctarum
1589 464 1991 526 fortitudinem,

421 579 543 632 qua:
567 562 715 616 illum
733 560 984 614 dolebant
1013 559 1081 612 ad
1110 556 1314 613 inferos
1332 557 1703 614 descendisse.
1737 554 1890 611 Unde
1912 556 1995 609 di-

421 654 495 707 cit
536 651 878 707 Dominus“
921 648 1120 716 Uperui
1159 662 1285 702 etnn
1330 648 1550 717 abysso,
1581 666 1601 699 ι
1645 645 1802 715 cujus
1840 645 1995 714 aquis

422 740 597 797 fuerat
620 751 748 796 ante
788 744 1042 795 nutritus.
1080 759 1098 790 ι
1134 740 1201 794 Et
1234 740 1486 810 prohibui
1524 738 1745 793 ﬂumina
1781 738 1918 806 eju‘s,
1969 759 1985 790 ι

420 834 472 888 id
497 841 602 897 est,
636 831 840 902 abyssi,
882 850 899 880 ι
938 840 995 885 ει
1017 831 1234 885 eocreni
1266 845 1437 899 aquas
1465 829 1687 891 multas,
1728 849 1747 880 ι
1778 843 1845 882 ne
1867 842 1992 881 eum

420 926 691 995 rigareut,
721 924 819 978 sed
842 924 1014 994 magis
1040 924 1426 993 opprimerent.
1465 941 1482 972 ι
1513 921 1881 977 Contristatus
1909 929 1995 975 est

419 1024 582 1082 super
612 1027 737 1067 cum
764 1011 1024 1077 Libones,
1057 1034 1079 1065 ι
1112 1014 1170 1067 in
1193 1028 1304 1082 quo
1334 1011 1510 1065 iuerat
1538 1009 1831 1065 exaltatus.
1871 1027 1892 1059 ι
1925 1009 1995 1064 Et

419 1101 601 1156 «nimia
622 1102 737 1171 agri
760 1100 905 1173 ligna
930 1115 1191 1155 concussa
1218 1107 1367 1165 sunt,
1407 1119 1428 1151 ι
1455 1098 1813 1154 ειιεεὶεἰοιιειιι
1842 1098 1994 1153 simi-

421 1194 526 1247 lem
573 1192 936 1248 formidanda.
987 1211 1007 1245 ι
1050 1192 1093 1245 Δ
1116 1193 1319 1247 sonitu
1364 1191 1536 1246 rubiae
1566 1182 1684 1259 ejus
1723 1190 1992 1246 commovi

419 1292 632 1352 gentes,
671 1304 693 1336 ι
722 1288 782 1337 ιιι
814 1283 994 1339 utilius
1021 1284 1382 1354 perditionem
1412 1281 1559 1339 illius
1593 1272 1902 1354 ignoraret,
1936 1290 1993 1338 et

419 1373 795 1429 deductionem
853 1374 923 1428 ad
971 1371 1173 1428 inferos
1220 1388 1344 1428 cum
1399 1373 1621 1427 caeteris»
1662 1372 1825 1428 sociis
1851 1371 1989 1440 ejus.

420 1462 862 1532 Acceperuntque
880 1461 1302 1517 consolationem
1322 1463 1505 1516 omnia
1525 1461 1668 1531 ligna
1681 1461 1988 1532 voluptatis,

420 1554 475 1607 id
506 1560 611 1618 est,
644 1553 879 1623 paradisi
913 1571 926 1606 :
958 1554 1085 1608 dum
1108 1553 1291 1608 rident
1315 1561 1372 1608 et
1405 1552 1548 1607 mala
1573 1550 1749 1617 malis,
1771 1562 1828 1608 et
1851 1554 1991 1608 bona

419 1641 575 1697 bouis
596 1642 827 1696 restitui.
844 1642 969 1699 Haac
986 1651 1165 1697 autent
1187 1642 1329 1713 ligna
1342 1641 1533 1698 Libani
1551 1651 1679 1698 sunt
1695 1642 1854 1712 aquis
1869 1642 1993 1697 irri-

421 1740 543 1801 gata
572 1731 853 1790 ﬂuminum
872 1733 1112 1799 Dumini,
1145 1733 1199 1787 in
1222 1733 1420 1803 quibus
1445 1741 1500 1788 et
1523 1733 1612 1788 illa
1637 1733 1802 1789 arbor
1814 1731 1993 1787 fuerat

420 1820 640 1890 irrigata
662 1861 676 1885 ,
707 1832 826 1890 qua:
853 1823 1080 1888 corruit,
1119 1823 1233 1877 sive
1260 1823 1444 1879 omnia
1464 1822 1633 1892 ligna,
1666 1838 1788 1893 qum
1820 1837 1992 1892 quon-

419 1907 545 1962 dam
567 1907 785 1965 fuerunt
805 1911 947 1966 bona
970 1920 1025 1966 et
1048 1912 1416 1979 irrigabantur
1442 1913 1622 1981 aquis,
1649 1922 1705 1967 et
1724 1912 1778 1966 in
1800 1911 1993 1967 Libani

420 1999 702 2055 altitudine
760 2001 1106 2057 morabantur
1176 2002 1442 2071 accipient
1516 2002 1941 2058 consolationem
1974 2042 1991 2066 ,

421 2089 637 2156 quando
678 2090 977 2160 principem
1011 2106 1168 2147 sutrm
1209 2091 1405 2146 similia
1441 2092 1676 2147 viderint
1729 2093 1995 2148 sustinere

416 2176 691 2237 tormenta
720 2200 737 2236 :
775 2200 793 2233 ι
826 2182 891 2237 Ει
919 2184 1034 2253 ipsa
1074 2185 1220 2239 enim
1252 2186 1583 2241 descendent
1612 2187 1680 2241 ad
1720 2185 1993 2242 infernum

420 2270 489 2329 ad
521 2271 834 2329 interfectos
877 2273 1054 2344 gladio
1083 2276 1315 2331 Domini.
1356 2296 1375 2328 ι
1419 2276 1486 2330 Ει
1529 2277 1711 2332 omnis
1737 2275 1993 2332 fortitudo

416 2358 685 2433 lignorum
732 2364 998 2421 habitabit
1049 2367 1152 2422 sub
1191 2369 1505 2424 umbraculo
1533 2369 1674 2439 ejus,
1709 2370 1766 2424 id
1800 2379 1905 2435 est,
1939 2370 1993 2425 in

419 2465 577 2519 pinna
610 2452 664 2505 in
691 2453 871 2508 medio
888 2453 1130 2508 omnium
1161 2456 1464 2522 nationum,
1489 2472 1611 2527 quae
1633 2457 1891 2513 claustris
1914 2458 1995 2512 in-

420 2542 520 2597 feri
573 2543 915 2598 tenebuntur.
966 2543 1092 2602 Post
1148 2545 1264 2603 ha:c
1312 2547 1378 2602 ad
1429 2547 1604 2615 ipsum
1656 2546 1994 2603 Pharaonem

420 2649 603 2691 sermo
645 2637 1001 2702 convertitur,
1041 2638 1131 2692 cui
1179 2637 1381 2694 dictum
1408 2637 1586 2692 fuerat
1623 2638 1679 2691 in
1706 2637 1992 2709 principio,

430 2743 449 2777 ι
480 2726 569 2785 cui
589 2725 780 2781 similis
798 2725 974 2782 factus
991 2741 1053 2783 es
1076 2727 1131 2782 in
1154 2730 1523 2798 magnitudine
1545 2731 1670 2783 tua?
1687 2750 1707 2783 ι
1727 2739 1783 2785 et
1802 2730 1998 2786 dicitur

421 2819 490 2874 ad
509 2831 634 2873 eum
665 2837 678 2873 :
708 2839 727 2870 ι
761 2819 861 2875 Cui
888 2820 1217 2875 assimilatus
1249 2836 1308 2877 es
1327 2861 1342 2887 ,
1366 2838 1401 2878 o
1424 2822 1622 2894 inclyte
1644 2832 1806 2891 atque
1831 2823 1996 2878 subli—

422 2909 548 2975 mis,
564 2910 706 2964 inter
728 2909 870 2979 ligna
898 2909 1187 2979 voluptatis
1204 2910 1230 2963 ?
1250 2930 1269 2962 ι
1295 2890 1491 2982 ιιειιιρὲ
1502 2890 1742 2982 Assyrio,
1760 2913 1851 2981 qui
1876 2927 1996 2967 cor-

422 3000 552 3057 ruit.
577 2999 647 3056 Et
670 3008 727 3055 tu
759 3014 901 3056 eras
921 3000 1154 3072 inclytus
1186 3010 1348 3071 atque
1374 3002 1619 3071 sublimis
1660 3004 1803 3058 inter
1849 3003 1991 3073 ligna

423 3089 595 3157 Edea,
630 3091 734 3146 hoc
759 3099 861 3157 est,
886 3089 1195 3147 deliciarum
1228 3099 1285 3145 et
1311 3091 1564 3162 paradisi.
1593 3091 1662 3147 Et
1679 3107 1805 3148 ecce
1828 3093 1988 3149 dedu-

424 3187 547 3237 ctus
564 3193 623 3236 es
649 3179 1049 3252 sicutAssyrius
1070 3194 1194 3236 cum
1218 3181 1468 3238 omnibus
1495 3181 1670 3252 lignis,
1687 3199 1808 3253 quae
1824 3199 1994 3252 quon-

426 3271 551 3326 dam
571 3270 785 3326 fuerant
805 3272 856 3325 in
878 3270 1109 3336 deliciis,
1131 3270 1199 3325 ad
1220 3282 1420 3328 terram
1441 3273 1685 3329 ultimam
1704 3283 1761 3330 et
1772 3276 1838 3331 ad
1861 3275 1995 3331 infe-

343 3388 347 3392 ·
424 3376 534 3419 res.
556 3362 624 3418 Et
646 3363 882 3419 dormies
911 3378 1016 3418 non
1043 3363 1099 3417 in
1130 3364 1349 3433 requie,
1368 3365 1462 3420 sed
1493 3365 1546 3420 in
1572 3366 1770 3435 pmnis,
1793 3368 1848 3422 in
1880 3384 1994 3423 me-

421 3452 514 3508 dio
547 3453 1064 3518 incircumcisorum,
1092 3454 1196 3509 hoc
1218 3463 1323 3520 est,
1350 3455 1768 3521 itnmundOrum,
1793 3465 1993 3512 etcum

428 3544 517 3600 his
539 3545 633 3614 qui
657 3544 719 3600 in
738 3545 916 3617 gladio
946 3545 1157 3603 Domini
1181 3546 1553 3602 conciderunt.
1586 3545 1656 3600 Et
1683 3554 1740 3601 ut
1762 3548 1996 3603 sciamus

423 3636 519 3706 qui
546 3638 618 3692 sit
643 3637 734 3692 ille
756 3638 842 3692 cui
866 3637 1092 3702 dixerit,
1124 3657 1142 3689 ι
1170 3652 1206 3692 ο
1232 3637 1429 3708 inclyte
1451 3646 1614 3709 atque
1640 3637 1886 3693 sublimis
1906 3638 1994 3692 in-

425 3737 507 3782 ter
540 3727 684 3799 ligna
704 3728 1020 3799 voluptatis,
1058 3749 1076 3780 ι
1108 3730 1259 3799 ponit
1282 3729 1619 3786 manifestius
1653 3749 1666 3783 :
1709 3748 1729 3782 ι
1766 3731 1882 3800 Ipse
1910 3741 1994 3786 est

422 3817 668 3883 Pharao,
707 3827 764 3873 et
793 3819 974 3874 omnis
1007 3819 1291 3874 multitudo
1323 3819 1460 3889 ejus,
1509 3840 1528 3873 ι
1573 3821 1688 3877 sive
1714 3819 1871 3889 juxta
1899 3820 1996 3877 Se-

421 3910 725 3979 ptuaginta,
755 3927 775 3959 ι
793 3909 885 3963 Sic
908 3919 993 3963 est
1010 3910 1223 3966 Pharao
1241 3920 1297 3966 et
1315 3913 1493 3968 carinis
1515 3913 1800 3970 multitudo
1812 3913 1943 3983 ejus,
1971 3934 1988 3965 ι

422 4007 483 4051 ιιι
522 3998 793 4066 quomodo
832 4012 994 4066 supra
1022 3999 1274 4069 Assyrius
1299 4002 1550 4056 concisus
1584 4011 1742 4058 estet
1767 4005 1989 4068 corruit,

423 4086 503 4140 sic
526 4094 579 4138 et
601 4083 888 4156 Egyptius
917 4086 1229 4141 subruatur.

966 4196 1196 4253 CAPUT
1234 4197 1446 4252 XXXII.

422 4282 678 4359 Phttttftts
706 4286 862 4355 super
895 4282 1226 4359 Pharaonem
1243 4330 1258 4351 ,
1298 4290 1388 4359 qui
1415 4293 1653 4343 tradetur
1680 4296 1991 4348 occidendus

2017 3043 2066 3107 C

2098 485 2116 516 ι
2167 476 2277 532 tes,
2314 475 2372 520 et
2401 466 2634 535 implebo
2667 466 2832 521 colles
2858 468 3009 520 sanie
3040 473 3149 518 tua.
3189 463 3253 518 Et
3281 463 3518 534 irrigabo
3560 476 3659 521 ter-

2100 574 2117 605 ι
2164 572 2278 609 ram
2313 558 2527 625 pedore
2557 555 2835 626 sanguinis
2873 555 2948 609 tui
2974 569 3138 624 super
3164 562 3399 615 montes.
3422 565 3477 608 et
3505 555 3660 612 valles

2098 667 2116 695 ι
2161 645 2526 715 implebantur
2564 660 2630 700 ex
2687 654 2758 697 te.
2811 644 2876 697 Et
2916 643 3158 712 operiam
3206 657 3325 697 ειμι
3371 642 3666 699 exstinctus

2098 759 2115 789 ι
2164 739 2332 794 fueris
2368 739 2564 795 cmlum
2590 779 2605 804 ,
2645 748 2700 793 et
2743 740 3055 808 nigrescere
3090 736 3286 792 faciam
3315 734 3506 790 stellas
3530 732 3659 802 ejus.

2097 852 2115 883 ι
2164 830 2343 887 Solem
2372 832 2515 886 nube
2537 840 2738 902 tegam,
2764 840 2819 885 et
2843 829 3095 884 lunanon
3118 826 3266 884 dabit
3290 826 3469 881 lumen
3491 840 3659 881 suum.

2098 941 2115 973 ι
2162 920 2355 977 Omnia
2396 920 2685 975 luminaria
2726 919 2848 975 εωΙί
2884 932 3115 975 moerere
3160 916 3354 973 faciam
3395 931 3559 986 super
3594 925 3661 981 te,

2097 1031 2116 1063 ι
2162 1020 2216 1067 ει
2238 1011 2377 1067 dabo
2400 1011 2650 1069 tenebras
2671 1020 2834 1079 super
2855 1018 3061 1064 terram
3074 1015 3244 1070 tuam,
3260 1007 3391 1061 dicit
3414 1006 3664 1059 Dominus

2097 1123 2116 1156 ι
2162 1104 2321 1160 Deus.
2395 1102 2463 1157 Et
2526 1103 2752 1158 irritabo
2825 1117 2921 1158 cor
2993 1100 3311 1172 populorum
3378 1099 3661 1154 multorum

2098 1212 2116 1244 ι
2163 1204 2285 1248 cum
2316 1194 2579 1248 indusero
2613 1193 2993 1248 contritionem
3022 1201 3175 1247 tuam
3200 1191 3256 1245 in
3296 1191 3549 1261 gentibus
3581 1206 3663 1243 su-

2098 1304 2117 1336 ι
2161 1298 2258 1356 per
2284 1293 2458 1340 terras
2485 1300 2624 1356 quas
2647 1287 2847 1350 nescis,
2869 1293 2927 1339 et
2953 1292 3263 1355 stupeseere
3284 1284 3483 1337 faciam
3509 1298 3664 1351 super

2099 1393 2117 1425 ι
2160 1385 2213 1429 ιε
2236 1374 2460 1446 populos
2484 1375 2569 1430 vel
2594 1384 2781 1448 gentes
2808 1375 3031 1440 multas,
3055 1382 3109 1429 ct
3133 1389 3288 1444 reges
3320 1387 3509 1428 eorum
3547 1372 3667 1428 hor.

2099 1486 2116 1514 ι
2165 1478 2287 1520 rore
2298 1465 2463 1520 nimio
2475 1463 2837 1519 formidabunt
2851 1477 3012 1533 super
3026 1471 3237 1526 tercum
3251 1461 3435 1518 volare
3448 1460 3666 1542 conterit

2101 1574 2118 1607 ι
2163 1556 2371 1626 gladius
2393 1571 2545 1611 meus
2577 1564 2741 1625 super
2768 1554 2933 1609 facies
2959 1568 3172 1619 eorum,
3196 1560 3253 1606 et
3274 1551 3659 1619 obstupesceut

2101 1666 2120 1698 ι
2166 1655 2387 1718 repente
2423 1645 2613 1717 singuli
2638 1644 2955 1727 proanima
2981 1658 3078 1698 sua
3114 1643 3171 1697 in
3209 1642 3298 1697 die
3326 1641 3498 1696 ruina
3540 1654 3664 1704 sua,

2020 1705 2067 1766 Β
2099 1760 2119 1792 ι
2162 1705 2288 1810 quia
2308 1740 2426 1794 haec
2451 1705 2583 1792 dicit
2610 1705 2871 1797 Dominus
2905 1735 3085 1789 Deus:
3115 1732 3338 1789 Gladius
3386 1731 3535 1802 regis
3573 1731 3670 1787 Ba-

2099 1851 2117 1882 ι
2161 1829 2373 1902 bylonis
2412 1828 2593 1884 veniet
2641 1812 2761 1892 tibi,
2804 1826 2860 1880 in
2915 1825 3106 1896 gladiis
3154 1824 3375 1879 fortium
3412 1823 3661 1894 dejieiam

2098 1940 2117 1972 ι
2164 1918 2561 1975 multitudinem
2593 1926 2761 1972 tuam.
2784 1915 3237 1987 lnexpugnahiles
3264 1924 3459 1986 gentes
3486 1929 3672 1970 ouium

2099 2034 2118 2065 ι
2163 2014 2267 2069 hee.
2308 2012 2377 2067 Et
2402 2013 2690 2067 vastabant
2713 2008 3023 2080 superbiam
3042 2005 3282 2077 Egypti.
3308 2013 3369 2061 et

2100 2125 2118 2156 ι
2164 2113 2252 2160 tur
2279 2103 2568 2159 multitudo
2596 2101 2733 2172 ejus.
2765 2101 2835 2155 Et
2859 2099 3081 2171 perdam
3099 2097 3279 2153 omnia
3294 2093 3670 2166 jumentaejus

2100 2214 2118 2245 ι
2158 2208 2280 2263 qua:
2308 2200 2469 2247 erunt
2490 2205 2651 2262 super
2675 2205 2846 2261 aquas
2895 2188 3175 2259 plurimas,
3200 2193 3258 2241 et
3300 2201 3409 2242 non
3456 2193 3675 2241 contur-

2100 2303 2120 2336 ι
2164 2284 2314 2339 habit
2339 2296 2434 2338 cas
2461 2297 2557 2352 pes
2582 2281 2815 2338 hominis
2842 2280 3001 2344 ultra,
3026 2292 3201 2348 neque
3234 2276 3436 2348 ungula
3458 2275 3673 2345 jumen-

2101 2394 2118 2423 ι
2162 2382 2341 2427 torum
2363 2370 2726 2427 turbabiteas.
2751 2368 2904 2424 Tunc
2922 2367 3237 2437 purissimas
3257 2367 3484 2421 reddam
3508 2381 3673 2437 aquas

2102 2483 2122 2515 ι
2167 2477 2357 2519 eorum
2399 2471 2457 2518 et
2500 2461 2723 2516 ﬂumina
2752 2472 2969 2522 eorum,
3000 2459 3154 2528 quasl
3178 2458 3357 2514 oleum
3386 2457 3673 2522 adducam.

2102 2576 2120 2607 ι
2158 2557 2234 2610 ait
2262 2553 2522 2610 Dominus
2548 2552 2712 2619 Deus,
2736 2568 2859 2609 eum
2888 2551 3088 2608 dedero
3116 2559 3315 2605 terram
3341 2547 3568 2621 Egypti
3586 2548 3676 2603 de-

2103 2671 2121 2702 ι
2167 2649 2414 2705 solutam.
2452 2646 2756 2705 Deseretur
2776 2653 2953 2699 autem
2983 2652 3128 2699 terra
3157 2658 3189 2698 a
3219 2641 3557 2712 plenitudine
3581 2655 3677 2696 sua

2102 2760 2119 2790 ι
2165 2740 2379 2808 quando
2431 2750 2754 2808 percussero
2792 2750 2982 2790 omnes
3028 2733 3361 2788 habitatores
3417 2732 3578 2801 ejus,
3623 2739 3676 2786 et

2102 2848 2123 2880 ι
2169 2830 2343 2884 scient
2392 2828 2519 2899 quia
2554 2841 2658 2897 ego
2705 2839 2823 2881 sum
2870 2825 3148 2879 Dominus.
3201 2821 3458 2876 Planctus
3500 2830 3587 2876 est
3623 2829 3677 2875 et

2103 2942 2120 2972 ι
2164 2920 2423 2989 plangent
2458 2932 2581 2971 eum
2611 2916 2735 2971 filiai
2782 2914 3024 2984 gentium
3071 2926 3233 2981 super
3278 2909 3579 2980 .Egyptnm
3624 2917 3681 2964 et

2104 3029 2123 3059 ι
2168 3023 2330 3078 super
2365 3006 2761 3062 multitudinem
2789 3003 2910 3072 ejus
2933 3002 3187 3073 plaugent
3218 3016 3366 3066 cum,
3394 3001 3474 3055 ait
3498 2999 3682 3055 Mi-

2101 3120 2118 3149 ι
2171 3113 2271 3153 nus
2299 3097 2460 3159 Deus,
2488 3105 2593 3151 etc.
2618 3093 2887 3167 (Πίετοη.)
2921 3094 2977 3148 In
2999 3093 3182 3147 multis
3200 3100 3382 3147 autem
3400 3087 3679 3163 exculpi:-

2078 3176 2416 3256 ribusjuxta
2439 3186 2796 3257 Septuaginta
2827 3185 3175 3240 duodecimus
3197 3198 3375 3239 annos
3391 3193 3455 3239 et
3474 3182 3684 3241 metuis

2095 3275 2338 3332 decinms
2372 3276 2610 3345 ponitur.
2649 3273 2815 3329 Juxta
2857 3282 3085 3329 caeteros
3131 3260 3312 3327 autem
3353 3272 3685 3343 interpretes

2095 3366 2337 3420 decimus
2365 3379 2564 3431 annos,
2594 3372 2650 3418 et
2677 3363 3031 3419 duodecim‘us
3076 3362 3299 3433 mensis,
3331 3369 3396 3415 ut
3436 3362 3523 3417 vel
3569 3361 3683 3431 jam

2094 3466 2250 3526 capta
2274 3457 2345 3513 sit
2371 3455 2706 3511 Hierusalem
2722 3462 2778 3509 et
2795 3454 3046 3524 gaudium
3070 3453 3372 3510 Pharaonis
3394 3443 3687 3511 malissibi

2095 3545 2501 3601 imminentibus
2530 3544 2827 3600 auferatur.
2856 3542 2955 3599 Vel
2975 3552 3123 3600 certe
3162 3542 3425 3612 capienda
3453 3552 3514 3598 et
3569 3544 3684 3599 suis

2095 3638 2305 3708 magnis
2355 3637 2592 3693 miseriis
2631 3636 2833 3702 doleat,
2873 3649 3034 3705 quam
3080 3634 3308 3690 aliorum
3357 3635 3684 3704 captivitate

2095 3726 2322 3780 laetetur.
2353 3724 2421 3778 Et
2446 3723 2660 3779 interim
2687 3722 2929 3778 breviter
2946 3722 3195 3793 quaedam
3216 3721 3462 3777 historic
3480 3722 3683 3778 funda-

2095 3823 2274 3870 menta
2299 3815 2563 3886 jacientes
2597 3814 2731 3883 quid
2770 3813 2980 3869 Hebraei
3011 3827 3179 3882 super
3206 3813 3310 3869 hoc
3350 3811 3476 3868 loco
3519 3812 3680 3867 inuel-

2095 3909 2261 3976 ligant
2287 3919 2686 3977 percurramus.
2717 3904 2881 3959 Leoni
2915 3912 3265 3973 comparatur
3302 3901 3548 3964 Pharao,
3570 3917 3680 3956 non

2093 3996 2255 4052 unius
2272 3996 2467 4065 gentis,
2498 3995 2595 4051 sed
2624 3995 2914 4049 multarum
2938 3994 3201 4064 gentium,
3230 3993 3346 4047 sive
3373 3992 3600 4047 draeimi
3624 3991 3679 4045 in

2095 4087 2232 4141 mari
2259 4093 2318 4141 ut
2348 4093 2549 4139 terram
2574 4098 2852 4153 aquasque
2875 4082 3187 4153 possideat,
3221 4082 3315 4151 qni
3358 4081 3681 4152 irrigatioue

2094 4174 2372 4229 fluminum
2393 4173 2702 4242 erigebatur
2726 4171 2780 4226 in
2810 4170 3142 4241 superbiam,
3173 4184 3339 4240 quam
3364 4185 3538 4227 cornu
3579 4186 3677 4224 vo-

2092 4272 2201 4328 cat,
2228 4272 2288 4317 ut
2308 4261 2649 4317 inultitudine
2682 4261 2951 4316 exercitus
2979 4260 3063 4315 sui
3092 4275 3283 4317 omnes
3295 4276 3472 4330 aquas
3498 4269 3678 4319 trabs-

495 4348 932 4442 Nntmcholnoaor,
953 4348 1320 4442 describuntur
1330 4359 1564 4428 gigantes
1577 4377 1667 4428 per
1684 4378 1851 4416 mures
1875 4381 1991 4417 cum

2098 4354 2212 4406 iens
2235 4359 2446 4420 poterat
2490 4350 2832 4405 conturbare.
2867 4348 3072 4403 Idcirco
3095 4349 3405 4419 expandere
3444 4366 3506 4405 se
3545 4349 3679 4405 dicit

489 4426 677 4494 quibus
698 4427 768 4481 ad
790 4426 1051 4495 infernum
1073 4426 1407 4482 descendunt.

501 4561 517 4592 ι
566 4543 632 4595 Et
654 4541 855 4597 factum
882 4551 967 4597 est
988 4543 1304 4600 duodecimo
1319 4561 1479 4612 anno,
1505 4546 1559 4602 in
1590 4562 1776 4603 mense
1797 4549 1996 4605 duode-

402 4636 448 4685 ἰ
491 4635 635 4689 cimo
663 4634 811 4709 (sive
836 4634 1068 4708 decimo)
1102 4636 1155 4690 in
1185 4652 1292 4691 una
1326 4638 1415 4693 die
1442 4640 1663 4704 mensis,
1692 4637 1890 4694 factum
1911 4650 1995 4695 est

430 4745 455 4777 ι
494 4724 716 4785 verbum
752 4725 963 4781 Domini
984 4727 1052 4780 ad
1087 4741 1175 4782 me
1199 4728 1384 4784 dicens
1414 4747 1427 4783 :
1460 4729 1560 4785 Fili
1597 4731 1865 4795 hominis,
1903 4746 1992 4786 as-

429 4834 449 4865 ι
495 4830 649 4869 sume
676 4814 966 4870 Iumentum
994 4830 1156 4886 super
1181 4816 1514 4875 Pharaonem
1540 4836 1722 4893 regem
1752 4820 1991 4892 Egypti,

433 4924 451 4959 ι
494 4916 551 4962 ει
579 4906 726 4961 dices
751 4906 818 4960 ad
851 4922 993 4961 eum.
1034 4907 1199 4963 Leoni
1228 4910 1471 4980 gentium
1495 4913 1824 4968 assimilatus
1853 4929 1913 4968 es
1942 4921 1997 4967 et

430 5012 449 5044 ι
497 4993 738 5056 draconi,
779 4995 985 5063 quiest
1028 4996 1083 5048 in
1109 4998 1267 5051 mari.
1310 4998 1377 5051 Et
1416 5001 1716 5057 ventitabas
1745 5017 1911 5057 cornu
1941 5004 1994 5057 in

429 5104 450 5138 ι
495 5083 802 5141 fluminibus
853 5085 995 5153 tuis,
1049 5094 1106 5140 et
1147 5089 1510 5145 conturbabas
1560 5106 1727 5160 aquas
1770 5093 1997 5161 pedibus

428 5198 447 5229 ι
494 5176 624 5242 tuis,
641 5186 697 5231 et
716 5176 1070 5234 conculcabas
1088 5177 1309 5235 ﬂumina
1330 5194 1539 5237 earum.
1568 5182 1858 5253 Propterea
1881 5184 1996 5238 haec

430 5288 450 5320 ι
495 5267 896 5325 dicitDominus
916 5270 1084 5327 Deus:
1106 5271 1421 5343 Expandam
1435 5287 1596 5344 super
1611 5282 1663 5329 te
1686 5283 1799 5330 rete
1813 5289 1991 5330 meum

429 5381 447 5409 ι
491 5361 548 5414 in
568 5359 909 5417 multitudine
942 5362 1257 5434 populorum
1283 5363 1595 5431 multorum,
1624 5372 1679 5420 et
1707 5365 1990 5420 extraham

428 5472 448 5505 ι
495 5462 548 5508 ιε
575 5455 629 5508 in
653 5468 855 5525 sagena
892 5470 1011 5510 mea
1035 5495 1052 5521 ,
1080 5465 1137 5511 et
1162 5453 1441 5526 proﬁciam
1480 5456 1533 5511 in
1569 5465 1788 5513 terram.
1819 5457 1994 5527 Super

430 5562 449 5593 ι
498 5543 688 5600 faciem
725 5546 837 5617 agri
863 5545 1111 5615 abjiciarn
1142 5557 1224 5614 te,
1253 5556 1310 5602 et
1337 5548 1583 5603 habitare
1611 5548 1811 5604 faciam
1833 5562 1996 5616 super

433 5651 451 5680 ι
495 5643 545 5688 te
580 5637 760 5690 omnia
791 5636 1020 5691 volatilia
1062 5640 1199 5703 cudi,
1234 5648 1287 5691 et
1324 5640 1576 5693 saturaho
1613 5640 1681 5692 de
1714 5647 1763 5692 te
1792 5640 1993 5693 bestias

2098 4456 2213 4498 rete
2229 4454 2385 4497 suum
2404 4457 2564 4510 super
2586 4440 2980 4496 multitudinem
3003 4438 3137 4508 ejus,
3154 4449 3211 4495 et
3234 4440 3529 4496 extrahere
3554 4455 3681 4494 eum

2098 4547 2295 4602 sagena
2307 4545 2401 4587 sua
2419 4531 2498 4586 vel
2521 4531 2701 4595 hamo,
2725 4539 2781 4585 et
2794 4527 3053 4599 projicere
3079 4530 3191 4583 sive
3219 4528 3521 4584 extendam
3553 4544 3678 4582 eum

2099 4635 2261 4692 super
2300 4631 2531 4686 terram,
2560 4621 2651 4691 qui
2672 4620 2827 4689 quasi
2853 4618 3073 4675 coluber
3111 4618 3487 4688 multisspiris
3507 4616 3685 4677 fuerat

2101 4711 2373 4766 involutus
2418 4719 2477 4765 ut
2519 4726 2551 4765 ιι
2603 4710 2814 4766 cunctis
2846 4709 2969 4766 εωιί
3016 4708 3323 4766 volatilibus
3361 4710 3679 4765 devoretur.

2102 4802 2340 4868 Ciumque
2363 4816 2468 4854 non
2497 4799 2669 4853 solum
2705 4814 2855 4864 aves,
2898 4799 2992 4853 sed
3035 4811 3224 4852 omnes
3277 4796 3468 4852 bestiis
3522 4805 3685 4852 terra:

2099 4908 2221 4946 eum
2251 4892 2643 4954 laeeraverinl,
2681 4890 2902 4959 reliqua:
2952 4903 3143 4945 carnes
3190 4888 3309 4959 ejus
3354 4897 3575 4944 montes
3625 4894 3683 4939 et

2102 4984 2267 5039 valles
2311 4997 2637 5051 camposque
2676 4981 3041 5051 complebunt,
3067 4981 3142 5034 ita
3170 4988 3229 5034 ut
3251 4988 3453 5035 cuncta
3479 4978 3683 5034 vermi-

2098 5078 2201 5130 bus
2218 5083 2477 5130 seateaut.
2504 5074 2631 5129 Haec
2665 5084 2841 5130 autem
2869 5073 3102 5142 loquitur
3139 5089 3236 5143 per
3275 5075 3684 5144 metaphoram.

2100 5175 2160 5221 ut
2189 5178 2471 5236 postquam
2497 5164 2734 5222 volatilia
2770 5164 2895 5220 caeli
2921 5172 2978 5219 et
3022 5165 3209 5219 bestiae
3257 5164 3523 5218 carnibus
3561 5164 3687 5232 ejus

2099 5256 2304 5314 fuerint
2325 5263 2600 5320 saturata),
2627 5254 2679 5309 id
2700 5254 3065 5311 estexercitus
3084 5262 3140 5308 et
3161 5254 3418 5308 universa
3430 5253 3690 5309 multitu-

2100 5348 2193 5415 do,
2215 5348 2422 5418 reliqua
2459 5363 2584 5417 pars
2612 5348 2666 5402 in
2695 5362 2909 5402 vermes
2953 5357 3009 5400 et
3050 5346 3256 5400 saniem
3302 5353 3681 5401 convertatur.

2101 5439 2271 5504 Tunc,
2313 5440 2509 5510 inquit,
2535 5440 2658 5495 cmli
2689 5439 2924 5494 tenebris
2950 5437 3327 5502 obvolventur,
3348 5435 3436 5493 sol
3470 5445 3527 5491 et
3547 5434 3685 5491 lum

2100 5541 2156 5587 ct
2177 5539 2372 5589 cratera
2398 5530 2682 5585 luminaria
2718 5544 2829 5583 non
2870 5527 3074 5581 dabunt
3119 5524 3298 5579 lumen
3346 5539 3541 5586 suum.
3578 5520 3684 5576 sed

2102 5636 2265 5691 super
2294 5631 2346 5676 ιε
2373 5628 2565 5676 cuncta
2597 5620 2921 5691 nigrescant,
2950 5617 3187 5686 nihilque
3214 5616 3308 5671 tibi
3341 5616 3522 5671 bulum
3546 5613 3679 5669 erit.
