1986 3092
128 126 175 153 fil

599 122 774 152 COMMENT.
795 122 828 150 IN
848 122 1074 151 EZECHIELEM.
1094 139 1129 143 —-
1148 123 1211 150 LIB.
1232 123 1285 150 ΧΠ.

1707 122 1760 150 δεῇ

128 184 161 211 Et
171 183 205 209 ad
217 187 293 209 tuum
307 180 446 208 interitum
462 186 555 207 omnes
567 179 656 213 populi
676 183 705 206 et
728 179 817 206 cuncti
828 186 917 214 reges
930 183 955 212 Α
970 179 1011 206 sui
1025 178 1147 206 ordinem
1158 178 1342 214 perdiderunt.
1359 177 1452 212 Neque
1464 178 1537 205 enim
1549 181 1662 205 utttntur
1671 178 1760 206 [mne-

127 238 220 258 eorum
249 229 361 256 horrore
386 226 468 253 nimio
490 225 694 257 formidabunt,
718 225 919 259 conspicientes

127 275 247 308 gladium
264 280 352 300 meum
367 272 419 299 huc
433 271 549 305 illucque
571 270 694 302 volitare,
717 274 744 297 et
767 269 831 296 nulli
857 277 919 304 par-

127 326 202 350 cere,
210 322 239 345 et
248 318 275 345 in
285 322 329 343 tua
341 316 417 343 ruina
429 315 535 342 mittam
545 314 661 342 similem
671 314 871 349 pertimescent.
885 313 920 340 Ut

129 368 220 390 autem
234 363 304 390 scias
317 362 363 396 qui
388 361 439 388 iste
458 360 495 388 sit
516 360 634 394 gladius,
650 360 711 387 audi
727 358 896 386 manifestius
910 368 916 385 ε

132 418 142 434 ι
162 408 269 443 gladius
281 406 352 441 regis
366 405 510 440 Babylonis
523 404 612 431 veniet
626 404 673 434 tibi
685 412 693 430 :
707 404 734 431 in
753 403 849 439 gladiis
865 402 920 430 for-

127 455 209 486 tium,
229 463 238 479 ι
255 453 312 480 sive
337 452 486 487 gigantum,
503 459 513 475 ι
531 450 656 485 dejiciam
676 455 784 476 omnem
799 448 921 475 multitu-

127 499 219 527 dinem
234 502 325 525 tttam:
346 506 355 522 ι
373 496 419 531 qui
434 496 556 531 gigantes
583 494 804 529 inexpugnabiles
826 497 919 528 gentes

125 549 202 577 sunt,
212 552 273 579 qua:
287 543 426 579 Babylonii
441 543 512 578 regis
528 542 686 569 tenebantur
697 541 828 568 exercitu.
846 550 854 565 ι
872 540 919 567 lsti

126 591 285 622 vastabant,
299 590 355 616 sive
372 588 528 623 disperdent
547 587 700 621 superbiam
726 585 848 621 Egypti,
865 595 873 610 ι
892 589 920 612 et

125 644 236 664 omnem
248 634 446 662 multitudinem
460 634 529 669 ejus,
543 633 663 667 nihilque
682 633 709 659 in
733 632 850 667 Egypto
873 639 919 659 rc-

125 682 259 713 manebit,
272 682 318 709 sed
334 688 396 708 cum
419 680 573 708 hominibus
597 683 624 706 et
642 679 763 712 jumcnta
787 678 920 712 brutaque

125 727 257 755 animalia
270 727 372 761 pariter
384 725 549 753 auferentnr.
575 724 609 751 Et
633 729 705 751 tanta
728 723 782 750 erit
804 723 919 750 solitudo

125 776 153 801 in
165 773 332 808 (Egyptc,ut
343 780 393 800 nec
407 772 472 806 pede
485 772 670 803 bomiuis,nec
682 770 780 805 ungula
791 769 917 804 jumenti,

126 827 206 854 aqua:
220 819 292 845 illius
308 818 511 849 conturbentnr,
525 818 570 844 scd
592 817 681 851 quieta
703 817 757 842 sint
777 816 878 848 omnia,
890 820 916 842 et

972 226 1018 253 tici
1032 225 1193 253 testimoniis
1209 225 1410 260 Scripturarum
1424 225 1475 253 sibi
1486 225 1700 258 cobaarentibus,
1713 226 1761 253 sed

971 272 1134 300 conturbant
1146 271 1246 299 omnia.
1259 271 1293 297 Et
1301 271 1363 305 quia
1378 271 1436 306 ipse
1447 275 1490 298 est
1504 271 1629 300 inimicus
1641 275 1667 298 et
1678 271 1759 299 ultor.

971 326 1023 346 non
1037 318 1124 346 solum
1133 325 1220 353 aquas
1236 318 1339 345 alienas
1353 318 1436 345 draco
1449 316 1593 353 Egyptius
1616 318 1763 345 conturbat

970 364 1082 400 pedibus
1093 364 1167 397 suis,
1179 365 1226 392 sed
1241 364 1382 392 conculcat
1400 364 1510 391 ﬂumina
1533 371 1593 396 sua,
1608 371 1642 390 ne
1667 368 1768 398 parent

970 412 1011 439 eis
1023 418 1091 446 quos
1104 411 1188 439 semel
1203 411 1229 437 in
1245 417 1320 438 suam
1333 410 1465 445 redegerit
1489 413 1662 444 potestatem.
1684 408 1761 441 Quod

971 456 1092 484 devitarc
1103 456 1214 491 cupiens
1223 455 1313 489 justus
1323 459 1450 490 precatur
1467 463 1473 480 :
1493 462 1501 479 ι
1519 453 1681 481 Nonveniat
1694 453 1760 480 mihi

970 509 1018 536 pes
1034 501 1168 536 superbia:
1180 499 1267 536 (Paul.
1286 499 1378 534 xxxv).
1396 508 1405 525 ι
1420 499 1454 526 Et
1472 498 1499 525 in
1513 498 1567 526 alio
1579 498 1637 526 loco
1650 498 1761 526 concul‘

970 550 1047 573 catus
1062 544 1130 579 petit
1143 552 1179 573 ne
1192 545 1290 572 iterum
1310 543 1495 575 conculcetur,
1514 552 1523 568 ι
1542 542 1669 570 Miserere
1696 542 1761 573 tnei,

970 591 1092 623 Domine,
1105 590 1233 626 quoniam
1245 589 1416 617 conoulcavit
1430 596 1473 616 tne
1486 588 1567 616 homo
1581 587 1665 624 (Psal.
1681 587 1736 623 LV).
1749 597 1757 611 ι

969 635 1096 662 Inimicus
1108 639 1198 662 autem
1210 635 1292 662 homo
1301 633 1425 662 diabolus
1442 637 1493 661 est.
1524 633 1563 660 De
1579 641 1632 667 quo
1644 638 1671 660 et
1692 633 1762 660 alter

969 681 1089 715 psalmus
1114 680 1244 714 loquitur,
1261 689 1271 705 ι
1286 683 1316 706 ιιι
1333 687 1386 706 non
1398 678 1586 713 magniﬁcetur
1597 678 1668 705 ultra
1678 678 1760 705 homo

969 734 1050 761 super
1074 730 1174 754 terram
1199 725 1285 762 (Psal.
1301 726 1356 754 ixi.
1376 735 1385 751 ι
1407 725 1552 760 Propterea
1582 735 1590 750 ι
1620 726 1676 752 lucc
1698 725 1762 752 dicit

969 772 1098 799 Dominus
1116 772 1187 799 Deus
1212 781 1218 798 :
1245 771 1402 806 Expandam
1429 779 1511 805 super
1536 775 1562 798 te
1585 775 1643 798 rete
1670 778 1758 798 meum

970 817 998 844 in
1013 816 1182 844 multitudine
1193 817 1353 852 populorum
1372 816 1528 844 multorum.
1546 826 1555 843 ι
1577 816 1643 844 Rete
1655 816 1760 845 Domini

124 873 202 900 aqua!
218 865 357 891 [luminum
376 863 434 897 ejus
459 863 536 898 quasi
557 863 643 889 oleum
666 862 749 889 (luant
765 862 916 896 pttt'issittta‘.
932 859 954 889 Β
969 862 1076 891 Veteris
1087 866 1114 891 et
1126 862 1193 891 Novi
1208 863 1372 891 Testamemi
1388 863 1492 891 ratione
1505 867 1661 891 contextum
1678 863 1762 890 mitti-

125 909 388 941 acnitentes,.nullo
413 917 461 943 per
485 916 531 936 cas
558 913 723 939 transeunte,
750 915 799 934 nec
825 916 937 935 earum,

124 957 226 983 tlueMa
246 956 379 982 turbante.
403 954 459 982 lloc
475 958 565 981 autent
580 958 689 989 propter
704 954 812 989 Aigypti
826 953 920 981 solitu—

125 1002 227 1033 dinem,
239 1008 298 1035 qua:
311 1000 447 1035 redigetur
461 1000 487 1026 in
505 1000 660 1031 desertum,
677 999 711 1025 ab
729 998 804 1025 omni
830 998 919 1025 multi-

125 1047 219 1073 tudine
231 1054 289 1079 sua,
306 1046 413 1080 quando
432 1045 599 1072 habitatores
623 1043 681 1078 ejus
705 1043 835 1071 Dominus
858 1051 919 1077 per-

123 1093 254 1124 cusserit,
270 1096 300 1119 ut
313 1091 475 1126 intelligant,
494 1091 539 1125 qui
556 1090 753 1123 remanserint,
765 1089 837 1124 quod
862 1089 919 1124 ipse

124 1139 160 1165 sit
175 1138 314 1165 Dominus.
327 1137 428 1164 Idcirco
439 1136 562 1171 planctus
576 1139 617 1162 est
632 1134 794 1166 Pharaonis,
806 1137 834 1162 et
843 1133 919 1168 plau-

123 1189 190 1220 gent
201 1192 263 1211 eutn
277 1183 338 1211 ﬁlim
351 1183 471 1219 gentium
486 1183 512 1209 in
525 1182 652 1214 circuitu,
662 1189 715 1209 non
729 1181 815 1209 solum
826 1185 918 1207 autem

123 1238 207 1265 super
220 1230 276 1262 illo,
290 1230 338 1257 sed
351 1234 378 1257 et
393 1237 474 1264 super
487 1228 660 1256 multitudine
683 1227 758 1262 ejus,
778 1234 839 1261 qua:
865 1225 918 1254 Do-

123 1276 200 1302 mino
213 1278 336 1302 vastante
353 1275 439 1302 deleta
455 1278 503 1302 est.
526 1273 589 1301 Haec
606 1280 688 1308 super
701 1272 815 1307 simplici
829 1271 918 1299 littera

123 1322 226 1349 cursim
250 1321 350 1348 dixisse
367 1319 489 1347 suliiciat.
508 1319 654 1347 Veniamus
667 1318 700 1345 ad
713 1316 918 1352 intelligentiam

122 1367 285 1402 spiritalem.
305 1366 359 1394 Nec
373 1371 436 1401 puto
461 1373 623 1401 magnopere
642 1363 819 1392 laborandum
839 1369 919 1390 nosse

123 1412 171 1445 qui
199 1412 235 1438 sit
260 1411 366 1438 Pharao
395 1418 442 1437 rex
468 1409 597 1445 Egypti,
625 1417 686 1437 cum
710 1415 792 1443 supra
811 1407 920 1442 plenius

121 1457 286 1489 dixerimus,
305 1464 365 1483 eam
392 1455 517 1482 videlicet
537 1458 696 1490 potestatem
717 1453 762 1482 cui
787 1452 920 1488 Egyptus

122 1502 241 1535 credita,
250 1501 291 1529 vel
301 1509 353 1528 una
365 1501 514 1537 provincia,
522 1500 563 1527 vel
574 1500 707 1536 Egyptus
720 1499 804 1527 totius
814 1498 918 1531 mundi,

971 915 1015 937 tttr
1027 917 1108 944 super
1125 911 1280 942 draconem,
1295 910 1341 944 qui
1357 910 1460 937 habitat
1472 910 1499 937 in
1515 909 1672 944 populorttm
1696 909 1763 936 mul-

970 955 1094 987 titudine,
1108 958 1256 990 ctsempcr
1274 955 1360 982 turbis
1379 959 1408 981 et
1418 954 1590 981 multitudine
1601 954 1759 981 delectatur.

971 1000 1005 1027 Ut
1018 1000 1144 1027 extrahat.
1157 1007 1218 1027 eum
1235 1000 1261 1026 in
1275 1007 1373 1034 sagena
1394 1007 1441 1026 sua
1453 1020 1459 1031 ,
1473 1000 1529 1027 sive
1551 999 1578 1026 in
1599 999 1678 1026 hamo
1702 1006 1760 1026 suo.

969 1045 1022 1072 Ista
1036 1049 1078 1073 est
1090 1052 1190 1080 sagcna
1203 1044 1309 1080 (Matth.
1323 1044 1394 1080 xm),
1409 1053 1469 1080 quin
1489 1045 1515 1071 in
1533 1052 1613 1072 mare
1622 1043 1702 1078 hujus
1713 1052 1762 1071 ste

968 1090 1022 1118 culi
1036 1090 1161 1123 mittitur,
1174 1096 1203 1117 ut
1217 1090 1341 1118 extrahat
1349 1090 1437 1125 pisces
1449 1090 1547 1117 multos
1556 1110 1563 1122 ,
1579 1089 1647 1117 alios
1661 1089 1763 1125 eligen-

969 1136 1028 1168 dos,
1039 1141 1068 1163 et
1080 1136 1148 1164 alios
1161 1136 1334 1170 abjiciendos.
1367 1135 1430 1163 Sive
1447 1136 1498 1162 iste
1512 1135 1609 1161 banms
1624 1135 1656 1162 de
1669 1142 1723 1169 quo
1734 1135 1760 1161 in
1794 1152 1796 1155 τ

968 1183 1019 1210 Job
1038 1183 1169 1218 scriptum
1186 1187 1249 1211 est:
1270 1192 1280 1208 ι
1294 1183 1437 1210 Adduecns
1458 1186 1548 1208 autem
1570 1182 1715 1208 draconem
1735 1181 1762 1208 in

970 1231 1061 1262 hamo,
1083 1234 1111 1257 ct
1130 1230 1310 1257 circumdabis
1333 1229 1487 1264 capistrumv
1506 1229 1578 1256 circa
1601 1235 1680 1255 nares
1703 1227 1762 1262 cjus

969 1276 1041 1312 (Job.
1055 1276 1109 1311 XL).
1121 1285 1130 1301 ι
1144 1275 1197 1302 Pro
1211 1283 1264 1309 quo
1279 1275 1470 1309 interpretatus
1485 1277 1526 1301 est
1541 1273 1636 1308 Aquila
1652 1282 1658 1299 :
1680 1282 1689 1298 ι
1707 1272 1761 1300 Ex-

970 1321 1063 1349 trahes
1082 1321 1227 1348 Leviatbau
1244 1320 1270 1348 in
1284 1321 1381 1352 hamo,
1393 1324 1422 1347 et
1437 1319 1544 1347 funibus
1557 1319 1695 1354 colligabis
1713 1318 1758 1346 lin-

969 1374 1049 1402 guam
1059 1366 1142 1400 ejus.)
1160 1365 1319 1393 Extrahitur
1336 1370 1426 1392 autem
1444 1366 1526 1393 draco
1541 1365 1597 1392 sive
1613 1365 1758 1392 Leviatban

970 1412 1003 1440 de
1016 1412 1083 1438 mari
1099 1412 1179 1438 hamo
1190 1411 1231 1438 vel
1247 1418 1344 1445 sagena
1352 1411 1469 1443 Domini,
1483 1414 1511 1437 ιιι
1522 1409 1689 1445 projieiatur,
1703 1410 1759 1437 sive

970 1458 1132 1485 extendatur
1157 1465 1237 1492 super
1258 1460 1371 1489 terram,
1386 1461 1414 1484 et
1434 1464 1528 1484 onmes
1541 1457 1620 1491 spira:
1633 1455 1692 1490 ejus
1705 1457 1761 1490 qui-

969 1503 1021 1530 bus
1034 1510 1097 1530 snas
1112 1502 1222 1530 insidias
1239 1502 1391 1530 occultabat
1404 1502 1569 1538 aperiantur,
1583 1506 1611 1529 et
1625 1502 1763 1536 proferan-

123 1557 186 1584 ιι.ιω
199 1557 250 1576 non
265 1553 307 1576 est
319 1549 360 1575 160
372 1548 478 1575 condita
487 1567 495 1579 ,
506 1547 553 1575 sed
566 1546 674 1582 proprio
688 1546 753 1573 vitio
770 1544 919 1572 assimilata
933 1538 956 1569 Ο
971 1552 1017 1575 tu]-
1033 1548 1060 1575 ίη
1071 1547 1218 1582 publicum,
1234 1551 1261 1575 ει
1275 1547 1302 1575 in
1316 1551 1387 1575 terra
1405 1548 1548 1583 abjiciatur
1561 1552 1588 1574 οι
1599 1548 1702 1582 jaceat,
1714 1556 1749 1582 qu

122 1595 197 1622 leoni
211 1594 329 1630 gentium
346 1603 353 1620 :
374 1603 384 1619 ι
403 1593 490 1621 llomo
510 1592 582 1620 enim
599 1599 662 1619 cum
677 1591 705 1618 in
719 1591 823 1618 honore
835 1593 917 1621 esset,

123 1647 181 1667 non
195 1639 339 1672 intellexit,
350 1643 524 1673 comparatus
536 1641 577 1665 est
586 1637 717 1672 jumentis
731 1635 920 1671 insipientibus

122 1684 261 1713 ctsimilis
273 1683 359 1711 factus
369 1686 411 1710 est
421 1683 474 1711 illis
485 1681 571 1718 (Ptol.
580 1680 684 1718 xnvnt).
702 1690 712 1707 ι
730 1680 769 1708 De
778 1681 831 1707 hoe
842 1679 920 1706 leone

122 1734 155 1757 et
177 1729 275 1756 Petrus
296 1728 437 1763 loquitur:
457 1737 466 1753 ι
484 1727 662 1754 Adversarius
683 1728 776 1753 noster
788 1724 920 1756 diabolus,

125 1775 206 1809 quasi
232 1774 273 1801 leo
296 1773 406 1809 rugiens
427 1773 524 1800 circuit
548 1772 575 1806 (Ι
590 1771 662 1799 Petr.
677 1770 720 1807 v);
739 1780 748 1797 ι
765 1770 832 1798 etin
850 1776 921 1797 nono

125 1818 234 1855 psalmo
249 1817 378 1852 scriptum
391 1821 433 1844 est
454 1824 461 1843 :
489 1826 499 1842 ι
525 1816 670 1843 lnsidiatur
691 1816 718 1843 in
741 1814 920 1846 abscondito,

125 1865 207 1899 quasi
221 1864 265 1890 leo
279 1864 305 1890 in
325 1863 453 1898 spelunca
466 1871 527 1895 sua,
539 1862 683 1889 insidiatur
704 1866 735 1888 ut
755 1861 843 1896 rapiat
857 1868 923 1895 pau—

127 1916 232 1944 perum.
253 1918 263 1933 ι
281 1908 314 1935 Ει
327 1906 458 1935 Jeremias
473 1906 576 1942 Spiritu
596 1909 690 1933 sancto
704 1905 743 1933 ait
762 1913 769 1932 :
787 1914 796 1930 ι
820 1905 875 1932 Leo
890 1904 923 1931 de

129 1956 198 1980 sava
220 1953 354 1987 percussit
365 1959 411 1980 eos
426 1951 575 1987 (ler.xn).i
593 1952 742 1978 Draconem
759 1954 849 1977 autem
870 1949 923 1976 dici

129 1999 280 2030 diabolum,
288 2006 337 2033 pro
346 2006 400 2034 quo
407 1998 502 2032 Aquila
515 1998 707 2032 interpretatus
717 2000 760 2023 est
767 1996 922 2027 Leviatban,

131 2052 230 2071 nomen
247 2044 373 2071 draconis
383 2051 532 2078 exponens,
536 2043 612 2077 juxta
623 2042 790 2077 superiorem
801 2041 925 2075 explana-

130 2090 234 2115 tionem
253 2087 344 2115 multis
361 2087 521 2114 testimoniis
538 2087 630 2119 docui;
644 2087 689 2121 qtti
703 2086 827 2113 dixerat:
843 2095 851 2111 ι
867 2085 924 2112 Mea

130 2138 194 2160 sunt
204 2133 360 2165 ﬂumina,et
371 2140 421 2166 ego
431 2131 480 2160 feci
494 2140 534 2160 ea.
548 2131 618 2159 iiste
630 2132 711 2166 igitur
722 2132 804 2159 draco
814 2130 926 2158 ﬂumini—

131 2179 182 2205 bus
193 2178 261 2210 suis,
270 2178 346 2213 quasi
358 2178 485 2205 cornibus
496 2178 641 2204 ventilabat
651 2176 780 2211 plurimas
790 2176 924 2207 nationes,

971 1595 998 1622 in
1011 1594 1070 1621 loco
1083 1597 1210 1628 posuerat
1224 1600 1255 1620 os
1272 1600 1360 1625 suum,
1384 1597 1413 1619 et
1435 1601 1464 1620 se
1486 1592 1626 1620 Altissimo
1648 1592 1762 1620 similem

971 1646 1031 1667 esse
1052 1638 1182 1674 jactabat.
1210 1638 1285 1666 Unde
1304 1637 1446 1672 sequitur:
1465 1647 1475 1663 ι
1494 1637 1526 1664 Ει
1551 1637 1687 1669 habitare,
1707 1637 1765 1665 sive

971 1684 1066 1711 sedere
1080 1683 1177 1711 faciant
1192 1690 1273 1718 super
1284 1687 1310 1710 te
1322 1683 1412 1709 omnia
1424 1682 1543 1710 volatilia
1558 1682 1630 1714 cmli,
1646 1686 1674 1710 et
1691 1687 1766 1710 saltt-

972 1729 1038 1756 rabo
1052 1729 1085 1756 de
1098 1733 1123 1756 te
1139 1729 1240 1757 bestias
1252 1729 1384 1756 universa:
1396 1733 1484 1755 terrm.
1506 1739 1514 1754 ι
1533 1728 1686 1756 Secundum
1700 1729 1764 1756 illud

972 1774 1042 1809 quod
1073 1774 1203 1809 scriptum
1222 1778 1282 1802 est:
1297 1784 1307 1800 ι
1325 1773 1428 1801 Dedisti
1451 1781 1513 1801 eum
1542 1781 1633 1800 escam
1659 1774 1764 1809 populis

973 1818 1130 1853 [Ethiopnm
1142 1818 1343 1855 (Psal.uxut).
1359 1828 1368 1845 ι
1381 1819 1433 1853 Qui
1448 1819 1490 1845 vel
1502 1818 1618 1845 volatilia
1633 1823 1765 1846 vocantur

973 1865 1014 1892 vel
1028 1865 1122 1892 bestia:
1138 1869 1226 1892 terrae.
1242 1864 1376 1897 Volatilia,
1392 1872 1452 1899 qua:
1475 1868 1624 1892 sementem
1647 1869 1677 1891 ιιι
1696 1865 1766 1892 dixi-

974 1918 1034 1937 mus
1043 1910 1120 1945 juxta
1134 1910 1205 1936 viam
1219 1909 1327 1944 rapiunt
1340 1918 1346 1936 :
1358 1909 1453 1937 bestia:
1463 1913 1542 1936 terra:
1552 1910 1624 1937 vitiis
1635 1910 1765 1942 eli‘eratie.

974 1956 1046 1991 quod
1060 1956 1093 1983 ad
1106 1956 1247 1983 btereticos
1256 1959 1338 1990 atque
1347 1955 1460 1991 gentiles
1471 1955 1564 1983 referri
1577 1960 1674 1991 potest.
1690 1957 1765 1989 Quod

974 2006 1064 2029 autem
1080 2001 1203 2036 sequitur
1218 2011 1224 2027 :
1242 2011 1251 2027 ι
1269 2001 1302 2028 Et
1316 2000 1385 2028 dabo
1396 2009 1491 2028 carnes
1504 2005 1562 2029 tuas
1586 2009 1667 2036 super
1688 2009 1762 2029 mon-

976 2052 1026 2077 tes,
1039 2050 1066 2074 et
1079 2046 1195 2081 implebo
1210 2046 1292 2074 colles
1309 2051 1371 2074 tuos
1383 2047 1458 2074 sanie
1482 2051 1527 2074 tua
1545 2056 1554 2072 ι
1570 2048 1627 2074 sive
1651 2048 1767 2082 implebo

975 2092 1059 2119 valles
1080 2092 1210 2126 sanguine
1227 2098 1291 2119 tuo:
1307 2093 1379 2120 hunc
1395 2093 1475 2120 habet
1490 2100 1611 2124 sensum,
1624 2098 1652 2120 ut
1669 2093 1765 2120 volati-

976 2138 1011 2164 lia
1023 2137 1095 2170 cmli,
1107 2141 1135 2164 et
1150 2138 1251 2165 bestias
1268 2141 1347 2164 terra:
1359 2138 1533 2172 deceptorum
1554 2138 1666 2172 populos
1690 2138 1766 2164 intel-

977 2183 1101 2218 ligamus,
1124 2183 1365 2217 crudelitatemque
1389 2183 1538 2218 gentilium.
1555 2182 1659 2211 Montes
1676 2187 1765 2210 autem

129 2232 192 2258 qua:
204 2230 288 2257 super
303 2223 446 2255 Marciane,
463 2222 615 2254 Valentino,
635 2221 707 2252 Aria,
732 2225 760 2248 et
782 2220 922 2251 Eunomia,

977 2212 1011 2256 ad
1029 2229 1164 2264 principes
1178 2212 1330 2256 referamus
1343 2212 1491 2260 hatreseon,
1503 2228 1590 2262 qualis
1605 2227 1655 2254 fuit
1670 2228 1767 2255 Valen-

129 2269 294 2303 caxterisquc
315 2269 452 2296 btereseon
473 2268 638 2303 principibus
661 2266 809 2301 intelligere
830 2274 925 2300 possu-

131 2322 203 2345 mus,
221 2314 269 2348 qui
283 2314 424 2340 imitantur
437 2312 634 2340 ecclesiasticos
656 2312 728 2339 viros
749 2311 870 2338 dicentes
892 2311 926 2337 ad

131 2359 276 2387 dominum
291 2358 458 2386 Salvatorcm
474 2365 482 2384 :
498 2367 506 2383 ι
522 2357 550 2384 1η
565 2362 591 2385 te
605 2357 730 2384 inimicos
744 2359 852 2383 nostros
864 2362 926 2382 ven-

132 2405 275 2434 tilabimus
287 2411 370 2432 cornu
385 2402 471 2440 (Paul.
484 2405 572 2438 mn).
584 2413 594 2429 ι
607 2403 640 2430 Et
662 2410 716 2429 non
739 2401 869 2428 ventilant
893 2400 927 2427 ad

129 2452 263 2483 salutem,
277 2454 306 2477 ut
318 2449 353 2477 de
371 2454 444 2477 terra
471 2449 505 2476 ad
527 2448 626 2476 cit-lum
649 2448 749 2479 levent,
769 2447 816 2474 sed
843 2451 871 2473 ut
899 2446 927 2472 in

130 2496 299 2533 profundum
320 2495 455 2530 abjiciant.
481 2494 601 2528 Denique
623 2494 744 2528 sequitur
763 2503 769 2519 :
789 2502 798 2518 ι
817 2493 850 2519 Ει
864 2500 928 2519 con—

132 2541 267 2570 turbabas
282 2548 366 2575 aquas
376 2540 489 2575 pedibus
500 2541 562 2567 tuis.
585 2549 594 2565 ›
608 2539 687 2566 Juxta
706 2538 769 2566 illud
783 2537 903 2573 Apostoli
919 2547 925 2564 :

135 2598 144 2613 ι
179 2587 231 2620 Qui
258 2590 349 2613 autem
381 2586 526 2613 conturbat
556 2592 625 2616 vos,
652 2584 771 2618 portabit
797 2583 927 2618 judicium

131 2632 211 2668 (Gul.
223 2632 267 2668 v);
283 2642 292 2658 ι
310 2631 369 2659 Non
381 2632 438 2659 vult
452 2632 523 2659 enim
548 2638 631 2665 aquas
656 2630 728 2657 Siloe
751 2630 853 2661 bibere,
868 2636 928 2664 qua:

136 2678 241 2707 vadunt
249 2685 310 2705 cum
321 2677 437 2710 silentio,
449 2677 496 2704 sed
506 2684 589 2711 aquas
596 2675 704 2711 [Egypti
716 2675 838 2703 turbidas
849 2679 930 2709 atque

133 2730 283 2754 cunnosas,
309 2730 369 2757 quae
393 2727 538 2757 antequam
567 2720 678 2757 pedibus
704 2721 931 2749 conculcarentur

132 2768 277 2801 draconis,
292 2775 364 2802 puraa
383 2772 470 2799 erant,
485 2772 511 2794 et
530 2774 578 2794 suo
591 2766 704 2794 ﬂuentes
727 2767 830 2794 ordine.
854 2767 930 2795 Post—

135 2822 221 2848 quam
234 2818 324 2840 autent
337 2813 452 2848 pedibus
466 2812 539 2840 illius
558 2812 724 2840 conturbata:
748 2817 819 2844 sunt,
835 2822 930 2840 cursus

977 2275 1049 2302 tinus
1060 2279 1087 2301 et
1101 2274 1230 2306 Marcion,
1244 2274 1380 2307 collesque
1401 2280 1572 2300 successores
1596 2280 1706 2305 eorum,
1720 2275 1766 2308 qui

978 2325 1134 2347 saturantur
1147 2319 1221 2346 sanie
1234 2318 1360 2346 draconis
1377 2326 1384 2345 :
1397 2318 1454 2345 sive
1470 2315 1636 2353 valles,‘qure
1652 2319 1766 2354 implen-

978 2369 1021 2391 tur
1040 2364 1165 2392 draconis
1186 2364 1332 2398 sanguine,
1349 2363 1491 2391 inferiores
1511 2371 1631 2398 quosque
1656 2365 1763 2391 creden-

981 2410 1056 2436 tium.
1072 2409 1125 2436 Aut
1141 2413 1215 2437 certe
1231 2412 1335 2436 montes
1346 2408 1515 2435 adversarius
1530 2412 1692 2443 potestates,
1707 2417 1768 2444 qtae

981 2455 1084 2482 in-aerc
1102 2454 1302 2486 discurrunt,ct
1318 2453 1410 2485 valles,
1423 2460 1482 2488 qua:
1494 2452 1598 2480 inferna
1613 2458 1768 2488 penetrant,

981 2505 1008 2527 et
1022 2499 1130 2527 aeternis
1146 2498 1284 2534 suppliciis
1306 2498 1464 2533 mancipata:
1489 2503 1561 2525 sunt.
1586 2498 1671 2526 Porro
1697 2498 1769 2532 quod

982 2545 1080 2571 dicitur
1094 2552 1101 2570 :
1120 2554 1128 2568 ‹
1147 2543 1179 2570 Ει
1194 2543 1312 2578 irrigabo
1329 2547 1428 2570 terram
1448 2543 1559 2577 ptedore
1575 2542 1714 2577 sanguinis
1730 2542 1767 2568 tui

982 2601 1062 2628 super
1076 2597 1192 2625 montes,
1208 2601 1218 2618 ι
1232 2591 1289 2619 sive
1303 2591 1459 2626 irrigabitur
1472 2594 1542 2617 terra
1556 2589 1589 2616 de
1603 2589 1769 2616 stercoribus

983 2639 1035 2666 tuis
1047 2645 1127 2672 super
1143 2641 1258 2670 montes,
1273 2646 1282 2662 ι
1300 2641 1328 2664 et
1340 2636 1423 2663 valles
1442 2634 1621 2670 implebuntnr
1643 2641 1675 2660 ex
1699 2637 1735 2664 te,
1756 2642 1764 2657 ι

983 2684 1047 2710 illud
1063 2683 1211 2718 significat,
1226 2682 1297 2717 quod
1321 2681 1410 2709 omnis
1432 2680 1556 2715 superbia
1581 2684 1608 2705 et
1637 2686 1768 2712 arrogans

984 2729 1170 2757 haereticorum
1185 2734 1283 2761 tumor,
1298 2737 1351 2755 non
1366 2733 1419 2754 tant
1445 2725 1518 2752 vitali
1541 2728 1569 2750 et
1588 2731 1663 2758 puro,
1686 2731 1767 2757 quam

983 2778 1088 2814 putritlo
1105 2781 1185 2811 atque
1210 2776 1302 2803 fetenti
1325 2775 1454 2810 sanguine
1473 2771 1638 2806 compleatur
1664 2778 1669 2795 :
1692 2769 1768 2802 juxta

984 2824 1046 2850 ilind
1065 2823 1134 2856 quod
1152 2822 1280 2854 scriptum
1294 2826 1334 2848 est
1351 2828 1357 2846 ε
1378 2829 1386 2845 ι
1405 2820 1478 2846 Pone
1505 2824 1552 2844 eos
1577 2815 1646 2846 sicut
1664 2818 1768 2843 stercus
