1986 3092
211 159 262 186 825

530 163 559 189 B.
581 160 707 188 RABANI
725 158 834 186 MAURI
852 155 1011 184 ARCHIEI’.

1062 154 1186 184 OGUNT.
1207 152 1350 182 ορειιωι
1368 152 1458 181 PARS
1476 151 1509 179 il.

1788 149 1841 177 εει

212 225 292 246 terra:
306 219 392 255 (Plat.
403 219 531 260 uniti.)
541 219 578 246 De
591 226 644 253 quo
656 222 766 245 sanctus
777 224 791 244 a
807 216 918 243 Domino
930 216 998 243 libe—
1010 220 1036 248 Α
1047 214 1092 249 qui
1106 213 1182 248 prius
1197 212 1347 260 Pharaonis
1364 211 1566 260 admirabantur
1577 210 1723 260 potentiam
1749 215 1842 260 [frstra

214 270 300 291 ratur.
317 274 326 290 ί
344 265 389 300 qui
404 265 515 292 suscitat
527 265 560 291 de
575 268 647 291 terra
661 264 778 298 inopem,
790 266 818 289 ct
831 262 864 289 de
877 266 999 289 stercore

212 311 292 345 erigit
304 318 447 346 pauperem
465 319 471 338 :
486 314 515 337 ut
539 310 649 337 :ollocet
670 316 731 336 eum
746 317 806 336 eum
820 309 998 343 principibus,

212 364 272 383 cuin
286 356 449 390 principibus
463 355 552 390 populi
568 355 608 382 sui
621 354 707 390 (Psal.
722 353 799 389 cxn).
821 363 830 379 I
848 353 900 381 Per
914 353 998 380 valles

212 406 301 427 autem
312 401 338 427 iu
354 400 406 427 itna
417 400 571 435 depressos,
585 404 615 426 ut
636 407 716 434 supra
741 399 869 431 diximus,
885 403 931 425 aut
958 398 999 425 iu-

211 447 285 473 ferna
298 446 441 481 significat,
454 450 498 472 aut
515 446 643 473 humilem
668 446 854 473 haereticorum
876 452 997 476 sensum,

212 497 320 527 propter
333 492 495 526 voluptatem
509 496 535 519 et
550 496 671 519 terrenas
688 499 753 526 opes
776 496 874 518 cuncta
895 490 999 518 facien-

212 538 288 564 tium.
302 537 378 570 Quod
393 542 482 564 autem
493 536 615 572 jungitur
629 546 636 564 :
655 546 664 563 ‹
681 537 714 563 Ει
726 537 848 571 operiam
868 544 929 563 eum
952 543 999 563 ex-

212 583 310 610 tinctus
330 582 414 610 fueris
435 582 542 614 ctelum,
556 586 583 609 et
605 574 759 618 nigrescere
783 582 880 609 faciam
908 581 1000 609 stellas

211 626 280 660 ejus,
295 627 378 654 solem
394 628 463 655 nube
478 634 582 663 tegam,
596 632 623 654 et
648 628 710 655 [una
734 635 787 655 non
811 628 885 655 dabit
910 627 999 654 lumen

211 681 305 705 suum,
321 674 411 701 onmia
428 673 572 701 luminaria
589 674 651 701 caeli
672 681 787 702 moerere
811 674 853 701 vel
875 675 1001 701 tenebro-

211 726 287 746 scere
301 719 398 746 faciam
410 727 490 754 super
503 724 529 746 te
539 739 546 752 ,
557 723 585 746 et
606 720 675 747 dabo
699 719 823 747 tenebras
836 727 918 754 super
944 724 999 746 ter—

212 771 270 790 ram
299 768 388 796 tttatn,
415 764 481 791 dicit
505 763 635 791 Dominus
667 764 750 796 Deus,
775 773 785 789 ι
809 763 833 791 si
856 771 1001 798 sequamur

212 809 354 842 litteram,
386 810 494 845 penitus
527 810 638 845 intelligi
670 818 725 837 non
761 814 858 845 potest.
889 809 1001 843 Quando

212 854 285 882 enim
311 854 453 882 interfecto
482 854 623 882 Pharaone
660 854 718 882 sive
754 854 871 881 dracone
901 853 941 881 sol
974 857 1002 881 et

1050 265 1111 285 eum
1133 257 1301 284 admirentur
1327 256 1359 283 de
1385 264 1435 284 suo
1461 255 1579 283 culmine
1600 255 1739 282 cecidisse.
1755 254 1844 288 Reges

1049 311 1156 340 quoque
1167 302 1327 338 populorum
1339 301 1424 329 nimio
1441 302 1554 329 horrore
1567 300 1750 328 formidabant
1762 308 1846 334 super

1049 357 1122 383 eum,
1137 356 1251 384 quorum
1272 355 1354 383 regna
1376 347 1491 375 Domino
1511 346 1633 374 diabolus
1654 346 1774 373 ostendit
1796 350 1846 371 :et

1049 395 1084 423 de
1105 394 1203 429 quibus
1223 393 1251 420 in
1274 393 1377 428 psalmo
1401 392 1500 419 dicitur
1523 401 1530 418 :
1558 401 1567 416 ε
1592 391 1744 418 Astilerunt
1766 398 1846 423 reges

1050 443 1174 473 teme,et
1186 439 1322 474 principes
1335 442 1521 466 convenerunt
1536 437 1563 463 in
1578 444 1660 463 unum
1673 435 1760 471 (νισι.
1778 436 1819 469 ιι).
1834 446 1842 459 ι

1050 485 1107 513 Hoc
1116 490 1205 512 autem
1217 485 1274 517 tiet,
1284 494 1293 510 ι
1312 492 1373 512 cum
1386 483 1476 511 volare
1487 483 1600 518 coeperit
1614 483 1720 517 gladius
1737 482 1845 509 Domini

1050 539 1130 566 super
1144 530 1228 558 facies
1243 538 1349 564 eorum,
1366 540 1375 555 ›
1393 530 1553 557 subauditur
1567 537 1658 563 regum
1682 529 1740 555 sive
1761 536 1846 562 popu-

1050 578 1147 605 lorum.
1165 576 1276 605 Gladius
1291 581 1382 604 autem
1404 576 1509 603 Domini
1533 576 1721 610 intelligendus
1742 579 1785 601 est
1807 575 1847 600 vi-

1051 631 1116 651 vens
1139 631 1229 650 sermo
1257 623 1304 650 Dei
1328 627 1355 650 et
1380 622 1475 649 eﬂicax
1490 627 1517 649 et
1532 626 1627 649 acutus
1642 628 1724 655 super
1736 628 1846 647 omnem

1051 669 1212 704 gladiuch
1224 672 1340 703 utraque
1358 672 1436 702 parte
1456 671 1575 698 acutum,
1599 667 1644 701 qui
1667 667 1741 693 volat
1764 671 1848 701 atque

1051 714 1180 742 discurrit
1190 718 1216 742 et
1233 714 1390 749 perstringit
1402 714 1572 741 cernentium
1587 713 1679 740 oculos
1701 712 1846 746 vultusque

1052 761 1179 789 deterret.
1193 760 1227 788 Et
1248 761 1470 795 obstupescentes
1492 768 1574 795 sttper
1599 760 1676 787 ruina
1695 759 1848 789 Pharaonis

1052 815 1082 835 se
1098 807 1124 834 in
1139 806 1185 834 illo
1207 807 1315 834 videant
1335 813 1395 834 esse
1415 806 1544 841 dejectos.
1564 807 1597 834 Et
1611 806 1714 833 Domini
1736 806 1847 840 quidem

1053 853 1208 888 gladius,de
1220 861 1272 887 quo
1287 853 1414 888 scriptum
1433 857 1474 879 cst
1490 861 1495 878 :
1516 862 1524 877 ι
1544 852 1614 879 Ecce
1626 852 1670 878 hic
1686 852 1793 886 positus
1805 856 1847 879 est

214 899 288 932 luna,
311 904 339 926 et
362 899 458 932 stellae,
485 907 539 926 non
566 899 698 926 dederunt
725 898 816 926 lumen
848 906 926 926 suum
939 918 947 931 ,
975 903 1002 925 et
1017 903 1040 932 Β
1054 898 1081 926 in
1095 898 1172 926 ruina
1187 903 1214 925 et
1227 898 1425 925 resurrectione
1441 898 1587 924 multorum
1616 896 1693 932 (Luc.
1707 896 1756 931 ιι),
1774 907 1783 922 ι
1801 896 1845 931 ja-

214 944 313 972 cml'um
325 948 448 979 opertum
467 948 509 972 est
523 944 642 972 tenebris
655 964 662 976 ,
675 943 752 978 juxta
768 943 833 971 illud
844 943 977 979 poeticum
996 951 1002 969 :

298 1017 421 1048 Impiaque
433 1020 549 1043 aeternam
561 1017 694 1042 timuerunt
705 1016 794 1042 satcula
806 1022 902 1042 noctem

216 1079 287 1114 Ergo
297 1080 349 1107 hoc
361 1079 502 1107 dicendum
511 1084 562 1112 cst,
572 1079 644 1114 quod
655 1080 789 1107 exstincto
801 1079 1006 1115 Pharaone,qui

218 1125 427 1160 transiigurabat
439 1133 467 1153 se
487 1125 514 1152 in
535 1125 658 1160 angelum
679 1125 757 1158 lucis,
773 1126 807 1153 de
827 1133 881 1161 quo
902 1126 929 1153 in
954 1126 1008 1153 alio

218 1171 278 1198 loco
290 1170 419 1205 scriptum
434 1175 476 1198 est
501 1179 507 1197 :
534 1179 543 1196 t
569 1170 626 1198 Lux
652 1170 796 1206 impiorum
821 1171 1008 1206 exstinguctur

219 1215 311 1251 (Prov.
328 1215 416 1251 utv),
431 1226 440 1242 ι
458 1215 555 1243 ρωιιιιη
568 1216 625 1243 sive
636 1215 697 1242 cceli
707 1215 864 1250 aperientur
877 1215 1007 1247 tenebris,

219 1263 252 1290 de
264 1262 362 1297 quibus
371 1266 399 1289 et
413 1261 512 1288 Paulus
527 1261 645 1296 loquitur
660 1271 686 1288 ει
698 1261 731 1288 Et
740 1261 870 1297 spiritalia
882 1262 1009 1296 nequitia:

220 1309 248 1335 in
262 1307 533 1343 cmlestibus(l£phes.
545 1307 593 1343 vr).
605 1318 614 1333 ›
625 1308 659 1334 Et
672 1307 826 1341 nigrescere
840 1306 904 1334 fecit
918 1307 1010 1334 Domi-

221 1363 271 1381 nus
284 1355 377 1383 stellas
396 1354 475 1391 ejusk
490 1354 532 1381 vel
554 1353 686 1384 draconis,
706 1352 749 1380 vel
765 1353 826 1380 cmli
839 1362 846 1380 :
862 1360 944 1388 super
956 1360 1010 1387 qtto

220 1404 248 1428 et
262 1400 346 1427 Judas
363 1399 499 1435 apostolus
523 1399 618 1427 scribit
634 1408 643 1425 ι
661 1399 750 1426 sidera
774 1399 894 1427 errantia
924 1398 1009 1434 (Iud.

221 1453 247 1471 υ.
262 1444 317 1480 15),
345 1455 354 1470 ι
370 1444 467 1479 quibus
485 1444 573 1478 caligo
583 1444 755 1471 tenebrarum
771 1443 798 1470 in
816 1447 947 1469 aeternum
969 1450 1012 1469 re-

223 1494 357 1517 servatur.
374 1489 421 1516 Sol
434 1497 541 1524 quoque
560 1489 630 1517 nube
651 1493 765 1522 tegetur,
788 1488 827 1515 sol
851 1488 1009 1522 iniquitatis,

223 1535 269 1569 qui
283 1534 434 1562 contraritts
446 1538 488 1562 est
501 1534 550 1561 soli
565 1534 688 1569 justitiee.
700 1533 775 1561 Nube
786 1537 886 1566 autem,
901 1533 941 1561 vel
955 1534 1014 1568 ipso

1055 949 1147 972 centes
1161 942 1258 975 elevat,
1272 948 1298 971 et
1312 943 1381 970 male
1396 948 1501 970 erectos
1517 943 1668 970 humilitate
1683 948 1845 970 commutat.

1057 989 1165 1017 Gladius
1179 994 1268 1016 autem
1283 989 1353 1024 regis
1367 989 1510 1023 Babylonis
1534 989 1624 1015 veniet
1646 996 1729 1023 super
1751 988 1846 1016 draco-

1055 1043 1117 1063 nem
1132 1035 1298 1070 .Egyptium,
1312 1039 1342 1062 ut
1355 1035 1381 1061 in
1394 1034 1491 1069 gladiis
1505 1035 1624 1067 fortium,
1638 1035 1694 1062 sive
1707 1035 1846 1070 gigantum

1055 1079 1163 1114 dejieiat
1176 1080 1306 1107 Dominus
1319 1079 1516 1107 multitudinem
1529 1078 1597 1113 ejus,
1611 1080 1656 1114 qui
1666 1087 1757 1114 regem
1766 1079 1849 1114 Egy-

1056 1126 1095 1161 pti
1108 1126 1271 1154 sectabatur.
1287 1135 1296 1150 ε
1314 1125 1545 1160 inexpugnabiles,
1564 1134 1573 1150 ι
1589 1125 1686 1160 inquit,
1696 1125 1753 1152 sive
1766 1126 1848 1160 pesti-

1057 1171 1144 1199 lentes
1156 1171 1189 1198 de
1200 1171 1333 1206 gentibus.
1352 1179 1361 1195 ε
1379 1178 1474 1198 omnes
1485 1170 1529 1197 isti
1546 1179 1555 1196 ι
1571 1174 1601 1197 ιιι
1613 1170 1674 1197 mali
1689 1171 1723 1197 ad
1733 1172 1849 1205 punien-

1058 1217 1121 1244 dum
1133 1217 1276 1244 tradantur
1289 1215 1435 1250 pejoribus,
1451 1215 1484 1243 de
1498 1215 1596 1250 quibus
1619 1214 1752 1249 scriptum
1775 1220 1818 1241 est
1840 1224 1847 1241 :

1062 1272 1070 1288 ι
1082 1262 1264 1289 immissioucs
1277 1269 1326 1296 per
1336 1261 1445 1296 angelos
1454 1261 1586 1295 pessimos
1598 1259 1684 1296 (Psal.
1701 1260 1821 1294 uxvu);
1838 1270 1847 1285 ι

1061 1312 1089 1335 et
1113 1306 1281 1343 Apostolus:
1301 1316 1310 1331 ‹
1332 1307 1405 1340 Quos
1429 1306 1536 1338 tradidi,
1559 1306 1656 1340 inquit,
1683 1305 1850 1337 Satanm,ut

1060 1353 1167 1381 discant
1181 1360 1235 1380 non
1248 1352 1453 1388 blasphemare;
1479 1351 1523 1379 vel
1537 1352 1564 1378 in
1586 1352 1726 1378 interitum
1749 1353 1848 1382 carnis,

1063 1401 1092 1423 ut
1102 1398 1214 1432 spiritus
1225 1398 1317 1426 salvus
1328 1400 1374 1425 ttat
1385 1398 1410 1432 (1
1425 1400 1488 1425 Tim.
1501 1407 1527 1432 ις
1555 1399 1561 1423 l
1578 1398 1637 1426 Cor.
1652 1398 1689 1432 v).
1704 1409 1713 1424 ι
1725 1398 1848 1426 Cuman—

1064 1448 1117 1470 tem
1128 1451 1174 1478 per
1184 1444 1372 1477 hujuscemodi
1387 1444 1527 1472 nlittisers
1538 1445 1641 1478 dejecta
1654 1445 1737 1471 fuerit
1752 1452 1847 1478 super-

1062 1488 1106 1516 bia
1118 1489 1239 1525 ngypti,
1251 1495 1277 1517 et
1290 1490 1436 1518 multitudo
1451 1491 1523 1518 illius
1536 1491 1680 1525 dissipata.
1697 1491 1847 1525 perdemnr

1063 1534 1154 1560 omnia
1163 1534 1286 1569 jumenta
1302 1535 1384 1566 illius,
1397 1543 1458 1569 qua:
1469 1539 1548 1561 erant
1560 1543 1642 1568 super
1658 1542 1746 1569 aquas
1759 1535 1845 1568 pluri-

224 1580 340 1608 Domino
354 1580 504 1612 Salvatore,
516 1579 561 1614 qui
575 1579 714 1606 descendit
728 1579 755 1606 in
768 1578 915 1614 Aigyputm
931 1586 1013 1613 super
1026 1581 1049 1611 (ζ
1063 1586 1134 1606 mas.
1146 1588 1155 1604 ι
1170 1579 1204 1606 Ει
1215 1587 1268 1606 ιιοιι
1281 1580 1456 1607 conturbabit
1466 1589 1513 1608 eas
1528 1588 1574 1615 pes
1588 1580 1708 1607 hominis
1717 1580 1788 1607 ultra
1799 1589 1809 1620 ,-
1824 1580 1845 1607 si

225 1628 323 1655 nubem
339 1626 433 1658 levem,
450 1626 523 1653 nullo
538 1630 710 1661 peccatorum
724 1625 842 1660 pondere
862 1632 1015 1661 praegrava-

226 1676 300 1704 tam;
316 1671 358 1699 vel
374 1671 513 1707 prophetis
526 1675 553 1698 et
565 1670 693 1706 apostolis
707 1671 741 1699 de
758 1670 856 1706 quibus
877 1671 989 1706 legimus
1005 1679 1012 1697 :

228 1727 237 1744 ε
255 1717 386 1745 Mandabo
402 1717 517 1745 nubibus
542 1724 576 1745 ne
595 1716 692 1751 pluant
715 1724 796 1752 super
816 1724 876 1744 eam
901 1717 1015 1744 imbrem

227 1763 294 1799 (Ira.
307 1762 344 1798 v).
364 1772 373 1788 ι
392 1763 424 1790 Ει
446 1763 473 1789 in
492 1762 627 1790 Psalmis:
645 1771 654 1787 t
675 1762 781 1790 Veritas
808 1768 853 1790 tua
873 1769 958 1797 usque
981 1762 1014 1789 ad

228 1809 314 1836 nubes
342 1807 428 1844 (Psul.
444 1807 536 1843 xxxv).
569 1818 578 1834 I
604 1806 671 1834 Cum
693 1811 782 1834 autem
811 1806 850 1834 sol
866 1806 1017 1841 iniquitatis

231 1853 311 1881 fuerit
323 1853 595 1886 obscuratus,lunam
615 1860 697 1887 quam
723 1853 909 1880 haereticorum
934 1852 1016 1879 senti-

228 1907 288 1928 mus
301 1899 488 1932 eeclcsiam,et
498 1906 557 1933 quae
570 1906 585 1925 a
601 1898 657 1926 sole
672 1898 820 1933 iniquitatis
835 1896 924 1924 lumen
939 1902 1016 1932 puta-

228 1946 308 1972 batur
328 1945 462 1978 accipere,
475 1952 527 1971 non
542 1944 616 1971 dabit
627 1943 717 1970 lutnen
732 1951 821 1975 suum,
837 1950 888 1970 nec
903 1942 1018 1977 decipiet

229 1991 370 2018 credentes
387 1989 445 2017 falsi
458 1989 575 2017 nominis
588 1989 711 2017 scientia.
726 1988 821 2016 Omnia
844 1996 951 2024 quoque
974 1988 1013 2015 lu-

232 2036 355 2068 minaria,
371 2040 398 2062 et
412 2035 540 2070 quidquid
557 2035 662 2062 videtur
679 2036 706 2062 in
729 2035 864 2064 hazrcticis
884 2042 944 2062 esse
968 2034 1017 2061 do-

232 2082 336 2113 ctrinae,
347 2081 480 2108 exstincto
494 2081 610 2108 dracone
621 2081 766 2108 ctecabitur
779 2089 785 2107 :
797 2080 854 2108 sive
868 2081 1020 2108 mterebunt

233 2128 353 2162 principe
375 2127 495 2162 perdito,
508 2126 543 2166 ita
558 2130 588 2152 nt
601 2127 658 2160 ipse
672 2125 801 2153 Dominus
818 2129 917 2153 terram
933 2125 1019 2152 iter-

234 2174 347 2201 ticorum
359 2172 463 2208 operiat
476 2171 610 2204 tenebris;
629 2171 781 2205 ignorantia
804 2171 907 2198 scilicet
921 2170 1020 2197 verita-

235 2220 278 2251 tis,
292 2223 322 2245 ut
338 2218 401 2245 caeci
417 2225 504 2245 czecos
518 2217 617 2244 ducant
630 2216 656 2243 in
672 2215 775 2243 foveam
789 2224 795 2242 :
812 2219 840 2243 et
854 2215 1020 2242 habitatores

1064 1626 1136 1652 enim
1147 1625 1305 1660 beatus,qui
1316 1627 1431 1653 seminat
1441 1634 1523 1658 super
1531 1634 1628 1660 aquas,
1640 1626 1684 1653 ubi
1699 1627 1748 1654 hos
1760 1632 1788 1653 et
1797 1627 1848 1653 asi-

1065 1679 1118 1699 nus
1127 1672 1243 1705 calcant,
1253 1681 1268 1699 e
1276 1672 1414 1699 contrario
1425 1672 1526 1703 infelix.
1537 1672 1581 1706 qui
1592 1672 1732 1707 simplices
1741 1672 1846 1706 quidem

1066 1723 1116 1743 suo
1127 1716 1195 1743 ultra
1210 1717 1310 1751 poterit
1321 1723 1415 1743 errore
1428 1716 1554 1750 retinere,
1577 1717 1613 1743 ita
1628 1721 1656 1743 ut
1672 1724 1720 1749 pes
1733 1717 1849 1742 hominis

1066 1770 1120 1790 non
1129 1764 1213 1790 calcet
1223 1764 1249 1791 in
1258 1764 1310 1796 eis,
1320 1771 1375 1799 quo
1386 1771 1419 1791 ne
1425 1762 1651 1797 slguum:quidem
1664 1762 1809 1796 sapientis
1816 1766 1853 1787 al-

1067 1816 1121 1843 que
1133 1809 1246 1836 rationis
1259 1816 1336 1844 aqua:
1350 1808 1486 1844 (Egyptize
1498 1809 1525 1835 in
1540 1815 1570 1836 se
1583 1808 1682 1834 habere
1692 1807 1850 1834 videantur.

1069 1859 1078 1874 ι
1097 1849 1200 1883 Ungula
1226 1856 1333 1883 quoque
1354 1848 1538 1883 jumentorum
1563 1855 1615 1874 non
1632 1847 1752 1874 turbabit
1771 1855 1826 1877 eas,
1843 1859 1851 1872 ι

1066 1899 1096 1921 ut
1109 1894 1142 1921 de
1155 1893 1349 1928 limpidissimis
1359 1914 1367 1926 ,
1378 1897 1460 1928 atque
1474 1892 1621 1919 nitentibus
1636 1892 1720 1919 faciat
1735 1893 1852 1919 turbidas

1066 1944 1094 1966 et
1107 1946 1240 1967 caenosas.
1256 1938 1332 1966 Tunc
1348 1939 1492 1966 reddentur
1506 1947 1559 1965 non
1571 1939 1604 1965 ab
1615 1938 1683 1970 aliis,
1692 1940 1741 1966 sed
1756 1940 1790 1967 ab
1801 1939 1854 1973 ipso

1068 1983 1182 2011 Domino
1200 1991 1277 2018 aqute
1296 1984 1457 2019 purissima,
1470 1991 1531 2018 qua:
1545 1983 1670 2011 draconis
1691 1983 1799 2010 fuerant
1811 1985 1853 2011 ὼς

1068 2029 1215 2057 minatione
1227 2029 1351 2062 turbatur,
1366 2029 1403 2056 ita
1423 2033 1453 2055 ut
1472 2028 1580 2055 ﬂumina
1602 2036 1695 2055 earum
1723 2028 1852 2059 labantur,

1068 2075 1145 2110 quasi
1158 2074 1259 2107 oleum,
1272 2078 1298 2101 et
1312 2074 1366 2102 sint
1378 2074 1435 2101 veri
1453 2074 1562 2101 luminis
1575 2074 1781 2100 nutrimentum.
1797 2073 1852 2100 Haec

1069 2126 1159 2147 autetn
1174 2119 1241 2147 ﬁent
1261 2128 1322 2147 cum
1345 2119 1448 2147 dederit
1470 2119 1600 2146 Dominus
1623 2123 1724 2145 terram
1750 2119 1849 2154 [Εεςριί

1070 2165 1218 2193 desolatam
1232 2169 1259 2192 et
1271 2164 1419 2200 perdiderit
1434 2164 1633 2191 multitudinem
1652 2163 1710 2197 ejus
1720 2184 1728 2196 ,
1749 2170 1775 2191 et
1799 2171 1851 2198 per-

1071 2210 1143 2237 cussi
1156 2209 1257 2237 fuerint
1269 2217 1364 2236 omnes
1382 2209 1548 2236 habitatores
1570 2209 1653 2241 illius,
1670 2213 1700 2235 ut
1725 2209 1776 2236 isto
1798 2216 1851 2242 pro

234 2270 314 2291 terra:
335 2264 477 2292 mittantur
500 2263 526 2289 in
541 2262 667 2289 tenebras
684 2261 843 2293 exteriores,
859 2261 904 2288 ubi
918 2265 960 2287 est
972 2259 1057 2288 tle-D
1071 2256 1141 2284 fectu
1165 2256 1236 2283 scire
1257 2255 1372 2290 possint,
1394 2255 1456 2289 quia
1480 2255 1538 2289 ipse
1561 2254 1596 2281 sit
1623 2254 1763 2281 Dominus.
1785 2253 1853 2286 Quod

235 2316 277 2338 tus
292 2315 319 2337 et
333 2310 433 2337 stridor
447 2309 577 2336 dentiutn.
599 2307 663 2335 Post
675 2308 732 2334 haec
747 2307 846 2334 dicitur
859 2315 866 2333 :
885 2315 895 2332 t
913 2305 946 2333 Et
959 2307 1021 2333 irri-

234 2356 298 2384 tabo
315 2363 363 2383 eor
374 2354 533 2390 populorum
549 2353 705 2385 multorum,
723 2360 784 2379 cum
803 2352 934 2379 indttxero
958 2359 1021 2378 con-

235 2402 384 2433 tritionem,
398 2400 454 2428 sive
471 2399 651 2434 captivitatem
665 2402 737 2425 tuatu
752 2398 778 2424 in
793 2398 928 2432 gentibus,
941 2404 1021 2431 super

235 2453 336 2475 terram
345 2455 424 2482 quam
436 2447 534 2479 nescis,
553 2456 563 2472 ›
579 2445 664 2480 utqui
678 2445 752 2480 prius
761 2444 894 2472 Pharaoni
918 2444 1021 2471 servic-

236 2498 306 2526 rant,
322 2493 473 2521 irascantur
487 2496 580 2519 contra
604 2499 676 2522 eum,
695 2490 815 2517 videntes
838 2489 1021 2524 captivitatem

235 2538 304 2574 ejus,
315 2539 349 2566 ad
366 2538 445 2565 aliam
469 2541 581 2568 terram,
594 2543 675 2570 quam
689 2535 771 2562 draco
794 2535 942 2567 nesciebat,
964 2541 1024 2561 esse

236 2586 401 2621 perductam.
413 2584 468 2611 Nec
485 2583 614 2610 debemus
626 2581 761 2616 ambigere
784 2581 868 2608 bonas
889 2587 948 2607 esse
972 2583 1026 2606 ter-

236 2639 295 2664 ras,
307 2638 374 2665 quas
388 2629 494 2656 Pharao
504 2627 617 2658 nesciat,
639 2626 741 2654 scilicet
763 2625 871 2660 quando
885 2625 1025 2659 captivitas

236 2675 384 2704 Pharaonis
395 2675 447 2702 alia
460 2672 616 2708 captivitate
627 2675 754 2702 mutatur,
767 2671 799 2698 de
816 2678 867 2705 qua
880 2671 979 2697 dicitur
991 2670 1024 2697 ad

237 2722 404 2751 Salvatorem
420 2728 427 2746 :
444 2729 453 2744 ι
470 2718 625 2746 Ascendcns
639 2717 666 2744 in
688 2716 771 2744 altum
793 2717 927 2751 captivam
950 2716 1027 2742 duxit

237 2767 430 2802 captivitatem,
444 2763 548 2798 accepit
558 2761 643 2799 (Paul.
659 2762 757 2796 vatt),
774 2771 783 2787 ι
801 2762 856 2789 sive
865 2761 942 2795 juxta
954 2761 1022 2795 Apo-

240 2814 336 2844 stolum
350 2823 355 2840 :
374 2822 383 2838 ι
393 2812 466 2839 dedit
478 2811 546 2838 dona
563 2812 588 2837 in
603 2809 764 2837 hominibus.
781 2819 789 2833 ι
803 2815 836 2828 -δ
851 2817 860 2833 t
881 2808 914 2834 Et
937 2812 1027 2841 stupe-

247 2866 320 2892 Ccre,
334 2858 430 2894 inquit,
444 2857 540 2885 faciam
556 2862 635 2890 super
657 2860 683 2881 te
708 2853 819 2889 populos
846 2853 953 2885 multos,
974 2864 980 2877 ι
1000 2858 1026 2879 ut

1075 2305 1163 2328 autem
1172 2300 1304 2335 jungitur,
1321 2310 1330 2326 ‹
1347 2300 1471 2335 planctus
1484 2304 1536 2332 est,
1549 2303 1577 2326 et
1589 2299 1718 2334 plangent
1729 2307 1789 2326 eum
1801 2299 1853 2325 tilize

1074 2347 1194 2383 gentium
1209 2355 1290 2381 super
1301 2346 1445 2381 {Egyptum
1459 2349 1486 2372 et
1502 2352 1582 2379 super
1593 2344 1790 2371 multitudinem
1805 2343 1855 2376 ejus

1074 2393 1201 2427 plangent
1214 2400 1286 2424 eum,
1300 2391 1339 2418 ait
1353 2391 1482 2419 Dominus
1497 2390 1582 2422 Deus,
1600 2399 1609 2414 ι
1630 2389 1801 2424 perspicuum
1820 2391 1855 2415 est

1076 2438 1179 2464 animas
1193 2437 1312 2464 omnium
1326 2436 1457 2471 gentium,
1475 2443 1534 2470 quas
1552 2435 1628 2470 prius
1651 2442 1786 2469 oppresse
1806 2434 1855 2460 fue-

1076 2487 1137 2509 rant
1150 2492 1157 2508 :
1172 2483 1229 2509 sive
1239 2490 1331 2509 earutn
1344 2482 1543 2515 gentinm,qn:e
1554 2488 1726 2515 nequaquam
1741 2481 1767 2507 in
1780 2479 1854 2513 Egy-

1074 2533 1120 2562 pto
1132 2529 1318 2559 morabantur,
1330 2527 1376 2555 sed
1392 2528 1418 2554 in
1434 2528 1542 2561 regione
1565 2526 1714 2553 viventium
1726 2547 1732 2558 ,
1755 2524 1856 2553 interfe-

1075 2579 1149 2602 ctum
1167 2575 1311 2601 draconem
1338 2574 1474 2609 plangere,
1488 2577 1515 2600 et
1537 2580 1645 2599 onmem
1668 2572 1855 2599 multitudinem

1076 2620 1135 2654 ejus
1150 2628 1202 2648 non
1217 2628 1263 2654 spe
1275 2620 1380 2651 salutis,
1397 2619 1443 2647 sed
1455 2619 1526 2653 quod
1540 2619 1573 2646 de
1590 2623 1664 2645 tanta
1685 2618 1800 2652 polentia
1814 2623 1856 2642 suo

1078 2667 1144 2694 vitio
1158 2671 1185 2694 et
1197 2666 1323 2701 superbia
1335 2665 1455 2699 dejectus
1465 2665 1499 2691 sit
1510 2664 1538 2691 in
1555 2668 1656 2691 :eterna
1672 2662 1808 2698 supplicia.

1116 2723 1125 2739 ι
1145 2714 1178 2740 Ει
1192 2712 1292 2740 factum
1304 2716 1346 2747 est
1360 2711 1387 2738 in
1401 2710 1559 2737 duodecimo
1574 2715 1657 2739 anno,
1673 2708 1699 2734 in
1716 2707 1804 2741 quinta
1817 2704 1854 2730 de-

1081 2770 1090 2785 ι
1109 2760 1180 2787 cima
1193 2758 1293 2785 mensis
1308 2767 1313 2783 :
1330 2757 1428 2783 factum
1454 2759 1496 2781 est
1518 2754 1631 2781 verbum
1646 2752 1751 2780 Domini
1769 2751 1800 2778 ad
1819 2755 1855 2775 me

1083 2815 1091 2830 ι
1111 2805 1221 2832 dicens:
1237 2803 1286 2830 Fili
1302 2802 1428 2833 hominis,
1442 2808 1510 2828 cane
1530 2806 1640 2826 carmen
1654 2798 1765 2832 lugubre
1786 2800 1857 2829 super

1083 2863 1090 2878 ι
1113 2851 1284 2879 multitudine
1306 2848 1425 2884 .Egypti.
1453 2847 1484 2874 Et
1511 2845 1622 2874 detral'e
1645 2852 1706 2872 eam
1732 2843 1812 2878 ipsam
1831 2843 1854 2867 et
