1986 3092
171 148 225 176 825

626 144 802 177 (LOMIIENT.
824 145 855 172 IN
875 145 1105 173 EZECIIIEIEM.
1125 162 1160 166 —
1179 146 1243 174 LIB.
1266 147 1323 175 XII.

1744 150 1797 177 8‘26

174 213 183 229 1
206 202 273 229 tilias
283 202 403 238 gentium
417 201 586 230 robustarum
598 201 631 228 ad
646 207 744 229 terram
761 201 882 229 ultimam
899 206 960 228 cum
977 205 999 233 Α
1014 202 1040 228 111
1055 201 1215 236 profundum
1229 203 1336 231 inferni.
1355 204 1508 239 Dieiturque
1522 204 1556 231 ad
1579 211 1668 239 regem
1690 204 1797 240 Egypti

175 258 185 274 1
206 248 248 275 his
268 248 314 283 qui
337 248 503 275 descendunt
525 247 553 275 i
575 247 675 274 lacum.
697 247 755 280 Quo
777 246 919 281 pulchrior
933 254 963 273 es

176 305 185 320 1
208 295 339 322 descende
361 298 391 321 et
411 293 498 321 dormi
521 301 582 320 cum
606 292 812 320 incircutucisis.
828 291 856 318 In
873 292 964 319 medio

177 350 186 365 1
208 333 410 367 interfectorum
433 338 522 373 gladio
541 338 648 365 cadent.
673 337 784 365 Gladius
807 339 886 364 datus
910 342 962 364 est.

178 395 187 410 1
209 386 240 412 Et
253 389 424 412 attraxerunt
438 390 499 410 eam
521 387 548 411 et
571 391 666 411 omnes
687 383 798 418 populos
820 383 888 418 ejus.
911 384 964 411 Lo-

178 440 187 456 (
207 435 323 465 queritur
333 430 357 457 ei
370 429 548 464 potentissimi
567 430 738 457 robustorum
751 430 785 456 dc
808 429 896 456 medio
922 430 965 456 in-

180 485 188 500 1
212 475 290 508 [111-111,
304 475 350 509 qui
364 482 425 502 cum
438 474 643 501 auxiliatoribus
656 474 715 509 ejus
726 473 925 502 descenderunt
936 480 965 502 et

179 531 188 547 1
210 521 378 548 dormierunt
392 519 573 547 incircumcisi
595 519 784 554 interfectique
807 519 905 554 gladio.
925 520 963 547 lbi

179 575 188 590 1
206 566 291 592 Assur
305 569 332 592 et
344 564 432 591 omnis
456 562 599 590 multitudo
622 563 681 598 ejus
704 563 730 590 in
754 563 870 590 circuitu
892 563 963 591 illius

180 621 189 636 1
211 610 334 644 sepulcra
348 608 417 643 ejus,
435 616 530 635 omnes
547 608 690 639 interfecti,
705 612 733 635 et
745 607 791 642 qui
816 608 971 636 ceciderant

178 665 187 681 1
206 655 294 691 gladio
308 661 423 689 quorum
447 654 509 680 data
533 657 595 680 sunt
610 652 732 688 sepulcra
758 653 785 680 in
808 652 964 680 novissimis

178 710 186 724 l
206 699 267 726 laci.
283 699 315 725 Et
327 698 397 725 facta
414 702 457 725 est
471 697 615 724 multitudo
634 697 693 732 ejus
706 704 754 731 per
769 704 863 732 gyrum
877 697 965 731 sepul-

178 756 186 770 ι
206 745 245 772 cri
256 744 324 778 ejus,
347 743 465 770 universi
490 741 624 769 interfecti
646 741 828 776 cadentesque
859 741 964 777 gladio,

178 802 187 814 ι
208 792 254 826 qui
270 791 401 818 dederant
420 789 557 824 quondam
582 788 752 816 formidinem
779 789 806 816 in
831 793 903 816 terra
927 789 966 816 vi-

179 847 187 863 1
210 837 337 864 ventium.
353 835 391 863 lbi
412 835 487 862 Elam
507 840 533 861 ct
555 836 643 861 omnis
668 835 811 862 multitudo
832 835 890 869 ejus
917 843 966 870 per

1015 254 1068 282 quo
1077 247 1202 275 meliores
1212 253 1360 276 utmortem
1373 249 1501 277 merearis
1512 250 1626 277 evadere
1633 249 1715 277 ?Cum
1726 250 1798 276 enim

1014 292 1101 320 Assur
1113 297 1142 320 et
1155 293 1242 326 Elam,
1256 294 1282 322 id
1297 298 1338 321 est
1351 294 1456 327 Persae,
1470 299 1497 322 et
1510 294 1627 326 Mosoch,
1651 295 1695 328 qui
1719 295 1802 321 inter-

1015 342 1154 371 pretantur
1176 337 1367 373 Cappadoces;
1388 344 1416 366 et
1431 339 1533 366 Thubal
1548 347 1615 374 quos
1635 340 1679 366 alii
1699 339 1801 371 Iberos.

1016 382 1060 409 alii
1074 382 1154 410 Italos
1168 383 1280 417 intelligi
1302 384 1404 416 volunt,
1417 383 1524 411 ldmuzei
1538 392 1645 419 quoque
1658 389 1685 411 ct
1698 384 1803 411 Princi-

1015 436 1063 463 pes
1075 428 1215 463 Aquilonis
1230 436 1262 456 ac
1276 428 1390 460 Sidonii,
1407 437 1469 456 cum
1483 430 1615 456 universis
1638 422 1802 456 exercitibus

1016 474 1088 506 suis,
1113 481 1227 508 quorum
1254 473 1354 500 auxilio
1384 474 1523 500 horrorem
1548 474 1652 501 cunctis
1679 474 1803 508 gentibus

1015 518 1198 553 przebuerunt,
1214 518 1314 545 mortui
1335 519 1390 545 sint
1403 523 1431 546 et
1446 518 1580 546 interfecti
1596 519 1694 552 gladio,
1708 523 1734 545 et
1757 527 1804 553 po—

1016 565 1119 593 suerint
1140 565 1243 600 gladios
1265 573 1329 592 suos
1351 566 1401 592 sub
1424 565 1557 600 capitibus
1581 566 1646 597 suis,
1672 566 1742 600 quod
1765 566 1804 592 (11-

1016 615 1089 638 ctum
1106 612 1301 649 ἔμφατικὼτιρον
1315 611 1500 645 accipiendum
1511 616 1564 643 est,
1583 615 1609 637 tu
1622 611 1693 638 solus
1703 611 1804 645 poteris

1016 662 1069 681 non
1082 655 1176 681 eadem
1189 655 1341 682 sustinere?
1357 654 1426 688 Quin
1444 655 1533 689 potius
1546 662 1606 681 cum
1628 655 1727 682 videris
1747 660 1803 681 tan-

1017 704 1071 726 tam
1098 703 1186 727 tecum
1209 700 1280 734 apud
1310 700 1411 727 inferos
1441 700 1639 727 multitudinem
1668 700 1803 727 dormien-

1018 745 1096 777 tium,
1116 749 1144 772 et
1161 745 1314 779 sepulcrum
1342 749 1416 773 tuum
1441 745 1648 773 fortissimorum
1667 746 1801 779 quondam

1015 790 1167 825 principum
1193 790 1356 817 circumdari
1385 791 1537 822 memoriis,
1572 790 1683 818 habebis
1708 797 1804 817 conso-

1016 834 1154 866 lationem,
1169 834 1270 862 leviora
1297 838 1431 862 tormcuta
1445 835 1581 862 aestimans
1601 835 1736 862 consortio
1750 835 1805 870 plu-

179 892 188 907 1
213 889 308 918 gyrum
334 880 450 915 sepulcri
475 879 555 906 illitis.
571 879 670 906 Omnes
690 879 716 906 hi
731 879 863 905 interfecti
883 877 1158 906 ruen-Brimorum.
1187 879 1250 907 11ωο
1282 880 1390 906 interim
1416 879 1493 913 juxta
1521 880 1669 914 simplicem
1694 887 1803 907 sensum

179 936 188 951 1
212 931 306 960 tesque
320 925 420 961 gladio,
443 924 488 960 qui
512 924 707 951 descenderunt
727 923 906 950 incircumcisi
930 923 964 950 ad

179 981 188 995 1
212 975 311 998 terram
326 970 458 997 ultimam.
473 969 523 1002 Qui
539 973 685 1002 posuerunt
701 974 829 994 terrorem
843 976 919 995 suum
937 968 964 994 in

180 1025 189 1040 1
214 1019 285 1042 terra
300 1014 458 1046 viventium,
473 1018 500 1040 et
514 1016 689 1048 portaverunt
705 1013 878 1047 ignominiam
890 1020 966 1039 suam

180 1069 189 1083 1
211 1067 272 1086 011111
296 1059 338 1085 1115
355 1058 399 1092 qui
419 1057 585 1085 descendunt
599 1055 626 1083 iu
642 1056 739 1084 lacum.
761 1056 789 1083 111
812 1056 901 1083 medio
925 1057 969 1083 in-

180 1114 189 1128 1
212 1103 384 1130 terfcctorum
411 1105 558 1136 posuerunt
582 1100 670 1128 cubile
694 1099 753 1134 ejus
781 1100 809 1127 in
835 1100 968 1128 universis

181 1158 191 1174 1
215 1149 319 1184 populis
346 1147 404 1182 ejus
430 1148 457 1174 in
480 1146 594 1174 circuitu
622 1146 680 1181 ejus
706 1145 858 1180 sepulcrum
886 1145 968 1173 illius.

180 1204 190 1220 1
211 1194 312 1221 Omnes
335 1193 361 1220 hi
377 1191 558 1225 incircumgisi
579 1191 767 1225 interfectique
793 1191 891 1225 gladio.
921 1190 970 1218 De-

181 1249 190 1264 1
211 1238 307 1265 derunt
325 1238 397 1265 enim
410 1242 541 1264 terrorem
556 1236 583 1263 in
600 1241 672 1263 terra
686 1236 845 1268 viventium,
860 1240 887 1263 et
909 1244 971 1271 por-

181 1293 191 1308 1
218 1287 343 1309 taverunt
356 1282 531 1317 ignominiam
548 1289 624 1308 suam
650 1289 713 1309 cum
737 1282 779 1309 his
796 1282 841 1316 qui
860 1282 971 1309 descen-

182 1338 191 1353 1
212 1328 279 1355 dunt
294 1328 319 1354 in
331 1328 429 1355 lacum.
442 1327 470 1354 111
486 1327 574 1354 11101110
588 1326 791 1354 interfectorum
803 1327 883 1361 positi
897 1332 970 1354 sunt.

182 1384 191 1399 1
217 1373 255 1399 1111
269 1373 377 1400 Mosoch
392 1376 419 1399 et
440 1371 524 1399 Tubal
545 1376 573 1399 et
593 1371 681 1398 omnis
697 1371 839 1398 multitudo
863 1372 921 1407 ejus
944 1372 971 1399 in

183 1430 192 1444 I
210 1419 325 1446 circuitu
345 1418 416 1445 illius
435 1417 558 1452 sepulcra
572 1417 640 1452 ejus.
653 1417 754 1444 Omnes
774 1417 800 1444 hi
824 1417 972 1444 ineircum-

184 1474 193 1488 1
217 1464 267 1491 eisi
279 1463 466 1497 interfectique
478 1467 505 1490 et
517 1463 646 1490 cadentes
665 1462 753 1498 gladio
772 1462 819 1497 qui
842 1463 973 1490 dederunt

184 1518 194 1533 1
218 1509 386 1536 formidinem
402 1515 477 1534 suam
493 1508 520 1534 in
535 1512 606 1535 terra
619 1508 777 1540 viventium,
794 1511 822 1535 et
837 1515 889 1535 non
907 1509 972 1535 dor-

184 1565 194 1580 1
218 1555 301 1581 11110111
312 1563 372 1581 011111
385 1554 499 1582 fortibus
510 1555 720 1589 cadentibusque
726 1559 753 1582 et
766 1556 972 1589 incircumcisis,

186 1610 195 1626 1
217 1600 263 1635 qui
279 1600 475 1627 descenderunt
488 1600 521 1627 ad
539 1600 672 1627 infernum
687 1609 748 1628 cum
764 1602 847 1628 armis
858 1602 925 1629 suis.
940 1601 973 1628 Et

185 1655 194 1669 1
215 1650 363 1679 posuerunt
375 1645 478 1680 gladios
490 1653 552 1673 suos
568 1646 617 1672 sub
631 1646 766 1680 capitibus
786 1647 851 1679 suis,
864 1651 891 1674 et
913 1647 972 1674 fue—

187 1700 196 1715 1
220 1693 283 1716 runt
297 1690 453 1724 iniquitates
470 1698 564 1717 eorum
588 1690 615 1718 in
641 1691 748 1720 ossibus
776 1699 887 1724 eorum,
910 1698 972 1726 quia

188 1745 197 1759 ι
219 1740 306 1761 terror
321 1734 428 1761 fortium
443 1735 505 1762 facti
520 1740 583 1762 sunt
596 1735 621 1762 in
637 1739 707 1762 terra
722 1735 880 1763 viventium.
896 1736 929 1763 Et
946 1741 973 1763 tu

189 1788 199 1804 1
219 1787 285 1814 ergo
299 1780 326 1806 in
342 1780 429 1806 medio
442 1780 691 1807 ineircumeisorum
707 1781 855 1808 contereris
869 1785 896 1808 et
910 1781 974 1808 dor-

188 1835 197 1849 1
218 1824 286 1851 mies
300 1832 359 1851 cum
374 1825 523 1852 interfectis
535 1825 634 1860 gladio.
649 1825 686 1852 1111
710 1825 825 1853 ldumzea
849 1830 877 1853 et
899 1834 975 1862 rcges

188 1880 197 1895 1
217 1869 323 1903 ejus,et
335 1877 429 1896 omnes
442 1870 524 1897 duces
537 1870 660 1905 ejus,qui
677 1871 731 1897 dati
749 1875 811 1898 sunt
825 1879 975 1899 0111110101·-

189 1925 198 1939 1
221 1915 276 1941 01111
291 1922 339 1941 5110
354 1922 414 1941 011111
429 1914 578 1941 interfectis
591 1915 689 1949 gladio,
702 1919 729 1942 et
746 1916 791 1949 qui
811 1924 872 1943 011111
895 1916 976 1944 111011·-

189 1969 198 1985 1
219 1960 344 1987 cumeisis
359 1960 535 1991 dormierunt,
550 1964 651 1993 etcum
666 1960 709 1988 his
721 1961 766 1995 qui
780 1962 977 1989 descenderunt

189 2015 198 2029 1
218 2005 244 2030 111
259 2005 355 2031 lacum.
368 2004 407 2031 lbi
421 2005 555 2039 principes
565 2005 699 2039 aquilonis
711 2013 806 2033 omnes
816 2010 843 2033 et
857 2006 976 2034 universi

190 2060 198 2074 ι
220 2050 438 2084 venatores,qui
462 2049 568 2077 deducti
590 2055 653 2076 sunt
676 2058 736 2077 cum
760 2051 909 2079 interfectis
930 2060 977 2087 pa-

191 2102 200 2117 ι
223 2098 324 2125 ventes,
340 2098 366 2120 et
380 2094 407 2121 in
422 2102 469 2120 sua
486 2093 642 2121 fortitudine
656 2093 768 2126 confusi,
784 2095 846 2129 quia
861 2095 977 2124 dormie-

190 2148 199 2164 1
226 2142 289 2165 runt
303 2139 482 2166 incircumcisi
498 2146 559 2166 cum
574 2139 724 2166 interfectis
740 2139 839 2175 gladio,
861 2145 889 2167 et
915 2149 978 2176 por-

191 2196 200 2211 1
223 2191 349 2214 taverunt
365 2186 549 2214 confusionem
573 2195 650 2214 suam
671 2195 732 2214 cum
748 2188 788 2214 bis
800 2188 845 2222 qui
864 2189 976 2216 descen-

191 2242 201 2258 1
222 2232 288 2259 dunt
302 2232 328 2259 in
344 2232 442 2259 lacum.
456 2233 529 2259 Vidit
542 2240 588 2259 eos
605 2232 709 2260 Pharao
724 2237 751 2260 et
769 2234 922 2261 consolatus
935 2238 978 2261 est
989 2227 1016 2256 D

191 2287 202 2303 1
226 2285 308 2312 super
326 2278 451 2305 universa
474 2278 644 2305 multitudine
666 2286 731 2311 sua,
753 2287 812 2313 quin
837 2279 978 2307 interfecta

192 2332 202 2348 1
225 2327 268 2350 est
287 2322 394 2357 gladio:
415 2323 522 2350 Pharao
542 2327 569 2350 et
590 2324 678 2351 omnis
692 2325 827 2352 exercitus
848 2325 916 2360 ejus,
940 2326 978 2353 ait

192 2378 201 2393 1
224 2368 353 2396 Dominus
367 2368 449 2401 Deus,
462 2369 523 2403 quia
537 2369 610 2396 dedit
621 2374 751 2397 terrorem
767 2378 845 2397 suum
860 2371 887 2397 in
907 2375 978 2398 terra

193 2424 202 2439 1
224 2414 380 2447 viventium,
393 2419 420 2441 ct
438 2415 565 2441 dormivit
588 2415 613 2441 in
626 2416 713 2442 medio
731 2415 978 2443 ineircumeisorum

194 2470 202 2485 l
222 2467 285 2486 cum
299 2459 449 2487 interfectis
461 2460 559 2494 gladio.
576 2459 683 2488 Pharao
697 2465 725 2487 et
737 2460 824 2487 omnis
837 2461 979 2488 multitudo

196 2515 206 2530 1
225 2503 294 2539 ejus,
305 2505 342 2532 ait
354 2505 482 2532 Dominus
496 2506 575 2532 Dens.
595 2515 604 2531 1
619 2506 726 2533 Interim
739 2505 816 2540 juxta
839 2506 979 2533 historiam

194 2550 354 2578 manifestus
366 2554 408 2577 est
419 2558 522 2577 sensus.
537 2550 564 2577 111
579 2551 673 2577 eodem
691 2551 762 2578 enim
789 2558 860 2580 anno
882 2551 981 2578 duode-

194 2595 275 2626 cimo,
284 2599 311 2622 et
323 2595 349 2622 in
363 2595 456 2622 eodem
468 2600 496 2622 ut
510 2599 634 2630 putamus
647 2603 748 2628 mense,
764 2596 810 2623 sed
823 2604 874 2623 non
886 2596 913 2622 111
929 2605 980 2623 una

194 2644 225 2667 ut
238 2647 319 2675 supra
331 2641 442 2668 mensis.
460 2641 558 2668 Verum
579 2641 605 2667 in
628 2642 720 2675 quinta
744 2642 847 2669 decima
870 2642 913 2669 die
933 2651 980 2669 ne-

190 2696 325 2723 quaquam
337 2696 418 2723 super
431 2688 583 2720 Pbaraone,
595 2689 641 2715 sed
654 2696 735 2723 super
745 2688 911 2721 fortitudine,
923 2689 980 2716 sive

192 2732 362 2761 multitudine
374 2732 482 2769 [Egypti
504 2733 627 2768 planctus
645 2733 791 2760 assumitur
805 2742 811 2759 :
829 2734 875 2768 qui
890 2734 980 2761 detra-

192 2777 309 2804 hiturde
324 2779 448 2812 Superbia
466 2787 513 2805 sua
529 2786 590 2805 eum
618 2778 750 2805 universis
777 2778 883 2805 filiabus
910 2778 976 2810 suis,

192 2823 250 2851 sive
260 2824 379 2859 gentium
394 2825 564 2852 robustarum
585 2824 618 2851 ad
632 2828 731 2850 terram
745 2823 878 2857 ultimam,
892 2823 917 2850 id
938 2828 980 2850 est

1016 924 1129 951 strictim
1154 924 1256 952 dixisse
1282 924 1405 951 sufﬁciat.
1432 924 1508 951 Nunc
1534 925 1629 951 eadem
1655 925 1802 957 brevitate,

1016 973 1146 1004 quantum
1161 969 1357 1003 explanationis
1383 970 1484 1003 patitur
1506 969 1663 1002 diIlicultas,
1676 969 1805 1004 spiritalis

1018 1014 1200 1048 intelligentiae
1215 1021 1320 1041 summa
1337 1021 1450 1048 qua‘que
1469 1021 1621 1047 carpamus.
1641 1013 1729 1048 Supra
1751 1021 1804 1040 una

1018 1058 1118 1085 mensis
1139 1058 1182 1085 die
1206 1057 1295 1086 factus
1315 1063 1357 1085 est
1381 1066 1469 1085 sermo
1496 1058 1600 1085 Domini
1629 1057 1662 1085 ad
1690 1058 1806 1093 prophe-

1019 1107 1090 1135 tam,
1109 1103 1153 1130 hic
1170 1103 1263 1137 quinta
1282 1103 1395 1130 decima.
1417 1102 1445 1129 In
1471 1103 1556 1137 prima
1579 1107 1669 1130 autem
1687 1103 1740 1135 die,
1754 1103 1806 1131 hoc

1019 1152 1060 1174 est
1076 1148 1102 1174 in
1114 1147 1240 1174 Kalendis
1261 1147 1362 1174 mensis
1374 1147 1513 1174 exordium
1531 1151 1572 1174 est
1585 1155 1591 1179 ;
1609 1147 1635 1174 in
1649 1147 1743 1181 quinta
1758 1148 1805 1175 de-

1020 1192 1089 1219 cima
1105 1192 1212 1226 quando
1233 1195 1306 1218 totus
1323 1191 1392 1218 luna:
1416 1192 1490 1219 orbis
1519 1192 1653 1226 impletur.
1668 1192 1702 1219 Et
1720 1193 1806 1227 siqui-

1020 1237 1082 1264 dem
1111 1237 1213 1271 primus
1237 1237 1337 1264 mensis
1353 1236 1444 1269 fuerit,
1467 1237 1630 1272 Azymorum
1655 1241 1697 1265 est
1719 1238 1806 1272 prima

1022 1282 1097 1314 dies;
1113 1281 1159 1316 qui
1174 1285 1263 1308 autem
1280 1282 1410 1316 septimus
1448 1282 1687 1317 Scenopegiarum,
1699 1283 1807 1317 quando

1023 1326 1141 1362 figuntur
1168 1326 1352 1359 tabernacula,
1378 1334 1437 1361 qua:
1459 1326 1643 1354 solemnitates
1665 1327 1736 1362 apud
1752 1327 1807 1354 Ile—

1021 1374 1109 1400 1111005
1121 1373 1161 1400 vel
1180 1373 1304 1400 maximae
1316 1376 1387 1400 sunt.
1403 1372 1445 1399 Fit
1464 1377 1553 1400 autem
1579 1372 1703 1407 planctus
1727 1380 1808 1408 super

1022 1417 1208 1445 fortitudinem
1219 1417 1340 1453 Egypti,
1353 1422 1383 1445 ut
1399 1417 1476 1445 fortis
1488 1417 1514 1444 in
1529 1417 1600 1444 malo
1611 1417 1676 1444 esse
1685 1417 1807 1449 desistat,

1022 1467 1051 1491 et
1064 1463 1176 1497 recipiat
1192 1462 1386 1494 infirmitatem,
1401 1466 1429 1489 et
1446 1462 1553 1496 quando
1567 1461 1699 1489 infirmior
1717 1462 1808 1494 fuerit,

1025 1513 1087 1536 tunc
1101 1508 1195 1536 fortior
1206 1508 1251 1535 sit.
1265 1507 1318 1536 Pro
1330 1507 1487 1535 fortitudine
1504 1506 1615 1543 Egypti
1635 1508 1661 1535 in
1676 1507 1810 1535 Hebralco

986 1557 1009 1588 ρ
1025 1553 1106 1581 habet
1133 1552 1343 1580 multitudinem.
1365 1562 1375 1578 1
1393 1552 1460 1579 Lata
1485 1553 1556 1579 enim
1574 1556 1602 1580 et
1624 1553 1742 1588 spatiosa
1756 1553 1809 1586 via,

1024 1606 1084 1633 qua:
1097 1598 1171 1625 ducit
1190 1598 1223 1624 ad
1249 1602 1372 1630 mortem,
1388 1601 1416 1624 et
1445 1597 1522 1624 multi
1553 1597 1740 1633 ingrediuntur
1763 1606 1812 1633 per

1024 1651 1084 1670 eam
1098 1642 1205 1677 (Matth.
1222 1642 1281 1678 vn).
1299 1652 1309 1668 1
1331 1642 1406 1669 Sicut
1421 1650 1435 1669 e
1449 1643 1586 1669 contrario
1606 1642 1705 1670 dicitur
1728 1644 1761 1670 ad
1776 1643 1812 1670 ls-

1024 1688 1079 1714 rael
1095 1697 1101 1713 :
1121 1696 1130 1713 1
1148 1687 1203 1714 V'os
1225 1691 1314 1714 autem
1338 1687 1403 1714 estis
1420 1687 1499 1721 pauci
1523 1687 1594 1713 inter
1609 1694 1704 1714 omnes
1719 1692 1813 1722 gentes

1024 1733 1112 1768 (Deut.
1123 1733 1229 1768 xxvm),
1241 1741 1250 1758 1
1260 1740 1366 1767 semper
1373 1733 1444 1759 enim
1455 1732 1541 1759 virtus
1552 1740 1613 1759 rara
1621 1736 1673 1766 est,
1684 1742 1692 1758 1
1706 1738 1813 1760 etarcta

1024 1783 1052 1807 et
1071 1784 1183 1815 angusta
1203 1779 1257 1812 via,
1279 1786 1340 1814 quae
1357 1778 1432 1806 ducit
1456 1778 1489 1805 ad
1505 1779 1596 1810 vitam,
1614 1782 1641 1805 et
1653 1779 1730 1813 pauci
1750 1783 1814 1806 sunt

1024 1826 1070 1861 qui
1096 1825 1282 1861 ingrediuntur
1306 1831 1353 1859 per
1367 1831 1438 1850 eam.
1455 1833 1463 1848 1
1482 1823 1557 1856 Quod
1577 1830 1667 1850 autem
1681 1823 1814 1858 Egyptns

1024 1873 1172 1909 plangitur,
1185 1876 1212 1899 et
1225 1876 1337 1899 mortuze
1356 1870 1417 1898 ﬁlire
1432 1869 1503 1904 ejus,
1525 1870 1602 1905 juxta
1622 1869 1811 1904 Septuaginta,

1026 1920 1083 1947 sive
1095 1919 1215 1954 gentium
1228 1918 1400 1945 robustarum
1416 1916 1584 1943 deducuntur
1608 1915 1642 1942 ad
1658 1919 1757 1942 terram
1770 1915 1811 1941 ul-

1026 1966 1119 1994 timam
1138 1964 1165 1992 in
1189 1964 1279 1991 lacum
1305 1963 1362 1991 sive
1387 1962 1414 1989 iu
1430 1962 1534 1989 foveam
1563 1961 1813 1996 profundissimam,
1836 1965 1843 1968 ‘

1026 2009 1213 2045 signiﬁcantur
1225 2007 1323 2034 animae
1345 2007 1372 2034 in
1398 2006 1515 2042 [Egypto
1541 2005 1620 2040 hujus
1638 2005 1728 2033 saeculi
1741 2013 1816 2033 com-

1026 2059 1174 2087 morantes,
1199 2061 1258 2089 quae
1272 2053 1448 2089 perdiderunt
1473 2060 1545 2085 eum,
1560 2053 1606 2087 qui
1620 2052 1684 2080 dicit
1701 2061 1707 2079 :
1732 2062 1740 2077 1
1758 2053 1814 2088 Ego

1027 2108 1086 2128 sum
1102 2100 1157 2126 vita
1172 2098 1263 2134 (Joan.
1277 2098 1344 2135 xtv).
1364 2108 1374 2124 1
1389 2098 1422 2125 Ει
1440 2097 1558 2132 peccatis
1572 2103 1685 2124 mortua:
1697 2098 1815 2132 pondere

1028 2152 1120 2173 eorum
1135 2144 1169 2171 ad
1184 2143 1286 2171 inferos
1301 2143 1488 2174 detrahuntur,
1513 2142 1619 2169 dicente
1643 2146 1785 2176 peccatore
1802 2151 1808 2169 :

1033 2201 1041 2216 1
1060 2191 1190 2224 Quoniam
1206 2190 1363 2225 iniquitates
1377 2195 1444 2215 mea:
1465 2194 1646 2222 supergressa:
1660 2192 1722 2214 sunt
1735 2192 1815 2221 caput

1029 2244 1130 2269 meum,
1143 2240 1171 2263 et
1184 2236 1255 2263 sicut
1277 2243 1346 2262 onus
1363 2242 1444 2269 grave
1458 2238 1576 2268 gravatae
1602 2237 1665 2260 sunt
1677 2241 1757 2268 super
1772 2241 1816 2261 inc

1031 2282 1117 2318 (Paul.
1131 2282 1245 2317 xxxv“).
1264 2291 1272 2306 1
1282 2280 1342 2307 Istae
1356 2285 1417 2306 sunt
1431 2280 1464 2306 de
1477 2278 1574 2314 quibus
1590 2278 1719 2313 scriptum
1734 2281 1775 2306 est
1789 2282 1817 2306 et

1030 2328 1057 2355 in
1073 2328 1125 2355 alio
1139 2327 1217 2355 loco:
1236 2336 1245 2352 1
1271 2325 1456 2360 Ingredientur
1470 2324 1495 2351 in
1511 2323 1638 2350 inferiora
1654 2328 1744 2356 terrae,
1762 2328 1816 2351 tra-

1030 2374 1127 2401 dentur
1141 2374 1167 2400 in
1179 2380 1274 2399 manus
1286 2371 1375 2406 gladii,
1392 2375 1483 2405 partes
1496 2369 1616 2404 vulpium
1630 2373 1711 2396 erunt
1726 2368 1814 2405 (Psal.

1031 2417 1114 2453 uti);
1132 2427 1141 2443 1
1169 2416 1214 2451 qui
1241 2416 1314 2443 enim
1341 2415 1408 2442 fodit
1434 2415 1552 2447 foveam,
1584 2414 1684 2442 incidet
1710 2415 1737 2442 in
1756 2422 1817 2442 eam

1033 2462 1126 2498 (Ecclt'.
1140 2462 1236 2496 xxv“).
1256 2471 1265 2487 1
1280 2461 1355 2488 Unde
1370 2465 1397 2488 et
1407 2460 1521 2496 legimus
1534 2470 1539 2486 :
1560 2469 1569 2485 1
1586 2461 1686 2488 Lacum
1701 2462 1816 2495 aperuit,

1033 2511 1060 2533 et
1080 2506 1172 2533 eIl'odit
1197 2514 1269 2538 eum,
1296 2510 1323 2533 et
1350 2506 1445 2533 incidit
1472 2506 1499 2532 in
1523 2505 1628 2533 foveam
1657 2513 1737 2540 quam
1756 2506 1818 2533 fecit

1034 2552 1119 2588 (Ρεαι.
1138 2552 1196 2588 vn).
1213 2562 1221 2578 1
1238 2552 1368 2587 Quodque
1385 2552 1506 2586 sequitur
1526 2561 1531 2578 :
1549 2552 1607 2585 Quo
1618 2551 1755 2586 pulchrior
1778 2560 1817 2583 es,

1034 2599 1166 2625 descende
1180 2602 1207 2625 et
1221 2598 1306 2625 dormi
1321 2605 1382 2625 cum
1409 2597 1617 2629 incircumcisis,
1638 2607 1646 2622 1
1663 2597 1771 2631 proprie
1785 2597 1817 2623 ad

1034 2643 1200 2670 Pharaonem
1215 2650 1303 2676 regem
1317 2641 1426 2677 IEgypti
1439 2649 1528 2668 sermo
1551 2641 1685 2677 dirigitur,
1705 2641 1774 2674 sive,
1790 2646 1819 2669 ut

1033 2688 1059 2714 in
1072 2688 1247 2723 Septuaginta
1258 2688 1292 2714 de
1303 2687 1486 2714 Tbeodotione
1494 2687 1613 2713 additum
1628 2691 1678 2719 est,
1691 2688 1724 2714 ad
1733 2687 1818 2722 ipsam

1032 2733 1199 2768 Aigyptum:
1220 2743 1228 2758 1
1259 2734 1296 2760 De
1320 2741 1389 2767 aqua
1419 2733 1600 2767 pulcherrima
1626 2733 1768 2765 descende,
1791 2738 1820 2761 et

1032 2778 1119 2806 dormi
1132 2787 1191 2806 cum
1208 2778 1413 2806 incircumcisis.
1431 2788 1440 2804 1
1454 2777 1529 2810 Quod
1544 2777 1696 2811 specialiter
1709 2778 1742 2805 ad
1756 2786 1817 2805 eum

1032 2823 1158 2858 pertinet,
1174 2824 1219 2858 qui
1245 2824 1271 2850 in
1299 2823 1459 2858 baptismate
1478 2822 1577 2849 Chriin
1591 2826 1710 2855 renatus,
1725 2828 1751 2850 et
1765 2832 1813 2851 au-
