3972 6184
285 334 391 393 8:29

1226 340 1582 403 COMMENT.
1626 345 1693 401 ΙΝ
1734 342 2192 407 EZECHIELEH.
2232 384 2303 395 -—
2344 355 2469 410 UB.
2512 350 2626 411 XII.

3452 362 3561 419 830

284 450 429 521 (Job.
468 448 547 520 ι),
571 447 701 541 quia
730 462 867 518 quos
890 449 1201 541 puniendos
1230 456 1501 525 accipiunt
1524 470 1867 527 nequaquam
1897 464 1947 522 Α
1973 464 2070 533 vr).
2104 484 2124 519 ι
2166 465 2303 522 Cum
2341 470 2508 525 armis
2533 486 2663 541 ergo
2687 471 2757 527 ad
2788 471 3060 529 infernum
3099 474 3455 540 descendere,
3496 492 3548 532 vt

283 554 445 611 νωηςι
480 540 789 593 transitoria
822 539 907 594 vel
936 540 1279 609 phantastica
1311 545 1699 616 imaginatione
1738 562 1866 602 cru-

285 629 455 693 ciant,
506 629 603 683 sed
627 627 833 683 ultione
865 630 1035 685 solida
1067 642 1346 702 perpeture
1369 636 1730 692 damnationis
1754 653 1872 694 ser-

284 726 437 774 vant:
465 723 598 789 Quae
623 721 914 791 aliquando
940 729 1118 778 tamen
1146 723 1249 779 laci
1272 727 1630 796 appellatione
1657 730 1874 800 signan-

288 818 395 872 tur,
419 811 685 880 propheta
715 818 962 877 testante,
1000 806 1091 883 qui
1121 815 1198 870 ait
1228 829 1245 869 :
1275 835 1294 867 ι
1326 817 1686 874 Pertaverunt
1714 821 1872 891 igno-

285 900 513 955 miniam
543 917 699 956 suam
727 916 851 957 cum
903 903 989 958 his
1026 905 1118 973 qui
1166 907 1503 962 descendunt
1526 909 1580 963 iu
1608 908 1808 965 lacum.
1848 930 1868 962 ι

284 991 536 1048 infernus
577 1009 708 1065 ergo
753 995 1083 1062 nominatur,
1124 1000 1248 1067 quia
1299 1009 1580 1071 susceptos
1607 1003 1874 1057 stabiliter

286 1089 460 1137 tenet.
483 1082 552 1137 Et
582 1082 729 1138 lacus
749 1084 977 1140 dicitur:
1010 1088 1137 1155 quia
1163 1089 1262 1144 hos
1293 1104 1429 1159 quos
1472 1092 1641 1147 semei
1666 1092 1874 1163 ceperit

284 1189 506 1244 semper
548 1172 868 1231 ﬂuctuantes
910 1184 966 1231 et
994 1178 1234 1247 trepidos
1291 1183 1577 1237 tormentis
1633 1183 1870 1239 circum-

282 1265 581 1320 ﬂuentibus
622 1264 892 1320 absorbet.
931 1289 949 1318 ε
986 1267 1062 1323 lbi
1092 1285 1309 1341 quoque
1350 1281 1458 1336 est,
1506 1273 1560 1328 id
1584 1281 1690 1337 est,
1716 1274 1872 1343 juxta

281 1355 592 1426 Assyrium,
627 1355 844 1410 Mosoch
866 1364 922 1411 et
954 1358 1124 1412 Tubal
1148 1370 1205 1413 et
1225 1362 1401 1415 omnis
1441 1362 1725 1417 multitudo
1752 1359 1872 1429 ejus

284 1443 343 1496 in
392 1443 621 1497 circuitu
656 1443 887 1514 sepulcri
910 1446 1064 1516 ejus:
1088 1458 1278 1503 omnes
1304 1450 1671 1505 incircumcisi
1698 1452 1872 1507 inter—

283 1533 530 1601 fectique
563 1540 618 1587 et
643 1535 899 1590 cadentes
942 1535 1140 1605 gladio,
1188 1539 1281 1607 qui
1336 1539 1599 1595 dederant
1635 1540 1878 1597 formidi-

287 1639 417 1679 nem
448 1641 602 1680 suam
631 1626 684 1679 in
717 1635 860 1681 terra
908 1629 1223 1684 viventium.
1265 1650 1284 1682 ι
1328 1631 1599 1705 (Hier-on.)
1626 1634 1733 1690 Pro
1756 1635 1874 1690 Μο-

284 1716 414 1769 sorh
449 1725 497 1769 et
524 1714 690 1769 Tuba!
717 1715 1077 1787 Symmachus
1104 1729 1161 1775 et
1185 1721 1484 1777 Theodotio
1529 1724 1871 1794 interpretati

1975 570 2100 610 cum
2132 555 2264 626 ipds
2293 572 2509 627 quoque
2563 559 2822 616 membris
2856 563 3053 632 quibus
3073 564 3341 620 desideria
3375 565 3563 621 volun-

1974 643 2103 700 tatis
2124 647 2499 717 expleverunt,
2539 650 2728 705 aeterni
2760 650 2948 720 judicii
2999 661 3266 709 tormenta
3299 655 3560 720 tolerare,

1974 743 2034 789 ut
2060 744 2187 791 tunc
2214 752 2311 793 eos
2330 739 2565 809 undique
2617 740 2771 797 dolor
2796 743 3102 809 absorbent,
3144 744 3238 813 qui
3274 760 3421 800 nuric
3447 745 3561 800 suis

1972 824 2431 885 delectationibus
2490 832 2691 888 subditi
2761 835 2998 904 undique
3056 845 3244 891 contra
3294 837 3561 906 justitiam

1968 916 2116 986 juste
2138 918 2435 989 judicantis
2471 932 2728 993 pugnant.
2771 924 3042 996 (Ηὶενοη.)
3093 927 3223 982 Post
3272 928 3388 982 hare
3415 928 3558 981 scri-

1972 1016 2124 1078 ptum
2152 1017 2275 1064 est:
2317 1028 2338 1063 ι
2385 1010 2453 1065 Et
2502 1019 2557 1067 tu
2583 1027 2713 1084 ergo
2759 1014 2813 1068 in
2845 1016 3020 1070 medio
3052 1017 3557 1072 incircumcisunun

1974 1101 2295 1168 eontereris,
2326 1121 2345 1154 ι
2374 1102 2521 1172 quod
2548 1104 2635 1160 vel
2672 1105 2742 1160 ad
2768 1104 3127 1170 Pharaonem,
3185 1107 3272 1162 vel
3300 1108 3368 1161 ad
3407 1106 3557 1161 forti-

1976 1193 2220 1252 tudinem
2271 1196 2388 1250 sive
2430 1196 2835 1254 multitudinem
2872 1197 3093 1270 Aigypti
3149 1200 3368 1264 dicitur,
3415 1200 3558 1269 quod

1975 1289 2037 1337 et
2055 1270 2185 1352 ipsa,
2203 1285 2723 1353 conteratur,juxta
2771 1286 2901 1342 illud
2930 1289 3075 1357 quod
3122 1289 3381 1358 scriptum
3429 1297 3556 1345 est:

1983 1394 2001 1427 ι
2039 1375 2185 1433 Deus
2207 1386 2389 1433 autem
2413 1387 2663 1434 conterat
2702 1378 2960 1435 Satanam
2991 1381 3093 1435 sub
3122 1380 3348 1449 pedibus
3369 1380 3562 1435 testt'is

1976 1466 2234 1522 velociter
2259 1466 2438 1539 (Rom.
2476 1469 2614 1539 xvr).
2659 1490 2678 1521 ι
2715 1469 2785 1524 Ει
2803 1470 3059 1534 dormies,
3088 1471 3283 1539 inquit,
3320 1486 3444 1525 cum
3479 1470 3558 1524 in-

1976 1556 2218 1612 terfectis
2243 1558 2445 1627 gladio.
2478 1579 2501 1611 ι
2537 1557 2742 1614 Somno
2770 1570 3030 1629 perpetuo
3073 1560 3147 1614 ibi
3186 1575 3309 1615 cum
3339 1559 3561 1630 Assyrio

1975 1659 2032 1705 et.
2050 1663 2174 1704 cum
2188 1650 2439 1722 Egyptia
2462 1652 2569 1706 erit
2582 1652 2924 1707 multitudine
2938 1652 3169 1707 Idumam
3199 1660 3249 1706 et
3269 1667 3423 1721 reges
3445 1651 3562 1719 ejus

1976 1746 2185 1803 omnes,
2200 1740 2293 1809 qui
2311 1740 2538 1796 terrenis
2551 1741 2805 1810 operibus
2819 1741 3145 1803 servierunt,
3164 1740 3280 1795 sive
3301 1740 3560 1807 sanguine

285 1816 417 1861 sunt
461 1808 638 1863 cubile
659 1824 867 1875 eorum,
898 1818 958 1866 ut
985 1813 1334 1870 ostenderent
1359 1817 1557 1873 cubilia
1589 1820 1873 1877 bzeretico-
1904 1799 1951 1858 Β
1978 1799 2234 1885 delectati
2257 1839 2405 1885 sunt.
2433 1799 2649 1891 Etenim
2676 1830 2928 1893 idumaea,
2967 1839 3023 1886 et
3052 1799 3323 1885 terrenam
3354 1840 3409 1884 et
3437 1847 3561 1884 san-

288 1914 438 1962 rum,
461 1899 570 1953 imo
598 1897 782 1954 foveas
811 1903 1175 1970 sempiternas
1198 1904 1407 1976 Assyrii
1439 1910 1580 1979 regis
1601 1925 1724 1966 esse
1748 1924 1875 1982 sup-

285 1990 474 2061 plicia.
528 1989 744 2047 Mosoch
791 1993 1179 2063 interpretatur
1206 1998 1435 2063 insania,
1465 2002 1637 2057 Tuba!
1664 2020 1873 2059 conver-

287 2078 392 2144 sio,
428 2095 536 2134 non
567 2080 619 2134 in
650 2080 851 2136 bonum
880 2098 909 2136 a
934 2085 1098 2150 male,
1156 2090 1251 2143 sed
1281 2088 1347 2144 de
1376 2089 1519 2147 bono
1567 2093 1620 2146 in
1644 2094 1869 2149 malum.

290 2170 422 2225 Sive
443 2171 703 2235 uniuersa,
725 2181 787 2227 ut
813 2175 1063 2230 ostendat
1085 2192 1274 2233 omnes
1297 2180 1580 2237 hatreticos
1608 2185 1870 2250 insanire,

288 2268 348 2315 et
376 2261 493 2330 piri
531 2261 710 2316 studio
732 2262 799 2316 ad
826 2265 1006 2334 pejora
1037 2269 1297 2323 converti.
1349 2269 1459 2325 Nec
1488 2273 1685 2327 mirum
1713 2276 1757 2328 si
1789 2275 1871 2329 iu-
1904 2278 1909 2287 ’

292 2351 573 2406 sanientes
601 2359 657 2406 et
689 2358 994 2409 coacervati
1026 2356 1080 2410 in
1110 2358 1310 2413 malum
1342 2359 1542 2415 habent
1581 2363 1878 2418 multitudi.

290 2455 421 2495 nem
450 2455 571 2495 cum
596 2440 837 2514 Egyptii
863 2446 1006 2514 regis
1032 2448 1161 2502 socii
1192 2448 1299 2503 sint
1325 2490 1340 2515 ,
1385 2451 1478 2520 qui
1516 2454 1713 2522 gaudet
1738 2455 1875 2506 mul-

293 2531 550 2586 titudine.
591 2551 609 2583 ι
647 2532 847 2590 Omnes
885 2536 940 2590 hi
966 2537 1234 2594 interfecti
1262 2540 1461 2610 gladio,
1491 2543 1583 2611 qui
1604 2544 1875 2601 dederunt

297 2620 643 2679 formidinem
701 2641 854 2681 suam
892 2646 912 2678 ›
945 2643 1049 2683 non
1105 2633 1296 2697 semel,
1343 2648 1444 2688 nec
1497 2635 1601 2702 bis,
1637 2651 1739 2693 nec
1770 2646 1871 2704 ter,

302 2731 322 2764 ι
362 2713 586 2770 interra
614 2717 934 2787 viventium,
970 2741 989 2774 ι
1030 2723 1096 2778 de
1121 2724 1316 2794 quibus
1367 2742 1526 2797 supra
1554 2730 1765 2799 plenius
1798 2732 1878 2786 di-

298 2803 502 2861 ximus.
536 2804 833 2878 Sequitur:
870 2829 889 2862 (
921 2812 986 2866 Ει
1008 2828 1113 2868 non
1141 2818 1412 2871 dormient
1433 2834 1557 2873 cum
1579 2818 1823 2886 fortibus,
1851 2840 1869 2874 ι

295 2893 416 2951 sive
442 2895 767 2967 gigantibus,
799 2918 818 2951 α
853 2902 1275 2975 cadentibusque
1301 2915 1355 2961 et
1380 2922 1485 2962 non
1518 2909 1875 2977 circumcisis,

297 2984 393 3053 qui
447 2984 843 3043 descenderunt
869 2991 937 3045 ad
967 2992 1233 3049 infernum
1275 3010 1400 3052 cum
1451 2999 1618 3054 armis
1659 3000 1792 3065 suis,
1823 3009 1879 3056 et

297 3087 599 3146 posuerunt
621 3077 826 3149 gladios
848 3096 975 3137 suos
1002 3084 1105 3139 sub
1130 3086 1394 3156 capitibus
1418 3090 1550 3156 suis,
1579 3097 1635 3145 et
1659 3089 1880 3148 fuerunt

299 3165 617 3236 iniquitates
659 3182 850 3225 eorum
907 3171 960 3226 in
1014 3175 1231 3232 ossibus
1267 3192 1455 3234 eorum
1482 3221 1497 3245 ,
1533 3181 1661 3250 quia
1703 3192 1881 3241 terror

300 3255 525 3311 fortium
560 3257 689 3314 facti
716 3267 842 3315 sunt
884 3262 938 3317 in
975 3271 1119 3318 terra
1148 3267 1465 3324 viventium.
1505 3291 1524 3323 ι
1560 3273 1648 3338 lii,
1678 3276 1876 3345 inquit,

300 3347 395 3415 qui
414 3347 790 3423 haereticorum
810 3352 1083 3423 principes
1106 3357 1429 3413 exstiterant
1449 3361 1517 3414 ad
1542 3369 1749 3418 tantum
1765 3380 1880 3419 ma-

301 3437 431 3493 litia:
448 3416 744 3507 ﬂowenere
772 3442 982 3497 culmen
998 3453 1160 3514 atque
1179 3449 1535 3516 cruciatuum,
1559 3460 1617 3505 ut
1638 3469 1736 3509 nec
1754 3470 1881 3510 cum

302 3525 536 3582 fortibus
559 3536 720 3597 atque
744 3530 1051 3601 gigantibus
1079 3535 1218 3601 quia
1245 3537 1509 3609 principio
1536 3553 1876 3610 corruerunt,

300 3616 499 3672 similia
535 3629 846 3677 mereantur
883 3621 1029 3680 ferre
1073 3627 1366 3697 supplicia,
1413 3632 1504 3701 qui
1537 3648 1877 3704 nequaquam

300 3706 505 3762 erroris
523 3708 608 3762 sui
645 3717 766 3765 acta
795 3713 1115 3781 paenitentia
1153 3718 1549 3775 descenderunt
1583 3724 1651 3779 ad
1677 3724 1881 3780 inferos

303 3804 429 3848 cum
457 3797 627 3852 armis
654 3797 786 3863 suis,
819 3802 1050 3857 rebelles
1086 3813 1278 3859 contra
1307 3807 1471 3862 Deum
1500 3818 1556 3864 et
1581 3811 1877 3868 Ecclesium

302 3881 460 3952 ejus;
492 3898 676 3941 secum
707 3901 859 3942 arma
897 3889 1226 3948 deierantes.
1256 3891 1334 3948 De
1379 3897 1573 3965 quibus
1619 3900 1877 3970 scriptum

300 3982 426 4027 est:
460 3992 479 4024 ‹
515 3972 636 4029 Filii
662 3975 941 4033 hominum
970 3978 1160 4038 dentes
1186 3998 1372 4037 eorum
1399 4000 1550 4041 arma
1588 3997 1643 4042 et
1669 3991 1880 4058 sagittae

304 4059 478 4133 (Psal.
505 4065 636 4135 LVI).
681 4085 700 4116 ι
738 4085 758 4117 ε
790 4065 856 4122 Ει
885 4080 1201 4138 posuerunt,
1250 4074 1347 4139 ait,
1395 4074 1603 4146 gladios
1627 4094 1756 4135 suos
1779 4084 1879 4138 sub

302 4151 571 4225 capitibus
599 4155 731 4220 suis,
775 4174 795 4208 ι
828 4158 1231 4227 requiescentes
1280 4164 1335 4219 in
1383 4166 1565 4223 animo
1592 4171 1876 4238 perduelli,

302 4250 357 4296 et
389 4258 490 4312 pro
517 4259 727 4300 summa
758 4248 982 4304 victoria
1028 4257 1418 4312 sententiarum
1456 4276 1673 4316 suarum
1697 4265 1876 4334 jacula

300 4333 726 4403 complexantcs.
765 4336 825 4392 In
866 4347 1071 4394 tantum
1104 4352 1164 4397 ut
1203 4345 1517 4415 iniquitates
1548 4333 1734 4408 eorum
1762 4354 1880 4412 fue-

298 4421 411 4475 rint
439 4423 495 4477 in
525 4425 739 4481 ossibus
773 4443 981 4483 eorum.
1015 4430 1128 4486 lloc
1157 4442 1262 4499 est,
1291 4435 1584 4495 lortissima
1619 4443 1873 4512 ﬁgmenta
1899 4479 1954 4538 Β

297 4522 357 4568 et
382 4516 588 4571 erroris
609 4518 692 4572 sui
721 4520 970 4591 dogmata
996 4527 1332 4592 possidentes
1361 4549 1374 4584 :
1404 4534 1528 4600 quia
1563 4544 1736 4592 terror
1765 4539 1879 4595 for-

300 4605 436 4659 tium
466 4604 595 4661 facti
624 4619 749 4665 sunt
776 4610 831 4666 in
858 4613 966 4667 vita
999 4630 1118 4681 sua,
1148 4620 1265 4675 sive
1301 4622 1356 4675 in
1386 4632 1528 4680 terra
1558 4626 1872 4686 viventium.

299 4695 456 4762 Quod
487 4708 682 4768 quarto
706 4701 906 4757 dicitur
933 4722 947 4760 :
983 4716 1039 4760 ut
1069 4707 1393 4769 fortissimos
1432 4730 1675 4788 quosque
1696 4730 1752 4776 et
1779 4723 1881 4777 ha-

295 4785 493 4842 bentes
517 4788 795 4845 scientiam
827 4792 1252 4866 Scriptu’rarum,
1284 4812 1339 4855 et
1366 4806 1457 4873 qui
1485 4785 1666 4864 essent
1703 4810 1771 4868 de
1792 4829 1878 4868 rc-

297 4876 460 4949 gione
513 4878 826 4948 viventium,
879 4899 975 4940 sua
1014 4891 1372 4957 perversitate
1426 4904 1709 4964 terrerent,
1742 4902 1871 4956 dum

295 4970 629 5061 descendunt
652 4976 720 5030 ad
755 4977 1025 5035 infernum
1066 4998 1187 5038 cum
1221 4988 1388 5042 armis
1417 4991 1551 5057 suis,
1583 5001 1637 5046 et
1664 5005 1874 5061 ponunt

294 5058 505 5130 gladios
551 5078 680 5120 suos
708 5068 807 5122 sub
839 5070 1106 5139 capitibus
1138 5075 1270 5140 suis,
1316 5085 1373 5132 et
1401 5058 1871 5149 iniquitas—eorum

296 5164 473 5245 usque
495 5153 564 5245 ad
589 5169 711 5210 ossa
731 5161 1071 5226 perveniunt.
1101 5162 1277 5236 (Greg.
1303 5165 1395 5223 lib.
1425 5184 1482 5225 ix
1505 5170 1725 5238 Μοῖραι,
1754 5191 1870 5245 cap.

296 5240 471 5314 nvi.)
507 5243 654 5299 Bene
681 5261 809 5319 ergo
836 5263 934 5318 per
959 5253 1274 5321 prophetam
1301 5258 1497 5313 dicitur
1526 5279 1539 5314 :
1582 5278 1603 5311 ι
1638 5240 1875 5319 Descen-

296 5339 497 5388 derunt
525 5336 590 5390 ad
614 5336 885 5394 infernum
914 5357 1036 5396 cum
1074 5346 1242 5401 armis
1271 5349 1402 5403 suis.
1439 5368 1458 5403 ι
1483 5350 1648 5406 Arma
1677 5356 1875 5425 quippe

298 5426 643 5492 peccantium
672 5438 797 5484 sunt
833 5434 1076 5488 membra
1123 5438 1366 5506 corporis
1421 5430 1617 5508 quibus
1666 5460 1762 5512 per
1795 5447 1875 5500 di-

298 5526 458 5570 versa
507 5516 795 5587 desideria,
843 5537 964 5592 qua:
992 5528 1359 5596 (auspicium,
1408 5530 1525 5584 [nec
1553 5545 1871 5602 sequuntur.

305 5602 458 5692 pride
498 5617 647 5664 recte
681 5624 780 5679 per
804 5612 1118 5683 Apostolum
1166 5618 1406 5672 dicitur:
1450 5637 1469 5669 ι
1520 5620 1703 5692 Neque
1729 5625 1878 5677 exhi-

300 5690 476 5753 lutatis
499 5700 739 5753 membra
767 5713 944 5759 vestra
971 5720 1120 5758 arma
1141 5706 1439 5775 iniquitatis
1460 5690 1681 5778 peccato
1704 5712 1873 5783 (Rom.

1976 1920 2277 1990 guinariam
2305 1928 2480 1977 sonat.
2506 1921 2710 1977 Omnes
2735 1936 2892 1992 reges
2916 1930 2972 1977 et
2996 1920 3232 1975 universi
3264 1920 3558 1990 principes,

1975 2011 2043 2067 de
2099 2012 2295 2080 quibus
2346 2012 2541 2069 crebro
2585 2022 2641 2067 et
2678 2011 2968 2081 Apostolus
3021 2011 3279 2080 loquitur,
3324 2010 3558 2064 terrenis

1974 2103 2232 2173 operibus
2274 2102 2612 2167 incubantes,
2656 2111 2713 2158 et
2767 2101 3106 2158 eil‘undentes
3156 2101 3400 2170 quotidie
3427 2116 3557 2155 san-

1975 2190 2191 2259 guinem
2239 2205 2429 2246 eorum
2474 2206 2614 2261 quos
2661 2206 2761 2247 sua
2815 2188 3007 2246 fraude
3033 2192 3381 2261 deceperunt,
3434 2207 3559 2247 cum

1976 2279 2368 2338 incircuutcisis
2428 2289 2485 2336 et
2544 2281 2836 2337 immundis
2891 2282 3272 2343 dormierunt.
3328 2292 3384 2337 et
3433 2298 3560 2339 cum

1976 2369 2065 2425 his
2113 2370 2206 2439 qui
2253 2369 2657 2427 descenderunt
2688 2371 2740 2426 in
2794 2371 2997 2426 lacum.
3045 2372 3126 2426 De
3152 2372 3350 2441 quibus
3394 2388 3561 2443 supra

1976 2461 2232 2525 diximus,
2263 2461 2318 2516 in
2348 2461 2467 2531 ipso
2514 2461 2775 2516 comitatu
2818 2470 3001 2527 erunt,
3028 2470 3083 2516 ct
3106 2463 3382 2533 principes
3409 2464 3562 2532 aqui-

1976 2549 2138 2615 lonis,
2180 2564 2212 2604 a
2264 2565 2374 2619 quo
2405 2550 2766 2605 exardescunt
2810 2550 2950 2604 mala
2985 2566 3149 2619 super
3186 2560 3412 2615 terram,
3449 2560 3505 2607 et
3530 2569 3559 2605 a

1976 2653 2085 2707 quo
2113 2637 2196 2693 Vri
2225 2639 2281 2693 in
2302 2637 2562 2704 Ieremia,
2587 2636 2669 2692 vel
2705 2638 2760 2692 in
2799 2639 2903 2692 hoc
2926 2637 3118 2692 eodem
3154 2639 3416 2708 propheta
3451 2637 3557 2693 olla

1976 2727 2066 2783 illa
2093 2728 2252 2798 plena
2279 2728 2526 2783 carnium
2577 2727 2891 2797 ossiumque
2924 2728 3297 2794 succenditur,
3347 2737 3402 2784 et
3447 2743 3558 2783 non

1976 2819 2152 2876 solum
2181 2819 2455 2889 principes
2487 2817 2780 2889 aquilonis,
2819 2832 3007 2872 verum
3045 2833 3235 2873 omnes
3273 2819 3563 2889 magistra-

1980 2916 2066 2964 tus
2087 2909 2277 2964 Assur.
2308 2907 2413 2963 Pro
2468 2922 2579 2977 quo
2607 2907 2661 2962 in
2690 2905 2956 2963 Hebr-uico
2986 2907 3224 2980 positum
3277 2916 3384 2972 est,
3436 2907 3560 2962 uni-

1979 3000 2122 3056 versi
2171 2998 2402 3063 Sidonii,
2455 3012 2594 3067 quos
2642 3013 2741 3053 nos
2796 2998 2853 3053 in
2913 3006 3199 3054 venatores
3269 2997 3554 3064 vertimus,

1975 3091 2131 3162 juxta
2156 3089 2285 3145 illud
2314 3089 2458 3159 quod
2507 3089 2771 3159 scriptum
2800 3098 2885 3145 est
2914 3106 2929 3144 :
2967 3108 2986 3141 ι
3021 3089 3216 3144 Anium
3249 3098 3430 3145 nostra
3455 3089 3559 3145 sic-
3648 3085 3656 3091 ⁷

1982 3191 2043 3236 ιιι
2092 3196 2280 3251 passer
2326 3189 2513 3250 erepta
2562 3189 2646 3236 est
2687 3181 2755 3235 de
2800 3180 2991 3250 laqueo
3028 3181 3344 3237 venantium
3383 3180 3556 3253 (Psal.

1978 3269 2191 3341 δικιιι).
2229 3290 2250 3322 ι
2284 3268 2391 3324 Pro
2411 3283 2519 3338 quo
2554 3268 2608 3323 in
2641 3268 2908 3325 llebraico
2937 3271 3177 3340 positum
3203 3280 3288 3327 est
3315 3270 3562 3327 Sidonio-

1980 3376 2137 3424 rum;
2172 3359 2266 3428 qui
2328 3359 2559 3424 Sidonii,
2618 3359 2734 3415 sive
2786 3370 3095 3424 venatores,
3131 3362 3465 3417 deducentur
3492 3365 3567 3419 adi-

1979 3448 2182 3505 inferos
2202 3456 2481 3519 paventes,
2506 3448 2563 3502 in
2593 3463 2688 3503 sua
2712 3450 2982 3518 quondam
3004 3449 3194 3505 conlisi
3222 3450 3559 3508 fortitudine.

1978 3539 2045 3595 Et
2073 3539 2343 3595 dormient
2370 3538 2654 3606 immundi,
2700 3549 2757 3596 ct
2812 3541 3110 3611 portabunt
3165 3541 3567 3609 confusionem,

1979 3632 2096 3688 sive
2123 3640 2661 3707 tormentumsuum,
2694 3632 2957 3689 habentes
3005 3632 3161 3688 malae
3210 3634 3568 3690 conscientia:

1978 3727 2364 3798 paenitudinem
2397 3726 2804 3811 sempiternam,
2841 3726 2923 3782 .ita
2968 3733 3029 3779 ut
3057 3725 3196 3795 ignis
3222 3739 3411 3780 eorum
3451 3741 3558 3781 non

1977 3817 2374 3888 exstinguatur,
2427 3824 2486 3872 et
2504 3817 2707 3873 vermis
2742 3831 2932 3871 eorum
2972 3830 3078 3871 non
3127 3816 3390 3871 moriatur
3418 3816 3555 3888 (Isa.

1978 3921 2141 3967 txvr;
2206 3904 2511 3976 Marcnx):
2566 3921 2704 3975 quos
2745 3920 2934 3960 omnes
2971 3920 3095 3960 cum
3124 3905 3320 3960 viderit
3344 3905 3557 3961 Pharao

1976 3994 2366 4060 causolabitur,
2406 3994 2493 4050 vel
2516 3995 2721 4050 habens
2748 3995 2926 4049 adhuc
2955 3994 3214 4048 malitiam
3246 3994 3556 4064 pristinam,

1977 4092 2035 4139 ct
2069 4083 2266 4139 multos
2291 4098 2467 4153 ptena:
2495 4085 2674 4142 socios
2697 4084 2900 4140 habere
2929 4098 2987 4139 se
3016 4099 3267 4150 cernens,
3292 4083 3376 4139 vel
3411 4094 3558 4140 certe

1978 4175 2286 4231 consolattrs
2313 4186 2433 4239 est;
2472 4176 2663 4231 videns
2692 4185 2749 4231 et
2784 4175 2902 4231 illos
2943 4173 3196 4230 confundi
3253 4177 3308 4230 in
3359 4174 3557 4246 suppli-

1977 4267 2077 4322 ciis
2127 4275 2183 4321 et
2218 4267 2518 4322 terroribus
2553 4267 2685 4323 suis.
2741 4287 2759 4318 ι
2797 4267 2977 4337 Super
3032 4267 3282 4321 universa
3313 4267 3557 4321 multitu-

1978 4360 2104 4414 dine
2128 4374 2251 4425 sua,
2282 4375 2403 4429 qua
2440 4359 2722 4415 interfecta
2759 4368 2843 4414 est
2868 4359 3095 4429 gladio,»
3130 4358 3430 4412 Pharaonis
3453 4360 3554 4413 sci-

1979 4449 2105 4503 licet
2130 4449 2211 4504 vel
2236 4450 2479 4504 omnium
2499 4450 2769 4504 sociorum
2789 4447 2925 4514 ejus,
2948 4447 3322 4516 prtecipueque
3346 4447 3554 4518 Assyrii

1978 4536 2121 4607 regis
2148 4547 2203 4592 et
2228 4536 2445 4592 Μυευώ
2474 4547 2529 4591 ct
2554 4538 2595 4590 Τ
2602 4536 2725 4591 ubal
2777 4546 2833 4591 et
2860 4535 3215 4589 ldunneorum
3266 4545 3322 4591 ct
3356 4537 3556 4606 princi-

1977 4641 2107 4695 pum
2160 4626 2427 4696 aquilonis
2476 4635 2534 4681 et
2578 4624 2923 4680 Sidoniorurn
2955 4637 2970 4676 :
3007 4624 3062 4678 hi
3093 4624 3240 4679 enim
3293 4625 3557 4685 dederant

1978 4726 2243 4772 terrorem
2277 4731 2434 4770 suum
2463 4716 2515 4768 in
2548 4724 2691 4769 terra
2729 4713 3045 4769 viventium.
3072 4713 3227 4782 Quod
3256 4716 3443 4785 quinto
3470 4716 3558 4771 di-

1976 4805 2139 4869 citur,
2166 4814 2225 4859 ut
2268 4819 2459 4860 omnes
2506 4804 2808 4859 istiusmodi
2860 4804 3110 4861 nationes
3161 4820 3357 4860 cavere
3384 4816 3440 4862 et
3465 4806 3556 4865 ω-

1977 4908 2104 4964 gere
2128 4894 2438 4957 debeamus,
2484 4909 2604 4964 quae
2650 4895 2860 4950 cunctis
2886 4910 2984 4950 nos
3033 4897 3282 4953 sensibus
3325 4898 3550 4968 derepe-

1976 4990 2120 5046 runt,
2148 4990 2202 5035 et
2230 4983 2371 5040 scire
2401 4998 2521 5039 esse
2549 4984 2853 5050 horribiles,
2895 5002 2994 5041 nec
3021 4985 3178 5041 facile
3205 5003 3365 5056 posse
3393 4989 3554 5048 vitari

1976 5072 2079 5127 uisi
2105 5072 2251 5126 omni
2279 5073 2525 5127 custodia
2568 5076 2964 5130 servaverimus
2994 5091 3090 5132 cor
3117 5088 3382 5131 nostrum.
3417 5077 3552 5141 Dor-

1978 5163 2150 5227 mivit,
2175 5164 2369 5232 inquit,
2403 5174 2459 5219 et
2490 5167 2605 5234 ipse
2637 5166 2849 5223 Pharao
2881 5184 3003 5223 cum
3043 5170 3206 5224 sociis
3239 5170 3350 5224 suis
3389 5181 3551 5225 mter-

1978 5252 2134 5307 i'cctis
2161 5252 2355 5324 gladio.
2388 5256 2490 5322 Qui
2536 5257 2691 5322 socii,
2716 5258 3001 5313 multitudo
3029 5260 3146 5329 ejus
3182 5266 3323 5323 sunt,
3359 5274 3454 5327 per
3475 5260 3554 5312 la-

1980 5356 2088 5400 tam
2116 5354 2173 5400 et
2209 5348 2502 5416 spatiosum
2527 5350 2669 5405 viam
2699 5361 2986 5423 pergentes
3029 5352 3095 5406 ad
3123 5350 3378 5421 supplicia
3408 5366 3553 5406 sein»

1977 5436 2211 5507 piterna.

2656 5626 2880 5644 φάε-
