3972 6184
394 281 489 338 8'5!

962 392 1189 450 CAPUT
1217 390 1453 446 XXXIII.

395 483 473 538 De
492 485 836 554 speculatore,
855 485 944 553 qui
970 484 1186 537 buccina
1225 491 1418 547 cantet,
1463 491 1521 554 ut
1558 489 1959 554 peccatoresre-

466 549 622 607 deant
652 555 720 606 ad
747 549 1096 622 pcenitentiam
1125 567 1155 622 ί
1181 561 1228 605 et
1259 553 1612 622 unusquisque
1629 549 1959 622 iudicabitur

467 622 556 676 ubi
582 617 866 676 invenietur
890 637 908 674 :
928 638 1095 674 sermo
1122 621 1332 674 Domini
1356 617 1537 673 contra
1564 617 1649 672 eos
1672 619 1759 688 qui
1783 634 1810 670 ε
1831 617 1960 670 mul-

463 692 684 744 titudine
706 708 806 744 non
849 691 903 742 in
925 690 1200 744 sanctitate
1237 689 1410 742 volunt
1454 689 1808 742 hwreditatem
1837 703 1963 757 pos—

465 761 727 841 siderc,et
751 769 1041 822 contra_eos
1070 761 1160 829 qui
1193 757 1346 813 verba
1391 759 1672 828 prophetiw
1701 765 1961 811 verterunt

467 840 520 883 111
551 840 830 882 canticum.

471 982 488 1013 ‹
519 963 586 1016 Et
638 962 836 1017 factum
881 972 965 1018 est
1009 963 1234 1017 verbum
1283 962 1496 1016 Domini
1523 961 1589 1016 ad
1622 974 1708 1015 me
1737 960 1961 1015 dicens:

405 1074 421 1105 α
459 1053 562 1108 Fili
594 1054 844 1118 hominis,
881 1054 1098 1123 loquere
1125 1054 1190 1108 ad
1220 1053 1356 1107 tilios
1387 1052 1569 1122 populi
1612 1051 1710 1114 tui,
1737 1059 1792 1105 et
1818 1050 1966 1106 dices

401 1164 419 1194 ι
457 1144 524 1198 ad
553 1159 647 1198 eos
677 1163 690 1197 :
722 1145 891 1197 Terra
917 1159 1042 1197 cum
1078 1143 1342 1197 induxere
1371 1157 1532 1212 super
1561 1157 1680 1196 eam
1706 1141 1962 1211 gladium,

399 1254 418 1285 ι
453 1242 508 1289 et
542 1235 722 1288 tulerit
745 1233 972 1303 populus
1002 1243 1157 1287 terra:
1207 1234 1382 1286 virum
1413 1248 1580 1286 unum
1626 1233 1694 1286 de
1740 1230 1968 1287 novissi-

401 1347 420 1378 ι
459 1327 562 1380 mis
599 1327 732 1389 suis,
763 1334 820 1379 et
874 1325 1216 1379 constituerit
1245 1338 1366 1378 eum
1403 1338 1564 1392 super
1585 1337 1643 1377 se
1670 1321 1970 1392 speculato-

399 1437 419 1469 ι
455 1430 590 1480 rem,
626 1425 682 1470 et
708 1415 794 1469 ille
821 1414 1015 1469 viderit
1039 1413 1273 1484 gladium
1307 1412 1614 1467 venientem
1664 1425 1826 1480 super
1865 1419 1970 1465 ter-

399 1527 419 1558 ι
459 1522 594 1571 ram,
622 1514 677 1560 et
697 1502 952 1560 cecinerit
975 1503 1202 1558 buccina
1231 1509 1286 1557 et
1321 1499 1727 1556 annuntiaverit
1751 1498 1967 1569 populo.

401 1619 418 1650 ε
456 1598 696 1654 Audiens
745 1605 925 1651 autem
954 1595 1200 1665 quisquis
1233 1593 1322 1648 ille
1345 1600 1429 1648 est
1460 1607 1652 1647 sonum
1707 1591 1968 1654 buccina»,

401 1710 418 1740 ι
454 1704 555 1743 non
584 1704 643 1743 se
672 1687 1064 1750 observaverit,
1123 1684 1435 1753 veneritque
1471 1683 1680 1754 gladius
1708 1691 1765 1738 et
1787 1681 1970 1737 tulerit
1996 1725 2044 1784 Β

401 1801 419 1832 ε
454 1796 597 1841 eum,
629 1777 847 1848 sanguis
885 1778 1053 1847 ipsius
1087 1791 1249 1845 super
1285 1783 1450 1845 caput
1475 1775 1592 1844 ejus
1611 1774 1734 1828 erit.
1760 1772 1966 1828 Sonum

401 1892 418 1923 ι
453 1871 692 1925 buccina:
725 1869 948 1935 audivit,
1012 1876 1068 1923 et
1117 1883 1220 1922 non
1253 1882 1312 1921 se
1360 1866 1702 1921 observavit:
1749 1865 1971 1936 sanguis

400 1982 417 2012 ι
452 1960 569 2031 ejus
600 1961 651 2013 in
690 1961 804 2028 ipso
822 1959 946 2013 erit.
978 1957 1037 2012 Si
1071 1966 1251 2012 autem
1277 1973 1336 2012 se
1355 1957 1694 2020 custodierit,
1726 1956 1970 2010 animam

402 2075 418 2104 ι
456 2068 608 2108 suam
643 2051 887 2105 salvabit.
918 2049 1070 2116 Quod
1098 2049 1141 2102 si
1173 2047 1482 2118 speculator
1505 2047 1703 2102 viderit
1735 2047 1971 2117 gladium

402 2164 419 2192 ι
457 2141 783 2204 venientem,
811 2148 866 2194 et
892 2153 996 2192 non
1020 2137 1322 2192 insonuerit
1371 2136 1623 2202 buccina,
1667 2144 1722 2191 et
1744 2135 1972 2206 pepulus

401 2251 418 2283 ι
453 2247 559 2286 non
583 2245 641 2285 se
668 2229 1008 2291 custodierit,
1041 2226 1355 2296 veneritque
1380 2225 1588 2296 gladius
1610 2232 1666 2279 et
1695 2224 1878 2278 tulerit
1907 2224 1975 2279 de

402 2349 418 2380 ι
452 2328 537 2384 his
567 2325 826 2390 animam,
859 2323 945 2379 ille
967 2323 1184 2393 quidem
1225 2321 1281 2375 in
1324 2321 1611 2390 iniquitate
1638 2333 1735 2374 sua
1781 2325 1974 2388 captus

402 2436 419 2467 ι
457 2425 560 2481 est,
589 2414 904 2485 sanguinem
931 2421 1108 2467 autem
1155 2411 1272 2481 ejus
1298 2411 1365 2465 de
1414 2423 1578 2463 manu
1612 2407 1974 2479 speculatoris

401 2526 419 2558 ι
457 2507 749 2574 requiram.
775 2503 843 2558 Et
863 2510 941 2568 tu,
968 2500 1042 2556 ﬁll
1068 2499 1322 2565 hominis,
1347 2497 1740 2570 speculatorem
1770 2496 1892 2551 dedi
1924 2504 1976 2550 te

401 2617 418 2647 ι
458 2595 635 2652 domui
662 2591 846 2650 Israel.
871 2591 1107 2648 Audiens
1129 2605 1257 2660 ergo
1282 2604 1350 2644 ex
1378 2603 1475 2644 ore
1499 2601 1618 2642 meo
1643 2600 1970 2651 sermonem,

401 2708 420 2739 ι
456 2685 804 2740 anmmtiabis
839 2683 918 2738 eis
947 2698 1013 2737 ex
1035 2697 1142 2737 me.
1169 2679 1228 2736 Si
1257 2695 1344 2735 me
1381 2679 1595 2734 dicente
1623 2678 1686 2732 ad
1727 2675 1970 2746 impium,

403 2798 422 2830 ι
459 2777 648 2847 lmpie,
676 2784 849 2830 morte
893 2773 1162 2838 morieris,
1201 2788 1308 2828 non
1358 2769 1530 2826 fueris
1574 2770 1806 2834 locutus,
1835 2777 1895 2821 ut
1915 2782 1974 2822 se

404 2889 422 2922 ι
459 2867 731 2924 custodiat
758 2865 957 2936 impius
984 2879 1014 2918 a
1040 2864 1128 2917 via
1164 2878 1280 2926 sua,
1314 2863 1429 2931 ipse
1456 2861 1655 2930 impius
1686 2860 1740 2913 in
1772 2858 1972 2928 iniqui-

403 2980 422 3013 ι
456 2968 564 3014 tate
584 2973 681 3013 sua
707 2955 986 3010 morietur.
1020 2952 1350 3023 Sanguinem
1379 2957 1557 3004 autem
1580 2947 1694 3016 ejus
1717 2947 1785 3003 de
1811 2963 1973 3003 manu

404 3070 422 3101 ε
459 3057 549 3104 tua
572 3045 864 3115 requiram.
899 3041 956 3097 Si
980 3050 1157 3097 autem
1182 3039 1536 3095 annuntiante
1562 3047 1614 3093 te
1633 3038 1701 3092 ad
1726 3036 1970 3108 impium,
2001 3067 2045 3129 ο

403 3158 422 3191 ι
463 3148 520 3192 ut
553 3152 584 3190 a
610 3135 714 3190 viis
743 3134 854 3189 suis
895 3138 1268 3196 convertatur,
1318 3143 1424 3184 non
1478 3127 1645 3183 fuerit
1675 3141 1974 3183 conversus

306 3280 308 3282 ,
403 3247 422 3277 ι
455 3242 484 3281 a
524 3226 607 3279 via
641 3239 760 3289 sua,
811 3221 999 3292 ipsein
1032 3220 1320 3290 iniquitate
1351 3232 1448 3272 sua
1489 3216 1776 3272 morietur.
1802 3215 1976 3272 Porro

404 3338 421 3368 ι
459 3316 693 3370 animam
739 3322 883 3368 tuam
925 3311 1198 3366 liberabis.
1238 3329 1256 3362 ι
1291 3307 1564 3380 (Ηίει-οη.)
1613 3307 1849 3363 Rursum
1905 3308 1976 3361 ad

399 3407 716 3477 pr0phetam
757 3417 938 3458 sermo
963 3401 1022 3454 ﬁt
1057 3399 1292 3465 Domini,
1335 3398 1428 3468 qui
1453 3397 1728 3467 aliquanto
1752 3397 1978 3452 siluerat

401 3506 642 3566 tempore
673 3511 738 3550 eo
771 3493 914 3563 quod
943 3508 1048 3545 non
1078 3491 1250 3550 possit
1294 3490 1575 3559 propheta,
1607 3503 1708 3543 nec
1742 3489 1976 3542 humana

401 3589 663 3658 fragilitas
685 3586 811 3658 juge
848 3593 1012 3654 atque
1037 3583 1355 3638 continuum
1389 3580 1457 3634 ad
1495 3595 1554 3636 se
1587 3579 1859 3635 sustinere
1877 3593 1980 3632 va-

402 3679 668 3743 ticinium,
699 3686 752 3731 et
803 3675 1044 3745 loquitur
1097 3673 1286 3728 eadem
1325 3686 1446 3741 quae
1495 3672 1549 3725 in
1605 3669 1980 3741 superioribus

401 3769 788 3822 continentur:
824 3786 841 3815 ι
876 3764 974 3818 Fili
1004 3763 1261 3828 hominis,
1322 3761 1717 3832 speculatorem
1764 3759 1887 3815 dedi
1927 3768 1980 3814 te

404 3857 587 3912 donmi
636 3855 824 3910 lsracl.
885 3854 952 3908 Et
990 3853 1176 3908 audies
1228 3868 1296 3906 ex
1345 3866 1440 3906 ore
1489 3865 1610 3905 meo
1652 3849 1895 3913 verbum,
1925 3855 1982 3902 et

405 3945 823 4004 comminaberis
845 3944 926 3998 eis
948 3959 1014 3998 ex
1054 3957 1158 3996 me.
1191 3942 1246 3995 In
1275 3956 1359 4006 eo,
1396 3941 1542 4010 quod
1566 3941 1742 3995 dicam
1771 3939 1976 4008 iniquo,

406 4047 581 4093 morte
617 4034 888 4097 morieris,
943 4041 998 4087 et
1023 4047 1129 4086 non
1163 4032 1493 4086 annuntias'ti
1539 4032 1610 4095 ei,
1643 4046 1742 4085 nec
1771 4030 1982 4086 locutus

402 4141 484 4190 es,
522 4131 584 4178 ut
632 4121 983 4176 annuntiares
1039 4119 1242 4188 iniquo,
1292 4127 1348 4172 et
1397 4119 1982 4173 convertereturaviis

408 4217 538 4277 suis,
572 4225 627 4271 et
652 4215 874 4278 viveret,
906 4211 1120 4281 iniquus
1148 4210 1238 4265 ille
1277 4211 1328 4263 in
1353 4210 1636 4280 iniquitate
1663 4225 1760 4265 sua
1787 4211 1982 4266 morie-

409 4318 515 4373 tur,
543 4317 599 4363 et
645 4305 958 4377 sanguinem
1009 4301 1125 4372 ejus
1160 4302 1227 4356 de
1267 4316 1428 4355 manu
1461 4311 1549 4354 tua
1583 4301 1876 4368 requiram.
1917 4301 1985 4355 Et

1022 282 1083 338 Β.
1119 279 1373 337 RABANI
1407 279 1629 335 HAURI
1661 276 1976 333 ARCIIIEP.
2021 275 2334 335 MOGUNT.
2371 275 2655 334 OPERUM
2690 273 2869 330 PARS
2903 273 2967 328 II.

3536 272 3646 331 832

1987 391 2034 448 Α
2064 387 2247 456 gladio
2299 385 2410 454 ipse
2469 384 2747 455 sanguinis
2797 383 2881 438 sui
2917 380 3207 438 sustinebit
3232 393 3464 448 reatum,
3504 383 3644 451 quod

2061 477 2106 530 si
2135 475 2390 542 audierit,
2423 475 2650 531 salvabit
2683 474 2919 527 animam
2962 487 3136 527 suam.
3189 470 3284 526 Sin
3314 479 3499 526 autem
3523 487 3648 542 spe-

2061 567 2268 623 culator
2337 580 2444 619 non
2495 562 2795 618 insonuerit
2853 560 3103 624 buccina,
3158 569 3213 615 et
3237 559 3466 630 populus
3491 561 3646 628 igno-

2062 673 2189 712 rans
2214 665 2506 712 venturum
2553 653 2810 724 gladium,
2861 666 3204 721 nequaquam
3238 666 3299 705 se
3323 652 3647 706 observave-

2062 751 2152 812 rit,
2187 748 2419 818 populus
2465 745 2680 813 quidem
2712 744 2764 797 in
2794 758 2890 796 sua
2920 743 3181 798 morietur
3221 742 3530 810 iniquitate,
3567 751 3646 795 at-

2063 853 2243 897 tamen
2265 840 2585 910 sanguinem
2609 834 2889 888 morientis
2909 833 2977 888 de
2997 832 3349 903 speculatoris
3378 832 3647 900 requiram

2065 947 2244 985 manu.
2287 931 2354 987 Et
2407 939 2468 982 ut
2523 926 2688 981 sciret
2723 925 2982 995 propheta
3039 923 3290 978 Ezechiel
3339 923 3648 993 generalem

2065 1023 2477 1092 disputationem
2506 1020 2574 1072 ad
2623 1033 2682 1072 se
2713 1017 3052 1086 potissimum
3090 1015 3379 1084 pertinere.
3418 1033 3434 1060 ι
3474 1014 3542 1067 Et
3570 1022 3646 1074 tu,

2067 1113 2262 1182 inquit,
2297 1112 2368 1166 Illi
2398 1107 2637 1165 hominis
2670 1126 2688 1158 ι
2723 1121 2828 1160 non
2860 1121 2891 1159 a
2923 1113 3068 1159 terra
3095 1113 3148 1158 et
3181 1119 3211 1157 ει
3233 1103 3430 1174 populo
3466 1112 3648 1164 terra;

2067 1211 2130 1256 ut
2157 1217 2317 1272 supra
2373 1201 2506 1261 dixi,
2550 1199 2646 1255 sed
2675 1213 2706 1252 a
2739 1211 2824 1251 me
2875 1195 3181 1264 speculator
3230 1195 3558 1249 constitutus
3592 1209 3650 1247 cs

2067 1293 2250 1348 domui
2286 1292 2468 1347 Israel.
2507 1311 2524 1342 ι
2570 1290 2631 1345 Si
2657 1303 2786 1359 ergo
2822 1303 2908 1343 me
2933 1287 3148 1342 dicente
3171 1287 3237 1340 ad
3269 1287 3518 1356 impium,
3553 1286 3644 1339 im-

2067 1383 2177 1453 pie,
2218 1392 2392 1437 morte
2420 1381 2693 1443 morieris,
2753 1397 2771 1428 ι
2805 1393 2908 1433 non
2949 1376 3119 1432 lucris
3164 1376 3379 1430 locutus
3431 1376 3499 1429 ad
3526 1391 3651 1430 eum

2068 1481 2131 1528 ut
2159 1488 2218 1529 se
2253 1471 2546 1536 custodiat,
2580 1480 2635 1526 et
2669 1471 2739 1525 de
2766 1469 2985 1524 interitu
3019 1467 3296 1531 liberetur,
3339 1475 3394 1520 et
3414 1466 3505 1521 ille
3527 1467 3652 1536 qui-

2070 1565 2194 1621 dem
2227 1565 2280 1619 in
2305 1580 2401 1620 sua
2432 1563 2718 1634 iniquitate
2747 1560 3027 1622 morietur,
3057 1572 3216 1627 quam
3250 1557 3403 1625 prius
3427 1556 3652 1611 commi-

2072 1665 2241 1722 serat,
2289 1656 2437 1711 etde
2481 1671 2590 1725 qua
2636 1654 2681 1710 si
2737 1651 3116 1707 unuuntiasses
3175 1649 3346 1718 potuit
3384 1649 3650 1703 liberari:

2075 1769 2096 1801 ε
2139 1747 2454 1818 sanguinem
2494 1754 2674 1802 autem
2721 1740 2842 1813 ejus
2875 1742 2940 1795 de
2971 1755 3128 1794 manu
3177 1747 3264 1791 tua
3297 1738 3596 1807 requiram.
3631 1756 3650 1789 ι

2071 1838 2224 1906 Quod
2255 1839 2300 1892 si
2338 1847 2392 1893 tu
2422 1833 2832 1890 annuntiaveris
2871 1831 3035 1901 impio
3064 1837 3225 1897 atque
3248 1829 3574 1897 pra’cepcris
3599 1836 3660 1881 ut

2071 1934 2424 1983 convertatur
2453 1943 2482 1979 a
2513 1926 2614 1979 viis
2665 1924 2779 1978 suis
2827 1920 3094 1992 pessimis,
3127 1927 3184 1973 et
3228 1918 3318 1973 ille
3340 1919 3446 1972 hoc
3475 1916 3658 1973 facere

2071 2019 2329 2084 noluerit,
2369 2018 2456 2073 ille
2484 2017 2702 2088 quidem
2731 2016 2784 2070 in
2815 2029 2911 2070 sua
2943 2011 3228 2082 iniquitate
3279 2010 3565 2075 morietur,
3599 2019 3658 2062 tu

2074 2120 2254 2168 autem
2306 2110 2547 2165 liberasti
2606 2108 2675 2164 de
2735 2105 2960 2162 interitu
3022 2101 3364 2174 negligentia:
3418 2102 3657 2156 animam

2073 2210 2241 2256 tuam.
2273 2199 2350 2253 Ex
2374 2198 2571 2268 quibus
2608 2197 2866 2251 discimus
2893 2207 3054 2265 posse
3100 2193 3377 2246 hominem
3405 2192 3660 2268 quamvis

2073 2291 2339 2360 iniquum,
2375 2298 2430 2346 et
2459 2288 2682 2358 impium
2710 2287 2755 2342 si
2792 2284 3038 2354 magistri
3093 2283 3259 2336 verba
3309 2282 3571 2346 audierit,
3603 2290 3660 2336 et

2072 2379 2244 2451 egerit
2269 2377 2662 2448 paenitentiam,
2690 2391 2720 2428 a
2743 2390 2840 2430 sua
2863 2371 3140 2442 impietate
3161 2370 3357 2425 salvari
3385 2386 3399 2424 ;
3432 2385 3532 2425 nec
3558 2369 3661 2423 mi-

2073 2483 2174 2523 nus
2193 2467 2510 2538 magistrum
2533 2465 2715 2521 subire
2741 2464 3068 2525 discrimen,
3092 2461 3136 2515 si
3170 2460 3365 2515 docere
3397 2457 3660 2524 noluerit,

2071 2562 2158 2618 vel
2186 2562 2380 2617 timore
2412 2558 2770 2622 discriminis,
2821 2555 2906 2612 vel
2944 2553 3323 2624 desperatione
3361 2549 3663 2622 peccantis,

2073 2652 2199 2708 dum
2226 2665 2352 2706 reus
2373 2659 2456 2706 est
2473 2648 2751 2719 sanguinis
2770 2645 2905 2716 ejus,
2929 2646 3020 2715 qui
3046 2643 3264 2699 liberari
3290 2643 3487 2712 potuit,
3512 2648 3570 2697 et
3594 2641 3665 2696 de

2073 2751 2250 2798 morte
2284 2741 2438 2804 erui,
2463 2740 2566 2794 nisi
2605 2737 2850 2807 magistri
2885 2735 3108 2792 silentio
3138 2734 3488 2796 concidisset,
3523 2741 3581 2786 et
3608 2732 3664 2786 in

2073 2843 2308 2902 utroque
2332 2832 2559 2886 liberum
2583 2829 2787 2884 servari
2813 2828 3132 2890 arbitrium,
3158 2825 3286 2880 dum
3313 2831 3368 2878 et
3403 2823 3456 2877 in
3487 2822 3664 2893 magi-

2074 2925 2172 2981 stri
2202 2924 2474 2979 voluntate
2493 2930 2580 2978 est
2604 2921 2689 2977 vel
2716 2929 2896 2976 tacere
2919 2920 3005 2975 vel
3027 2917 3199 2990 loqui,
3230 2925 3288 2972 et
3313 2917 3365 2971 in
3396 2917 3668 2972 auditoris

2075 3015 2302 3071 arbitrio
2325 3014 2410 3068 vel
2443 3014 2629 3070 audire
2663 3021 2718 3068 et
2753 3013 2932 3068 facere
2958 3020 3120 3081 atque
3148 3009 3347 3067 salvari
3366 3049 3381 3075 ,
3414 3008 3502 3062 vel
3529 3022 3662 3062 eon-

2077 3115 2321 3164 temnere
2341 3116 2398 3162 et
2418 3106 2638 3176 proprio
2664 3105 2844 3176 perire
2866 3113 3195 3175 contemptu.
3224 3102 3339 3159 Nec
3364 3102 3553 3157 statim
3578 3115 3670 3157 se—

2073 3202 2282 3271 quitur,
2311 3210 2366 3255 et
2389 3199 2514 3270 quia
2550 3199 2807 3267 prepheta
2829 3196 3101 3267 praedicit,
3122 3197 3306 3252 veniat
3338 3193 3486 3266 quod
3519 3208 3666 3263 prae-

2075 3291 2211 3345 dixit
2233 3309 2246 3344 :
2273 3305 2377 3344 non
2399 3289 2541 3344 enim
2563 3289 2803 3359 praedicit
2820 3297 2879 3342 ut
2899 3289 3096 3351 veniat,
3127 3287 3218 3342 sed
3243 3302 3312 3341 ne
3334 3284 3544 3348 veniat,
3567 3298 3670 3339 nec

2074 3383 2199 3452 quia
2235 3383 2376 3436 Deus
2412 3380 2681 3448 loquitur,
2710 3393 2930 3434 necesse
2957 3387 3040 3433 est
3076 3377 3190 3431 lieri
3220 3377 3364 3446 quod
3393 3371 3666 3437 mtthtur,

2077 3475 2168 3530 sed
2190 3473 2308 3528 ideo
2327 3472 2712 3535 comminatur,
2728 3477 2788 3524 ut
2807 3476 3156 3524 convertatur
3169 3467 3235 3521 ad
3257 3466 3666 3536 pmnitentiam.

2077 3565 2162 3620 cui
2190 3564 2461 3628 minatur,
2499 3569 2556 3616 et
2584 3575 2691 3614 non
2721 3559 2817 3613 ﬁat
2840 3559 2982 3627 quod
3003 3557 3242 3612 futurum
3274 3564 3380 3622 est,
3417 3556 3465 3611 si
3498 3556 3666 3611 verba

2077 3654 2288 3709 Domini
2325 3660 2764 3708 contemnantur.
2808 3650 3100 3704 Possumus
3139 3657 3320 3702 autem
3372 3646 3662 3716 tripliciter

2077 3744 2256 3799 locqu
2282 3745 2445 3799 istum
2473 3742 2772 3802 disserere,
2808 3748 2867 3793 ut
2892 3747 3039 3793 terra
3069 3753 3189 3806 quae
3214 3736 3320 3791 sibi
3347 3737 3660 3806 speculato-

2079 3852 2193 3891 rem
2242 3833 2545 3898 constituit,
2575 3832 2658 3886 vel
2697 3831 2852 3901 juxta
2896 3829 3130 3884 litteram
3160 3836 3304 3882 terra
3332 3826 3521 3881 Judzea
3565 3827 3660 3888 sit,

2078 3927 2164 3984 vel
2208 3928 2361 3998 juxta
2408 3923 2706 3996 spiritalem
2752 3919 3160 3991 intelligentiam
3211 3917 3486 3980 Ecclesia,
3543 3933 3664 3986 quae

2080 4033 2223 4086 saepe
2262 4017 2330 4072 de
2367 4012 2677 4070 novissimis
2704 4010 2886 4081 populi
2919 4009 3002 4063 sui
3043 4006 3440 4077 speculatorem
3479 4005 3661 4075 eligit,

2083 4109 2232 4163 illum
2257 4106 2507 4162 videlicet
2534 4118 2695 4175 quem
2726 4110 2779 4157 et
2798 4099 3086 4171 Apostolus
3115 4098 3358 4152 scribens
3383 4096 3452 4150 ad
3474 4095 3664 4150 Corin-

2083 4201 2226 4256 thios
2268 4198 2495 4254 assumit
2523 4196 2791 4265 judieem,
2833 4193 2918 4248 vel
2957 4200 3107 4247 certe
3149 4190 3328 4244 anima
3360 4189 3663 4250 credentis,

2084 4307 2205 4360 qua:
2253 4297 2486 4344 mentem
2527 4296 2691 4355 atque
2732 4284 2998 4339 rationem
3025 4281 3290 4352 przeponit
3334 4278 3558 4348 populo,
3603 4293 3668 4333 ac

410 4411 466 4454 tu
498 4399 541 4454 si
579 4395 984 4452 aununtiaveris
1011 4394 1196 4462 iniquo
1225 4400 1280 4446 et
1331 4405 1437 4444 non
1466 4405 1762 4444 conversus
1818 4389 1982 4444 fuerit
2010 4418 2060 4478 Β
2086 4380 2257 4435 turbae
2301 4376 2684 4447 cogitationum
2716 4387 2957 4475 suorum.
2999 4377 3202 4478 utnec
3245 4367 3430 4421 omnia
3457 4365 3665 4478 cqgim-

408 4492 476 4546 ab
504 4489 788 4560 iniquitate
836 4501 957 4552 sua,
983 4493 1040 4540 et
1061 4501 1090 4538 a
1115 4485 1200 4538 via
1257 4498 1378 4547 sua,
1433 4481 1649 4551 iniquus
1678 4481 1768 4536 ille
1798 4481 1852 4534 in
1881 4481 1980 4536 im—

407 4583 614 4654 quitate
663 4595 758 4635 sua
809 4577 1094 4641 morietur,
1151 4583 1207 4628 et
1236 4583 1289 4628 tu
1318 4572 1554 4626 animam
1613 4579 1758 4624 tuam
1781 4570 1981 4625 libera-

409 4676 510 4731 bir.
545 4693 564 4726 ι
599 4673 728 4739 Qua:
756 4671 799 4726 si
838 4670 1124 4740 diligenter
1174 4665 1446 4735 inspicias,
1509 4663 1761 4732 intelligis
1788 4662 1983 4717 similia

409 4763 624 4834 quidem
669 4776 808 4826 esse,
833 4761 926 4815 sed
955 4775 1062 4814 non
1085 4757 1294 4821 eadem,
1329 4755 1456 4808 dum
1489 4754 1542 4808 in
1573 4753 1842 4824 plerisque
1876 4753 1986 4807 dis-

412 4851 656 4907 cordant.
705 4849 772 4903 Et
799 4848 900 4903 hoc
934 4848 986 4901 in
1027 4846 1279 4902 omnibus
1325 4843 1624 4913 Scripturis
1653 4842 1857 4896 sanctis
1884 4843 1985 4896 ob-

410 4958 630 4999 servare
660 4941 940 5004 debemus,
980 4939 1067 4992 ubi
1099 4938 1308 4992 videtur
1335 4937 1512 5005 aliqua
1542 4935 1838 4990 similitudo
1867 4948 1988 4989 esse

410 5035 713 5098 sententiae,
744 5048 850 5087 non
881 5032 932 5085 in
959 5031 1206 5086 oumibus
1240 5030 1428 5083 eadem
1465 5028 1590 5093 dici,
1623 5028 1717 5083 sed
1741 5027 1823 5081 vel
1855 5026 1987 5081 sub~

413 5126 553 5181 trahi
585 5124 840 5195 pleraque
871 5121 955 5175 vel
981 5121 1124 5185 addi,
1155 5127 1211 5174 et
1236 5119 1568 5189 singulorum
1619 5119 1761 5172 inter
1784 5132 1842 5171 se
1865 5132 1986 5171 ver-

412 5223 602 5276 borum
642 5215 1062 5287 discrepantiam
1111 5213 1310 5267 habere
1340 5215 1620 5267 rationem.
1648 5212 1715 5266 Et
1771 5211 1986 5266 interim

410 5312 724 5380 priusquam
760 5307 829 5362 ad
882 5304 1073 5359 altiora
1128 5301 1432 5365 veniamus,
1485 5301 1666 5355 brevis
1705 5307 1788 5354 est
1818 5299 1988 5369 expli-

411 5401 580 5456 canda
627 5397 910 5454 sententia.
945 5394 1000 5449 Si
1033 5392 1338 5463 speculator
1369 5391 1531 5445 fuerit
1579 5389 1904 5445 constitutus
1931 5388 1985 5442 in

412 5491 640 5561 populis,
670 5497 730 5544 ut
781 5486 1064 5544 annuntiet
1113 5483 1345 5558 gladium
1378 5481 1589 5536 Domini
1631 5482 1873 5550 iramque
1899 5495 1991 5535 ve-

414 5581 668 5644 nientem,
700 5588 750 5634 et
779 5578 1131 5633 annuntiante
1181 5589 1248 5629 co
1298 5571 1527 5642 pupulas
1575 5569 1764 5625 audire
1801 5569 1990 5624 nolue-

419 5671 506 5725 rit.
560 5673 859 5728 socculator
895 5671 1029 5726 liber
1071 5669 1193 5735 crit,
1223 5676 1277 5722 cl
1307 5666 1395 5720 ille
1431 5666 1522 5733 qui
1583 5677 1877 5729 oppressus
1907 5671 1990 5716 est

2088 4473 2292 4528 tionum
2332 4467 2600 4524 incentiva
2646 4463 2924 4533 suscipiat,
2953 4461 3048 4516 sed
3069 4458 3278 4528 judicet
3303 4465 3470 4527 atque
3495 4457 3670 4511 dicer-

2084 4572 2201 4628 nat,
2235 4576 2356 4631 quae
2381 4557 2637 4614 sectanda
2665 4555 2766 4610 sibi
2801 4567 2988 4622 quzeve
3021 4549 3268 4620 fugienda
3295 4548 3425 4602 sint.
3465 4547 3640 4618 Specu

2086 4655 2226 4709 lator
2273 4660 2431 4706 terrae
2475 4647 2694 4711 Judaeze,
2752 4643 2837 4699 vel
2891 4657 2986 4698 rex
3037 4647 3217 4711 potest
3263 4637 3536 4708 intelligi,
3586 4636 3665 4690 vel

2087 4745 2376 4814 Propheta.
2430 4738 2749 4809 Speculator
2785 4745 2963 4790 autem
2995 4729 3283 4792 Ecclesire,
3321 4727 3409 4782 vel
3451 4728 3666 4796 episco-

2087 4852 2209 4906 pus,
2234 4833 2320 4889 vel
2354 4831 2654 4901 presbyter,
2685 4826 2778 4896 qui
2807 4840 2838 4878 a
2864 4822 3060 4894 populo
3080 4820 3308 4882 electus,
3333 4827 3391 4872 et
3422 4815 3667 4886 Scriptu-

2091 4943 2272 4984 rarum
2307 4924 2538 4981 lectione
2561 4931 2890 4991 cognoscens
2913 4922 2968 4969 et
2999 4911 3301 4984 praevidens
3327 4923 3453 4978 quae
3492 4907 3669 4962 futura

2091 5023 2230 5084 sint,
2272 5015 2555 5072 annuntiet
2595 5009 2823 5082 populo,
2865 5014 2922 5062 et
2958 5003 3196 5074 corrigat
3243 4999 3666 5067 delinquentem.

2097 5109 2245 5166 Unde
2271 5119 2596 5178 magnopere
2629 5098 3029 5157 formidandum
3074 5103 3180 5160 est,
3208 5107 3276 5147 ne
3315 5091 3383 5146 ad
3427 5091 3535 5145 hoc
3563 5087 3669 5144 olli-

2091 5203 2232 5257 cium
2255 5198 2575 5254 accedamus
2598 5191 2820 5264 indigni,
2851 5197 2906 5244 et
2932 5185 3196 5256 assumpti
3229 5201 3260 5238 a
3281 5182 3483 5254 populo
3509 5181 3670 5251 negli-

2091 5293 2282 5366 gentiae
2307 5306 2406 5345 nos
2439 5290 2630 5344 demus
2655 5293 2817 5355 atque
2848 5280 3088 5344 desidiaz,
3117 5286 3192 5343 et,
3221 5276 3364 5346 quod
3398 5275 3488 5330 bis
3522 5272 3668 5344 pejus

2090 5365 2191 5450 est,
2223 5381 2431 5438 deliciis
2468 5377 2751 5445 ventrique
2791 5381 2847 5429 et
2886 5372 2999 5426 otio
3040 5369 3366 5431 servientes,
3407 5365 3665 5421 honorem

2093 5489 2192 5529 nos
2219 5470 2500 5540 accepisse
2551 5474 2806 5536 putemus
2832 5477 2941 5518 non
2968 5458 3352 5518 ministerium.
3389 5454 3664 5525 Siquidem

2099 5584 2117 5615 ι
2165 5563 2306 5617 ﬁlius
2349 5557 2584 5614 hominis
2636 5571 2741 5611 non
2787 5553 2935 5608 venit
2996 5547 3332 5613 ministrari,
3378 5547 3476 5603 sed
3517 5543 3657 5600 mini-

2095 5664 2266 5712 strare
2291 5649 2506 5722 (Matth.
2538 5645 2652 5716 xx).
2687 5665 2705 5697 ι
2735 5645 2800 5699 Et
2827 5643 2991 5714 pedes
3024 5639 3407 5710 discipulorum
3432 5635 3582 5701 lavit,
3610 5639 3661 5690 ul
