3972 6184
336 303 443 358 855

1291 301 1643 360 COMMENT.
1687 303 1752 358 IN
1793 303 2244 376 EZEClllEi.EM.
2286 335 2354 345 —-
2393 304 2522 359 LIB.
2556 305 2670 363 Xll.
3502 322 3609 377 854

332 415 646 468 ostenderet
673 425 862 466 omnes
907 411 1096 467 sordes
1151 422 1207 466 et
1238 414 1363 467 vitia
1394 431 1423 468 a
1465 416 1727 484 magistro
1759 417 1811 469 in
1839 416 1917 468 di-
1948 427 1992 482 Α
2022 417 2336 486 exceptione
2381 427 2647 472 convocat
2688 420 2918 475 dicens:
2979 439 2996 471 ι
3036 421 3225 480 Venite
3265 426 3331 480 ad
3373 443 3478 492 me,
3521 433 3612 498 qni

330 507 555 576 scipulis
579 507 776 560 debere
804 504 956 570 dilui,
997 514 1158 573 atque
1193 508 1434 578 purgari.
1468 507 1578 561 Nec
1613 508 1800 561 statim
1831 522 1918 560 re-

329 599 714 669 spondeamus,
737 596 862 666 quid
889 596 1109 666 prodest
1137 597 1330 652 docere
1362 598 1406 651 si
1439 598 1572 652 nolit
1599 598 1812 652 auditor
1836 597 1918 650 fa-

327 704 458 744 cere
486 686 628 757 quod
655 685 938 744 docueris?
961 687 1328 756 unusquisque
1350 688 1492 742 enim
1525 705 1590 742 ex
1616 704 1713 743 suo
1737 688 1922 742 animo

327 791 496 850 atque
517 778 693 834 ollicio
712 777 1008 848 judicatur.
1034 779 1112 833 Tu
1143 779 1188 834 si
1220 779 1430 834 locutus
1463 795 1571 834 non
1601 779 1797 842 fueris,
1830 779 1920 834 ille

322 869 376 923 si
398 869 586 922 audire
605 867 1007 938 contempserit.
1043 866 1251 940 (Greg.)
1289 867 1428 922 llinc
1450 883 1665 937 quoque
1691 868 1920 939 sartagi-

324 973 454 1013 ncm
485 957 738 1012 alioloco
771 955 936 1024 jussit
963 971 1162 1026 ponere
1182 997 1198 1023 ,
1232 958 1373 1013 inter
1403 974 1463 1013 se
1493 965 1549 1013 et
1589 958 1867 1013 civitatem
1901 975 1914 1010 :

331 1068 349 1098 ι
399 1049 468 1102 Ει
491 1058 544 1102 ιιι
575 1064 728 1103 sume
759 1048 852 1103 tibi
880 1050 1211 1118 sartaginem
1237 1049 1495 1113 ferream,
1530 1059 1584 1105 et
1606 1064 1774 1119 pones
1796 1064 1918 1104 eam

327 1163 346 1193 ‹
399 1158 614 1197 murum
658 1140 893 1196 ferreum
936 1141 1077 1196 inter
1122 1149 1192 1205 te,
1237 1150 1294 1217 et
1331 1143 1474 1197 inter
1520 1142 1814 1206 civitatem,
1864 1149 1919 1196 et

324 1257 345 1289 ε
391 1236 707 1292 ohlirmabis
744 1235 936 1289 faciem
977 1243 1126 1289 tuam
1157 1236 1222 1289 ad
1254 1251 1394 1298 eam,
1443 1245 1499 1289 et
1528 1236 1635 1290 erit
1689 1236 1741 1290 in
1771 1235 1916 1290 obsi-

325 1347 344 1378 ι
395 1329 577 1387 dione.
625 1335 682 1382 et
716 1326 1082 1382 circumdabis
1121 1341 1240 1381 eam
1285 1325 1502 1397 (Ezech.
1547 1325 1642 1396 tv).
1698 1345 1716 1378 ι
1764 1326 1916 1382 lianc

317 1420 656 1489 sartaginem
694 1419 837 1474 inter
857 1431 915 1472 se
941 1426 996 1473 et
1015 1417 1313 1487 discipulos
1342 1433 1557 1472 min-um
1584 1416 1784 1472 Paulus
1815 1433 1914 1487 ρος

315 1516 505 1561 suci-at
539 1523 662 1562 cum
699 1507 913 1562 diccbat
948 1526 961 1560 :
1002 1525 1020 1558 ι
1055 1507 1286 1562 Mundus
1308 1523 1426 1562 sum
1462 1523 1492 1561 a
1518 1507 1779 1578 sanguine
1799 1524 1916 1563 om-

321 1619 340 1651 ι
394 1601 542 1653 nium
579 1608 840 1653 vestrum.
891 1599 1005 1653 Non
1053 1601 1198 1653 enim
1249 1597 1551 1668 subterfugi
1623 1599 1914 1667 quominus

320 1712 340 1743 ι
391 1691 768 1745 annuntiat-em
786 1706 948 1746 omne
971 1693 1256 1748 consilium
1279 1692 1373 1748 Dei
1403 1693 1555 1748 vobis
1579 1693 1721 1765 (Act.
1747 1694 1863 1764 xx.)
1887 1714 1905 1746 ι

2027 507 2285 562 laboratis
2340 520 2394 562 et
2450 512 2660 565 onerati
2718 513 2884 576 estis,
2940 522 2994 567 et
3059 529 3158 586 ego
3189 517 3454 582 ,reliciam
3513 537 3610 576 vos

2021 596 2238 668 (Matth.
2271 598 2401 668 xl).t
2437 598 2491 652 Si
2525 611 2704 655 autem
2733 617 2836 656 non
2865 618 3054 658 omnes
3086 606 3486 675 universalitcr,
3518 613 3612 665 sed

2021 688 2280 756 quosdam
2323 690 2572 753 advocat,
2605 693 2850 761 sequitur
2879 701 2936 748 ut
2964 710 3068 749 non
3108 711 3298 753 omnes
3341 701 3450 754 sint
3475 717 3611 756 onc-

2019 781 2149 847 rati,
2191 782 2276 837 vel
2305 783 2582 854 originali,
2608 786 2690 840 vel
2723 787 2918 842 actuali
2947 798 3192 857 peccato,
3233 806 3334 846 nec
3367 808 3493 847 vera
3540 795 3612 847 sit

2019 873 2109 927 illa
2138 877 2405 930 sententia
2436 894 2448 928 :
2486 894 2504 926 ι
2549 876 2750 933 Omnes
2791 880 2936 933 enim
2966 891 3327 948 peccaverunt
3362 893 3416 937 et
3452 895 3611 954 egent

2018 964 2187 1034 gloria
2218 965 2310 1020 Dei
2343 966 2520 1037 (Rom.
2551 967 2656 1039 tu),
2682 988 2713 1030 ι,
2739 985 2836 1024 nec
2857 985 2955 1040 per
2976 987 3164 1027 omnes
3189 974 3436 1030 homines
3463 991 3610 1031 mors

2017 1055 2379 1124 pertransisse
2429 1057 2701 1110 credatur.
2756 1058 2822 1112 Et
2865 1060 2916 1112 in
2966 1068 3172 1115 tantmn
3236 1078 3464 1130 exultes,
3515 1068 3607 1134 qui

2018 1154 2280 1214 pereunt,
2325 1155 2514 1201 contra
2552 1147 2646 1201 Dei
2701 1158 2929 1217 pereunt
2981 1151 3346 1218 voluntatem,
3399 1163 3458 1208 ut
3508 1172 3608 1210 nec

2019 1235 2192 1306 ipsam
2233 1246 2462 1290 mortem
2505 1237 2643 1292 Deus
2678 1236 2872 1292 fecisse
2910 1240 3185 1306 credatur,
3217 1243 3288 1296 ita
3317 1243 3599 1314 Scriptura

2019 1335 2252 1382 testante
2281 1345 2294 1381 :
2329 1347 2348 1378 ι
2384 1327 2520 1394 Quia
2549 1329 2690 1383 Deus
2717 1339 2944 1385 mortem
2992 1349 3098 1387 non
3141 1333 3267 1388 fecit
3294 1335 3443 1406 (δην).
3471 1335 3534 1410 ι),
3581 1357 3600 1390 ι

2017 1433 2118 1474 nec
2147 1418 2342 1491 gaudet
2368 1421 2422 1474 in
2452 1421 2758 1491 perditione
2782 1423 3048 1478 vivorum.
3083 1426 3149 1480 Et
3174 1427 3296 1481 inde
3324 1438 3430 1493 est,
3459 1430 3603 1498 quod

2017 1508 2336 1579 plerumque
2364 1511 2490 1564 dum
2528 1526 2627 1580 pro
2668 1511 2827 1566 bonis
2855 1515 3127 1568 contraria
3160 1515 3494 1584 postulamus
3516 1519 3600 1574 vei

2018 1599 2223 1654 tardius
2247 1599 2334 1653 vel
2363 1614 2700 1669 nequaquam
2731 1611 2915 1655 nostra
2940 1603 3262 1659 exaudiatur
3290 1606 3487 1660 oratio.
3539 1608 3604 1660 Et

2017 1705 2206 1745 rursus
2232 1704 2315 1755 ea,
2361 1706 2481 1761 quae
2507 1691 2779 1746 credimus
2809 1706 2930 1748 esse
2969 1694 3266 1756 contraria,
3309 1697 3511 1752 utiliter
3547 1707 3606 1751 ut

313 1782 472 1836 Nunc
513 1797 645 1853 ergo
693 1783 942 1837 doctores
986 1798 1209 1838 necesse
1249 1791 1350 1846 est,
1402 1792 1462 1838 ut
1503 1791 1762 1853 appetant
1808 1784 1910 1839 zeli
1941 1780 1987 1838 B
2012 1781 2434 1852 benignissimus
2465 1782 2727 1846 medicus,
2761 1784 2924 1838 etiam
2958 1783 3316 1840 invitissimus
3345 1787 3604 1841 Dominus

317 1873 611 1926 ardoribus
637 1871 785 1942 frigi,
815 1888 884 1928 ne
919 1882 1184 1944 cogantur
1232 1883 1353 1944 post
1394 1874 1460 1929 de
1495 1882 1712 1944 torpore
1739 1875 1909 1946 negli-

311 1964 515 2034 gentia:
542 1958 666 2034 igne
708 1965 966 2032 gehennte
1002 1964 1255 2019 cruciari.
1301 1964 1407 2020 Sed
1449 1965 1592 2021 aliud
1633 1974 1728 2020 est
1766 1966 1911 2036 quod

309 2056 534 2124 injustis
552 2065 606 2111 et
633 2057 884 2122 subditis,
914 2057 1058 2111 aliud
1086 2057 1230 2126 quod
1261 2056 1428 2126 justis
1455 2066 1511 2112 ct
1544 2073 1649 2112 non
1678 2058 1909 2113 subditis

309 2146 594 2200 debemus.
624 2146 706 2198 Ad
739 2145 953 2199 illorum
979 2159 1078 2199 nos
1109 2146 1506 2216 eorreptionem
1542 2155 1704 2216 atque
1726 2155 1908 2202 custo-

309 2237 463 2289 diam
514 2234 914 2289 reddendarum
965 2235 1238 2290 rationum
1294 2236 1454 2291 debet
1504 2236 1664 2290 timor
1716 2252 1910 2290 accen-

310 2328 446 2380 dere
488 2344 500 2378 :
554 2325 621 2379 ad
674 2326 903 2380 istorum
953 2327 1361 2380 venerationem
1406 2326 1520 2394 ipsa
1565 2326 1906 2381 considerata

307 2422 545 2490 acqintas
581 2420 870 2475 inclinare.
915 2419 1025 2475 Sed
1065 2428 1383 2490 arrogantes
1413 2419 1538 2483 viri,
1578 2419 1702 2487 quia
1751 2417 1907 2485 hujus

309 2511 543 2565 formam
573 2510 916 2566 discretionis
945 2510 1214 2582 ignorant,
1239 2511 1342 2565 hoc
1364 2509 1528 2577 justis
1550 2519 1605 2564 et
1641 2523 1749 2563 non
1777 2510 1907 2564 sub-

307 2603 444 2656 ditis
469 2602 750 2666 exhibent,
783 2601 924 2670 quod
965 2615 996 2654 a
1031 2600 1188 2656 bonis
1227 2599 1674 2669 prred-icatoribus
1708 2597 1823 2652 ﬁeri
1851 2606 1906 2652 ct

310 2693 530 2763 injustis
571 2703 626 2746 et
683 2691 913 2748 subditis
949 2692 1153 2746 vident.
1207 2691 1309 2759 Qui
1363 2705 1486 2745 cum
1518 2691 1585 2745 ad
1636 2689 1906 2746 lervorcm

299 2783 606 2852 junctionis
653 2784 850 2853 injuste
875 2783 1184 2853 prosiliunt,
1214 2783 1379 2836 etiam
1419 2797 1518 2851 per
1547 2783 1709 2836 verba
1740 2780 1905 2836 male-

305 2879 568 2934 dictionis
593 2878 1040 2948 exceduntzquia
1075 2877 1220 2932 enim
1253 2889 1596 2945 nequaquam
1628 2874 1905 2944 proximos

304 2973 454 3028 sicut
502 2987 561 3026 se
597 2971 856 3040 diligunt,
905 2968 1169 3040 proximis
1228 2977 1419 3038 optare
1468 2983 1576 3022 non
1626 2967 1898 3030 desinunt,

307 3062 455 3132 quod
513 3061 613 3132 ipsi
661 3060 881 3115 sibimet
929 3059 1146 3114 evenire
1178 3059 1587 3128 pertimescunt.
1629 3056 1901 3130 (Hieron.)

2014 1871 2216 1926 inferre
2245 1873 2519 1941 dignatur.
2544 1873 2621 1929 Ac
2669 1891 2773 1928 non
2803 1890 3078 1943 nunquam
3121 1877 3454 1945 perniciosas
3491 1878 3599 1932 dis-

2011 1967 2309 2036 positiones
2382 1974 2597 2023 nostras
2649 1967 2984 2037 lethalesque
3025 1977 3253 2022 conatus
3288 1970 3356 2023 ab
3409 1966 3602 2024 elfeetu

2013 2059 2322 2114 detestabili
2365 2059 2605 2114 retardat
2643 2074 2708 2114 ac
2746 2069 2990 2124 revocat,
3038 2077 3103 2116 ac
3143 2071 3494 2132 properantes
3530 2064 3600 2116 ad

2012 2159 2264 2214 mortem,
2299 2150 2442 2205 etde
2471 2147 2667 2204 inferni
2707 2149 2956 2206 faucibus
2985 2153 3215 2208 retrahit
3240 2153 3310 2209 ad
3347 2154 3598 2218 salutem,

2011 2253 2075 2294 ac
2105 2240 2345 2294 extrahit
2373 2240 2708 2310 ignorantes.

2091 2345 2109 2378 ί
2148 2327 2227 2381 Tn
2259 2329 2464 2399 itaque,
2494 2329 2567 2382 fili
2603 2330 2861 2397 hominis,
2887 2331 2974 2387 dic
3002 2332 3069 2386 ad
3098 2332 3238 2390 ﬁlios
3267 2336 3448 2406 populi
3477 2337 3552 2391 tui
3584 2355 3598 2390 :

2015 2436 2032 2468 ι
2077 2415 2296 2473 Justitia
2321 2417 2456 2486 justi
2486 2435 2591 2474 non
2624 2420 2878 2476 liberabit
2900 2437 3024 2477 eum
3068 2423 3123 2481 in
3160 2439 3484 2496 quacunque
3509 2427 3600 2482 die

2013 2527 2030 2557 ‹
2068 2509 2400 2578 peccaverit.
2449 2509 2515 2563 Et
2556 2511 2805 2580 impietas
2847 2511 2999 2583 impii
3046 2528 3153 2568 non
3187 2515 3404 2570 nocebit
3447 2517 3496 2571 ei
3538 2517 3593 2571 in

2013 2617 2031 2649 ι
2078 2592 2400 2671 quacunque
2427 2602 2515 2658 die
2553 2618 2851 2660 conversus
2881 2605 3048 2660 fuerit
3075 2607 3145 2662 ab
3169 2608 3449 2678 impietate
3475 2627 3596 2666 sua.

2013 2707 2031 2739 ι
2079 2689 2147 2744 Ει
2162 2689 2343 2760 justus
2369 2707 2472 2746 non
2504 2694 2703 2762 poterit
2727 2695 2912 2750 vivere
2941 2696 2994 2750 in
3009 2696 3223 2767 justitia
3251 2714 3349 2754 sua
3381 2700 3436 2755 in
3463 2717 3600 2772 qua-

2012 2800 2030 2832 c
2076 2796 2292 2851 cunque
2313 2782 2399 2837 die
2441 2785 2768 2852 peccaverit.
2798 2785 2975 2840 Etiam
2999 2787 3045 2842 si
3073 2787 3261 2842 dixero
3281 2785 3432 2858 justo
3452 2793 3598 2862 quod

2013 2892 2030 2924 ι
2077 2873 2187 2929 vita
2212 2874 2360 2928 vivat
2392 2883 2449 2929 et
2478 2875 2717 2932 conlisus
2741 2877 2795 2931 in
2829 2878 3040 2946 justitia
3065 2894 3163 2934 sua
3186 2878 3376 2936 fecerit
3403 2881 3602 2952 iniqui-

2012 2984 2030 3016 ‹
2076 2973 2266 3031 tatem,
2290 2980 2481 3022 omnes
2501 2965 2726 3036 justitia:
2753 2969 2870 3040 ejus
2915 2970 3174 3027 oblivioni
3210 2974 3506 3039 tradentur,
3543 2984 3600 3030 et

2012 3077 2030 3109 ι
2077 3060 2131 3115 in
2157 3060 2445 3130 iniquitate
2465 3077 2564 3117 sua
2586 3078 2748 3132 quam
2773 3074 3027 3134 operatus
3051 3074 3155 3132 est,
3180 3068 3232 3122 in
3256 3067 3371 3138 ipsa
3400 3070 3598 3126 morie-

306 3155 388 3210 De
415 3153 690 3224 magistris
718 3151 1114 3223 negligentibus
1137 3151 1390 3206 Salomon
1427 3150 1706 3221 loquitur:
1743 3169 1762 3200 ι
1806 3149 1905 3205 Sa-
1931 3155 1976 3217 ρ
2015 3169 2032 3200 ι
2079 3160 2185 3206 tur.
2219 3151 2317 3206 Sin
2345 3161 2528 3208 autem
2566 3154 2754 3211 dixero
2800 3155 2988 3226 impio,
3031 3157 3202 3213 Morte
3232 3159 3500 3225 morieris,
3539 3172 3596 3216 et

310 3267 331 3298 ι
379 3246 583 3316 pientia
619 3243 931 3300 abscondita
955 3253 1012 3298 et
1036 3244 1325 3298 thesaurus
1352 3243 1618 3308 occultus,
1645 3257 1768 3313 qua:
1791 3243 1899 3298 uti-

311 3360 330 3390 ι
379 3339 505 3393 litas
553 3337 606 3392 in
640 3336 902 3406 utroque?
933 3355 951 3388 ι
989 3334 1180 3406 (Eccli.
1220 3334 1334 3407 xu)
1371 3335 1502 3389 Tale
1530 3335 1661 3404 quid
1690 3334 1900 3404 signiﬁ-

304 3437 469 3485 catur
511 3437 568 3483 et
620 3429 672 3483 in
731 3427 1020 3498 Evangelio
1071 3425 1292 3499 (Matth.
1348 3426 1538 3498 xvm),
1605 3425 1749 3495 quod
1805 3425 1899 3495 qui

307 3519 762 3576 scandalizaverit
788 3533 952 3572 unum
985 3517 1052 3572 de
1084 3517 1322 3572 minimis
1344 3516 1620 3582 Ecclesiae,
1647 3515 1902 3586 expediat

306 3615 359 3666 ei
382 3621 438 3666 ut
461 3613 713 3680 alligetur
727 3611 794 3666 ad
819 3609 1016 3667 collum
1033 3609 1151 3680 ejus
1168 3609 1309 3664 mola
1335 3609 1593 3674 asinaria,
1609 3617 1664 3663 et
1676 3607 1900 3678 abjicia-

311 3713 402 3757 tur
429 3703 480 3756 in
505 3703 854 3773 profundum,
879 3717 1039 3771 quam
1064 3702 1117 3755 in
1145 3700 1361 3770 specula
1387 3701 1712 3756 constitutus
1734 3700 1900 3770 pluri-

309 3795 416 3848 mis
455 3801 666 3847 noceat.
701 3813 720 3844 ‹
759 3793 838 3847 Τιι
861 3808 1010 3863 ergo,
1043 3792 1117 3848 ﬁli
1151 3793 1409 3858 hominis,
1441 3794 1530 3849 dic
1571 3794 1640 3849 ad
1681 3795 1898 3850 domum

309 3883 514 3937 Israel:
554 3883 634 3938 sic
674 3883 836 3938 locuti
867 3884 1000 3938 estis
1030 3883 1295 3949 dicentes,
1331 3885 1647 3955 iniquitates
1699 3892 1899 3939 nostra:

307 3986 363 4028 et
406 3983 625 4042 peccata
670 3983 855 4029 nostra
903 3988 1068 4044 super
1115 3989 1214 4029 nos
1249 3983 1406 4040 sunt,
1440 3981 1496 4028 et
1538 3973 1592 4028 in
1623 3973 1757 4044 ipsis
1798 3987 1898 4027 nos

311 4064 662 4127 tabescimus,
691 4064 962 4133 quomodo
988 4077 1120 4133 ergo
1148 4064 1331 4118 vivere
1353 4063 1688 4133 poterimus?
1712 4062 1808 4117 Dic
1829 4063 1897 4118 ad

309 4169 446 4209 eos:
481 4153 616 4209 Vivo
644 4169 764 4226 ego,
814 4155 944 4210 dicit
982 4155 1243 4210 Dominus
1287 4155 1452 4220 Deus,
1497 4154 1624 4211 nolo
1664 4164 1898 4211 mortem

307 4245 484 4315 impii,
517 4245 610 4300 sed
655 4256 716 4301 ut
756 4255 1062 4302 revertatur
1106 4247 1304 4318 impius
1344 4263 1376 4302 a
1409 4247 1489 4303 via
1513 4263 1608 4304 sua
1638 4256 1696 4304 et
1727 4248 1894 4304 vivat.

306 4338 698 4394 Convertimini
734 4354 765 4392 a
812 4338 916 4393 viis
957 4339 1154 4394 vestris
1195 4338 1445 4410 pessimis
1482 4346 1539 4394 et
1566 4353 1737 4409 quare
1781 4355 1900 4395 mo-

311 4427 555 4493 riemini,
577 4428 769 4482 domus
799 4426 982 4483 Israel.
1016 4446 1036 4479 ι
1071 4424 1232 4498 (Greg
1259 4426 1278 4498 )
1305 4424 1407 4494 Qui
1443 4429 1592 4483 enim
1617 4437 1680 4484 ut
1705 4437 1898 4500 pereat

2005 3259 2025 3292 ι
2069 3243 2242 3312 egerit
2267 3243 2644 3314 pmnitentiam
2680 3260 2709 3299 a
2737 3255 2963 3315 peccato
2989 3263 3110 3313 suo,
3135 3247 3431 3320 feceritque
3446 3251 3595 3321 judi-

2007 3350 2025 3382 ι
2070 3332 2216 3387 cium
2241 3341 2300 3389 et
2325 3332 2619 3403 justitiam,
2656 3335 2851 3404 pignus
2895 3337 3198 3392 restituerit
3227 3337 3316 3393 ille
3365 3339 3590 3410 impius,

2007 3440 2024 3472 ι
2068 3423 2426 3494 rapinamque
2471 3424 2783 3490 reddiderit,
2829 3426 2883 3480 in
2930 3427 3202 3483 mandatis
3231 3429 3358 3483 vitae
3403 3429 3595 3484 atabu-

2007 3531 2024 3562 ς
2072 3513 2290 3581 laverit,
2322 3530 2425 3570 nec
2457 3514 2648 3570 fecerit
2669 3517 2965 3587 quidquam
2989 3517 3271 3588 injustum,
3310 3520 3418 3576 vita
3447 3523 3598 3578 vivet

2004 3622 2025 3657 ι
2071 3613 2128 3660 et
2150 3620 2258 3659 non
2283 3605 2566 3672 morietur,
2597 3608 2779 3661 omnia
2801 3617 3020 3678 peccata
3063 3609 3203 3679 ejus,
3232 3625 3354 3680 qua:
3395 3625 3590 3680 pecca-

2008 3714 2026 3747 ι
2069 3696 2150 3750 vit
2199 3711 2306 3751 non
2348 3697 2757 3767 imputabuntur
2799 3699 2872 3752 ei.
2920 3696 3195 3754 Judicium
3223 3709 3294 3755 et-
3315 3699 3590 3770 justitiam

2007 3805 2026 3838 ι
2070 3787 2218 3854 lecit,
2247 3788 2356 3842 vita
2403 3787 2571 3843 vivet.
2606 3789 2673 3842 Et
2697 3789 2952 3844 dixerunt
2988 3788 3081 3844 ﬁlii
3117 3790 3298 3860 populi
3345 3791 3441 3846 tui.
3473 3791 3590 3846 Non

2005 3897 2023 3930 ι
2066 3887 2154 3932 est
2191 3879 2336 3948 aequi
2390 3878 2648 3948 ponderis
2695 3879 2784 3933 via
2840 3879 3076 3947 Domini,
3117 3889 3174 3935 et
3214 3881 3454 3952 ipsorum
3502 3883 3590 3938 via

2007 3987 2024 4020 ι
2071 3967 2268 4038 injusta
2293 3977 2396 4024 est.
2429 3968 2562 4024 Cum
2599 3970 2744 4024 enim
2782 3968 3270 4040 recesseritjustus
3317 3988 3347 4027 a
3379 3971 3592 4040 justitia

2007 4081 2025 4112 ι
2071 4077 2201 4127 sua,
2239 4061 2532 4132 feceritque
2581 4062 2957 4137 iniquitatem,
2992 4065 3258 4120 morietur
3295 4065 3350 4119 in
3382 4066 3483 4121 eis.
3522 4065 3591 4126 Et

2005 4172 2026 4206 ι
2071 4169 2194 4208 cum
2220 4153 2505 4209 recesserit
2528 4154 2726 4225 impius
2753 4155 2820 4209 ab
2842 4154 3120 4224 impietate
3140 4170 3236 4210 sua
3254 4195 3269 4220 ,
3293 4154 3590 4223 feceritque

2007 4261 2025 4294 ι
2064 4241 2325 4311 judicium
2351 4252 2407 4298 et
2424 4243 2713 4314 justitiam,
2749 4243 2894 4300 vivet
2917 4245 2970 4300 in
2997 4245 3094 4300 eis.
3117 4244 3186 4299 Et
3223 4246 3438 4310 dicetis,
3468 4243 3587 4300 Non

2008 4351 2026 4384 ι
2071 4342 2157 4388 est
2200 4341 2350 4390 recta
2375 4334 2464 4389 via
2497 4334 2732 4391 Domini.
2793 4335 3244 4406 Unumqnetuque
3273 4335 3430 4404 juxta
3472 4335 3590 4391 vias

2009 4443 2027 4475 ι
2075 4441 2204 4480 suas
2229 4424 2484 4496 judicabo
2513 4427 2580 4482 de
2608 4427 2779 4492 vobis,
2816 4427 3008 4481 domus
3029 4425 3214 4480 Israel.
3250 4443 3269 4476 ι
3311 4424 3582 4498 (Ηῐει-οη.)

310 4534 451 4573 unus
499 4518 568 4572 de
610 4517 820 4586 pusillis
872 4533 980 4572 non
1030 4516 1197 4573 habet
1238 4516 1590 4585 voluntatem,
1631 4533 1741 4589 quo
1780 4519 1898 4573 sine
1923 4504 1976 4564 1)
2003 4514 2060 4571 Si
2100 4515 2434 4586 negligenter
2474 4516 2714 4584 legamus
2766 4517 2980 4571 videtur
3015 4515 3173 4570 nobis
3216 4517 3409 4570 eadem
3460 4530 3587 4585 pro-

309 4608 516 4680 ingenti
564 4607 845 4678 sacrilegio
891 4607 1164 4678 putandus
1203 4614 1318 4672 est,
1363 4623 1470 4663 non
1516 4607 1899 4664 universaliter

307 4717 524 4766 omnes,
549 4701 641 4755 sed
669 4700 934 4770 quosdam
980 4699 1161 4756 salvos
1197 4698 1315 4755 lieri
1359 4698 1514 4754 velle.
1544 4699 1623 4753 Ex
1647 4701 1900 4755 omnibus

307 4808 441 4862 ergo
483 4792 790 4862 quicunque
835 4800 1080 4861 pereunt,
1121 4799 1312 4846 contra
1356 4789 1502 4845 illius
1545 4801 1774 4860 pereunt
1806 4806 1901 4846 vo-

309 4883 592 4938 luntatem.
621 4881 700 4937 lta
727 4895 799 4936 eo
881 4882 948 4936 ad
972 4895 1412 4951 unumquemque
1439 4893 1629 4935 eorum
1657 4881 1901 4951 quotidie

308 4975 729 5047 proclamante;
781 4993 798 5025 ι
852 4973 1242 5029 Convertimini
1277 4989 1307 5027 a
1355 4972 1459 5026 viis
1487 4972 1685 5026 vestris
1731 4973 1898 5040 pessi-

312 5071 437 5124 mis.
475 5087 493 5121 ι
531 5068 636 5124 Et:
667 5086 687 5120 ι
723 5068 901 5135 Quare
937 5066 1263 5130 moriemini,
1301 5066 1493 5121 domus
1519 5064 1722 5120 Israel?
1768 5084 1790 5120 ι
1828 5065 1895 5120 Et

313 5163 511 5216 iterum
561 5179 574 5213 :
629 5177 647 5210 ε
700 5159 925 5226 Quoties
981 5159 1127 5213 volui
1172 5172 1502 5228 congregare
1551 5157 1690 5213 filios
1748 5165 1890 5223 tuos,

312 5253 456 5307 sicut
484 5251 684 5322 gallina
709 5259 1003 5323 congregat
1023 5250 1198 5320 pullos
1226 5265 1354 5305 suos
1381 5249 1484 5305 sub
1515 5249 1628 5309 alas
1658 5265 1808 5318 suas,
1839 5259 1897 5305 et

313 5342 569 5398 uoluisti?
604 5361 623 5394 ι
651 5341 867 5414 (Matth.
901 5340 1081 5414 ιιιιι.)
1111 5341 1175 5396 Ει
1200 5361 1212 5396 :
1243 5362 1260 5394 ι
1283 5341 1483 5410 Quare,
1511 5343 1706 5413 inquit,
1739 5357 1895 5399 aver-

310 5450 410 5492 sus
435 5444 523 5491 est
564 5434 796 5506 populus
841 5435 946 5490 iste
976 5435 1032 5490 in
1080 5433 1418 5490 Hierusalem
1446 5435 1730 5490 aversione
1770 5450 1900 5495 con-

313 5525 572 5582 tentiosa.
605 5524 999 5581 lnduraverunt
1034 5527 1277 5581 cervices
1310 5541 1461 5592 suas,
1489 5526 1782 5582 noluerunt
1809 5540 1898 5582 re-

311 5616 474 5671 verti.
524 5635 543 5668 ι
583 5613 790 5670 Ρνωειο
831 5624 916 5670 est
963 5630 1092 5685 ergo
1121 5615 1365 5684 quotidie
1411 5615 1503 5669 Dei
1531 5615 1732 5685 gratia,
1781 5630 1898 5684 qua:

314 5706 441 5762 dum
472 5705 587 5760 vult
630 5722 819 5764 omnes
846 5707 1094 5763 homines
1130 5705 1306 5762 salvos
1342 5704 1459 5760 lieri
1485 5745 1500 5770 ,
1533 5707 1738 5778 absque
1788 5706 1892 5764 ulla

1999 4609 2182 4678 phetia
2212 4623 2363 4673 esse,
2391 4623 2511 4676 quae
2548 4623 2708 4678 supra
2759 4608 2812 4661 in
2854 4623 2960 4678 qua
2997 4607 3235 4663 dicitur:
3281 4625 3299 4657 ι
3334 4605 3588 4678 Nunquid

1997 4700 2186 4756 volens
2227 4699 2386 4769 cupio
2433 4707 2665 4753 mortem
2711 4697 2923 4769 iniqui,
2962 4698 3094 4754 dicit
3131 4698 3430 4762 Dominus,
3478 4697 3582 4753 nisi

2000 4790 2245 4846 converti
2275 4803 2400 4843 eum
2429 4804 2460 4843 a
2485 4788 2572 4843 via
2593 4787 2735 4842 mala
2759 4797 2816 4844 et
2843 4789 3062 4844 vivere?
3085 4809 3103 4840 ι
3135 4789 3203 4846 Ει
3225 4789 3277 4845 in
3309 4788 3417 4844 line
3446 4787 3584 4857 ejus-

2003 4883 2127 4938 dem
2152 4880 2448 4952 prophetiae
2484 4897 2497 4933 :
2545 4899 2563 4932 ι
2610 4878 3004 4936 Convertimini
3034 4890 3090 4936 et
3135 4882 3310 4940 redite
3353 4882 3422 4938 ab
3461 4882 3583 4936 uni—

2001 4972 2176 5028 versis
2222 4970 2590 5042 impietatibus
2622 4971 2841 5035 vestris,
2883 4981 2941 5026 et
2980 4987 3086 5027 non
3125 4984 3285 5028 erunt
3327 4975 3481 5031 vobis
3527 4977 3580 5031 in

2001 5072 2331 5120 tormentum
2357 5063 2676 5135 iniquitatis.
2719 5083 2736 5116 I
2773 5062 2852 5118 lbi
2873 5063 3018 5119 enim
3048 5064 3117 5119 ad
3159 5079 3254 5122 eos
3287 5080 3466 5122 sermo
3497 5067 3578 5133 tit,

1999 5157 2091 5227 qui
2147 5155 2338 5210 volunt
2379 5169 2542 5226 agere
2586 5156 2962 5224 paenitentiam
3004 5164 3060 5210 et
3097 5155 3309 5225 justitia
3355 5170 3577 5228 peccata

1999 5248 2200 5312 delere,
2230 5256 2290 5301 ut
2315 5261 2442 5303 cum
2481 5246 2672 5302 fiducia
2695 5257 3100 5312 convertantur,
3123 5258 3177 5304 et
3216 5249 3376 5318 pleno
3399 5253 3581 5306 animo

1999 5344 2163 5408 agant
2198 5335 2594 5407 penitentiam.
2628 5333 2727 5390 llic
2754 5345 2934 5390 autem
2960 5337 3026 5392 ad
3064 5353 3158 5392 eos
3185 5337 3452 5407 loquitur,
3485 5342 3578 5411 qui

2000 5427 2374 5498 magnitudine
2413 5435 2784 5497 peccatorum,
2813 5430 2921 5482 imo
2969 5429 3304 5497 impietatum
3357 5445 3577 5492 suarum

1999 5521 2290 5591 desperant
2332 5519 2582 5586 salutem,
2615 5529 2670 5574 et
2697 5521 2883 5575 dicunt
2910 5537 2923 5573 :
2946 5519 3263 5589 Iniquitatth
3289 5529 3487 5577 nostra
3523 5533 3580 5580 et

2001 5619 2223 5683 peccata
2260 5618 2443 5666 nostra
2473 5625 2638 5680 super
2675 5626 2774 5666 nos
2811 5619 2958 5674 sunt,
2997 5619 3054 5664 et
3096 5611 3151 5665 in
3178 5611 3310 5680 ipsis
3351 5613 3583 5671 tabesci-

2002 5718 2143 5770 mus,
2166 5704 2434 5776 quomodo
2450 5719 2578 5777 ergo
2593 5703 2772 5757 vivere
2793 5700 3127 5776 poterimus?
3151 5701 3216 5761 Et
3239 5712 3324 5762 est
3349 5718 3574 5766 sensus.
