1986 3092
232 168 284 195 8ὖῆ

548 165 576 191 Β.
598 162 723 190 ΠριὲῖΧέίί
744 161 850 189 ΜᾹῙΠῙΙ
871 160 1028 189 ARCIIIEP.
1051 160 1207 189 MOGUNT.
1227 159 1369 189 OPERUSI
1387 159 1476 187 PARS
1496 159 1527 186 II.

1148 112 1161 122 ο

1816 160 1869 188 8le

233 225 301 251 llum
312 221 395 250 smnel
412 222 489 249 nobis
510 229 583 248 mors
596 218 731 255 proposita
750 223 801 250 est,
819 223 846 245 et
864 217 1022 245 vulneribus
1037 222 1061 249 Α
1076 218 1109 244 ad
1133 226 1175 245 me
1189 225 1313 253 vespere,
1325 222 1469 252 antequam
1489 217 1594 244 veniret
1608 216 1652 251 qui
1672 216 1791 252 fugerat,
1804 224 1869 252 ape-

236 269 336 296 nostris
352 267 422 295 nulla
444 266 576 293 medicina
592 266 676 300 possit
699 265 841 293 restituere
865 265 1022 296 sanitatem,

235 315 299 350 quid
320 321 429 341 necesse
453 317 494 339 est
515 312 647 342 laborare,
665 317 692 339 et
707 310 807 339 frus'tra
833 311 978 339 consumi?
996 316 1024 338 et

236 364 395 395 przesentcm
406 359 488 385 vitam
509 366 561 384 non
579 366 639 384 eum
659 358 846 392 desperatione
863 357 1022 392 transigere,

236 411 266 431 nt
281 404 374 432 saltent
398 404 448 431 hac
469 403 599 435 fruamur,
620 403 683 438 quia
709 404 826 430 futuram
844 404 1021 438 perdidimus.

236 451 338 484 Quibus
352 450 494 485 respondet
508 450 589 481 Deus,
605 457 658 476 non
674 450 742 477 velle
755 457 784 477 su
807 455 920 477 mortem
937 450 1023 484 impii,

236 497 281 523 sed
296 500 324 522 ut
339 500 491 523 revertatur
512 500 539 522 et
557 495 637 522 vivat.
652 496 684 522 Et
696 496 886 530 apostropham
909 496 973 523 facit
991 497 1024 523 ad

237 541 332 575 impios
353 541 537 574 desperantes.
563 550 572 566 ‹
596 540 790 568 Convertimini
813 550 826 568 a
856 542 906 569 viis
928 543 1025 569 vestris

236 587 370 620 pessimis.
393 596 402 611 )
419 586 507 620 Atque
530 591 558 612 ut
589 587 706 613 sciamus
736 588 780 622 qui
810 588 864 614 sint
886 588 959 623 impii
992 589 1024 615 ad

236 639 304 665 quos
325 631 444 666 loquitur
458 639 573 666 sequens
592 640 680 658 sermo
700 632 867 660 demonstrat
885 643 890 659 :
910 643 918 658 ι
934 635 1026 667 Quare

236 676 399 708 moriemini,
415 676 510 703 domus
531 676 629 703 Israel?
643 686 651 702 ι
673 676 734 703 Vita
747 682 835 704 autem
860 682 886 705 et
903 686 975 705 mors
998 679 1024 705 in

237 723 288 749 hoc
301 723 358 750 loco
374 731 426 750 non
441 723 496 749 hzec
512 722 690 757 signiﬁcatur,
709 731 761 757 qua
776 731 871 750 omnes
886 725 1024 751 communi

235 776 297 794 cum
311 768 403 795 bestiis
420 768 476 802 lege
499 773 601 794 naturm
617 768 658 795 vel
673 768 797 799 vivimus,
819 768 858 795 vel
873 774 959 796 morte
973 769 1026 796 dis-

236 814 376 846 sulvinmr,
398 814 444 841 sed
468 813 510 840 illa
535 814 567 840 de
590 821 641 848 qua
660 814 789 848 scriptmu
805 818 867 840 est:
885 824 893 839 ι
911 813 1026 841 Placeho

237 859 350 886 Domino
373 859 399 885 in
426 859 535 894 regione
560 858 707 886 viventium
738 858 823 894 (Paul.
849 859 933 894 cxrv.)
958 870 966 884 ι
994 860 1026 887 Ει

237 906 336 937 anima,
354 913 414 940 qua:
427 905 590 940 peccaverit,
612 905 667 940 ipsa
683 906 822 933 morietur.
842 905 875 932 Et
886 914 900 932 a
916 907 1024 941 speciali

236 952 444 980 commonitione
455 960 506 987 qua
521 952 600 979 Israel
617 953 705 979 domui
718 952 887 986 loquebatur,
900 952 932 978 ad
946 960 1025 987 gene-

239 997 322 1024 ralem
339 997 437 1024 transit
458 997 665 1031 disputationem
684 997 755 1031 quod
767 997 902 1031 etjustum
915 1002 1026 1033 praui-r-

237 1042 281 1069 ita',
304 1049 355 1068 non
377 1042 612 1076 salventjustitite,
632 1043 654 1068 si
679 1042 755 1068 novis
771 1042 920 1070 sceleribus
944 1041 1026 1070 fuerit

235 1090 391 1120 occupatus,
413 1090 439 1113 et
453 1091 623 1121 peceatorem
640 1085 680 1113 vel
702 1086 813 1121 impium
833 1087 942 1121 antiqua
962 1095 1024 1121 pce-

236 1136 296 1158 cata
313 1139 364 1159 non
377 1131 502 1166 perdant,
521 1131 542 1159 si
557 1131 805 1166 operibusjustitizn
818 1135 926 1159 veteres
938 1140 1028 1159 outer;-

236 1176 308 1203 darit
322 1184 439 1209 errores,
459 1177 598 1211 Deumque
621 1185 673 1204 non
698 1177 832 1212 przeterita
858 1177 884 1203 in
913 1182 1027 1212 utroque

234 1222 371 1256 judicare,
389 1223 436 1250 sed
458 1223 610 1258 pnescntia.
635 1233 643 1249 ι
662 1223 690 1250 Si
710 1224 815 1253 dixero,
837 1224 935 1258 inquit,
954 1223 1027 1257 justo

236 1267 292 1294 vita
308 1268 392 1301 vives,
412 1277 421 1294 ι
439 1272 465 1295 ct
483 1268 508 1296 ei
520 1268 629 1303 prmmia
648 1268 761 1303 justitim
781 1267 919 1302 pollicitus
940 1268 1025 1297 fuero.

236 1312 408 1347 conllsusque
424 1312 467 1340 ille
492 1313 656 1348 peccaverit,
670 1321 763 1341 onmcs
773 1313 886 1348 justitim
903 1313 960 1347 ejus
973 1314 1028 1348 pri-

234 1358 313 1384 stime
324 1358 451 1385 oblivioni
467 1359 616 1391 tradentur,
627 1363 654 1386 et
668 1359 793 1394 pneseuti
812 1359 953 1394 iniquitate
969 1367 1027 1386 mo—

236 1402 331 1429 rietur.
346 1402 400 1429 Nec
412 1411 471 1431 mea
484 1408 526 1431 est
540 1408 642 1430 mutata
658 1404 801 1435 sententia,
820 1412 880 1430 cum
897 1412 949 1431 non
964 1412 1028 1438 pos-

236 1447 286 1474 sim
300 1447 326 1474 iu
338 1448 432 1475 eodem
448 1449 567 1481 homine,
578 1452 722 1483 peccaturo
736 1449 859 1479 reddere,
876 1449 946 1483 quod
954 1448 1028 1482 justo

236 1493 424 1528 promiseram.
437 1493 458 1520 E
473 1493 609 1520 contrario
625 1494 646 1520 si
662 1493 797 1527 peccaturi
813 1497 840 1520 et
853 1493 935 1529 impip
952 1493 1028 1520 fuero

236 1538 425 1570 conuuiuatus,
448 1542 476 1565 et
497 1538 611 1565 dixero:
631 1538 723 1565 Adhuc
740 1543 793 1565 tres
807 1538 865 1566 dies
890 1544 917 1566 et
933 1538 1027 1565 Ninive

237 1584 418 1615 sul-vertetur,
448 1587 475 1610 et
505 1583 549 1610 ille.
572 1584 641 1618 gerit
664 1584 866 1619 pmttileuliatn,
895 1584 1027 1619 bonisque

237 1629 363 1663 operibus
387 1632 503 1656 veterem
519 1629 669 1656 cmendarit
691 1636 827 1656 errorem.
854 1629 890 1656 ita
911 1634 940 1656 ut
954 1630 1028 1665 judi-

237 1674 309 1701 cium
323 1672 406 1700 faciat
424 1678 451 1701 et
465 1672 609 1707 justitiam,
624 1674 720 1709 pignus
734 1675 867 1705 restituat,
889 1676 1026 1710 rapinam-

237 1727 291 1755 que
312 1719 416 1751 reddat,
441 1719 469 1746 in
497 1720 628 1747 mandatis
643 1720 704 1746 vitm
723 1720 849 1749 ambulet.
873 1728 924 1747 nec
947 1720 1028 1748 faciat

237 1766 383 1800 quidquam
397 1766 535 1801 iniustum,
553 1774 643 1793 nonne
659 1766 738 1793 debet
749 1766 814 1798 vita,
832 1774 892 1801 qme
902 1766 1027 1794 Christus

238 1814 291 1842 est,
305 1810 439 1842 vivere,et
451 1817 620 1845 nequaquam
630 1810 696 1836 mori
708 1817 768 1837 eum
781 1810 954 1837 comminatio
966 1818 1028 1845 pec-

238 1857 339 1884 catoris
350 1857 452 1891 justum
468 1857 563 1892 punire
575 1863 627 1884 non
643 1857 759 1883 debeat?
775 1857 838 1884 Tale
858 1857 921 1891 quid
939 1857 1028 1892 loqui-

239 1906 282 1929 tur
293 1910 382 1929 scrmo
393 1902 499 1930 divinus
510 1903 543 1930 ad
552 1903 713 1930 Hieremiam
728 1904 835 1937 quando
849 1903 986 1930 descendit
1001 1904 1027 1930 in

239 1947 347 1974 dotnum
365 1947 435 1982 figuli
456 1947 522 1982 (Jer.
539 1948 628 1980 xvut,)
643 1953 671 1974 et
691 1948 765 1974 audit
778 1948 818 1975 vel
839 1949 970 1983 promissa
987 1949 1028 1975 vel

238 1992 475 2018 cmntniuationem
495 1992 539 2019 Dei
564 1993 590 2019 id
605 2001 695 2027 agerc,
717 1998 745 2020 ut
764 1994 804 2020 vel
827 1994 949 2021 homines
968 2003 1029 2029 pro-

239 2040 337 2063 vocent
359 2036 392 2062 ad
413 2036 526 2063 salutem
548 2037 590 2063 vel
606 2038 759 2065 deterreant
772 2045 785 2064 a
808 2044 929 2073 peccato.
953 2038 1029 2066 Unde

240 2082 286 2117 qui
297 2081 390 2108 dicunt
403 2090 409 2107 :
423 2090 432 2106 ι
449 2081 506 2109 Non
519 2087 560 2108 est
570 2089 645 2116 mqua
660 2082 702 2108 via
718 2082 834 2115 Domini,
851 2093 860 2109 ι
878 2089 1029 2119 arguuntur

240 2127 311 2162 quod
324 2126 440 2162 ipsorum
456 2127 491 2154 sit
505 2127 636 2154 sententia
648 2127 738 2162 iniqua
751 2128 904 2155 habentium
920 2130 1027 2155 oeulum

239 2174 396 2209 pessimum,
411 2177 438 2200 et
460 2180 630 2208 nequaquam
643 2181 722 2206 nova,
739 2175 785 2201 sed
797 2179 887 2201 vetera
905 2175 1029 2210 judican-

241 2220 317 2246 tinm.
337 2219 438 2253 Quibus
458 2219 583 2246 omnibus
604 2219 815 2253 demonstratur,
840 2227 890 2248 nec
904 2226 1028 2256 peccato-

239 2274 296 2293 rem
309 2265 341 2292 de
352 2265 438 2292 salute
453 2265 597 2299 desperare
610 2265 708 2292 debere
719 2265 740 2292 si
755 2269 816 2300 agat
829 2267 1026 2300 ptenitentiam,

242 2319 290 2339 nec
303 2312 405 2346 justum
427 2311 453 2339 in
473 2319 521 2339 sua
546 2311 682 2338 conlidere
701 2311 817 2346 justitia,
838 2312 859 2339 si
882 2313 1029 2347 perdiderit

242 2358 407 2392 negligenter
424 2358 495 2392 quod
510 2365 606 2393 magno
618 2357 709 2384 labore
722 2358 875 2392 quzesierat.
889 2358 1029 2386 Manifesta

242 2403 462 2434 transcurrimus,
482 2406 511 2429 ut
528 2403 554 2429 in
571 2403 774 2430 obscurioribus
789 2404 975 2431 immoremur.
999 2404 1028 2432 In

241 2449 338 2483 quibus
357 2453 446 2475 autem
459 2455 577 2483 praesens
592 2449 730 2484 pmphetia
754 2449 887 2484 discrepet
903 2457 917 2476 a
934 2455 1029 2485 poete-

242 2496 302 2526 rita,
317 2498 343 2521 et
358 2494 383 2520 in
396 2494 491 2528 quibus
504 2493 628 2528 loquatur
640 2495 736 2521 similia
746 2515 753 2526 ,
767 2495 874 2522 collatio
890 2496 1029 2530 utriusque

241 2539 339 2574 poterit
353 2539 481 2565 iudicare.
496 2539 579 2566 Porro
591 2540 654 2573 quid
668 2540 841 2573 sitjudieium
853 2540 941 2568 facere
952 2540 1029 2575 ctju-

241 2586 351 2619 stitiatn,
368 2587 463 2621 pignus
478 2587 634 2619 restituere,
648 2587 768 2622 rapinam
784 2587 906 2619 reddere,
920 2588 945 2614 in
958 2597 1030 2615 man-

240 2631 310 2658 datis
330 2631 393 2658 vitze
413 2631 565 2662 ambulare,
580 2636 607 2658 et
621 2636 717 2658 ca'tcra
728 2652 734 2664 ,
751 2632 776 2658 iu
791 2633 840 2659 hoc
857 2633 950 2659 eodem
965 2641 1027 2667 pro-

241 2678 321 2711 pheta
331 2683 411 2711 supra
427 2676 553 2703 diximus.

278 2732 287 2747 ι
311 2722 343 2749 Et
363 2722 461 2749 factum
480 2726 523 2749 est
543 2723 570 2749 in
596 2722 755 2749 duodecimo
768 2729 849 2754 anno,
873 2722 899 2749 in
924 2723 1027 2749 decimo

242 2776 342 2801 mense,
370 2769 395 2795 in
416 2770 509 2804 quinta
532 2769 631 2796 mensis
652 2769 898 2803 transmigrationis
918 2774 1025 2799 nostne,

241 2814 313 2840 venit
339 2813 373 2840 ad
394 2822 437 2841 me
460 2814 504 2849 qui
530 2814 635 2849 fugerat
653 2814 686 2841 de
706 2814 886 2846 Hierusalem,
909 2815 1000 2841 dicens
1018 2824 1024 2840 :

243 2858 351 2885 Vastata
362 2864 402 2886 est
413 2855 517 2886 civitas.
528 2860 622 2887 Manus
634 2864 722 2887 autent
735 2859 839 2885 l):nnini
855 2859 924 2886 facta
938 2859 1025 2886 fuerat

1075 263 1183 298 ruitque
1205 271 1236 290 os
1259 271 1348 290 meum
1372 263 1458 290 donec
1477 262 1584 289 veniret
1603 262 1636 289 ad
1661 269 1705 289 me
1730 269 1820 294 mane,
1843 267 1869 289 et

1075 312 1168 343 aperto
1182 316 1229 335 ore
1246 316 1305 336 meo
1317 316 1370 335 non
1384 308 1445 335 silui
1458 308 1582 343 amplius.
1604 317 1613 333 ι
1634 307 1784 335 Undecimo
1798 315 1869 334 anno

1074 354 1149 388 regni
1176 353 1317 384 Sedecim,
1342 353 1437 387 quinto
1463 360 1574 384 mense,
1602 357 1680 387 capta
1704 357 1747 379 est
1772 353 1867 380 civitas

1075 396 1253 424 Hierusalem.
1273 397 1334 424 Ilzec
1349 402 1438 425 autem
1453 398 1594 433 prophetia
1611 397 1773 425 duodecimo
1788 405 1866 428 anno,

1075 444 1180 471 decimo
1191 451 1293 476 mense,
1308 444 1401 479 quinta
1415 444 1515 470 mensis
1529 443 1695 478 captivitatis
1707 443 1765 470 sive
1779 447 1867 469 trans-

1075 488 1253 523 migrationis.
1271 489 1378 523 quando
1398 494 1493 523 captus
1508 493 1550 515 est
1570 496 1631 515 cum
1655 487 1811 515 Jechonias.
1830 487 1866 514 Ex

1076 541 1129 568 quo
1146 534 1299 561 ostenditur
1313 538 1373 568 post
1383 541 1466 560 unum
1480 541 1581 560 annum
1592 537 1619 560 et
1630 537 1748 567 quatuor
1761 539 1867 559 mensi-3

1076 583 1102 605 et
1128 578 1219 613 viginti
1238 578 1444 613 quinquedies,
1457 583 1533 613 capta
1556 578 1742 608 Hierusalem,
1765 578 1867 604 veniSse

1077 624 1242 659 Babylonem
1257 632 1339 651 unum
1353 624 1453 650 civium
1477 623 1656 654 Hierusalem,
1670 624 1716 659 qui
1732 624 1866 650 nuntiaret

1076 675 1183 704 captam
1205 670 1299 696 urbem
1319 673 1401 704 atque
1422 673 1566 696 vastatam.
1587 670 1656 696 Ante
1672 677 1756 695 unum
1779 674 1866 695 autem

1077 716 1148 743 diem
1165 723 1244 750 quam
1260 715 1375 748 veniret,
1389 715 1435 750 qni
1457 716 1505 742 ista
1522 720 1655 746 narraret,
1669 715 1776 749 vesperi
1800 715 1865 741 facta

1076 767 1117 788 est
1141 769 1236 788 manus
1261 761 1364 788 Domini
1383 762 1416 788 ad
1437 761 1606 788 Ezecbiclcm
1623 761 1793 795 propin-lam,
1810 768 1866 795 qua:

1079 806 1187 840 aperuit
1201 813 1232 833 os
1255 805 1324 838 ejus,
1340 805 1411 839 quod
1435 806 1479 832 diu
1494 805 1615 832 clausum
1633 805 1730 834 fuerat,
1748 809 1777 832 et
1793 805 1866 839 quid-

1076 851 1143 886 quid
1164 855 1224 878 erat
1246 851 1288 877 ille
1312 852 1433 877 dicturus
1452 852 1494 878 hic
1519 852 1618 878 factum
1638 855 1702 878 ante
1718 850 1865 885 replieavit,

1042 895 1064 924 Β
1078 904 1128 923 nec
1149 896 1223 922 siluit
1244 896 1370 929 amplius,
1390 896 1483 922 videns
1499 896 1668 936 prophetiam
1691 903 1770 923 suam
1789 902 1867 930 opere

1077 941 1249 976 completam,
1276 946 1303 967 et
1327 949 1495 975 nequaquam
1521 941 1644 968 dubitare
1661 940 1805 975 populum,
1823 941 1866 975 qni

1076 991 1153 1014 erant
1168 988 1193 1014 in
1209 987 1359 1021 Babylone,
1373 987 1414 1013 vel
1429 994 1486 1018 eos,
1501 987 1547 1021 qui
1568 986 1639 1027 capti
1653 991 1732 1013 erant
1752 987 1787 1013 de
1805 987 1870 1013 vati-

1077 1032 1148 1059 cinio
1168 1032 1331 1067 prophetali.
1354 1032 1429 1059 Tunc
1443 1032 1514 1059 enim
1537 1032 1659 1066 aperitur
1670 1039 1702 1059 os
1717 1031 1869 1065 Pmpth-c,

1077 1079 1185 1112 quando
1209 1078 1280 1112 quod
1305 1078 1380 1112 prius
1403 1078 1589 1110 mmtiaverat,
1614 1084 1696 1112 opere
1713 1078 1871 1104 Inoustrarit

1077 1124 1216 1155 ell‘ectmn,
1237 1128 1265 1151 et
1288 1127 1343 1150 tota
1364 1123 1490 1150 libertate
1513 1123 1673 1157 proclamat,
1702 1123 1748 1157 qui
1772 1132 1870 1158 nequa-

1077 1178 1157 1204 q-nnn
1179 1169 1278 1201 futura,
1300 1170 1348 1196 sed
1368 1170 1411 1196 vel
1435 1169 1578 1204 praesentia
1600 1169 1642 1197 vel
1669 1174 1807 1196 transacta
1825 1170 1869 1196 dc-

1078 1219 1223 1242 monstrat.
1243 1215 1299 1242 Ilao
1312 1216 1461 1242 secundum
1483 1215 1610 1243 litteram.
1632 1215 1770 1244 Caeterum
1793 1216 1868 1250 juxta

1078 1263 1215 1297 ἆναγογήν,
1243 1261 1265 1287 si
1288 1260 1412 1287 Ezechiel
1441 1261 1634 1296 interpretatur
1657 1261 1790 1290 fortitudo
1815 1263 1867 1290 Dei.

1078 1307 1203 1334 Christus
1217 1311 1307 1333 autem
1321 1312 1363 1333 est
1383 1307 1430 1334 Dei
1447 1307 1533 1334 virtus
1550 1312 1578 1334 et
1601 1308 1646 1334 Dei
1662 1308 1808 1342 sapientia,
1821 1309 1868 1336 hoc

1080 1354 1293 1389 intelligemlum,
1318 1353 1389 1388 quod
1409 1358 1486 1388 capta
1501 1358 1529 1381 et
1547 1355 1678 1381 subversa
1690 1354 1867 1386 Hierusalem,

1080 1400 1234 1434 quicunque
1259 1399 1398 1433 perﬁdiam
1426 1398 1580 1426 .lnd'xO'um
1602 1400 1720 1434 potuerit
1744 1399 1869 1431 evadere,

1080 1446 1173 1480 quales
1206 1446 1314 1472 fuerunt
1343 1446 1472 1480 apostoli,
1497 1450 1524 1472 et
1547 1446 1677 1480 reliquiae,
1705 1453 1767 1480 qua:
1791 1446 1870 1472 salvae

1081 1492 1157 1519 factze
1173 1495 1247 1524 sunt,
1264 1491 1320 1526 ipse
1334 1491 1573 1519 ChristuSnuntiat
1586 1499 1681 1518 omnes
1697 1491 1872 1518 cercmonias

1079 1537 1232 1565 .lmhcorum
1246 1545 1308 1564 esse
1319 1538 1474 1569 subversas,
1490 1545 1557 1572 quas
1569 1537 1677 1572 quidam
1694 1545 1782 1572 usque
1798 1537 1872 1564 hodie

1079 1583 1262 1610 obServandas
1285 1587 1391 1617 putant,
1410 1590 1463 1609 non
1484 1583 1625 1610 audientes
1641 1583 1706 1609 illud
1725 1583 1868 1618 Apostoli:

1081 1636 1089 1652 ι
1121 1627 1141 1653 Α
1168 1627 1254 1663 gratia
1283 1627 1439 1658 eveidistis,
1467 1628 1512 1662 qui
1543 1628 1568 1654 ia
1597 1628 1654 1663 lege
1680 1628 1869 1663 jtlstilicamini

1078 1672 1150 1708 (Gal.
1165 1673 1203 1709 v.)
1223 1683 1232 1699 ι
1254 1673 1389 1708 Miror-que
1408 1674 1545 1700 hominum
1569 1675 1749 1709 pertinaciam
1766 1675 1793 1701 id
1808 1674 1872 1702 velle

1078 1724 1205 1744 sermone
1220 1717 1365 1744 defendere
1375 1718 1446 1752 quod
1461 1726 1541 1753 opere
1553 1719 1664 1753 implere
1679 1727 1734 1746 non
1746 1720 1870 1752 audeant,

1079 1763 1130 1790 nisi
1146 1763 1215 1791 forte
1236 1764 1286 1790 sub
1307 1764 1376 1799 pelle
1392 1765 1495 1796 ovium,
1518 1765 1544 1791 id
1563 1769 1615 1796 est,
1641 1765 1868 1797 Christianorum,

1078 1809 1132 1844 lupi
1161 1809 1285 1837 celantur
1302 1809 1420 1845 judaiei,
1444 1810 1488 1845 qui
1506 1809 1663 1837 defensores
1681 1818 1825 1846 synagoga:
1844 1811 1867 1836 in

1079 1855 1179 1883 Christi
1202 1856 1323 1883 ecclesiis
1343 1861 1499 1891 personant.
1521 1857 1605 1891 Capta
1621 1864 1685 1891 ergo
1705 1856 1866 1884 Hierusalem

1080 1904 1160 1934 atque
1182 1900 1310 1927 subversa
1335 1900 1457 1935 aperitur
1478 1909 1509 1927 os
1529 1901 1635 1928 Domitii
1667 1908 1717 1935 per
1738 1901 1866 1935 apostolos

1080 1952 1107 1975 et
1118 1947 1281 1982 apostolicos
1293 1947 1376 1979 viros,
1390 1947 1434 1982 qui
1446 1953 1560 1981 possunt
1571 1947 1662 1975 dicere
1679 1957 1685 1973 :
1706 1957 1715 1971 ι
1736 1947 1773 1973 Os
1784 1954 1865 1973 meum

1079 1997 1201 2028 apertum
1221 1998 1272 2024 est,
1294 1993 1326 2019 ad
1351 1999 1417 2025 vos,
1435 2001 1452 2020 ο
1474 1992 1623 2024 Corinthii,
1644 1998 1671 2019 et
1689 2000 1811 2028 apertum
1829 1997 1865 2019 cst

1080 2041 1144 2067 mihi
1157 2041 1254 2067 ostium
1271 2048 1394 2075 magnum
1416 2045 1441 2067 et
1454 2039 1663 2074 ellicaxUlCor.
1703 2040 1754 2075 vt).
1770 2050 1778 2065 ι
1796 2040 1824 2066 Et
1839 2041 1866 2066 ii-

1081 2085 1124 2111 lul
1148 2093 1154 2111 :
1182 2095 1190 2109 ι
1210 2084 1246 2112 Os
1260 2092 1348 2111 meum
1366 2084 1503 2119 aperuilet
1523 2084 1620 2110 attraxi
1645 2084 1770 2118 spiritum
1785 2084 1864 2119 (l’snL

1081 2132 1175 2165 cxvm)
1190 2139 1196 2161 ;
1218 2141 1225 2156 ι
1243 2130 1313 2164 quod
1327 2137 1463 2163 nunquam
1479 2133 1570 2156 tacere
1585 2130 1694 2163 poterit,
1715 2136 1764 2155 nec
1778 2129 1865 2155 audire

1081 2184 1141 2202 cum
1167 2175 1257 2207 Israel,
1282 2184 1291 2200 ι
1311 2175 1391 2207 Audi,
1407 2174 1500 2206 Israel,
1522 2179 1550 2202 ct
1568 2179 1641 2206 tace;
1667 2184 1676 2200 ι
1701 2175 1748 2201 sed
1774 2174 1799 2200 in
1815 2177 1865 2199 toto

1080 2222 1146 2248 orbe
1174 2221 1326 2252 resonabit,
1359 2225 1386 2248 et
1410 2220 1510 2248 Christi
1536 2219 1710 2255 Evangelium
1742 2221 1867 2254 pandetur

1082 2267 1216 2301 gentibus.
1240 2265 1316 2293 Unde
1334 2265 1410 2301 juxta
1434 2265 1505 2292 hunc
1524 2272 1631 2292 sensum
1656 2270 1683 2292 ct
1697 2264 1867 2292 duodecimns

1083 2320 1180 2343 annus,
1206 2312 1239 2339 ad
1264 2311 1406 2338 duodecim
1430 2310 1552 2338 defertur
1577 2311 1679 2342 tribus,
1703 2316 1732 2337 et
1753 2311 1867 2338 decimus

1082 2358 1182 2385 mensis
1196 2358 1228 2384 ad
1241 2362 1345 2392 tempus
1355 2356 1555 2392 propitiationis
1565 2355 1693 2387 Jadaiem,
1706 2364 1768 2391 quae
1779 2357 1866 2384 Gnecc

1083 2404 1181 2431 dicitur
1208 2402 1333 2439 ἱλασμός;
1359 2407 1385 2430 et
1401 2403 1493 2437 quinta
1519 2402 1577 2429 dies
1598 2402 1701 2429 lllf‘lhls
1724 2403 1758 2429 ad
1778 2410 1866 2429 sensus

1084 2458 1206 2477 carneos.
1227 2450 1291 2483 Quae
1305 2450 1393 2476 otnnia
1407 2454 1485 2483 capta
1499 2448 1663 2476 Hierusalem
1685 2453 1713 2476 et
1733 2449 1865 2484 evangelio

1081 2496 1242 2523 succedente
1263 2495 1349 2522 deleta
1370 2503 1429 2522 esse
1452 2500 1478 2522 et
1500 2495 1865 2521 transisseumnstravimus.

1082 2540 1114 2567 lit
1135 2551 1143 2565 ι
1170 2548 1296 2575 vespere,
1320 2549 1329 2565 ι
1351 2540 1401 2567 hoc
1419 2545 1459 2567 est
1480 2540 1505 2567 in
1525 2541 1759 2567 consunnnationc
1780 2540 1865 2567 nnunli

1082 2585 1177 2612 laetam
1200 2593 1310 2611 unmum
1343 2584 1448 2611 Dmuiui
1483 2585 1516 2611 ad
1539 2591 1632 2611 verum
1657 2585 1799 2615 Ezechiel,
1821 2583 1865 2618 qui

1081 2631 1185 2657 futuras
1208 2630 1283 2656 urbis
1308 2631 1399 2657 ruinas
1424 2630 1559 2657 cecinerat
1583 2636 1632 2664 per
1654 2630 1812 2665 prophetis,
1840 2633 1865 2655 et

1081 2683 1160 2703 mane
1175 2675 1300 2710 impletas
1314 2682 1373 2702 esse
1386 2675 1554 2702 monstravit.

1119 2732 1126 2746 ι
1151 2722 1183 2749 Et
1205 2722 1303 2749 factum
1321 2725 1362 2748 est
1379 2721 1490 2747 verbum
1513 2721 1617 2747 Domini
1637 2722 1670 2748 ad
1697 2729 1739 2748 me
1753 2722 1842 2748 (licens
1858 2729 1864 2745 :

1082 2778 1091 2794 ι
1115 2768 1164 2796 Fili
1185 2768 1312 2799 hominis,
1331 2768 1376 2803 qui
1398 2768 1520 2795 habitmt
1542 2769 1569 2795 in
1590 2769 1707 2795 ruinosis
1729 2770 1770 2796 his
1789 2774 1866 2801 super

1082 2823 1091 2838 ‹
1115 2815 1225 2841 lmmmn
1241 2814 1322 2841 Israel
1340 2814 1480 2849 loquentes
1495 2814 1570 2841 aiunt
1585 2824 1592 2840 :
1612 2814 1688 2842 Unus
1704 2820 1763 2841 erat
1782 2814 1864 2840 Λὶιπῖκ

1083 2869 1091 2885 ι
1114 2861 1184 2891 ham,
1209 2863 1235 2885 et
1258 2859 1413 2885 ha-reditalc
1435 2859 1551 2893 possedit
1572 2863 1682 2887 terram.
1706 2859 1759 2887 Nos
1778 2863 1863 2885 autem
