3972 6184
354 204 459 258 8'57

1298 200 1652 256 COMMENT.
1696 201 1760 255 lN
1802 200 2250 255 lLZEijlllELEll.
2296 233 2355 241 ο-
2397 202 2523 257 Ull.
2571 201 2679 257 ΧΠ.

3513 198 3617 267 stis

363 339 379 362 ο
430 315 584 371 multi
650 312 808 367 nobis
843 312 966 366 data
1001 318 1084 366 est
1117 319 1259 366 terra
1300 310 1354 365 in
1386 313 1804 382 possessionem.
1860 312 1942 365 l.l-
1975 321 2016 375 Λ
2045 312 2362 373 credibiles,
2420 313 2665 367 videlicet
2712 312 2988 367 libidinum
3039 313 3416 383 turpitudines.
3479 336 3499 368 ς
3552 317 3619 373 Et

364 424 380 455 I
425 405 572 459 circo
596 402 746 458 dices
782 401 851 455 ad
887 415 1003 455 eos.
1045 400 1174 456 Haec
1208 399 1340 454 dicit
1376 400 1636 455 Dominus
1664 399 1943 466 Deus,Qui

365 517 381 546 ι
430 496 483 550 in
504 494 765 564 sanguine
793 493 1079 549 comeditis
1122 500 1177 547 et
1202 492 1388 547 oculos
1409 502 1621 547 vestros
1652 492 1842 545 levatis
1874 492 1943 545 ad

361 604 380 632 ι
427 582 798 638 inmunditias
817 589 1048 645 vestras,
1067 588 1124 634 et
1147 581 1464 651 sanguinem
1502 580 1760 635 funditis:
1790 595 1944 634 num-

362 694 382 726 ι
427 689 589 744 quant
630 682 832 727 terram
857 672 1175 727 haereditate
1202 671 1584 741 possidebitis?
1612 669 1854 725 Stctistis
1890 670 1943 724 in

360 787 381 815 ι
427 764 638 836 gladiis,
655 762 861 818 fecistis
883 761 1403 826 abominatiunes,et
1421 761 1792 831 unusquisque
1814 775 1944 815 uxo-

358 874 376 904 ο
430 871 544 910 rem
590 853 825 924 proximi
869 853 952 908 sui
996 851 1208 922 polluit,
1263 860 1320 907 et
1370 859 1571 906 terram
1629 850 1943 905 bmreditate

357 967 377 999 ι
418 942 800 1015 wssidebitis?
824 941 950 997 limo
979 942 1130 997 dices
1150 941 1220 996 ad
1245 957 1340 996 eos
1367 959 1380 994 :
1414 941 1507 995 Sic
1531 940 1662 995 dicit
1683 940 1944 995 Dominus

358 1057 377 1088 ι
430 1039 590 1091 Deus.
623 1034 759 1089 Vivo
784 1048 908 1105 ego,
931 1033 1061 1102 quia
1091 1033 1185 1103 qui
1215 1033 1268 1088 in
1292 1032 1528 1087 ruinosis
1554 1031 1803 1086 habitant
1824 1030 1940 1099 gla-

359 1147 377 1177 ι
427 1126 518 1180 dio
551 1124 767 1188 cadent,
804 1131 859 1179 et
880 1123 974 1192 qui
1002 1123 1058 1177 iu
1092 1136 1224 1193 agro
1258 1130 1344 1177 est
1376 1121 1568 1176 bestiis
1600 1120 1846 1175 tradetur
1872 1118 1941 1173 ad

359 1238 377 1268 ί
426 1216 810 1271 devorandum.
855 1214 957 1280 Qui
1004 1224 1186 1268 autem
1235 1215 1287 1267 iu
1318 1212 1584 1282 praesidiis
1620 1221 1677 1266 et
1720 1211 1773 1264 in
1812 1224 1941 1280 spc-

358 1331 376 1359 ‹
426 1308 600 1363 luucis
643 1315 771 1362 sunt
819 1314 971 1375 peste
1000 1305 1319 1360 morientur.
1366 1304 1432 1357 Et
1474 1303 1616 1358 dabo
1658 1311 1858 1356 terram
1885 1301 1941 1355 in

359 1420 377 1450 ο
422 1398 790 1462 solitudinem,
817 1405 875 1451 et
902 1396 1199 1459 desertum,
1229 1403 1284 1449 et
1310 1394 1525 1449 deﬁciet
1561 1392 1796 1462 superba
1832 1391 1943 1449 for-

359 1511 380 1543 ι
430 1491 603 1545 titudo
645 1488 785 1559 ejus,
839 1497 896 1542 et
941 1487 1330 1543 desolabuntur
1380 1494 1596 1541 tuentes
1644 1484 1829 1550 Israel,
1872 1498 1941 1538 eo

359 1601 378 1636 ι
427 1583 570 1653 quod
604 1582 784 1637 nullus
836 1582 908 1637 sit
948 1581 1040 1650 qui
1078 1594 1175 1650 per
1212 1595 1308 1634 eos
1354 1588 1613 1635 transeat.
1661 1579 1728 1634 Et
1766 1578 1941 1635 scient

2048 404 2415 473 unusquisque
2443 418 2663 458 uxorem
2693 404 2922 479 prpitimi
2956 403 3037 457 sui
3080 404 3286 473 lmlluit,
3327 424 3346 456 ι
3378 413 3434 458 nt
3461 406 3513 460 in
3551 422 3623 461 en

2045 494 2116 548 sit
2139 494 2453 549 scclewtior
2481 495 2624 563 quod
2658 494 2818 548 amici
2849 502 2905 547 et
2936 494 3166 563 proximi
3193 495 3451 563 polluerit
3484 511 3616 550 uxo-

2044 597 2181 637 rem.
2222 583 2290 637 Et
2334 598 2456 637 cum
2499 583 2633 645 hate,
2664 582 2858 651 inquit,
2887 582 3117 646 faciatis,
3147 583 3484 638 arbitramini
3523 600 3618 640 vos

2047 683 2248 730 terram
2276 675 2589 730 haereditate
2622 675 2903 729 tenturos?
2938 675 3224 745 Responde
3266 676 3429 744 igitur
3460 677 3559 741 eis,
3587 692 3622 729 ο

2044 766 2334 834 Propheta,
2350 772 2406 818 et
2438 765 2579 818 hanc
2600 778 2763 833 super
2791 780 2886 819 eos
2911 779 2978 819 ex
3007 780 3137 819 meo
3156 779 3406 821 sermone
3432 781 3621 835 prome

2044 854 2367 913 sententiam
2395 869 2408 905 :
2437 850 2568 907 Juro
2612 868 2711 922 per
2736 854 3133 921 memetipsum,
3165 854 3308 921 quod
3346 855 3436 923 qui
3464 856 3587 909 habi
3609 886 3621 896 -

2044 953 2162 999 tant
2188 945 2242 999 in
2282 944 2515 998 ruinosis
2552 952 2608 998 et
2648 944 2950 1013 parietinis,
2972 945 3152 1015 gladio
3185 946 3403 1000 cadant.
3439 947 3503 1000 Et
3530 948 3622 1016 qui

2044 1039 2098 1092 in
2138 1039 2283 1109 agris
2316 1046 2461 1103 sunt,
2490 1038 2605 1091 sive
2632 1038 2685 1090 in
2714 1052 2931 1107 campo,
2977 1054 3008 1091 a
3049 1039 3241 1093 bestiis
3272 1039 3620 1101 devorcntnr,

2043 1140 2100 1185 et
2121 1131 2215 1199 qui
2245 1131 2297 1184 in
2326 1130 2555 1183 muralis
2593 1130 2704 1183 sive
2736 1129 2788 1182 in
2828 1130 3093 1198 przesidiis
3121 1146 3183 1185 ac
3215 1130 3507 1200 speluncis,
3532 1132 3621 1186 Dei

2044 1220 2182 1274 iram
2205 1223 2379 1274 vitare
2408 1235 2512 1272 non
2540 1219 2764 1287 possint,
2784 1222 2877 1273 sed
2900 1219 3038 1273 fame
3067 1221 3367 1275 moriantur
3385 1229 3441 1276 et
3464 1221 3627 1291 pesti-

2043 1310 2230 1365 lentia.
2276 1329 2296 1360 ι
2330 1308 2399 1362 Ει
2425 1308 2586 1373 dabo,
2619 1309 2817 1378 inquit,
2851 1319 3046 1363 terram
3076 1308 3316 1364 Iudaeam
3350 1311 3403 1365 in
3438 1311 3625 1366 solitu-

2042 1401 2246 1466 dinem,
2294 1409 2351 1455 et
2395 1401 2612 1456 deficiet
2656 1403 2888 1471 superba
2942 1402 3199 1458 fortitudo
3244 1401 3378 1470 ejus,
3432 1424 3451 1456 ι
3506 1420 3624 1474 qua:

2041 1493 2316 1563 quondam
2344 1491 2520 1546 fuerat
2543 1492 2822 1547 fortitudo.
2872 1513 2889 1541 ε
2925 1491 3187 1562 Superbis
3208 1504 3387 1549 autem
3421 1494 3627 1549 resistit

2042 1582 2204 1643 Deus.
2228 1590 2288 1637 et
2313 1581 2607 1637 humilibus
2633 1583 2728 1636 dat
2750 1582 2978 1653 gratiam
3002 1581 3210 1653 (Iacob.
3240 1581 3336 1655 tv).
3364 1603 3384 1634 ι
3417 1582 3627 1639 Montes

359 1692 380 1724 ‹
424 1673 551 1743 quia
572 1688 672 1743 ego
693 1671 953 1727 Dominus
975 1685 1096 1725 cum
1123 1670 1322 1726 dedero
1345 1678 1544 1726 terram
1569 1669 1865 1726 desolatam
1886 1679 1943 1723 et
1972 1667 2016 1726 Β
2044 1686 2259 1740 quoque
2295 1679 2353 1725 et
2388 1670 2571 1724 omnia
2617 1671 2957 1735 deserentur,
2998 1678 3050 1724 et
3080 1671 3135 1724 in
3178 1679 3380 1727 tantam
3406 1672 3627 1727 venient

359 1785 377 1817 ι
425 1763 695 1817 desertam
739 1768 961 1830 propter
1016 1759 1296 1814 universas
1344 1760 1775 1815 abominationes
1810 1773 1938 1814 suas

358 1876 376 1908 ι
425 1870 560 1924 quas
572 1854 777 1924 operati
803 1860 948 1907 sunt.
968 1851 1036 1907 ltt
1057 1850 1223 1916 tu,fili
1247 1850 1614 1915 hominis,lilii
1634 1849 1819 1928 populi
1841 1849 1936 1916 tui,

358 1968 376 1999 ι
421 1947 514 2015 qui
564 1945 855 2014 loquuntur
899 1945 964 1998 de
1009 1951 1064 1999 te
1086 1943 1243 2013 juxta
1280 1957 1464 1997 muros
1496 1952 1551 1997 et
1581 1942 1635 1995 in
1663 1941 1820 1996 ostiis
1847 1942 1942 1995 όοο

357 2057 377 2087 ι
427 2052 661 2101 tuorum,
698 2043 756 2090 et
779 2034 967 2090 dicunt
992 2049 1131 2089 unus
1163 2033 1231 2088 ad
1265 2032 1517 2096 alterum,
1544 2031 1629 2086 vir
1657 2032 1723 2087 ad
1751 2031 1939 2101 proxi-

357 2147 377 2181 ι
425 2142 573 2183 mum
604 2141 759 2182 suum
781 2125 1067 2194 loquentes
1092 2142 1107 2178 :
1128 2123 1316 2179 Venite
1341 2132 1394 2178 et
1420 2121 1727 2186 audiamus,
1752 2120 1843 2190 qui
1871 2120 1944 2175 sit

356 2238 377 2271 ι
422 2234 602 2275 sermo
639 2217 925 2289 egrediens
970 2230 1002 2270 a
1048 2216 1294 2270 Domino.
1351 2213 1439 2269 Et.
1469 2212 1694 2267 veniunt
1741 2212 1809 2265 ad
1851 2219 1939 2273 te,

354 2333 375 2364 ι
422 2313 576 2381 quasi
605 2312 649 2364 si
693 2308 1023 2381 ingrediatur
1055 2306 1284 2377 populus
1315 2324 1329 2359 ε
1361 2312 1416 2360 et
1438 2304 1628 2360 sedent
1651 2316 1836 2360 coram
1864 2311 1940 2367 te,

355 2420 377 2452 ι
424 2399 653 2470 papulus
678 2413 854 2463 meus,
882 2405 938 2452 et
971 2397 1199 2452 audiunt
1231 2406 1511 2453 sermones
1541 2407 1714 2457 meos,
1741 2400 1799 2448 et
1835 2406 1940 2446 non

356 2511 377 2543 ι
428 2491 634 2545 faciunt
672 2504 800 2553 eos,
849 2487 979 2556 quia
1020 2488 1076 2542 in
1125 2487 1400 2541 canticum
1436 2484 1551 2539 oris
1592 2484 1674 2536 sui
1725 2489 1943 2538 vertunt

357 2601 378 2632 ι
428 2579 570 2643 illos,
608 2588 667 2633 et
707 2576 993 2633 avaritiam
1028 2591 1182 2632 suam
1217 2575 1465 2645 sequitur
1499 2587 1596 2629 cor
1623 2586 1834 2626 eorum.
1876 2570 1945 2626 Et

358 2692 379 2725 ι
417 2687 477 2727 es
515 2671 617 2735 eis,
646 2670 775 2740 quia
812 2684 1029 2725 carmen
1073 2668 1360 2733 musicum,
1390 2665 1534 2736 quod
1572 2663 1726 2720 suavi
1765 2663 1941 2719 dulci-

357 2782 379 2814 ι
426 2777 534 2833 que
561 2777 695 2817 sono
721 2761 953 2824 canitur,
988 2768 1042 2813 et
1069 2759 1293 2814 audient
1320 2758 1485 2812 verba
1518 2765 1609 2810 tua
1635 2764 1691 2810 et
1725 2769 1835 2810 non
1864 2753 1943 2807 fa-

358 2873 380 2906 c
425 2855 571 2910 cient
609 2869 697 2908 ea.
735 2853 805 2908 Et
851 2866 976 2908 cum
1020 2850 1233 2905 venerit
1272 2848 1418 2918 quod
1464 2846 1784 2916 pnedictnm
1822 2851 1940 2909 est,

359 2967 380 3000 ε
426 2962 555 3005 ecce
587 2947 734 3002 enim
752 2941 933 3011 venit,
952 2952 1084 2999 tunc
1120 2944 1295 2998 scient
1326 2941 1468 3011 quod
1494 2939 1756 3009 propheta
1782 2936 1944 2991 fuerit

2037 1761 2401 1826 solitudinem,
2444 1770 2505 1815 ut
2555 1760 2734 1816 nullus
2779 1776 2878 1831 per
2929 1776 3025 1817 eos
3072 1769 3330 1816 transeat.
3379 1762 3449 1815 Et
3496 1769 3624 1815 tunc

2038 1867 2380 1922 nequaquam
2414 1852 2707 1915 confidant,
2739 1854 2793 1907 in
2832 1852 3173 1907 multitudine
3200 1865 3296 1906 sua
3316 1853 3498 1921 pauci,
3532 1852 3626 1921 qui

2039 1942 2404 1998 remanserint
2435 1943 2590 1997 :‘sed
2637 1948 2971 2012 cognoscant
3012 1939 3321 1996 solitudinis
3355 1939 3625 2011 magnitu—

2039 2034 2188 2098 dine,
2223 2033 2365 2103 quod
2408 2047 2510 2103 ego
2537 2035 2641 2087 sim
2684 2031 2965 2096 Dominus,
3012 2030 3107 2100 qui
3148 2030 3269 2085 dedi
3320 2039 3525 2085 terram
3567 2028 3621 2083 in

2039 2127 2316 2182 desertum
2346 2134 2569 2196 propter
2617 2139 2807 2180 omnes
2854 2122 3287 2179 abominatioues
3331 2139 3470 2194 quas
3495 2138 3625 2195 ope-

2040 2218 2143 2272 rati
2188 2228 2335 2272 sunt.
2390 2218 2516 2272 llaec
2554 2216 2699 2270 dicta
2745 2216 2855 2269 sint
2895 2215 3156 2270 adversus
3181 2229 3295 2278 eos,
3328 2214 3423 2285 qui
3462 2223 3625 2284 capta

2042 2307 2375 2363 Hierusalem
2402 2348 2417 2372 ,
2471 2308 2726 2376 omnique
2773 2304 3081 2362 Judmorum
3113 2307 3333 2376 regione
3388 2314 3623 2372 vastata,

2041 2399 2196 2468 pauci
2242 2396 2559 2452 habitabant
2589 2395 2645 2449 in
2684 2395 2917 2450 ruinosis
2952 2403 3008 2450 et
3041 2395 3096 2449 in
3128 2395 3358 2450 desertis
3399 2395 3623 2450 urbibus

2042 2490 2370 2560 villulisque.
2399 2487 2553 2543 Nunc
2572 2488 2852 2543 veniamus
2888 2488 2959 2543 ad
2984 2487 3366 2559 tropologiam,
3396 2487 3624 2557 etjuxta

2041 2581 2485 2638 consuetudinem
2516 2588 2781 2643 nostram,
2808 2579 2972 2633 latam
3000 2579 3423 2648 disputationem
3452 2578 3624 2633 strino

2042 2685 2233 2743 gnum
2257 2670 2601 2739 potiusquam
2632 2670 2985 2725 disseramus.
3013 2668 3201 2725 Omnis
3226 2664 3534 2733 ’λιὶάῼιειὶευε
3570 2669 3625 2722 in

2042 2762 2328 2834 parietinis
2353 2761 2564 2817 habitat
2591 2769 2649 2816 et
2690 2760 2942 2825 desertis,
2976 2769 3034 2815 et
3072 2758 3352 2829 possidere
3381 2774 3440 2814 se
3475 2767 3622 2828 putat

2045 2862 2250 2911 terram
2275 2853 2461 2919 Israel,
2501 2853 2741 2923 dicitque
2770 2870 2783 2906 :
2815 2851 2874 2907 Si
2901 2850 3176 2907 Abraham
3210 2849 3315 2904 fide
3347 2863 3445 2903 sua
3490 2864 3628 2903 unus

2046 2948 2210 3005 homo
2247 2951 2303 3002 in
2338 2955 2546 3001 tantam
2581 2944 2732 3000 venit
2770 2943 3184 3008 beatitudinem,
3218 2947 3279 2995 ut
3306 2954 3489 2996 semen
3510 2938 3628 3007 ejus

350 3057 378 3091 η
426 3040 570 3097 inter
606 3051 718 3093 eos.
774 3055 795 3090 ι
841 3034 1011 3104 Capta
1065 3031 1407 3089 Hierusalem
1461 3028 1770 3099 temploque
1815 3026 1943 3080 8th-
1969 3021 2014 3084 C
2047 3036 2495 3106 multiplicaretur
2514 3035 2648 3090 sicut
2677 3047 2841 3090 arena
2869 3033 3129 3098 maris,et
3155 3031 3296 3086 sicut
3319 3039 3466 3085 astra
3482 3029 3627 3093 cadi,

350 3143 532 3193 verso,
562 3140 828 3198 pauperes
874 3132 1051 3187 terrm,
1100 3122 1168 3178 de
1196 3121 1394 3192 quibus
1441 3118 1631 3174 scribit
1676 3116 1943 3171 Jeremias

349 3217 458 3275 soli
503 3216 681 3272 relicti
733 3214 949 3270 fuerant
989 3214 1044 3269 in
1094 3210 1457 3273 Hierusalem,
1511 3209 1607 3278 qui
1652 3208 1841 3262 vineas
1887 3213 1945 3260 et

352 3324 519 3381 agros
574 3306 830 3370 colerent,
874 3314 933 3362 et
971 3305 1026 3361 in
1071 3304 1246 3359 ruinis
1276 3304 1510 3359 incensa:
1553 3300 1704 3355 urbis
1734 3298 1946 3353 habita-

352 3410 497 3457 rent.
520 3401 762 3469 Cumque
783 3398 1044 3454 deberent
1061 3410 1224 3468 agere
1251 3393 1626 3466 pmnitentiam
1649 3389 1941 3460 superbis,

352 3499 576 3563 propter
607 3505 726 3560 qua:
762 3489 1047 3560 captivitas
1085 3495 1340 3551 venerat,
1383 3500 1442 3540 se
1476 3486 1621 3554 ipsos
1652 3497 1807 3539 cassa
1849 3495 1945 3550 spe

354 3582 689 3652 accipientes
733 3581 1090 3652 loquebantur
1124 3596 1136 3633 :
1179 3598 1198 3631 ς
1237 3578 1387 3635 Unus
1427 3577 1532 3632 fuit
1574 3585 1729 3646 pater
1762 3582 1947 3630 noster

354 3672 652 3737 Abraham,
684 3679 742 3726 et
779 3679 956 3725 tamen
977 3669 1122 3724 hanc
1165 3676 1366 3724 terram
1408 3665 1726 3721 hereditate
1760 3679 1946 3734 posse—

355 3763 477 3828 dit;
525 3781 545 3815 ι
597 3775 705 3816 non
737 3760 881 3831 quod
923 3760 1035 3829 ipse
1072 3757 1393 3829 possederit,
1433 3758 1529 3812 sed
1571 3756 1715 3826 quod
1760 3771 1946 3812 semen

355 3854 478 3923 ejus
514 3861 716 3908 terram
752 3848 1189 3921 repromissionis
1219 3847 1512 3917 acceperit.
1554 3846 1614 3901 Si
1664 3846 1831 3917 igitur
1860 3845 1949 3901 ille

357 3959 499 3999 unus
525 3943 580 3999 in
607 3950 785 3997 tantos
817 3939 1204 4010 multiplicatus
1232 3946 1319 3995 est
1348 3937 1573 4009 populos
1591 3977 1608 4002 ,
1648 3952 1750 3992 nos
1779 3936 1950 3992 multo

356 4035 565 4106 plures,
595 4033 687 4103 qui
727 4031 901 4088 relicti
928 4046 1117 4086 sumus
1155 4029 1210 4085 in
1235 4039 1379 4086 terra
1423 4027 1634 4093 Judzea,
1659 4035 1715 4082 et
1741 4026 1950 4082 habita-

322 4182 331 4199 ]
358 4142 480 4185 unus
505 4126 559 4181 in
606 4123 826 4179 urbibus
859 4122 1113 4188 desertis,
1159 4135 1225 4177 ac
1255 4118 1512 4183 ruinosis,
1548 4118 1739 4188 utique
1776 4117 1949 4172 multo

304 4224 335 4275 ‘i
356 4215 595 4286 amplius
649 4213 1128 4283 multiplicabimur
1186 4220 1247 4269 ut
1299 4209 1674 4280 possideamus
1725 4207 1948 4279 plures,

356 4307 505 4378 quod
532 4321 675 4360 uatis
697 4304 788 4359 ille
827 4303 1087 4373 possedit.
1116 4301 1325 4368 Quibus
1360 4299 1641 4369 respondit
1665 4298 1947 4362 Dominus,

353 4374 639 4452 Abraham
661 4410 825 4449 unum
856 4394 961 4449 fide
995 4392 1302 4463 possedisse
1336 4402 1538 4447 terram
1576 4389 1950 4459 repromissio-
1981 4374 2030 4433 Ι)

356 4483 468 4539 nis.
507 4501 524 4533 ι
552 4482 791 4538 Credidit
809 4481 955 4538 enim
979 4481 1256 4537 Abraham
1282 4480 1413 4546 Deo,
1443 4488 1502 4535 et
1528 4485 1838 4549 reputatum
1865 4484 1951 4532 est

357 4576 409 4632 ei
437 4574 508 4630 ad
526 4572 796 4642 justitiam
823 4570 1003 4644 (Rom.
1041 4570 1141 4643 IV.)
1174 4589 1193 4623 ι
1221 4569 1358 4626 Istos
1383 4576 1566 4625 autem
1604 4568 1660 4623 in
1694 4567 1948 4625 incredu-

357 4667 517 4723 litate
555 4673 612 4719 et
647 4662 942 4721 sceleribus
983 4667 1297 4731 occupatos,
1322 4659 1488 4715 etiam
1516 4658 1568 4712 si
1605 4656 1793 4729 plures
1819 4655 1947 4721 sint,

357 4758 641 4830 possidere
661 4771 768 4812 non
790 4767 967 4826 posse.
996 4752 1276 4823 Simulque
1293 4759 1582 4809 enumerat
1601 4750 1733 4822 quid
1755 4749 1953 4807 facien-

362 4861 448 4907 tes
475 4848 753 4906 oll'endant
795 4847 986 4904 Deum.
1035 4844 1144 4903 Sex
1179 4845 1432 4909 videlicet
1466 4858 1664 4916 genera
1699 4851 1952 4914 peceato-

362 4960 511 5007 rum,
543 4961 562 4993 ς
596 4942 690 5011 qui
722 4941 778 4996 in
805 4940 1070 5012 sanguine
1098 4939 1404 5005 comeditis,
1432 4946 1490 4993 et
1526 4935 1716 4992 oculos
1740 4946 1954 4990 vestros

363 5034 559 5090 levatis
601 5034 669 5089 ad
712 5033 1110 5097 immunditias,
1144 5052 1163 5084 ι
1206 5032 1311 5086 hoc
1347 5039 1433 5085 est
1461 5030 1530 5084 ad
1569 5028 1711 5086 idola
1750 5036 1951 5090 vestra,

366 5145 387 5179 ι
422 5134 479 5181 ει
502 5125 824 5196 sanguinem
855 5124 1104 5189 funditis,
1142 5143 1163 5178 ι
1194 5125 1299 5179 hoc
1338 5130 1424 5178 est
1452 5120 1805 5181 homicidium
1830 5134 1955 5188 per.

364 5216 639 5288 petratis:
677 5233 696 5267 ς
732 5215 986 5287 Nunquid
1030 5216 1135 5271 ista
1163 5216 1443 5280 iacientes,
1470 5213 1720 5285 poteritis
1747 5220 1951 5267 terram

365 5308 690 5365 lnereditate
721 5307 993 5364 retinere?
1038 5326 1059 5361 ι
1089 5306 1199 5362 Νεε
1241 5307 1346 5361 hoc
1381 5306 1516 5360 estis
1556 5303 1821 5360 scelerum
1850 5301 1957 5356 line

366 5399 634 5464 contenti,
680 5399 780 5455 sed
814 5418 833 5451 ι
873 5399 1036 5455 statis
1066 5399 1120 5453 in
1168 5398 1361 5469 gladiis
1391 5417 1411 5450 ι
1454 5396 1674 5459 vestris,
1716 5394 1958 5465 quotidie

366 5491 547 5563 parati
581 5492 648 5547 ad
675 5490 1051 5554 occidendum,
1081 5497 1137 5544 et
1178 5488 1457 5544 imitantes
1484 5487 1647 5552 Esau,
1688 5487 1780 5556 qui
1804 5486 1958 5540 stetit

366 5593 429 5639 et
454 5584 589 5639 visit
621 5582 675 5639 in
709 5582 889 5654 {gladio
914 5597 1034 5649 suo,
1068 5600 1088 5634 ε
1130 5581 1307 5638 facitis
1349 5579 1782 5636 abominationes
1825 5596 1844 5630 ι
1878 5578 1957 5634 in-

2046 3137 2251 3198 quanto
2294 3127 2465 3197 magis
2515 3140 2617 3180 nos
2661 3124 2844 3193 plures
2878 3133 3082 3177 terram
3132 3121 3314 3187 Israel,
3362 3122 3468 3176 hoc
3518 3131 3624 3182 est,

2046 3220 2382 3277 cernentium
2408 3218 2598 3281 Deum,
2624 3214 2933 3270 etJudzeam
2955 3212 3317 3269 confessionis
3336 3212 3631 3267 Dominica:

2041 3308 2477 3384 possidebimus?
2501 3306 2707 3374 Quibus
2731 3303 3011 3374 respondit
3048 3302 3310 3357 Dominus
3330 3315 3349 3354 :
3376 3301 3469 3355 ille
3502 3312 3630 3370 pos-

2047 3403 2187 3459 sedit
2216 3411 2417 3458 terram
2446 3399 2567 3455 fidei
2607 3398 2824 3461 merito,
2867 3403 3051 3450 vestra
3088 3403 3269 3449 autem
3315 3392 3627 3456 infidelitas,

2048 3495 2159 3550 imo
2214 3492 2578 3562 blasphemia,
2636 3499 2836 3545 terram
2896 3485 3064 3542 Israel
3111 3484 3188 3556 (id
3234 3491 3311 3539 est
3361 3482 3626 3553 ecclesiae)

2044 3585 2326 3658 possidere
2375 3600 2481 3641 non
2527 3585 2744 3655 poterit.
2788 3583 3030 3637 Primum
3069 3580 3224 3643 enim
3260 3578 3545 3635 comeditis
3574 3579 3631 3633 in

2049 3678 2331 3749 sanguine,
2364 3675 2701 3731 cllundentes
2740 3688 2928 3730 eorum
2960 3672 3279 3744 sanguinem
3304 3685 3442 3741 quos
3475 3680 3632 3725 Scan-

2048 3769 2315 3835 dalizatis,
2336 3767 2534 3822 deinde
2574 3764 2759 3820 oculos
2786 3772 2996 3821 vestros
3027 3762 3215 3818 levatis
3246 3763 3312 3816 ad
3344 3760 3634 3815 immundi-

2051 3863 2155 3917 tias
2181 3860 2262 3914 vel
2287 3858 2719 3914 abominatlenes
2746 3869 2975 3920 vestras,
2998 3870 3133 3926 quas
3160 3854 3228 3908 de
3246 3864 3428 3910 vestro
3453 3853 3634 3907 animo

2052 3954 2387 4012 confinxistis
2421 3973 2434 4008 :
2469 3969 2590 4009 cum
2642 3951 2938 4008 debueritis
2979 3951 3179 4006 imitari
3206 3950 3632 4006 ecclesiasticum

2051 4046 2255 4108 virum,
2282 4055 2337 4099 et
2376 4044 2595 4100 dicere:
2636 4063 2654 4094 ι
2682 4041 2763 4096 Ad
2799 4051 2852 4096 te
2898 4042 3068 4095 levavi
3114 4041 3302 4097 oculos
3341 4055 3512 4105 meos,
3541 4043 3638 4112 qui

2052 4136 2268 4193 habitas
2297 4135 2351 4190 in
2400 4135 2540 4191 coelo
2566 4134 2735 4207 (Psal.
2775 4132 2967 4206 cxxn).
3005 4153 3024 4185 ι
3077 4132 3264 4187 Tertio
3317 4131 3640 4207 sanguinem

2056 4225 2279 4282 funditis
2327 4241 2434 4281 non
2478 4224 2820 4280 vivificantcs
2844 4238 2961 4288 eos,
3002 4237 3140 4291 quos
3184 4222 3498 4287 seduxlstis,
3544 4225 3641 4279 sed

2055 4319 2464 4374 interﬁcienles.
2518 4317 2628 4374 Nec
2672 4317 2825 4371 vobis
2868 4315 3070 4371 sullicit
3116 4324 3218 4369 tria
3264 4316 3364 4370 ista
3416 4314 3633 4385 fecisse,

2061 4428 2080 4461 ι
2119 4408 2215 4465 sed
2245 4409 2401 4464 statis
2425 4409 2478 4462 in
2509 4408 2699 4477 gladiis
2725 4406 2942 4471 vestris,
2977 4424 2999 4456 ι
3035 4406 3138 4461 hoc
3166 4416 3250 4460 est
3273 4410 3640 4476 perseveratis

2055 4501 2111 4554 in
2148 4501 2414 4570 pravitate
2443 4498 2748 4561 sententiis,
2779 4505 2835 4552 et
2858 4498 3032 4568 parati
3067 4498 3201 4553 estis
3240 4498 3307 4554 ad
3335 4499 3561 4565 aedem,
3584 4513 3642 4557 et

2058 4591 2263 4646 fecistis
2293 4588 2744 4653 abominationes,
2785 4603 2847 4643 ea
2881 4598 3104 4660 agentes
3139 4590 3191 4644 in
3224 4589 3493 4646 cubilibus
3518 4606 3639 4659 qme

2059 4692 2215 4753 turpe
2239 4691 2323 4738 est
2348 4682 2494 4753 loqui
2522 4701 2534 4736 :
2562 4691 2616 4737 et
2638 4696 2860 4737 uxorem
2893 4682 3126 4752 proximi
3162 4682 3327 4738 vestri
3347 4682 3640 4753 polluistis,

2056 4774 2479 4832 ecclesiasticam
2511 4773 2761 4830 videlicet
2781 4775 3273 4841 conversationem,
3306 4772 3550 4844 quotidie
3575 4775 3639 4827 de

2057 4864 2343 4935 complexu
2397 4863 2599 4918 Christi
2652 4863 2904 4933 deceptos
2951 4879 3140 4934 rapere
3191 4863 3526 4920 festinantes.
3575 4863 3643 4919 Et

2060 4971 2183 5011 cum
2212 4955 2330 5010 haec
2366 4953 2602 5010 feceritis
2630 4955 2834 5024 putatis
2858 4969 2954 5010 vos
2980 4965 3180 5009 terram
3211 4954 3372 5009 lsrael
3409 4956 3641 5010 haeredi-

2062 5054 2173 5100 tate
2223 5045 2513 5101 tenturos?
2538 5044 2744 5113 Quibus
2787 5043 3024 5114 loquitur
3046 5044 3188 5100 Deus
3228 5044 3370 5115 quod
3416 5045 3643 5113 quicun-

2063 5153 2170 5208 que
2199 5140 2252 5194 in
2284 5137 2520 5194 ruinosis
2553 5137 2928 5193 haereticorum
2954 5136 3280 5193 habitaverit
3303 5135 3639 5189 conciliabu-

2057 5235 2146 5299 lis,
2174 5232 2354 5305 gladio
2389 5233 2549 5287 cadat
2574 5230 2965 5287 ecclesiastico.
3001 5230 3075 5284 De
3099 5243 3207 5299 quo
3230 5225 3491 5295 scriptum
3517 5237 3601 5280 est
3626 5244 3638 5279 :

2066 5344 2084 5376 ι
2116 5324 2291 5379 Gladii
2315 5323 2579 5392 ancipites
2606 5323 2660 5378 in
2688 5321 2940 5378 manibus
2962 5335 3149 5375 eorum
3175 5318 3350 5390 (Psal.
3371 5320 3578 5385 exux).
3614 5336 3633 5367 ι

2060 5416 2127 5470 Ει
2166 5416 2221 5469 in
2264 5414 2594 5485 Evangelia:
2639 5431 2658 5465 ι
2713 5412 2831 5467 Non
2874 5412 2994 5466 veni
3040 5423 3228 5479 pacem
3277 5407 3494 5462 mittere
3544 5406 3640 5459 sed

2060 5508 2295 5580 gladium
2320 5506 2537 5577 (Matth.
2569 5510 2646 5576 κ).
2686 5526 2703 5558 ι
2740 5505 2808 5559 Ει
2836 5515 3046 5567 servus,
3073 5499 3164 5570 qui
3189 5514 3247 5554 se
3274 5495 3500 5553 luxuria:
3528 5505 3641 5549 tra-

2063 5599 2140 5655 dit
2165 5605 2220 5654 et
2245 5597 2379 5664 otio,
2406 5595 2695 5662 dividetur,
2722 5594 2775 5649 id
2805 5601 2910 5659 est,
2947 5603 3207 5646 mucrone
3237 5587 3482 5652 ferietur,
3513 5600 3640 5658 pars
