3972 6184
398 267 506 325 839
1042 259 1102 313 Β.
1144 256 1401 313 RABANI
1449 255 1671 313 MAURI
1707 255 2027 313 ARCIIIEP.
2073 254 2385 314 MOGUNT.
2426 248 2711 309 OPERUM
2745 244 2925 302 PARS
2962 244 3024 300 11.
3578 244 3686 305 840

402 376 522 447 cius
546 379 780 447 ponetur
815 385 938 426 cum
980 365 1287 422 inﬁdelibus
1319 383 1332 421 :
1365 365 1432 420 Et
1461 365 1555 434 qui
1580 366 1634 420 in
1676 380 1828 435 agro.
1874 366 1991 422 sive
2021 373 2066 431 Α
2637 357 2866 415 CAPUT
2900 354 3143 412 XXXIV.

408 471 462 523 in
487 480 682 536 campo
705 474 811 529 est,
836 463 1023 518 bestiis
1055 461 1299 550 tradet'ur
1325 459 1396 515 ad
1426 460 1816 524 devorandum,
1853 475 1976 530 quas

2122 480 2278 533 ierino
2311 477 2521 533 Domini
2563 484 2745 529 contra
2797 482 3031 544 pastores
3083 486 3398 542 negagemes
3434 483 3484 529 ει
3508 479 3690 546 oppri-

408 557 676 627 Propheta
702 554 874 609 vitare
900 553 1233 616 desinemus,
1263 552 1590 622 deprecatur
1615 570 1628 606 :
1658 572 1677 603 ι
1706 551 1786 606 Ne
1805 554 1992 608 tradas
2162 560 2360 627 utentes
2387 563 2592 627 gregem
2619 556 2666 598 et
2690 553 2980 614 quwrentes
2999 623 3009 627 Δ
3025 559 3143 627 φειδ
3161 560 3258 627 sua
3301 554 3425 627 sunt
3444 556 3694 627 :letpro-

410 612 598 701 besliis
629 643 867 697 animam
920 612 1269 695 conlitentein
1329 612 1425 696 tibi
1476 640 1652 712 (Prol.
1700 639 1919 711 ιιχιιι).
1967 660 1978 693 ι

2166 621 2346 712 missio
2387 612 2717 687 'de'paslore
2762 631 2915 679 novo,
2963 623 3011 668 et
3036 612 3276 684 pluribus
3317 612 3694 671 benedictioni-

412 736 516 802 Qui
542 743 723 788 autem
751 734 806 787 in
832 731 1110 802 prresidlis
1148 740 1204 787 et
1241 732 1297 787 in
1323 692 1549 788 mutaiis
1573 740 1678 797 est,
1709 733 1776 787 de
1796 692 1995 802 quibus
2168 692 2280 745 bu"

408 827 668 895 scriptum
720 831 806 879 est
849 837 867 876 :
904 841 924 874 ι
957 822 1221 879 Civitates
1264 822 1450 880 ﬁrmas
1496 825 1745 880 ascendit
1790 825 1994 896 justus,
2174 842 2194 875 ι
2232 823 2299 878 Et
2326 823 2528 878 factum
2582 826 2668 875 est
2707 818 2933 876 verbum
2982 815 3196 871 Domini
3229 815 3298 870 ad
3337 829 3425 869 me
3460 815 3694 871 dicens:

407 924 465 970 et
512 913 779 969 destruxit
819 912 1149 969 munitiones
1208 927 1396 969 earum
1441 912 1630 985 (Prov.
1680 915 1827 984 χχι),
1868 935 1886 966 ι
1940 915 1996 970 in
2105 941 2124 972 ‹
2170 921 2272 977 Fili
2301 920 2555 980 hominis,
2589 916 2851 988 propheta
2889 915 2958 969 de
2981 912 3291 982 pastoribus
3328 912 3517 965 lsrael.
3560 910 3699 965 Pro-

409 1006 608 1076 quibus
651 1005 993 1061 confidebant
1024 1005 1197 1075 impii,
1224 1016 1281 1061 et
1305 1014 1550 1061 versatur
1600 1007 1655 1061 in
1702 1008 1995 1078 speluncis,
2107 1032 2126 1064 ι
2170 1014 2333 1083 pheta
2380 1018 2436 1065 et
2479 1010 2629 1064 dices
2680 1005 2989 1076 pastoribus
3021 1023 3034 1058 :
3066 1002 3192 1058 Haec
3241 1002 3379 1085 dicit
3432 1002 3700 1056 Dominus

408 1096 476 1149 de
504 1092 703 1163 quibus
746 1093 988 1148 dicitur:
1050 1113 1068 1145 ‹
1107 1092 1380 1164 Scriptum
1421 1103 1539 1151 est:
1594 1095 1796 1152 Domus
1823 1097 2001 1153 Patris
2109 1124 2127 1157 ι
2173 1104 2338 1169 Deus,
2380 1117 2463 1157 vae
2490 1100 2799 1172 pastoribus
2822 1095 3009 1162 lsrael,
3040 1094 3131 1164 qui
3156 1094 3454 1165 pascebant
3498 1102 3701 1147 semet-

410 1183 515 1237 mei
569 1183 761 1238 domus
790 1183 1054 1238 orationis
1104 1185 1402 1249 vocabitur,
1455 1200 1552 1240 vos
1578 1196 1762 1242 autem
1791 1186 2000 1244 fecistis
2110 1216 2127 1248 ι
2173 1196 2340 1266 ipsos.
2386 1192 2574 1247 Nonne
2604 1205 2796 1261 greges
2822 1194 3119 1258 pascuntur
3147 1199 3177 1237 a
3207 1182 3560 1253 pastoribus?
3588 1182 3701 1237 Lac

408 1291 533 1330 eam
575 1275 884 1344 Speluncam
935 1274 1205 1329 latronum
1239 1275 1457 1347 (Matth.
1488 1278 1602 1348 xxx)
1630 1295 1646 1343 ;
1682 1298 1701 1331 ι
1736 1279 1839 1334 iste
1859 1278 2003 1334 fame
2112 1284 2557 1349 Leomedebatis,
2587 1292 2641 1339 et
2683 1281 2821 1335 lanis
2853 1277 3259 1349 operiebamini,
3300 1275 3523 1344 etquod
3549 1290 3701 1329 cras-

412 1365 681 1420 sermonis
713 1364 922 1419 Domini
962 1374 1020 1419 et
1061 1374 1213 1435 peste
1239 1366 1523 1432 morietur,
1557 1375 1614 1422 et
1650 1368 1866 1423 dabitur
1886 1385 2005 1424 om-
2112 1397 2132 1430 ι
2176 1392 2295 1433 sum
2342 1383 2464 1430 erat
2495 1371 2848 1435 occidebatis,
2896 1382 3113 1438 gregem
3154 1372 3336 1420 autem
3377 1379 3559 1419 meum
3590 1379 3698 1418 non

414 1456 500 1509 nis
532 1463 674 1509 terra
706 1454 1083 1510 haereticorum
1115 1455 1167 1509 in
1202 1455 1565 1521 solitudinem,
1600 1457 1674 1512 ita
1703 1466 1762 1511 ut
1790 1456 2004 1529 franga-
2114 1489 2131 1521 ε
2175 1467 2501 1539 pascemus.
2533 1463 2688 1531 Quod
2728 1462 3001 1516 inﬁrmum
3034 1457 3135 1511 fuit
3162 1473 3267 1515 non
3297 1455 3698 1520 cousolidastis,

415 1554 503 1600 tur
526 1560 711 1600 eorum
738 1545 1009 1614 superbia,
1054 1555 1110 1601 et
1138 1546 1452 1617 redigantur
1483 1557 1694 1603 montes
1722 1548 1777 1602 in
1820 1548 2007 1605 solitu-
2115 1577 2134 1609 ι
2176 1567 2234 1613 et
2256 1555 2400 1627 quod
2417 1562 2678 1625 aegrotum
2722 1566 2829 1605 non
2874 1548 3131 1603 sarrastis.
3161 1545 3313 1613 Quod
3356 1544 3593 1598 fractum
3618 1553 3705 1600 est

415 1638 620 1703 dinem,
671 1637 760 1706 qui
789 1637 892 1692 sibi
923 1636 1264 1692 altitudinem
1311 1638 1551 1693 scientiae
1589 1639 2002 1708 promittebant,
2116 1669 2135 1701 ε
2177 1662 2284 1703 non
2313 1646 2593 1716 alligastis,
2638 1651 2694 1698 et
2732 1640 2875 1710 quod
2901 1636 3168 1706 abiectum
3212 1645 3297 1692 est
3328 1651 3437 1689 non
3486 1636 3705 1690 reduxi-

418 1728 510 1797 qui
542 1735 750 1782 montes
801 1726 1298 1805 vocantnrisrael:
1349 1729 1474 1798 quia
1525 1728 1627 1783 sub
1672 1728 1875 1785 Christi
1905 1745 2006 1785 no-
2039 1723 2084 1783 Β
2118 1761 2136 1793 ε
2181 1739 2301 1796 stis.
2326 1737 2482 1805 Quod
2507 1735 2749 1806 perierat
2782 1747 2889 1787 non
2924 1730 3211 1800 quaesistis,
3241 1728 3335 1783 sed
3363 1743 3488 1783 cum
3518 1736 3702 1782 auste-

422 1819 567 1872 mine
620 1818 874 1886 deceptos
904 1830 1150 1887 quosque
1188 1818 1558 1888 supplantant.
1589 1816 1885 1888 Nullusque
1911 1833 2009 1888 per
2118 1851 2139 1883 ς
2181 1831 2348 1884 ritate
2365 1825 2715 1898 imperabatis
2740 1824 2821 1879 eis
2845 1831 3046 1877 etcum
3069 1820 3331 1890 potentia.
3355 1819 3424 1872 Et
3444 1818 3706 1889 dispersa;

420 1923 515 1963 eos
566 1906 837 1971 transibit,
890 1922 989 1961 nec
1041 1907 1220 1963 dicere
1265 1908 1500 1976 poterit,
1537 1908 1682 1976 quod
1735 1907 1948 1979 Moyses

2136 1941 2140 1972 ς
2183 1929 2310 1977 sunt
2333 1933 2464 1975 oves
2485 1931 2621 1973 mea:
2645 1930 2731 1979 eo,
2762 1914 2906 1983 quod
2933 1926 3041 1968 non
3062 1919 3207 1967 esset
3234 1918 3439 1980 pastor,
3469 1919 3527 1963 et
3550 1909 3704 1963 facta:

429 2020 445 2050 ι
482 1997 773 2052 Transiens
807 1997 1002 2054 videbo
1030 1997 1289 2052 visionem
1337 1998 1479 2053 hanc
1507 2011 1757 2068 magnam
1807 1997 1997 2069 (Emori,

2185 2018 2312 2066 sunt
2338 2010 2392 2064 in
2419 2006 2826 2063 devoratiouem
2849 2001 3093 2058 omnium
3114 2000 3412 2055 bestiarum
3453 1998 3598 2068 agri,
3649 2006 3706 2053 et

424 2086 530 2159 ni).
563 2106 582 2139 ι
630 2084 980 2143 llabitatores
1025 2088 1168 2142 enim
1195 2096 1719 2157 suntperversorum
1749 2090 2013 2145 montium
2119 2118 2140 2151 ι
2180 2100 2441 2168 dispersa:
2473 2103 2619 2151 sunt.
2665 2093 2997 2148 Erraverunt
3019 2104 3213 2162 greges
3238 2089 3343 2144 mei
3396 2089 3451 2142 in
3495 2088 3706 2143 cunctis

428 2196 532 2236 non
555 2178 827 2251 peregrini
849 2186 907 2233 et
954 2179 1172 2244 accobe,
1226 2188 1284 2234 ut
1307 2195 1430 2235 cum
1458 2180 1573 2237 tunc
1614 2181 1761 2250 passi
1788 2179 2011 2247 fuerint,
2119 2210 2138 2244 ι
2185 2189 2459 2246 montibus
2498 2195 2553 2242 et
2601 2187 2654 2240 in
2702 2184 2957 2241 universo
2985 2183 3125 2237 colle
3158 2180 3409 2243 excelso,
3452 2189 3510 2235 et
3542 2194 3706 2251 Super

432 2283 560 2329 tunc
611 2281 938 2343 cognoscant
980 2272 1123 2341 quod
1170 2272 1286 2342 ipse
1314 2271 1386 2327 sit
1416 2270 1696 2338 Dominus,
1726 2272 1818 2342 qui
1855 2273 2000 2329 dede-

2183 2293 2399 2336 omnem
2450 2277 2643 2333 faciem
2669 2286 2829 2331 terra}
2859 2260 3089 2345 diSpersi
3118 2282 3246 2329 sunt
3271 2288 3468 2344 greges
3494 2275 3623 2337 mei,
3652 2281 3708 2328 et

428 2365 496 2419 rit
521 2371 722 2418 terram
748 2377 937 2418 eorum
965 2368 1021 2415 in
1065 2360 1432 2427 solitudinem,
1466 2370 1690 2432 propter
1729 2363 2011 2418 abomina-
2120 2391 2139 2423 (
2184 2386 2309 2427 non
2334 2378 2455 2426 erat
2489 2369 2586 2439 qui
2634 2369 2953 2437 requireret.
3003 2364 3121 2421 Non
3148 2372 3285 2428 erat,
3338 2365 3586 2433 inquam,
3612 2365 3704 2433 qui

430 2457 604 2513 tiones
616 2471 753 2525 quas
779 2455 989 2526 operati
1004 2464 1148 2510 sunt.
1174 2454 1377 2511 Eadem
1397 2454 1616 2524 quidem
1641 2454 1730 2511 die
1747 2462 1803 2510 et
1822 2454 2013 2510 eodem
2120 2483 2139 2516 ι
2183 2462 2507 2534 requireret.
2524 2460 2836 2529 Propterea,
2857 2465 3125 2528 pastores,
3147 2455 3329 2510 audite
3349 2455 3577 2509 verbum
3604 2454 3706 2508 Do-

428 2556 690 2618 tempore,
719 2546 825 2602 hoc
850 2554 957 2613 est,
990 2545 1321 2603 duodecimo
1346 2559 1510 2610 anno,
1561 2544 1770 2601 decimo
1804 2559 2012 2610 mense,
2120 2574 2141 2607 ι
2180 2554 2351 2609 mini:
2384 2551 2520 2607 Vivo
2544 2566 2664 2621 ego,
2700 2548 2831 2605 dicit
2849 2548 3109 2603 Dominus
3137 2546 3311 2608 Deus,
3343 2545 3469 2615 quia
3495 2559 3597 2614 pro
3618 2558 3703 2610 eo,

428 2636 484 2690 in
510 2635 700 2715 quinta
723 2633 943 2698 mensis,
972 2633 1188 2704 quando
1209 2634 1380 2699 venit,
1405 2633 1497 2702 qui
1525 2632 1737 2704 fugerat
1760 2633 1828 2689 de
1855 2631 1996 2688 Jeru

2135 2665 2141 2697 l
2184 2644 2331 2715 quod
2381 2643 2509 2698 facti
2538 2651 2665 2697 sunt
2707 2650 2899 2712 greges
2947 2639 3053 2696 mei
3082 2640 3137 2695 in
3166 2641 3411 2708 rapinam
3432 2680 3448 2704 ,
3478 2647 3535 2693 et
3575 2653 3703 2694 oves

428 2727 637 2791 salem,
664 2725 981 2795 gﬁquando
1009 2724 1224 2782 locutus
1247 2734 1334 2781 est
1381 2725 1650 2796 Propheta
1679 2724 1749 2779 ad
1777 2740 1894 2791 eos,
1922 2740 1993 2795 qu

2131 2754 2142 2788 I
2190 2750 2323 2791 mete
2346 2735 2400 2789 in
2430 2732 2832 2789 devorationem
2856 2730 3099 2787 omnium
3134 2730 3432 2785 bestiarum
3466 2729 3605 2799 agri,
3635 2742 3699 2782 eo

429 2826 587 2872 erant
622 2810 847 2871 interra
881 2813 1065 2870 Judaea
1095 2823 1153 2871 et
1193 2824 1412 2871 aeterna:
1456 2815 1816 2885 possessionis
1862 2830 2016 2886 spem
2126 2848 2146 2881 ι
2190 2827 2336 2899 quod
2377 2840 2487 2881 non
2531 2832 2678 2881 esset
2727 2831 2949 2895 pastor;
2992 2836 3167 2891 neque
3193 2821 3337 2877 enim
3374 2819 3706 2890 quaesierunt

430 2907 531 2962 sibi
559 2904 973 2976 pollicebantur,
997 2913 1054 2959 et
1072 2903 1228 2974 jubet
1248 2904 1529 2976 Propheta;
1550 2913 1608 2959 ut
1628 2904 1775 2961 dicat
1798 2906 2015 2976 populo,
2126 2936 2147 2971 ι
2189 2925 2435 2990 pastores
2472 2929 2691 2989 gregem
2728 2926 2932 2979 meum,
2979 2911 3075 2967 sed
3118 2912 3415 2981 pascebant
3456 2919 3704 2981 pastores

428 2995 522 3065 qui
545 2995 600 3049 in
629 2991 901 3065 Babylone
944 3000 1193 3047 versatur
1217 3002 1273 3047 et
1316 2992 1526 3048 habitat
1557 3008 1682 3049 cum
1709 3007 1795 3059 eo,
1838 3003 1894 3049 et
1929 3009 2020 3049 ar-
2059 3076 2075 3078 _
2127 3027 2146 3060 ε
2194 3007 2541 3078 semetipsos,
2585 3013 2641 3061 ει
2678 3017 2867 3076 greges
2895 3016 3044 3058 meos
3073 3016 3181 3057 non
3209 3000 3523 3071 pascebant.
3569 2999 3701 3055 Ριηο-

429 3093 559 3155 gnat
586 3100 682 3140 eos
729 3097 893 3152 super
937 3081 1147 3137 insidiis
1167 3080 1588 3148 blandientibus,
1615 3082 1708 3152 qui
1734 3081 2017 3153 Propheta:
2043 3076 2088 3138 C
2125 3116 2145 3150 ε
2188 3076 2401 3169 ptem
2428 3102 2698 3167 pastores,
2733 3092 2915 3148 audire
2936 3091 3157 3147 verbum
3183 3090 3395 3146 Domini
3423 3107 3437 3143 ε
3469 3089 3599 3146 ﬁge
3620 3090 3701 3144 ἀί..

428 3178 592 3232 verba
619 3176 804 3231 audire
834 3174 1144 3230 desiderant
1176 3189 1284 3229 non
1311 3173 1381 3229 ad
1414 3173 1609 3229 animae
1641 3174 1891 3240 salutem,
1919 3174 2016 3230 sed
2123 3208 2142 3240 ι
2185 3189 2262 3244 ρει
2306 3187 2566 3242 Dominus
2594 3185 2755 3251 Deus,
2799 3183 2942 3239 Ecce
2986 3197 3088 3254 ego
3115 3182 3230 3252 ipse
3270 3196 3435 3251 super
3454 3190 3701 3250 1,3st

429 3270 499 3326 ad
536 3268 749 3324 aurium
793 3267 1143 3339 voluptatem.
1184 3266 1275 3322 isti
1311 3265 1470 3336 juxta
1510 3282 1698 3323 muros
1735 3268 2015 3334 sedebant,
2123 3298 2142 3331 ι
2187 3279 2461 3350 requiram
2503 3291 2721 3349 gregem
2748 3289 2927 3332 meum
2955 3273 3022 3330 de
3045 3288 3209 3329 manu
3232 3287 3442 3339 eorum,
3481 3282 3542 3328 ει
3585 3287 3700 3328 ρος.

429 3370 486 3417 et
534 3361 590 3416 in
631 3359 785 3416 ostiis
814 3359 1098 3417 doruorum
1142 3372 1482 3429 nequaquam
1533 3357 1588 3412 in
1623 3371 1842 3414 sensum
1885 3357 1997 3413 Pro

2130 3390 2144 3424 ι
2185 3386 2309 3427 sare
2353 3369 2570 3435 faciam,
2606 3376 2667 3423 ut
2685 3366 2826 3422 ultra
2855 3379 2961 3420 non
3006 3370 3232 3435 pascant
3254 3377 3476 3434 gregem
3503 3377 3698 3426 meum,

430 3455 607 3526 pheta).
633 3454 843 3509 intrare
882 3451 1183 3522 cupientes,
1224 3452 1322 3519 sed
1349 3458 1537 3505 mutuo
1560 3463 1620 3505 se
1648 3449 1935 3504 hortantur
1961 3462 1998 3504 el

2133 3481 2142 3514 l
2185 3475 2286 3516 nec
2312 3467 2536 3530 pascant
2577 3456 2809 3529 amplius
2829 3463 3075 3527 pastores
3119 3454 3460 3524 semetipsos,
3489 3461 3550 3507 et
3571 3452 3701 3507 libo-

430 3546 653 3602 dicunt:
677 3562 697 3595 ¢
723 3544 910 3600 Venite
930 3552 987 3598 et
1013 3541 1297 3596 audiamus
1318 3540 1411 3610 qui
1441 3539 1513 3595 sit
1536 3553 1715 3594 sermo
1737 3539 2018 3609 egrediens
2123 3570 2143 3604 ς
2188 3552 2320 3607 mbo
2342 3563 2557 3622 gregem
2586 3562 2766 3602 meum
2787 3547 2854 3602 de
2878 3559 2974 3602 ore
2993 3558 3206 3609 eorum,
3230 3551 3285 3598 et
3310 3557 3419 3598 non
3440 3549 3605 3597 erunt
3629 3542 3704 3595 eis

432 3656 461 3694 a
501 3638 731 3695 Domino
759 3654 774 3702 ;
807 3655 826 3690 ι
879 3646 935 3692 et
963 3636 1043 3691 sic
1070 3634 1311 3695 veniunt,
1364 3632 1519 3702 quasi
1556 3630 1785 3703 populus
1807 3630 1901 3701 qui
1936 3632 2000 3686 iii-

2133 3661 2142 3695 l
2186 3645 2238 3699 in
2266 3656 2469 3706 escam,
2499 3640 2626 3711 quia
2654 3640 2772 3695 haec
2797 3638 2928 3694 dicit
2955 3636 3214 3694 Dominus
3237 3636 3415 3691 Deus:
3441 3635 3586 3691 Ecce
3608 3649 3701 3706 ego

429 3730 707 3803 grediatur
727 3728 1024 3786 Ecclesium
1054 3726 1172 3782 Dei.
1206 3744 1224 3773 ι
1255 3724 1322 3780 Ει
1343 3723 1537 3779 sedent
1555 3737 1739 3779 coram
1769 3729 1825 3776 te
1849 3736 1997 3792 popa

2131 3756 2142 3788 ι
2185 3736 2304 3805 ipse
2326 3734 2600 3803 requiram
2621 3744 2751 3786 oves
2776 3743 2947 3794 meas,
2982 3738 3037 3785 et
3058 3729 3289 3785 visitabo
3316 3742 3413 3782 eas
3452 3727 3596 3783 sicut
3622 3726 3699 3781 vi-

430 3822 517 3879 lus
545 3837 722 3887 meus,
759 3840 778 3873 ι
814 3820 906 3891 qui
941 3832 1096 3873 meus
1134 3831 1254 3873 esse
1300 3830 1360 3871 se
1405 3814 1561 3879 dicit,
1610 3824 1668 3869 et
1708 3812 1898 3868 nolunt
1939 3812 2018 3866 fa-
2126 3847 2145 3877 ,
2190 3826 2526 3894 simpaswr
2553 3835 2770 3893 gregem
2813 3835 2970 3877 suum
2996 3820 3051 3874 in
3087 3819 3174 3873 die
3200 3818 3419 3888 quando
3457 3815 3624 3872 fuerit
3649 3816 3702 3870 in

433 3926 592 3978 cere,
643 3909 786 3981 quod
854 3907 1160 3962 audierunt.
1212 3902 1519 3960 Istiusmodi
1585 3902 1719 3957 mihi
1764 3903 2001 3958 videntur

2134 3935 2145 3969 ι
2191 3916 2368 3971 medio
2411 3914 2593 3971 ovium
2628 3927 2849 3967 suarum
2897 3909 3299 3979 dissipatarum.
3354 3906 3451 3962 Sic
3471 3905 3702 3961 visitabo

433 4016 621 4058 eorum
661 3998 887 4062 similes,
942 3995 1033 4065 qui
1068 3994 1417 4049 theatralibus
1455 3993 1715 4049 luduntur
1762 3991 2023 4049 carmini-
2126 4031 2147 4062 ε
2191 4025 2321 4067 oves
2342 4023 2508 4073 meas,
2539 4014 2595 4063 ει
2615 4005 2857 4062 liberabo
2878 4016 2972 4058 eas
2997 4001 3064 4057 de
3084 4000 3334 4056 omnibus
3357 3998 3494 4054 Iocis
3519 3997 3704 4068 inqui.

434 4095 559 4158 bus,
607 4102 664 4146 ct
688 4088 773 4145 vel
816 4085 1112 4159 Tragoedos
1158 4085 1382 4140 audiunt
1404 4086 1488 4140 vel
1516 4084 1819 4148 Commdos,
1853 4094 1908 4141 et
1944 4086 2002 4140 ibl

2134 4123 2145 4153 ι
2190 4103 2291 4158 bus
2316 4098 2571 4168 dispersae
2598 4095 2815 4150 fuerant
2840 4095 2894 4149 in
2936 4092 3023 4148 die
3044 4091 3204 4146 nubis
3228 4097 3283 4143 et
3320 4087 3589 4159 caliginis.
3639 4086 3702 4140 Et

434 4195 556 4236 cum
585 4177 859 4249 voluptate
882 4175 1191 4249 palpantur.
1235 4172 1315 4228 Ita
1345 4182 1404 4229 ut
1429 4188 1554 4230 cum
1587 4175 1788 4245 egressi
1817 4173 1996 4232 fuerin

2129 4211 2146 4241 ι
2190 4189 2413 4246 educam
2437 4201 2533 4242 eas
2556 4186 2625 4241 de
2671 4184 2883 4256 populis
2913 4189 2970 4238 et
2995 4181 3338 4252 congregabo
3364 4193 3462 4234 eas
3490 4179 3559 4234 de
3592 4186 3697 4233 ter-

434 4286 465 4324 a
495 4278 567 4335 te,
596 4267 856 4340 replicent
880 4281 945 4322 ea
967 4273 1024 4321 et
1064 4265 1375 4331 decantent,
1409 4271 1465 4318 et
1497 4263 1641 4319 dulci
1668 4279 1801 4320 sono
1843 4279 1901 4318 se
1925 4268 2024 4321 de—
2129 4297 2147 4327 ε
2192 4278 2292 4341 ris,
2321 4284 2377 4331 ει
2403 4275 2648 4329 inducam
2671 4287 2766 4329 eas
2791 4273 2846 4327 in
2867 4280 3066 4327 tenam
3089 4284 3265 4335 suam,
3286 4277 3341 4323 ei
3363 4282 3586 4337 pascam
3612 4282 3702 4322 eas

432 4358 656 4429 cipiant.
695 4375 714 4410 ι
767 4356 834 4413 Et
877 4354 1118 4420 audient,
1163 4354 1360 4425 inquit,
1410 4354 1575 4408 verba
1607 4363 1696 4408 tua
1722 4361 1777 4409 et
1802 4368 1908 4407 non
1936 4354 2022 4407 fa-
2052 4419 2089 4429 _
2131 4387 2148 4419 ι
2193 4366 2247 4421 in
2281 4365 2554 4420 ωοηιευιιε
2595 4362 2762 4418 [araer
2804 4363 2860 4416 ίη
2908 4361 3040 4417 rivis
3069 4367 3126 4416 ει
3159 4359 3214 4414 in
3239 4358 3454 4414 cuneus
3488 4359 3701 4413 εωίυυε

433 4419 708 4516 cientes;
743 4467 763 4501 ›
801 4446 932 4504 tales
960 4454 1086 4501 sunt
1111 4458 1276 4515 usque
1302 4443 1463 4499 hodie
1488 4442 1640 4498 multi
1666 4442 1719 4498 in
1745 4442 2018 4508 ecclesiis,
2051 4419 2100 4478 Ῐ)
2130 4477 2149 4508 ε
2192 4419 2368 4512 ﬁsa;
2422 4419 2478 4509 ιη
2511 4454 2728 4524 pascuis
2774 4452 3066 4509 uberrimis
3114 4464 3336 4521 pascam
3380 4464 3497 4515 eas,
3553 4459 3608 4503 ει
3648 4449 3698 4503 in

434 4541 527 4612 qui
556 4541 741 4598 aiunt:
765 4538 974 4607 Venite,
1002 4535 1283 4593 audiamus
1306 4533 1453 4590 illum
1481 4541 1536 4589 et
1561 4532 1710 4589 illum
1740 4534 1877 4590 mira
1899 4547 2016 4590 010-
2129 4566 2149 4597 ι
2194 4546 2466 4602 montibus
2499 4542 2728 4598 excelsis
2755 4541 2915 4597 Israel
2966 4550 3127 4597 erunt
3147 4555 3362 4611 pascua:
3382 4554 3598 4593 earum.
3628 4537 3700 4593 lbi

436 4631 655 4705 quentia
686 4627 1084 4707 praedicationis
1131 4641 1243 4682 sua:
1274 4625 1437 4679 verba
1481 4623 1786 4681 volventem
1806 4663 1821 4689 ,
1857 4624 1980 4695 plan
2001 4653 2020 4664 -
2128 4655 2149 4687 ι
2196 4635 2535 4705 requiesce“;
2562 4633 2616 4687 in
2643 4632 2827 4688 herbis
2853 4631 3152 4687 virentibus
3179 4642 3233 4685 ει
3255 4631 3307 4686 in
3334 4630 3556 4702 pascuis
3588 4631 3701 4701 ρία-

439 4736 638 4795 susque
678 4727 1020 4778 commovent
1045 4727 1100 4772 et
1144 4715 1530 4780 vociferantur,
1580 4724 1637 4770 et
1656 4713 1868 4783 jactaut
1896 4730 2020 4768 ma—
2129 4746 2147 4777 ι
2190 4725 2380 4797 auibus
2407 4729 2695 4794 pascentur
2718 4736 2880 4791 super
2899 4728 3111 4776 montes
3134 4718 3317 4774 Israel.
3343 4718 3458 4790 Ego
3482 4733 3698 4790 pascam

440 4832 560 4877 ulls.
595 4814 661 4873 Et
686 4827 805 4886 qua:
829 4811 1080 4883 operibus
1108 4808 1491 4881 neglexerant,
1530 4814 1812 4878 postquam
1845 4807 2010 4861 δάνο-
2128 4837 2147 4867 ε
2191 4830 2321 4871 oves
2342 4830 2491 4871 meas
2513 4822 2570 4869 et
2593 4828 2695 4884 ego
2713 4827 2808 4868 eas
2836 4812 3100 4867 accubare
3124 4810 3342 4876 faciam,
3363 4810 3501 4865 dicit
3524 4809 3703 4866 Domi-

445 4905 588 4963 uisse
644 4901 994 4972 cognoverint
1041 4895 1280 4972 (necesse
1324 4905 1409 4956 est
1449 4896 1594 4954 enim
1638 4895 1818 4952 venire
1865 4896 2008 4969 quod
2131 4926 2148 4956 ι
2194 4921 2297 4961 nus
2333 4905 2498 4959 Deus,
2528 4903 2682 4970 Quod
2717 4903 2955 4972 perierat
2977 4901 3272 4971 requiram,
3299 4908 3358 4955 el,
3379 4902 3527 4969 quod
3555 4901 3701 4972 shie-

441 4993 709 5066 Prupbeta
732 4991 826 5051 Dei
850 5004 1095 5046 sermone
1121 4987 1474 5059 pronuntiat),
1498 4997 1623 5043 tunc
1647 4986 2013 5056 incipientap-
2131 5016 2148 5047 ι
2191 5004 2338 5050 οωιη
2383 5001 2502 5049 erat
2533 4994 2804 5058 reducam,
2862 5000 2918 5047 et
2953 4991 3097 5061 quod
3137 4990 3478 5045 confractum
3531 4988 3705 5046 fuerat

440 5088 671 5159 probare
712 5092 767 5139 et
795 5098 953 5139 nosse
1002 5080 1144 5153 quod
1183 5088 1375 5137 cuncta
1428 5093 1547 5149 qua:
1596 5077 1878 5145 audierant
1907 5093 2013 5130 non
2134 5106 2151 5133 ι
2195 5084 2444 5155 alligabo,
2492 5093 2548 5139 et
2595 5082 2735 5152 quod
2783 5081 3055 5137 inﬁrmum
3083 5093 3201 5136 erat
3230 5084 3601 5149 consolidabo,
3651 5093 3705 5137 et

444 5178 641 5233 fuerint
670 5175 902 5232 hominis
935 5175 1121 5238 verba,
1150 5172 1242 5228 sed
1269 5171 1499 5247 Domini,
1529 5172 1617 5241 qui
1650 5187 1744 5242 per
1771 5170 2011 5240 Prophc-
2133 5198 2151 5227 ι
2197 5176 2341 5246 quod
2358 5176 2557 5247 pingue
2582 5185 2638 5230 et
2660 5173 2798 5230 forte
2819 5175 3145 5231 custodiam.
3176 5183 3233 5229 et
3258 5189 3478 5244 pascam
3507 5175 3626 5231 illas
3649 5175 3703 5229 in

443 5277 553 5325 tam
575 5276 629 5321 et
650 5266 826 5321 virum
853 5262 1273 5320 ecclesiasticum
1296 5260 1505 5316 locutus
1530 5267 1630 5316 cst.
2136 5283 2152 5314 ι
2195 5265 2417 5335 judicio.
2433 5264 2541 5320 Vos
2565 5272 2763 5327 autem,
2788 5278 2979 5334 greges
3003 5263 3131 5327 mei,
3160 5262 3275 5317 haec
3293 5263 3425 5318 dicit
3446 5263 3703 5320 Dominus

2137 5377 2153 5405 ‹
2198 5355 2376 5409 Deus:
2421 5354 2560 5410 Ecce
2585 5355 2881 5425 egojndico
2904 5354 3048 5409 inter
3074 5369 3239 5425 pecus
3267 5363 3322 5409 et
3355 5368 3543 5424 pecus,
3566 5357 3704 5411 arie-

2136 5465 2155 5496 ι
2202 5455 2312 5499 tum
2334 5451 2389 5498 ct
2434 5444 2728 5500 hircorum.
2776 5444 2964 5499 Nonne
2989 5443 3122 5499 satis
3161 5444 3314 5498 vobis
3348 5455 3470 5499 erat
3509 5460 3701 5515 pascua

2136 5554 2161 5587 «ο
2202 5537 2340 5590 bona
2386 5535 2647 5604 depasci?
2705 5533 2931 5604 insuper
2980 5544 3038 5590 et
3086 5534 3339 5602 reliquias
3379 5548 3700 5603 pascuarnm

2135 5643 2157 5682 ι
2202 5633 2503 5685 vestrarum
2551 5625 2912 5684 canculcastis
2957 5626 3179 5698 pedibus
3220 5626 3416 5684 vestris
3439 5667 3454 5691 ,
3502 5636 3695 5684 etcum

1126 5502 1349 5520 me
