3972 6184
518 342 621 403 843

1155 342 1219 394 u.
1257 320 1506 393 nsum
1547 332 1764 389 usum
1808 318 2123 386 metuar.
2165 315 2472 386 uocem.
2515 326 2801 387 orsuuu
2839 330 3025 387 rans
3063 332 3125 387 ιι.

3685 332 3791 394 ΒΗ

458 469 467 497 τ
516 463 629 518 Deo
658 464 837 516 escam
890 440 990 512 sibi
1030 453 1199 525 (Paul.
1242 452 1380 522 cui).
1422 472 1438 502 ι
1480 458 1496 501 ι
1531 448 1636 503 Vos
1662 457 1863 511 autem,
1896 447 2088 515 inquit,
2121 454 2169 510 Α
2195 460 2342 500 mum
2388 444 2804 516 cogitationibus
2834 440 3104 501 humiliari
3133 460 3228 501 cor
3254 442 3435 515 debet,
3462 460 3517 504 et
3554 458 3681 507 tunc
3701 454 3792 509 de-

517 560 637 611 cum
665 552 977 606 austeritate
1015 543 1359 614 impcrabatis
1386 542 1496 603 cis,
1539 548 1595 594 et
1618 554 1740 593 cum
1765 537 2027 609 potentia.
2070 557 2087 589 ι

514 666 581 690 -έ
614 645 816 718 (σνρσ.)
856 642 989 697 Cum
1028 637 1348 693 austeritate
1399 635 1542 689 enim
1586 640 1643 686 et
1687 646 1809 686 cum
1854 629 2092 699 potentia

516 745 797 813 imperant,
846 734 934 805 qui
964 731 1205 788 subditos
1240 743 1368 783 suos
1408 742 1514 780 non
1543 721 1828 791 tranquille
1876 720 2091 775 ratioci-

512 832 690 886 nando
734 828 1026 897 corrigere,
1081 822 1176 876 sed
1213 832 1405 890 aspere
1448 817 1721 873 inﬂectere
1769 812 2094 867 dominando

512 916 783 977 festinant.
815 915 884 970 At
908 922 1103 969 contra
1126 926 1252 965 vera
1274 906 1519 963 doctrina
1552 914 1699 959 tanto
1720 900 2094 983 vehementius

511 1014 611 1067 huc
641 1007 888 1065 elationis
930 1005 1122 1059 vitium
1169 1017 1267 1073 per
1298 998 1678 1070 cogitationem
1709 994 1860 1064 fugit,
1893 1001 2093 1063 quanto

510 1099 788 1155 ardentius
840 1092 1130 1151 verborum
1186 1105 1406 1145 suorum
1453 1085 1646 1157 jaculis
1696 1084 1870 1153 ipsum
1926 1080 2093 1151 magi-

509 1202 680 1247 strum
704 1188 954 1244 elationis
990 1182 1313 1253 insequitur.
1347 1176 1515 1233 Cavet
1555 1175 1697 1229 enim
1724 1188 1789 1226 uc
1814 1187 1935 1227 eum
1981 1186 2095 1224 ma-

508 1284 590 1352 gis
627 1280 784 1336 elatis
808 1277 1048 1332 moribus
1082 1271 1370 1345 praedicet,
1399 1281 1558 1337 quem
1606 1266 1657 1319 in
1682 1263 1844 1319 corde
1877 1261 2093 1315 audien-

510 1350 643 1426 tium
703 1366 871 1422 sacris
925 1360 1268 1419 sermonibus
1330 1358 1645 1410 insectatur.
1723 1350 2090 1405 Humilitatem

509 1462 757 1529 namque,
799 1470 918 1527 quae
942 1453 1201 1523 magistra
1233 1457 1318 1504 est
1337 1446 1577 1501 omnium
1623 1451 1901 1513 materque
1927 1442 2089 1496 virtu-

472 1571 485 1582 :
509 1562 643 1615 tum,
669 1560 724 1605 et
749 1546 1048 1618 eloquendo
1071 1544 1268 1607 dicere,
1295 1547 1348 1596 et
1367 1538 1599 1593 vivendo
1616 1545 1884 1591 conantur
1911 1538 2091 1590 oSten—

506 1650 650 1711 dere,
682 1654 741 1700 ut
768 1659 886 1699 eam
927 1640 1068 1712 apud
1095 1636 1383 1708 discipulos
1412 1632 1655 1688 veritatis
1698 1630 1818 1701 plus
1852 1630 2091 1685 moribus

503 1756 665 1811 quant
692 1736 1030 1793 sermonibus
1055 1731 1398 1801 eloquuntur.
1424 1725 1575 1781 Unde
1590 1723 1787 1778 Paulus
1808 1721 2091 1777 Thessalo-

504 1833 812 1887 nicensilms
838 1829 1094 1897 loquens,
1127 1822 1280 1894 quasi
1311 1818 1561 1875 culminis
1584 1815 1786 1897 proprii
1818 1809 2087 1884 apostola-

478 1934 591 1977 :tus
633 1922 848 1983 oblitus,
876 1918 951 1972 ait
981 1935 993 1969 :
1050 1913 1202 1969 Facti
1248 1926 1435 1967 sumus
1462 1892 1666 1979 parvuli
1710 1905 1767 1961 in
1800 1905 1975 1960 medio
2000 1918 2091 1961 .ve-

503 2010 739 2082 strum(l
769 2010 947 2063 Thess.
976 2005 1035 2078 ιι)
1061 2026 1077 2055 ι
1116 2004 1267 2060 Unde
1289 2001 1480 2057 Petrus
1504 1997 1775 2069 apostolus
1795 2011 1916 2051 eum
1947 1995 2092 2050 diee-

494 2088 627 2158 ret:
676 2122 694 2152 ι
722 2099 909 2153 Parati
953 2109 1166 2165 semper
1195 2093 1263 2146 ad
1315 2088 1740 2145 satisfactionem
1775 2085 1962 2139 :omni
1990 2099 2088 2154 po-

503 2190 677 2248 secuti
734 2204 830 2242 nos
858 2187 1124 2241 rationem
1158 2183 1224 2237 de
1261 2196 1323 2235 ea
1355 2195 1476 2250 qua:
1525 2178 1579 2232 in
1616 2174 1769 2230 vobis
1794 2184 1878 2230 est
1914 2188 2010 2245 spe
2036 2173 2086 2238 (1

507 2278 632 2334 I’etr
677 2278 762 2348 ιιι)
784 2318 799 2342 ,
834 2294 853 2328 ι
891 2276 943 2329 in
972 2274 1088 2344 ipsa
1118 2270 1375 2348 doctrina:
1400 2268 1626 2323 scientia
1654 2264 1973 2336 qualitatem
1998 2264 2092 2318 do-

498 2369 657 2425 τοιιαὶ
684 2344 1057 2422 asseruitesse
1083 2344 1426 2423 servandam,
1453 2356 1725 2413 subdens:
1754 2372 1785 2405 -‹
1825 2351 1933 2408 Sed
1966 2368 2088 2408 cum

502 2461 765 2518 modestia
798 2467 853 2514 et
879 2458 1071 2513 timore
1094 2450 1479 2509 conscientiam
1509 2447 1769 2503 habentes
1810 2445 2028 2501 bonam.
2064 2466 2083 2497 ι

497 2553 613 2610 Hoc
634 2561 812 2606 autem
838 2548 980 2620 quod
1002 2544 1265 2614 discipulo
1293 2540 1488 2596 Paulus
1509 2539 1585 2594 ait
1613 2557 1625 2593 :
1666 2555 1685 2591 (
1718 2537 1954 2605 Praecipe
1973 2535 2087 2591 D330

496 2655 553 2700 et
576 2646 709 2700 doce
741 2658 863 2699 cum
893 2639 1038 2695 omni
1071 2636 1295 2707 imperio
1328 2633 1456 2707 (Tit.
1507 2630 1611 2703 u);
1647 2650 1665 2683 ι
1711 2645 1817 2685 non
1848 2628 2091 2685 domina-

499 2739 699 2791 tionem
726 2732 996 2805 potentize,
1018 2730 1113 2786 sed
1136 2727 1515 2783 auctoritatem
1538 2720 1728 2779 suadet
1745 2720 1885 2775 vitae.
1917 2737 1935 2771 ι
1956 2719 2090 2775 Cum

490 2827 725 2898 imperio
748 2832 781 2878 ῖι
824 2824 1021 2895 quippe
1048 2822 1286 2883 docetur,
1319 2817 1463 2887 quod
1501 2815 1652 2886 prius
1686 2813 1882 2885 agitur,
1928 2826 2090 2881 quam

499 2922 712 2976 dicatur
742 2935 755 2971 :
798 2930 924 2977 nam
955 2913 1212 2969 doctrina:
1245 2909 1516 2965 subtrahit
1554 2907 1826 2967 ﬁduciam,
1875 2903 2088 2974 quando

498 3008 829 3068 conscientia
877 3004 1135 3076 prmpedit
1180 3002 1436 3072 linguam.
1477 2998 1592 3054 Non
1618 3012 1748 3069 ergo
1774 2998 2091 3066 eipotcsta-

500 3116 607 3159 tem
654 3101 808 3156 elatae
837 3095 1147 3160 locutionis,
1192 3093 1285 3148 sed
1316 3093 1469 3149 bonae
1511 3088 1761 3144 ﬁduciam
1796 3087 2088 3143 insinuavit

2197 550 2341 590 mum
2371 535 2797 605 delinquentium
2839 530 3152 605 iniquitates
3190 538 3481 609 increpari.
3515 539 3785 614 (Ηίενωι.)

2195 627 2261 680 Ει
2299 627 2681 697 disperguntur
2718 635 2776 683 ct
2815 635 3001 681 errant
3048 627 3100 681 in
3135 629 3344 684 cunctis
3379 631 3657 687 montibus
3696 635 3786 703 qui

2193 720 2473 773 elevantur
2499 727 2685 773 contra
2724 717 3004 773 scientiam
3038 719 3161 783 Dei,
3196 728 3252 775 et
3282 719 3335 774 in
3364 721 3621 777 universo
3649 722 3787 779 colle

2193 808 2407 865 excelso
2452 829 2471 863 ς
2517 810 2607 878 qui
2652 824 2750 879 per
2789 810 3096 864 haireticam
3147 812 3488 880 superbiam,
3530 812 3792 869 ecclesia-

2193 901 2382 957 sticam
2434 900 2737 971 despiciunt
2786 900 3219 970 simplicitatem.‘
3250 901 3315 956 Et
3361 917 3524 972 super
3567 918 3781 961 omnem

2194 991 2386 1047 faciem
2442 1000 2598 1046 terra:
2642 992 3067 1061 disperguntur:
3118 1000 3330 1045 terrena
3376 1007 3481 1046 non
3538 992 3776 1049 cmlestia

2194 1086 2553 1156 requirentes.
2600 1085 2667 1140 Et
2709 1101 2816 1140 non
2864 1093 3009 1150 erat,
3042 1086 3134 1155 qui
3184 1087 3520 1156 requireret,
3562 1102 3663 1144 nec
3690 1091 3777 1160 qui

2196 1178 2516 1233 reduceret:
2560 1177 2687 1246 quia
2718 1176 2927 1233 deliciis
2975 1177 3247 1246 occupati,
3298 1179 3476 1249 gregis
3512 1178 3780 1236 Dominici

2194 1267 2390 1324 damna
2416 1284 2521 1323 non
2560 1276 2773 1323 curant.
2820 1268 2970 1323 Unde
3014 1268 3082 1323 ad
3129 1268 3301 1322 malos
3326 1278 3575 1339 pastores
3602 1285 3781 1325 sermo

2196 1358 2254 1413 fit
2282 1358 2516 1423 Domini,
2538 1357 2664 1428 quia
2703 1358 2806 1413 ista
2831 1366 2887 1413 et
2914 1358 3015 1413 ista
3060 1356 3286 1424 fecistis,
3318 1375 3438 1428 qua:
3482 1374 3647 1430 supra
3678 1370 3773 1416 ex-

2192 1452 2370 1523 posui,
2394 1461 2452 1506 et
2482 1467 2602 1523 qua:
2646 1451 2881 1506 secundo
2910 1460 3211 1506 enumerat.
3252 1450 3549 1522 Sequitur:
3588 1472 3606 1505 ι
3644 1452 3781 1509 Ecce

2192 1540 2293 1615 ego
2321 1544 2444 1613 ipse
2487 1542 2556 1597 ad
2600 1552 2847 1613 pastores
2876 1542 3091 1597 veniam
3140 1550 3194 1596 et
3245 1542 3518 1613 requiram
3560 1558 3776 1615 gregem

2193 1649 2372 1689 meum
2431 1634 2497 1689 de
2534 1648 2695 1688 manu
2724 1648 2948 1699 eorum,
2984 1652 3004 1685 ι
3054 1633 3250 1704 quibus
3291 1635 3509 1705 expedit
3541 1643 3602 1689 ut
3643 1636 3783 1692 mola

2194 1722 2456 1781 asinaria
2494 1724 2744 1796 alligetur
2798 1725 2863 1779 ad
2906 1723 3104 1781 collum
3156 1740 3316 1794 quam
3376 1734 3439 1781 ut
3492 1726 3774 1783 minimum

2120 1800 2167 1859 B
2195 1817 2562 1873 scandalizent
2604 1817 2669 1873 de
2698 1816 2891 1887 pepulo
2915 1831 3034 1871 meo
3077 1806 3292 1888 (Matth.
3340 1815 3517 1887 mu).
3571 1816 3639 1872 Et
3665 1818 3777 1873 htec

2195 1912 2299 1967 erit
2320 1926 2507 1966 eorum
2532 1924 2690 1981 pmua
2718 1910 2804 1963 vel
2827 1910 3078 1970 maxima,
3120 1927 3137 1959 ι
3172 1917 3231 1962 ιιι
3255 1908 3392 1962 ultra
3425 1925 3532 1963 non
3552 1915 3777 1978 pascant

2192 2017 2408 2072 gregem
2438 2014 2616 2057 meum
2642 2016 2656 2065 ;
2700 2013 2767 2054 ne
2792 2000 2890 2055 sub
2916 1999 3199 2055 occasione
3225 2000 3403 2053 ovium
3452 1989 3661 2070 seipsos
3686 2015 3775 2069 pa.

2192 2103 2344 2149 scatit
2377 2102 2431 2146 et
2472 2108 2601 2164 opes
2650 2100 2995 2164 congregem.
3060 2110 3077 2140 ι
3117 2088 3183 2145 Ει
3232 2089 3473 2145 liberabo
3518 2090 3773 2162 pepulutu

2192 2201 2369 2241 meum
2397 2185 2462 2240 de
2497 2199 2591 2240 ore
2612 2198 2820 2239 eorum.
2862 2204 2878 2235 ι
2912 2182 3224 2253 Requiram,
3269 2183 3465 2252 inquit,
3495 2184 3562 2237 de
3590 2200 3771 2249 manu,

2192 2289 2246 2334 et
2271 2279 2511 2335 liberabo
2540 2280 2605 2335 de
2645 2293 2769 2344 ore,
2802 2280 2942 2348 quod
2976 2278 3147 2333 avidis
3193 2276 3439 2334 faucibus
3464 2281 3775 2336 devoratur.

2192 2368 2324 2424 Cum
2356 2379 2535 2423 autem
2564 2367 2871 2438 requisierit
2898 2381 3049 2433 oves,
3080 2367 3263 2423 visitat
3281 2385 3394 2434 eas,
3425 2370 3584 2439 quasi
3610 2386 3773 2441 :egro-

2193 2468 2390 2523 tantes,
2442 2469 2602 2530 atque
2629 2458 2981 2524 macilentas,
3032 2460 3089 2513 et
3126 2469 3406 2529 pastorum
3450 2460 3771 2533 negiigentia

2191 2553 2498 2623 dissipatas.
2537 2552 2603 2607 Et
2637 2551 2884 2606 liberabit
2919 2552 2984 2606 de
3033 2551 3282 2607 omnibus
3325 2552 3479 2615 locis,
3537 2572 3557 2603 ι
3588 2553 3643 2607 in
3691 2555 3773 2609 die

2192 2643 2350 2699 nubis
2376 2655 2430 2698 et
2456 2642 2723 2714 caliginis,
2760 2662 2776 2694 ι
2813 2643 2878 2697 de
2899 2657 3003 2712 qua
3028 2640 3266 2710 loquitur
3292 2652 3347 2697 et
3366 2641 3483 2698 Joel
3510 2662 3524 2697 :
3566 2642 3772 2711 (Adest

2191 2735 2307 2791 dies
2346 2734 2577 2799 Domini,
2609 2743 2666 2788 et
2704 2748 2870 2804 prope
2898 2742 2981 2788 est
3012 2732 3126 2789 dies
3168 2732 3513 2789 tenebrarum
3558 2744 3616 2789 et
3644 2734 3771 2789 eali-

2188 2828 2351 2901 ginis,
2383 2827 2497 2882 dies
2524 2828 2682 2883 nubis
2703 2835 2756 2881 et
2781 2826 2988 2881 nebula:
3010 2825 3167 2898 (Joel.
3197 2826 3279 2899 ιι).
3314 2846 3331 2879 ι
3360 2825 3513 2881 Tunc
3539 2827 3772 2883 educun-

2193 2928 2282 2975 tur
2307 2920 2372 2974 de
2409 2919 2587 2984 terris,
2640 2927 2698 2975 ut
2750 2918 3086 2975 adducantur
3117 2918 3169 2973 in
3194 2927 3402 2975 terram
3430 2934 3608 2984 suam,
3659 2934 3773 2988 qua:

2191 3021 2275 3067 est
2302 3018 2446 3065 terra
2476 3008 2794 3064 viventium.
2839 3009 2907 3065 Et
2951 3009 3065 3080 ipse
3089 3024 3181 3064 eas
3206 3017 3394 3079 pascat
3418 3009 3473 3063 in
3506 3010 3773 3064 montibus

2192 3102 2375 3158 lsrael.
2428 3099 2503 3157 De
2554 3102 2749 3172 quibus
2780 3100 3019 3170 loquitur
3047 3100 3250 3155 David:
3308 3120 3326 3151 ι
3364 3099 3566 3156 Levavi
3590 3100 3770 3159 oculos

499 3193 747 3249 actionis.
800 3188 961 3245 ‘Unde
1017 3186 1181 3241 etiam
1235 3183 1302 3238 de
1355 3179 1582 3235 Domino
1649 3179 1907 3249 scriptum
1956 3186 2078 3232 est:
2112 3153 2339 3258 C‘mcos
2385 3193 2452 3248 ad
2482 3200 2709 3258 montes,
2740 3191 2881 3247 unde
2909 3190 3086 3247 γοηίει
3122 3190 3379 3245 auxilium
3430 3189 3760 3261 "131,”pr

503 3309 520 3337 ι
562 3286 693 3341 Erat
719 3282 861 3338 enim
905 3279 1123 3343 docens,
1166 3278 1308 3332 sicut
1354 3279 1676 3345 potestatem
1707 3272 1934 3334 habens,
1970 3284 2080 3323 non

2180 3284 2332 3354 cxx).
2373 3302 2392 3335 ι
2442 3282 2519 3337 Et.
2547 3298 2653 3337 non
2680 3281 2854 3338 solum
2888 3280 2940 3336 in
2972 3282 3272 3361 montibus,
3322 3281 3415 3336 sed
3445 3280 3500 3334 in
3535 3281 3688 3342 rivis.
3716 3289 3767 3335 et

496 3382 641 3434 sicut
900 3382 955 3428 εἰ
981 3368 1236 3427 Pharisaei
1263 3366 1473 3441 (Matth.
1502 3363 1621 3437 γιι).
1661 3384 1680 3417 1
1725 3362 2088 3433 Siugulariter
2174 3372 2241 3429 ’ξη
2265 3374 2475 3429 cunctis
2499 3372 2715 3427 sedibus
2743 3379 2919 3434 terra},
2949 3370 3001 3424 in
3034 3370 3250 3440 pascuis
3285 3369 3598 3435 uberrimi-5'
3642 3382 3696 3424 ει
3718 3370 3765 3423 in

497 3475 809 3540 namque-et
842 3461 1212 3538 principaliter
1239 3460 1385 3516 solus
1410 3473 1477 3514 ex
1528 3465 1796 3529 potestate
1832 3455 1973 3509 bona
2005 3454 2085 3509 lo-

507 3572 655 3617 attus
700 3568 803 3627 est,
832 3559 955 3631 quia
985 3572 1053 3612 ex
1082 3552 1394 3611 inﬁrmitate
1422 3549 1563 3605 mala
1589 3548 1733 3604 nulla
1778 3547 2082 3603 commisit:

495 3672 560 3712 ex
595 3649 1115 3721 diviniuttis-quippe
1143 3642 1381 3717 potentia
1421 3641 1628 3706 habuit,
1670 3640 1721 3695 id
1756 3639 1899 3709 quod
1930 3637 2086 3693 nobis

494 3762 594 3818 per
622 3741 973 3799 humanitatis
1027 3754 1139 3794 sua:
1181 3734 1543 3791 innocentiam
1592 3730 1939 3786 ministravit.
1975 3727 2087 3785 Nos

497 3839 640 3893 enim
673 3836 763 3906 qai
798 3830 996 3888 inﬁrmi
1047 3828 1296 3885 homines
1322 3838 1538 3887 sumus,
1572 3835 1694 3877 cum
1737 3820 1805 3875 de
1831 3820 1942 3874 Deo
1983 3818 2081 3873 bo-

498 3931 734 3987 minibus
785 3927 1095 3998 loquimur,
1174 3922 1434 3978 debemus
1487 3919 1721 3989 primum
1775 3914 2086 3971 meminisse

498 4020 641 4092 quod
656 4032 866 4084 sumus,
887 4025 946 4071 ut
970 4029 1035 4070 ex
1062 4013 1281 4085 propria
1305 4011 1622 4067 inﬁrmitate
1641 4022 1951 4078 pensemus,
1979 4019 2084 4075 quo

500 4111 726 4170 docendi
763 4109 951 4165 ordine
980 4106 1211 4161 inﬁrmis
1244 4103 1505 4159 fratribus
1532 4100 1897 4157 consulamus.
1946 4098 2087 4154 Con-

499 4206 798 4262 sideremus
826 4201 1006 4273 igitur,
1042 4198 1169 4269 quia
1209 4204 1302 4251 aut
1338 4194 1473 4251 tales
1501 4208 1688 4250 sumus
1736 4191 1924 4263 quales
1952 4180 2086 4269 iton-

503 4296 677 4352 nullos
702 4266 1172 4365 corrigimus,—aut
1200 4288 1335 4343 tales
1368 4282 1656 4357 aliquando
1683 4284 1905 4352 fuimus,
1950 4266 2085 4340 etsi

493 4389 605 4460 jam
636 4388 817 4443 divina
871 4385 1042 4459 gratia
1087 4388 1347 4453 operante
1398 4395 1503 4434 non
1560 4391 1783 4433 sumus:
1828 4385 1887 4431 ut
1933 4383 2083 4431 tanto

2187 3472 2371 3518 monte
2424 3459 2657 3517 excelso.
2717 3460 2795 3515 De
2834 3474 2940 3530 quo
2971 3458 3158 3515 Esaias
3187 3471 3243 3515 et
3290 3458 3544 3522 Miebzeas
3569 3460 3768 3530 plenius

2187 3554 2569 3608 vaticinantur.
2603 3549 2729 3607 Sive
2759 3551 2811 3606 in
2842 3550 3115 3606 montibus
3143 3549 3373 3605 excelsis
3402 3549 3571 3606 Israel
3597 3550 3668 3605 ibi
3691 3564 3767 3605 re-

2185 3643 2540 3714 quiescentin
2563 3642 2745 3697 herbis
2773 3641 3091 3705 virentibus,
3133 3649 3190 3696 et
3211 3642 3424 3697 dicent:
3462 3660 3483 3693 ι
3514 3640 3765 3697 Dominus

2184 3735 2361 3805 pascit
2390 3749 2476 3788 me
2505 3740 2561 3788 et
2602 3731 2734 3788 nihil
2769 3732 2902 3787 mihi
2951 3733 3158 3797 deerit,
3203 3732 3258 3785 in
3292 3730 3415 3787 loco
3448 3746 3670 3802 pascua:
3694 3731 3757 3787 ibi

2185 3830 2273 3880 me
2333 3824 2651 3880 collocavit:
2710 3838 2873 3894 super
2921 3838 3089 3892 aquas
3149 3822 3464 3877 refectioais
3521 3820 3760 3879 educavit

2185 3914 2473 3988 me_(Psal.
2512 3913 2672 3985 xxtt).
2712 3932 2730 3967 ι
2767 3914 2834 3968 Et
2864 3922 3159 3984 pascentur
3204 3912 3256 3966 in
3286 3911 3505 3982 pascuis
3532 3911 3754 3982 pinguis

2184 4009 2338 4064 simis
2382 4020 2544 4078 super
2588 4012 2802 4061 montes
2846 4003 3010 4059 Israel
3043 4021 3056 4057 :
3089 4012 3171 4058 est
3219 4002 3429 4056 inﬁnita
3486 4002 3755 4073 promissio

2185 4114 2414 4169 spesque
2443 4097 2792 4155 beatitudinis
2812 4136 2827 4162 ,
2880 4096 3093 4165 quando
3124 4093 3237 4164 ipse
3264 4094 3527 4149 Dominus
3544 4094 3754 4166 polliae-

2185 4201 2273 4247 tur
2298 4190 2521 4245 dicens:
2559 4208 2577 4241 ι
2614 4188 2725 4259 Ego
2761 4201 2982 4257 pascam
3030 4199 3156 4240 oves
3204 4196 3372 4246 meas,
3405 4203 3426 4236 ι
3462 4194 3517 4239 et
3558 4197 3742 4254 aequas

2185 4292 2347 4354 quam
2394 4295 2489 4336 eas
2527 4279 2861 4336 committam
2907 4276 3062 4332 malis
3104 4275 3453 4346 pastoribus;
3504 4292 3525 4328 ι
3550 4276 3620 4331 Et
3657 4287 3745 4348 ego

2183 4390 2279 4430 eas
2304 4374 2564 4433 accubare
2594 4370 2812 4435 faciam,
2866 4368 2997 4427 dicit
3036 4367 3297 4424 Dominus
3325 4368 3491 4432 Deus,
3524 4386 3547 4419 ο
3593 4376 3647 4420 ιιι
3672 4380 3744 4419 re-

500 4479 885 4552 temperantius
912 4473 1071 4532 corde
1099 4471 1289 4530 humili
1319 4458 1683 4542 corrigamus,
1731 4475 1933 4537 quanto
1959 4482 2082 4522 ues—
2106 4501 2159 4563 Ι)
2184 4466 2464 4536 quiescant
2508 4462 2562 4516 in
2611 4462 2729 4517 sinu
2775 4460 3067 4521 Abraham,
3100 4458 3249 4513 Isaac
3285 4466 3340 4512 et
3380 4456 3567 4513 Iacob.
3610 4456 3740 4511 Tunc

499 4575 759 4644 metipsos
794 4570 976 4627 verius
1002 4570 1054 4624 in
1077 4568 1162 4624 his
1184 4581 1318 4637 quos
1343 4564 1689 4620 cmeudamus
1716 4561 2078 4638 agnoscimus.

500 4670 557 4724 Si
588 4678 767 4723 autem
799 4664 933 4720 tales
960 4677 1056 4718 nec
1078 4676 1287 4723 sumus,
1313 4672 1413 4713 nec
1443 4656 1641 4712 fuimus
1661 4694 1677 4722 ,
1702 4652 1888 4724 quales
1908 4652 2084 4708 adhuc

499 4758 574 4814 illi
604 4765 730 4813 sunt
774 4770 907 4825 quos
948 4750 1238 4809 emendare
1282 4748 1549 4817 cupimus,
1599 4762 1789 4819 necor
1836 4757 2082 4819 nostrum

501 4855 636 4908 forte
675 4848 988 4922 superbiat,
1040 4852 1093 4900 et
1132 4844 1196 4900 de
1250 4843 1366 4912 ipsa
1408 4840 1712 4895 innocentia
1758 4837 1910 4910 pejus
1939 4848 2082 4904 ruat,

499 4959 729 5015 quorum
776 4940 913 4995 mala
960 4935 1316 5007 corripimus,
1370 4933 1473 4987 alia
1517 4947 1705 4987 eorum
1751 4932 1892 4989 bona
1926 4930 2081 4986 nobis

500 5046 624 5090 ante
662 5032 847 5088 oculos
879 5042 1212 5085 revocemus.
1265 5025 1394 5092 Qua:
1440 5023 1484 5076 si
1521 5022 1741 5076 omnino
1773 5018 1916 5075 nulla
1946 5020 2075 5085 sint,

498 5129 564 5183 ad
617 5125 826 5183 occulta
874 5122 968 5177 Dei
1008 5112 1209 5189 judicia
1243 5130 1613 5177 recurremus,-
1636 5113 1760 5182 quia
1810 5112 1949 5168 sicut
1980 5128 2078 5166 nos

497 5221 655 5276 nullis
677 5216 901 5280 meritis,
930 5214 1033 5268 boc
1061 5211 1235 5282 ipsum
1259 5208 1457 5262 bonum
1482 5205 1623 5276 quod
1646 5205 1907 5258 habemus
1926 5219 2079 5259 acce-

499 5316 677 5386 pimus
713 5328 730 5366 :
764 5313 836 5364 ita
873 5308 990 5363 illos
1017 5317 1235 5374 quoque.
1277 5308 1450 5371 potest
1477 5298 1647 5369 gratia
1699 5311 1944 5366 superna:
1970 5294 2078 5349 vir—

500 5411 627 5463 tutis
655 5402 961 5466 infundere,
991 5409 1048 5451 ut
1072 5394 1288 5453 excitati
1312 5391 1580 5462 posterius
1604 5390 1768 5446 etiam
1801 5390 1899 5458 ipsi
1948 5402 2073 5457 posa

496 5499 603 5554 sint
628 5497 787 5557 bona,
813 5504 931 5562 quae
958 5502 1055 5543 nos
1080 5492 1204 5540 ante
1228 5480 1555 5550 accepimus,
1585 5479 1902 5551 praevenire.
1951 5478 2083 5543 Quis

497 5588 641 5645 enim
671 5582 915 5651 crederet
951 5578 1093 5651 quod
1124 5590 1222 5647 per
1243 5571 1571 5644 apostolatus
1604 5569 1859 5626 meritum
1887 5569 2082 5627 Saulus

498 5676 792 5746 lapidatum
818 5668 1147 5741 Stephanum
1174 5678 1532 5736 praecessurus
1556 5670 1695 5726 erat,
1716 5660 1807 5730 qui
1832 5661 1883 5714 in
1910 5671 2083 5715 morte

502 5743 619 5835 ejus
651 5762 1000 5831 lapidantium
1029 5743 1357 5813 vestimenta
1376 5751 1622 5808 servabat
1646 5752 1668 5804 ?
1694 5750 1788 5805 llis
1822 5766 1949 5821 ergo
1974 5751 2082 5819 pri-

2183 4556 2325 4626 quod
2350 4556 2587 4629 perierat
2614 4553 2667 4606 in
2691 4551 2929 4623 gentium
2960 4548 3168 4621 populis
3195 4550 3519 4618 rcquiretur,
3547 4555 3599 4602 et
3616 4546 3737 4616 quod

2179 4655 2458 4705 erraverat
2510 4646 2562 4700 in
2595 4644 2969 4702 bmrcticornm
2996 4638 3350 4711 persuasione
3376 4640 3671 4700 reducetur,
3694 4646 3738 4688 et

2184 4740 2326 4810 quod
2353 4724 2894 4795 confractum‘fuerat
2940 4731 3269 4804 alligabitur,
3311 4741 3367 4786 et
3392 4731 3533 4802 quod
3565 4728 3737 4785 contri-

2187 4840 2297 4886 tum
2328 4840 2490 4899 atque
2518 4820 2805 4905 inﬁrmum
2852 4822 3291 4886 consolidabitur,
3350 4831 3411 4876 ut
3462 4822 3733 4891 impleatur,

2185 4922 2328 4993 quod
2352 4921 2609 4992 scriptum
2637 4927 2715 4973 est
2750 4932 2764 4971 :
2815 4936 2833 4967 ι
2869 4915 2971 4984 Qui
3001 4923 3159 4969 sanat
3209 4911 3551 4967 inﬁrmitates
3574 4924 3732 4968 eorum

2189 5022 2245 5069 et
2298 5010 2481 5083 alligat
2524 5010 2875 5067 contritiones
2920 5022 3106 5063 eorum
3156 5002 3330 5077 (Psal.
3371 5004 3572 5073 CXLVI).
3613 5021 3629 5051 ι
3678 4998 3728 5051 Et

2188 5104 2329 5175 quod
2356 5105 2572 5174 pingue,
2605 5101 2702 5165 ait,
2734 5100 2836 5153 erit
2865 5107 2918 5153 et
2944 5096 3081 5153 forte
3104 5094 3428 5159 custodiam,
3457 5108 3522 5148 ne
3548 5096 3728 5145 voretut

2189 5209 2218 5247 a
2250 5193 2469 5248 bestiis:
2512 5210 2528 5241 ι
2563 5191 2628 5245 Ει
2663 5198 2849 5260 pascet
2875 5202 3001 5241 oves
3024 5201 3149 5240 suas
3176 5185 3230 5238 in
3256 5183 3483 5253 judicio,
3517 5203 3534 5235 ι
3580 5180 3726 5236 sciens

2188 5286 2274 5342 cui
2304 5285 2420 5347 ovi,
2470 5299 2587 5353 qum
2616 5297 2810 5352 pascua
2841 5278 3155 5333 debeantur.
3204 5275 3442 5331 Diversa:
3469 5275 3600 5329 enim
3624 5275 3727 5323 sunt

2190 5376 2496 5431 mansiones
2544 5372 2683 5443 apud
2736 5371 2968 5424 Patrem.
3028 5387 3045 5417 ι
3088 5367 3151 5420 Et
3191 5381 3297 5420 non
3346 5364 3549 5432 judicat
3595 5359 3725 5413 Patet

2189 5458 2532 5538 quemquam,
2583 5462 2678 5519 sed
2704 5478 2863 5517 omne
2908 5459 3169 5529 judicium
3219 5455 3367 5538 dedit
3419 5448 3727 5520 FiiioUeau.

2189 5569 2297 5636 v).i
2332 5561 2455 5616 llaec
2482 5560 2765 5614 adversum
2810 5556 3053 5625 pastores
3109 5550 3321 5606 locutus
3349 5535 3449 5602 est.
3503 5543 3640 5598 Nunc
3670 5535 3712 5589 l0

2189 5633 2371 5724 quitur
2392 5650 2458 5715 ad
2493 5665 2643 5714 oves,
2685 5648 2736 5703 id
2783 5656 2866 5701 cst
2894 5645 2961 5700 ad
3006 5641 3279 5713 pupulum,
3312 5648 3365 5694 et
3395 5638 3460 5692 ad
3482 5633 3729 5696 utriusque

2190 5743 2400 5815 pecoris
2442 5756 2680 5811 gregem,
2714 5738 2765 5794 id
2793 5746 2898 5803 est,
2927 5735 3105 5791 ovium
3145 5742 3196 5787 et
3226 5742 3530 5800 caprarum.
3564 5721 3623 5776 Et
3641 5730 3726 5771 non
