3972 6184
280 377 321 434 Δ’6
335 376 391 434 εδ

1204 368 1565 434 COMMENT.
1598 376 1669 434 ‘IN
1700 374 2158 434 EZECHIELEM.
2200 407 2267 416 -
2308 376 2435 431 LIB.
2480 375 2591 431 Xll.

3434 377 3535 431 8-H)
3595 364 3599 371 ’

287 488 463 543 solum
489 487 557 543 ad
595 499 725 544 oves
749 494 806 543 et
848 501 1060 558 capras,
1104 488 1198 543 sed
1238 487 1305 542 ad
1338 487 1537 543 arietes
1570 495 1627 543 et
1658 487 1860 553 hircos,
1890 492 1938 550 Α
1971 485 2200 542 rfactus
2231 495 2313 542 est
2338 487 2391 542 in
2422 502 2555 559 pace
2596 488 2744 563 locus
2772 484 2887 556 ejus
2933 486 3103 560 (Psat.
3136 484 3299 556 Lxxv)
3320 530 3337 555 ,
3372 507 3393 551 ι
3443 490 3539 546 sed

288 581 378 650 qui
404 587 531 635 sunt
562 578 617 634 in
641 577 892 651 gregibus
932 577 1206 649 principes
1245 594 1260 634 :
1306 579 1500 649 quibus
1525 580 1602 641 ait
1631 596 1645 633 :
1672 578 1863 635 Nonne

284 669 440 725 vobis
487 670 618 729 satis
640 677 776 730 erat,
823 668 965 739 quod
1009 668 1166 724 bonis
1202 667 1601 739 Scripturarum
1626 660 1863 738 'pascuis

286 760 667 825 vescebamini,
717 758 812 816 sed
864 758 1086 829 insuper
1115 758 1372 828 reliquias
1392 773 1724 839 ,pascuarum
1770 773 1865 814 ve-

287 862 524 907 strarum
552 849 953 906 .concnlcabatis
993 850 1237 920 pedibus.
1282 850 1349 904 Et
1386 865 1508 906 cum
1539 864 1733 920 aquam
1760 850 1863 903 elo-

288 941 537 1012 quiorum
568 939 662 994 Dei
704 937 1045 1008 purissimam
1096 939 1384 1004 biberetis,
1417 938 1652 1008 reliquas
1696 952 1864 1008 aquas

286 1032 512 1102 pedibus
539 1030 866 1095 turbabatis,
896 1038 957 1084 ut
998 1029 1224 1101 populus
1266 1043 1417 1084 meus
1449 1029 1804 1092 .conculcatas
1831 1045 1864 1085 a

287 1121 439 1176 vobis
460 1135 685 1190 pascnas
709 1128 762 1176 et
784 1119 1024 1175 turbidas
1050 1134 1218 1189 aquas
1242 1120 1615 1185 manducaret,
1644 1128 1698 1178 et
1720 1120 1864 1175 bibe-

289 1223 390 1277 ret,
430 1221 485 1268 et
526 1222 711 1267 vestro
732 1211 883 1278 vitio,
909 1212 1054 1289 quod
1102 1226 1198 1282 per
1224 1227 1281 1266 se
1332 1210 1532 1266 bonum
1563 1220 1701 1278 erat,
1744 1227 1863 1267 cor-

288 1316 503 1375 ruptum
526 1304 888 1373 violatumquc
911 1304 1263 1373 susciperent.
1293 1302 1446 1371 Quod
1467 1311 1523 1359 et
1542 1318 1732 1359 omnes
1750 1304 1863 1375 qui-

287 1395 408 1451 dem
435 1394 673 1457 hteretici
707 1391 932 1459 faciunt,
978 1400 1284 1460 utcarpant
1324 1393 1537 1463 eloquia
1562 1391 1864 1463 Scriptura-

288 1500 429 1548 rum,
460 1493 514 1538 et
535 1494 795 1553 quantum
830 1482 884 1539 in
909 1495 967 1537 se
994 1490 1095 1546 est,
1153 1480 1444 1543 maculent.
1490 1477 1598 1537 Sed
1621 1488 1676 1535 et
1698 1479 1862 1535 eccle-

286 1574 488 1631 siastici
512 1574 646 1640 viri,
701 1573 792 1642 qui
819 1573 1126 1642 dogmatum
1168 1582 1276 1630 non
1327 1570 1638 1627 custodiunt
1662 1571 1863 1631 verita-

286 1674 415 1731 tem,
462 1664 554 1719 sed
595 1664 661 1718 de
702 1677 802 1721 suo
848 1661 1010 1718 corde
1049 1661 1398 1732 contingunt,
1441 1659 1862 1733 magistratuque

282 1752 487 1820 habent
510 1751 979 1823 prazsumptionem
1013 1765 1186 1814 suam,
1218 1748 1380 1804 simili
1419 1764 1604 1805 errore
1631 1748 1857 1808 retinen-

1960 579 2112 649 pacis
2134 578 2352 646 Christi,
2377 594 2496 650 qua:
2525 586 2813 650 exsuperat
2838 593 3050 635 omnem
3075 593 3313 647 sensum,
3342 581 3433 650 qui
3457 578 3537 649 dis

1958 667 2071 722 cit:
2106 686 2124 718 ι
2160 667 2354 723 Pacem
2383 684 2557 723 meam
2580 668 2650 729 do
2677 668 2846 737 vobis,
2870 684 3060 740 pacem
3084 684 3261 724 meam
3294 668 3540 755 relinquo

1960 757 2113 812 vobis
2164 757 2352 829 (Joan.
2401 759 2554 829 xiv).
2601 777 2619 815 ι
2677 776 2697 811 ι
2758 757 2825 829 Et
2866 765 3079 814 cessare
3129 756 3293 825 faciet
3336 757 3535 825 bestias

1958 851 2220 921 pessimas
2249 850 2315 906 de
2348 859 2510 918 terra,
2550 871 2567 903 ι
2600 849 2685 905 vel
2712 850 2842 904 vitia
2863 851 3311 922 perturbationes,
3343 848 3540 920 quibus

1960 941 2152 994 animm
2178 949 2444 995 vexantur
2471 941 2742 997 humanae.
2764 940 2846 996 vel
2873 940 3193 997 adversaria:
3221 930 3540 1012 potestates,

1961 1049 1992 1087 a
2026 1032 2221 1104 quibus
2255 1034 2689 1109 impugnantum
2718 1032 2778 1086 Et
2811 1032 2902 1102 qui
2930 1031 3176 1087 habitant
3214 1031 3268 1086 in
3304 1030 3539 1097 deserto,

1961 1123 2139 1179 securi
2161 1122 2503 1178 dormient'in
2530 1121 2775 1177 saltibus.
2807 1122 3063 1177 Dominus
3104 1121 3246 1176 enim
3280 1120 3543 1185 revelubit

1956 1216 2230 1270 condensa
2277 1214 2553 1281 silvarum,
2585 1221 2642 1269 et
2687 1213 2740 1268 in
2769 1213 2964 1283 templo
2995 1211 3111 1280 ejus
3140 1227 3326 1281 onmes
3362 1212 3542 1284 dicent

1961 1305 2207 1378 gloriam.
2242 1304 2443 1373 Ejectis
2490 1312 2671 1367 autem
2716 1303 2922 1367 bestiis,
2961 1313 3013 1357 et
3054 1303 3268 1371 redacta
3314 1311 3458 1373 terra
3486 1302 3543 1357 in

1960 1395 2301 1451 solitudinem
2343 1395 2411 1463 ab
2448 1394 2751 1461 istiusmodi
2789 1395 3154 1459 animantibus
3192 1393 3366 1461 securi
3413 1394 3543 1462 dor-

1960 1488 2146 1551 mient,
2194 1494 2250 1541 et
2289 1485 2471 1541 dicent
2518 1502 2531 1540 :
2585 1504 2603 1539 ι
2638 1485 2895 1543 Dominus
2937 1484 3257 1545 illuminatio
3303 1500 3443 1557 mea,
3490 1494 3544 1541 et

1961 1577 2107 1638 salus
2128 1590 2267 1640 mea,
2291 1590 2450 1646 quem
2476 1576 2710 1631 timebo?
2737 1573 2908 1646 (Psal.
2937 1575 3084 1647 xxvi)
3118 1595 3137 1628 ›
3166 1583 3219 1630 ct
3261 1584 3424 1646 ponet
3449 1592 3545 1644 eos

1960 1665 2053 1741 qui
2077 1665 2253 1721 securi
2287 1665 2555 1719 dormient
2577 1665 2631 1719 in
2672 1664 2899 1729 circuitu
2927 1666 3127 1720 montis
3156 1664 3241 1720 vel
3261 1655 3414 1729 collis
3436 1667 3541 1738 sui,

1961 1757 2016 1814 et
2037 1766 2209 1815 erunt
2231 1746 2557 1819 benedictio.
2593 1753 2744 1822 Tunc
2772 1755 2922 1810 dabit
2950 1754 3178 1811 imbrem
3214 1755 3268 1813 in
3302 1765 3542 1827 tempore

286 1852 393 1905 ιυῒ·
441 1840 545 1921 Ουί
585 1856 706 1900 cum
734 1838 926 1913 Populo
967 1837 1337 1909 Ρθνευθδθνίηι
1378 1851 1506 1891 “‘"a
1549 1851 1688 1898 esse:
1738 1851 1859 1907 illm
1887 1831 1934 1889 Β
1961 1830 2059 1903 suo
2084 1857 2139 1903 et
2159 1848 2351 1918 pluviae
2368 1842 2767 1911 .bonedictibnis
2809 1855 2986 1913 erunt,
3033 1862 3168 1917 quas
3206 1846 3258 1900 in
3289 1847 3543 1915 Dentero-

283 1933 512 2005 ﬁngunt,
541 1940 597 1987 et
628 1931 681 1985 in
712 1927 1028 1984 theatralem
1058 1927 1273 1982 modum
1295 1926 1521 1997 plausus
1568 1928 1863 1981 concitave-

283 2026 393 2092 rint
428 2031 484 2079 et
521 2021 803 2085 clamores,
840 2018 1194 2073 immemores
1230 2015 1366 2070 tiunt
1406 2014 1690 2085 imperitia:
1728 2029 1858 2079 suae,

281 2124 339 2172 et
381 2114 611 2170 adducto
635 2108 921 2182 supercilio
940 2148 955 2173 ,
987 2107 1303 2178 libratisque
1326 2106 1667 2167 sermonibus
1699 2112 1861 2176 atque

284 2206 581 2268 trutinatis,
601 2203 982 2274 magistrorum
1028 2192 1135 2256 sibi
1157 2206 1437 2261 assumunt
1458 2197 1857 2253 auctoritatem.

284 2295 486 2369 (στεφ)
525 2294 737 2366 Aquam
776 2294 972 2371 quippe
1012 2291 1443 2362 limpidissimam
1492 2298 1738 2360 pastores
1782 2289 1861 2358 bi-

274 2387 438 2462 .bunt,
478 2401 598 2442 cum
645 2383 844 2447 ﬂuenta
884 2382 1127 2444 veritatis
1167 2391 1313 2444 recte
1336 2380 1694 2452 intelligentes
1732 2378 1862 2433 hau-

283 2484 454 2547 riunt,
492 2479 587 2536 sed
611 2478 854 2535 eamdem
882 2490 1076 2555 aquam
1118 2472 1347 2554 pedibus
1392 2472 1729 2543 perturbare,
1777 2478 1861 2526 est

282 2578 484 2629 sanctae
526 2568 887 2626 meditationis
932 2566 1117 2628 studia
1166 2565 1306 2620 male
1348 2563 1580 2621 vivendo
1626 2576 1860 2618 corrum-

280 2679 434 2737 pere.
460 2663 670 2735 Aquam
711 2660 918 2728 scilicet
957 2673 1143 2725 eorum
1167 2656 1439 2725 turbatam
1475 2653 1703 2725 pedibus
1729 2666 1859 2709 oves

279 2755 515 2812 bibunt:
548 2770 670 2810 cum
706 2751 933 2822 subjecti
975 2751 1173 2822 quique
1218 2765 1324 2806 non
1371 2755 1648 2805 sectantur
1692 2748 1857 2803 verba

282 2863 405 2919 qua:
433 2843 689 2901 audiunt:
737 2842 832 2903 sed
875 2858 940 2900 ea
983 2841 1116 2909 sola,
1165 2855 1285 2911 qua:
1312 2838 1651 2912 conspiciunt
1675 2852 1860 2894 exem-

279 2942 372 3022 pla
430 2939 712 3011 pravitatis
761 2936 1089 2992 imitantur:
1143 2933 1236 3004 qui
1288 2949 1411 3000 cum
1454 2931 1601 2988 dicta
1644 2930 1855 3000 sitiunt,

280 3045 403 3101 quae
441 3044 538 3100 per
570 3043 732 3101 opera
782 3034 1187 3099 pervertuntur,
1237 3025 1393 3096 quasi
1436 3024 1707 3094 corruptis
1739 3022 1859 3090 fon-

278 3100 447 3187 tibus,
499 3122 554 3177 in
593 3120 810 3193 potibus
854 3119 1023 3183 lutum
1069 3126 1307 3175 sumunt.
1361 3100 1630 3189 (Hieron)
1661 3115 1854 3170 Videa-

281 3230 405 3270 mus
441 3215 604 3286 igitur
625 3255 641 3280 ,
672 3213 812 3284 quod
835 3212 905 3268 sit
924 3209 1185 3279 judicium
1222 3211 1363 3278 inter
1399 3225 1564 3279 pecus
1590 3219 1644 3264 et
1669 3222 1853 3279 pecus,

279 3313 339 3366 et
364 3318 471 3374 quo
491 3303 697 3375 judicio
721 3286 1048 3373 jndiceteos
1071 3299 1244 3355 bonus
1273 3308 1458 3369 pastor
1486 3306 1539 3352 et
1568 3314 1747 3363 verus,
1765 3296 1856 3367 qui

279 3395 494 3465 accepit
520 3407 677 3449 omne
707 3390 967 3468 judicium
999 3403 1030 3441 a
1060 3387 1239 3453 Patre.
1272 3406 1291 3438 «
1323 3387 1484 3452 Ecce,
1515 3386 1709 3456 inquit,
1744 3385 1858 3458 ipse

279 3498 383 3554 ego
408 3482 595 3553 judico
627 3480 767 3549 inter
794 3494 960 3550 pecus
994 3477 1190 3554 pingue
1222 3486 1276 3532 et
1304 3475 1668 3541 macilentum,
1701 3494 1719 3529 ι
1746 3477 1858 3530 sive

280 3552 426 3631 inter
466 3572 604 3629 forte
632 3581 689 3628 et
732 3552 1052 3635 infirmum;
1095 3567 1263 3635 fortes
1310 3567 1453 3623 enim
1497 3566 1756 3622 lateribus
1805 3573 1861 3621 et

279 3663 525 3720 humeris
539 3663 652 3719 suis
678 3661 983 3735 impingunt
1006 3668 1168 3728 atque
1200 3657 1462 3718 callidum
1481 3655 1569 3711 inii
1579 3671 1689 3723 rma
1708 3658 1863 3726 peco-

1959 1936 2125 1990 nomii
2160 1934 2623 1990 benedictionibus
2648 1934 2950 2006 pollicetur.
2993 1954 3010 1986 ‹
3050 1933 3114 2001 Et
3143 1935 3311 2007 dabit,
3345 1935 3538 2008 inquit,

1958 2023 2160 2096 lignum
2178 2024 2323 2089 vitae,
2347 2024 2413 2079 de
2432 2039 2540 2095 quo
2562 2024 2614 2089 in
2636 2022 2831 2088 Genesi
2853 2023 3117 2094 scriptum
3137 2032 3221 2083 est
3245 2019 3395 2095 (Gen.
3420 2023 3503 2094 ut)
3523 2041 3537 2089 ;

1922 2153 1931 2163 μ
1957 2116 2267 2190 lignumque
2298 2114 2595 2195 sapientiae,
2623 2114 2687 2169 de
2712 2128 2819 2185 quo
2847 2113 3077 2168 dicitur:
3114 2131 3132 2163 ι
3165 2111 3393 2184 Lignum
3418 2113 3542 2185 vita:

1957 2214 2041 2263 est
2058 2206 2306 2267 omnibus
2323 2206 2414 2279 qui
2432 2213 2712 2263 assumunt
2734 2221 2854 2260 eam
2878 2202 3059 2277 (Prov.
3080 2204 3183 2276 nt).
3217 2224 3235 2258 ›
3264 2204 3421 2276 Dabit
3447 2220 3542 2259 au—

1958 2302 2065 2352 tem
2094 2297 2327 2367 fructum
2355 2311 2508 2361 suum
2527 2311 2551 2365 ,ς
2583 2293 2797 2365 quando
2821 2302 2876 2349 et
2896 2302 3037 2350 terra
3067 2294 3274 2350 dederit
3302 2293 3538 2368 fructum

1957 2401 2134 2453 suum,
2160 2385 2272 2441 sive
2296 2385 2441 2457 ligna
2463 2384 2767 2456 regionum,
2814 2391 3125 2440 sanctorum
3149 2383 3378 2454 plurima
3401 2383 3540 2449 mul-

1957 2476 2148 2542 titudo,
2186 2494 2204 2528 ‹
2227 2476 2294 2545 Ει
2322 2485 2467 2531 terra
2484 2474 2631 2530 dabit
2651 2490 2868 2547 germen
2893 2486 3066 2541 suum,
3091 2494 3110 2531 ι
3136 2491 3155 2532 1
3180 2474 3379 2541 veritas
3395 2474 3540 2542 enim

1957 2568 2022 2625 de
2048 2577 2191 2623 terra
2211 2575 2331 2624 orta
2352 2575 2485 2627 est.)
2512 2556 2532 2619 ἀ
2560 2567 2626 2632 Ει
2646 2575 2802 2623 erunt
2816 2568 2869 2643 in
2893 2575 3037 2623 terra
3051 2582 3146 2623 sua
3165 2566 3370 2643 absque
3389 2565 3542 2636 timo-

1955 2674 2037 2726 re,
2058 2677 2077 2710 ι
2095 2658 2275 2725 sivein
2298 2673 2391 2741 spe
2405 2658 2555 2730 pacis
2574 2658 2627 2712 in
2653 2666 2796 2713 terra
2811 2642 3120 2728 viventium,
3142 2657 3196 2712 in
3218 2665 3360 2717 terra
3386 2671 3549 2727 man:

1956 2757 2260 2815 suetorum;
2291 2748 2357 2804 de
2384 2764 2491 2821 qua
2532 2748 2791 2820 scriptum
2820 2755 2903 2803 est
2927 2767 2942 2815 ;
2971 2767 2991 2800 α
3022 2744 3172 2804 Beati
3204 2746 3378 2812 mites,
3403 2761 3540 2821 quo-

1956 2839 2099 2894 niam
2118 2837 2219 2914 ipsi
2248 2818 2601 2914 possidebunt
2624 2818 2822 2892 terram
2852 2835 3069 2909 (Matth.
3092 2839 3182 2910 v);
3216 2855 3234 2890 ι
3265 2843 3322 2899 ut
3355 2818 3538 2906 rerum

1954 2928 2196 2995 omnium
2248 2926 2508 2995 felicitate
2553 2937 2904 3003 cognoscant,
2951 2928 3093 3000 quod
3141 2930 3255 2999 ipse
3312 2926 3383 2987 sit
3432 2925 3577 2996 110-.

1954 3021 2153 3086 minus,
2206 3021 2423 3091 quando
2481 3020 2800 3083 contriverit
2877 3029 3097 3077 catenas
3145 3010 3229 3075 vel
3273 3017 3533 3089 circulum

1956 3111 2190 3169 ferreum
2215 3110 2561 3187 jugieorum,
2606 3128 2712 3184 quo
2757 3113 2911 3185 quasi
2956 3112 3277 3184 gravissimo
3322 3125 3537 3187 preme-

1882 3168 1926 3230 C
1957 3201 2155 3265 bantur
2204 3168 2451 3275 imperio.
2483 3199 2550 3271 Et
2597 3217 2719 3259 cum
2744 3168 2949 3257 eruerit
2975 3215 3068 3266 eos
3093 3199 3160 3255 de
3179 3168 3343 3270 manu
3364 3199 3537 3271 impeg-

1954 3293 2214 3361 rantium,
2234 3292 2348 3349 sive
2379 3293 2638 3358 servitute
2687 3290 3035 3362 allligentium
3060 3305 3155 3349 eos
3192 3307 3206 3322 ’
3235 3304 3423 3348 servus
3449 3297 3536 3359 est

1952 3383 2098 3444 enim
2120 3382 2490 3453 unusquisque
2538 3381 2652 3451 ejus
2696 3396 2727 3435 a
2748 3395 2855 3451 quo
2904 3380 3158 3448 vincitur.
3190 3398 3208 3432 ι
3243 3379 3539 3450 Etnequa-

1956 3492 2119 3551 quam
2136 3484 2297 3541 erunt
2308 3474 2450 3541 ultra
2466 3475 2518 3533 in
2539 3473 2781 3543 rapinam
2794 3470 3139 3539 daemoniacis
3152 3471 3424 3543 gentibus,
3439 3489 3540 3539 nec

1955 3567 2146 3635 bestia:
2182 3574 2341 3623 terra:
2368 3564 2701 3639 devorabunt
2737 3577 2849 3633 eos,
2873 3580 2893 3616 ι
2924 3562 2990 3617 de
3017 3561 3213 3631 quibus
3250 3561 3488 3635 diximus
3520 3576 3538 3618 :

1962 3676 1981 3711 ι
2039 3658 2135 3713 sed
2166 3655 2482 3712 babitabunt
2516 3651 2850 3708 conﬁdenter
2873 3650 3076 3721 absque
3106 3649 3215 3721 ullo
3254 3659 3479 3721 terrore,
3508 3668 3532 3723 ρ

242 3764 261 3787 κ
280 3768 364 3817 ra,
387 3760 442 3806 et
466 3751 720 3808 cornibus
740 3730 1022 3819 ventilant,
1057 3748 1360 3811 nescientes
1394 3746 1450 3801 in
1503 3746 1621 3817 lege
1645 3754 1857 3801 taurum
1949 3748 2105 3820 juxta
2135 3759 2285 3802 suam
2303 3744 2537 3816 priorem
2553 3741 2964 3812 expositionem.
2989 3730 3008 3792 ξ
3041 3739 3109 3793 Et
3132 3739 3425 3811 suscitabo,
3456 3740 3540 3812 ᾗῃτ

284 3848 637 3911 cornupetam
691 3839 892 3895 debere
965 3837 1166 3921 puniri.
1245 3838 1614 3909 lmpingcbant
1679 3846 1859 3903 autem

282 3930 545 3987 lateribus
577 3939 634 3985 et
669 3930 923 3984 cornibus
970 3928 1339 3995 ventilabam,
1379 3928 1550 3983 donec
1589 3926 1861 3997 disperge-

281 4030 406 4076 rent
424 4029 479 4075 et
492 4018 747 4088 ejicerent
760 4028 888 4074 oves
902 4017 1065 4085 foras.
1082 4017 1347 4091 Superbia
1366 4020 1508 4075 enim
1529 4017 1791 4093 majorum
1805 4021 1861 4070 et

283 4095 695 4179 praepositorum
757 4108 1043 4178 iniquitate
1087 4106 1399 4176 frequenter
1459 4094 1730 4186 pelluntur
1791 4104 1859 4172 ab

282 4199 535 4264 ecclesia,
558 4206 618 4252 ut
639 4198 1017 4268 dispergantur
1038 4212 1069 4252 a
1085 4197 1314 4252 Domino
1327 4210 1459 4265 quos
1474 4196 1588 4266 ipse
1610 4194 1854 4249 salvavit.

284 4288 393 4345 Sed
418 4304 526 4344 non
544 4287 780 4343 dimittet
803 4303 898 4344 eos
940 4288 1082 4355 ultra
1123 4287 1384 4343 Dominus
1416 4287 1469 4340 in
1511 4284 1778 4365 rapinam,
1803 4292 1861 4338 et

278 4378 548 4449 judicabit
588 4377 731 4432 inter
757 4391 923 4448 pecus
951 4386 1006 4433 et
1068 4392 1270 4449 pecus;
1320 4390 1427 4431 non
1456 4375 1597 4437 inter
1641 4373 1858 4446 nomina

283 4467 624 4538 dignitatum,
646 4454 839 4537 quibus
852 4476 1059 4533 tument
1078 4466 1372 4539 praepositi,
1397 4465 1662 4531 sedinter
1685 4461 1859 4519 homi-

284 4573 406 4613 nem
449 4567 505 4611 et
522 4558 819 4623 hominem,
835 4558 990 4627 juxta
1025 4542 1089 4613 id.
1121 4542 1264 4627 quod
1301 4566 1529 4631 uterque
1566 4568 1752 4610 servus
1775 4561 1860 4609 est

282 4647 518 4704 Domini.
576 4646 726 4703 Tunc
743 4648 1025 4714 suscitabit
1069 4660 1339 4719 pastorem
1390 4661 1580 4715 unum,
1607 4646 1696 4715 qui
1731 4644 1860 4701 dicit

282 4738 337 4792 in
373 4736 663 4807 Evangelio
691 4756 704 4790 :
749 4756 768 4789 ι
810 4739 921 4810 Ego
949 4754 1065 4794 sum
1089 4747 1276 4809 pastor
1299 4739 1472 4793 bonus
1495 4736 1687 4807 (Joan.
1713 4736 1798 4807 χ),
1831 4753 1851 4788 ι

281 4841 503 4883 servum
524 4842 677 4884 suum
698 4826 867 4887 David
894 4829 1189 4884 secundum
1209 4828 1284 4893 id,
1312 4827 1456 4897 quod
1485 4826 1714 4881 formam
1743 4839 1859 4880 ser-

282 4918 333 4972 vi
358 4916 612 4991 dignatus
657 4926 741 4973 est
787 4933 1081 4974 assumere.
1122 4918 1225 4985 Qui
1270 4918 1437 4973 David
1478 4916 1860 4986 interpretatur

282 5005 442 5060 fortis
474 5020 657 5060 manu.
701 5005 820 5077 Ipse
839 5017 1024 5078 pascet
1051 5023 1164 5074 eos,
1188 5016 1246 5064 et
1268 5007 1528 5063 Dominus
1559 5008 1663 5062 erit
1686 5007 1766 5062 eis
1801 5007 1858 5062 in

286 5094 460 5151 Deum
473 5111 487 5162 ;
502 5095 589 5151 vel
606 5096 746 5153 [ilius
760 5107 815 5154 et
834 5111 1005 5169 pater,
1028 5101 1114 5156 vel
1135 5109 1282 5155 certe
1296 5108 1484 5171 pastor
1492 5098 1644 5167 juxta
1658 5098 1867 5153 adsum-

288 5194 438 5255 ptam
468 5201 708 5242 carnem.
738 5189 1000 5246 Dominus
1028 5199 1207 5257 autem
1226 5198 1281 5245 et
1302 5190 1444 5244 Deus
1466 5189 1619 5259 juxta
1646 5187 1865 5243 verbum

285 5276 432 5346 quod
452 5287 570 5333 erat
594 5279 648 5334 in
673 5281 938 5351 principio
962 5281 1102 5352 apud
1130 5282 1318 5336 Deum.
1344 5279 1448 5347 Qui
1475 5278 1665 5347 David,
1701 5279 1869 5350 proli-.-

287 5367 559 5423 cientibus
578 5371 870 5439 pecudibus
896 5371 950 5425 in
975 5371 1236 5427 rationale
1274 5371 1494 5438 animal,
1527 5382 1863 5437 nequaquam

287 5471 474 5532 pastor
525 5463 826 5529 vocabitur,
854 5464 947 5518 sed
989 5464 1236 5541 princeps
1274 5465 1328 5519 in
1370 5467 1547 5523 medio
1562 5465 1865 5532 eorum;de

291 5565 399 5620 quo
426 5551 687 5621 scriptum
713 5560 797 5607 est
820 5571 833 5606 :
863 5570 881 5603 ι
914 5553 1122 5608 Medius
1144 5546 1382 5610 vestrum
1409 5564 1538 5623 stat,
1575 5569 1735 5625 quem
1772 5567 1867 5608 vos

292 5643 555 5714 ignoratis
597 5644 777 5715 (Joan.
819 5647 881 5717 ι),
914 5665 931 5698 ι
967 5646 1116 5701 Tunc
1142 5656 1308 5717 ponet
1356 5663 1478 5701 cum
1523 5650 1603 5701 eis
1647 5655 1863 5715 pactum

293 5734 464 5802 pacis,
501 5749 838 5807 nequaquam
890 5736 1152 5793 bellorum
1200 5746 1361 5807 atque
1410 5737 1715 5803 discordiae,
1739 5737 1862 5807 quia

1957 3839 2096 3911 quit,
2112 3837 2191 3892 eis
2211 3849 2427 3908 germen
2445 3834 2779 3890 nominatum
2801 3852 2820 3887 ι
2843 3833 2956 3892 sive
2969 3831 3350 3903 plantationcm
3362 3833 3533 3908 pacis,

1957 3944 2076 4000 quae
2099 3927 2336 3998 loquitur
2375 3926 2430 3981 in
2455 3923 2746 3997 Evangelio
2792 3941 2807 3979 :
2853 3943 2872 3976 ‹
2916 3922 3028 4001 Ego
3076 3938 3195 3996 sum
3239 3923 3365 3995 vitis
3405 3941 3536 3995 vera

1958 4022 1978 4092 (
1994 4019 2160 4082 Joan.
2200 4017 2328 4092 xv).
2359 4037 2378 4069 ι
2412 4034 2431 4068 ι
2463 4016 2532 4071 Et
2561 4029 2668 4083 non
2695 4022 2855 4070 erunt
2884 4014 3026 4083 ultra
3075 4006 3344 4087 imminuti
3395 4014 3537 4072 fame

1956 4110 2014 4176 in
2042 4118 2207 4165 terra.
2236 4128 2255 4161 ι
2287 4106 2428 4178 Ergo
2451 4105 2621 4161 fames
2645 4105 2698 4173 in
2728 4105 2957 4162 terrenis
2982 4112 3071 4160 est
3096 4123 3111 4161 :
3145 4105 3315 4161 fames
3354 4114 3533 4163 autem

1955 4199 2207 4265 audiendi
2263 4210 2566 4267 sermonem
2596 4196 2712 4263 Dei,
2756 4212 2877 4268 quae
2912 4197 3012 4252 sub
3041 4205 3263 4265 pastore
3292 4184 3448 4251 bono
3481 4205 3535 4270 et

1958 4288 2200 4360 germine
2225 4289 2503 4355 nominato
2532 4296 2695 4358 atque
2724 4288 2965 4354 omnium
2988 4301 3239 4343 sermone
3261 4285 3535 4359 celebrato

1954 4390 2013 4438 et
2041 4380 2371 4457 plantatione
2400 4379 2571 4449 pacis,
2599 4392 2938 4447 nequaquam
2960 4376 3064 4430 erit
3087 4375 3139 4429 in
3170 4384 3332 4450 terra,
3357 4390 3532 4445 neque

1959 4471 2188 4541 amplius
2208 4469 2512 4541 Opprobriis
2539 4468 2780 4539 gentium
2805 4464 3191 4536 subjaccbunt,
3214 4471 3274 4536 ut
3303 4464 3487 4518 dicant
3520 4482 3534 4519 :

1964 4580 1986 4619 ι
2025 4561 2128 4625 Ubi
2156 4568 2241 4616 est
2297 4559 2557 4614 Dominus
2585 4559 2726 4613 Deus
2772 4544 2995 4623 eorum?
3025 4574 3042 4607 ι
3080 4555 3146 4624 Et
3192 4554 3365 4609 scient
3415 4566 3539 4625 post

1961 4654 2078 4709 lucc
2110 4653 2313 4718 omnia,
2341 4651 2482 4721 quod
2503 4667 2609 4705 non
2642 4649 2813 4705 solum
2845 4649 2954 4720 ipse
2983 4648 3054 4703 sit
3081 4647 3534 4717 Dominus,'quo;l

1961 4751 2017 4799 et
2062 4758 2225 4814 supra
2281 4755 2495 4811 quoque
2555 4739 2783 4809 dixerat,
2828 4721 2921 4793 sed
2967 4752 3090 4792 cum
3144 4736 3532 4799 atlditamento.

1964 4832 2106 4903 quod
2133 4831 2394 4886 Dominus
2422 4828 2661 4883 omnium
2686 4827 2902 4898 proprie
2930 4827 3072 4881 Deus
3101 4840 3289 4881 eorum
3312 4825 3384 4880 sit
3410 4842 3533 4881 cum

1964 4924 2064 4987 eis,
2090 4921 2183 4991 qui
2216 4919 2345 4975 dicit
2375 4918 2427 4973 in
2451 4917 2742 4987 Evangelia
2764 4917 2827 4971 ad
2855 4916 3127 4987 apostolos
3158 4930 3173 4969 :
3213 4934 3231 4966 ι
3269 4916 3410 4970 Ecce
3435 4931 3535 4987 ego

1964 5017 2243 5083 vobiscum
2274 5012 2394 5077 sum
2422 5014 2633 5069 cunctis
2666 5012 2852 5068 diebus
2885 5027 3056 5081 usque
3098 5012 3164 5066 ad
3193 5026 3535 5067 consumma-

1968 5109 2170 5179 tionem
2199 5105 2380 5163 sazculi
2423 5103 2633 5174 (Matth.
2666 5106 2878 5174 xxvm).
2917 5124 2935 5156 ι
2980 5103 3113 5159 Cum
3151 5111 3330 5158 autem
3372 5102 3536 5157 fuerit

1966 5202 2082 5272 ipse
2104 5199 2362 5259 Dominus
2389 5197 2530 5250 Deus
2560 5210 2771 5260 eorum,
2805 5203 2930 5250 tunc
2958 5202 3014 5248 et
3048 5194 3149 5264 ipsi
3172 5200 3335 5257 erunt
3360 5208 3525 5263 popu-

1966 5292 2052 5355 lus
2079 5291 2214 5361 ejus,
2258 5302 2363 5343 non
2402 5285 2650 5357 quilibet,
2678 5285 2770 5343 sed
2800 5285 2891 5356 qui
2933 5292 3247 5339 meruerunt
3277 5282 3534 5353 appellari

1969 5379 2161 5435 domus
2184 5376 2365 5433 Israel.
2400 5374 2480 5430 Ac
2504 5389 2570 5429 ne
2598 5381 2908 5445 putaremus
2938 5375 3213 5439 universa,
3245 5386 3364 5442 qua:
3392 5372 3531 5426 dicta

1970 5479 2096 5526 sunt
2123 5472 2190 5525 ad
2224 5477 2471 5540 pastores
2514 5475 2569 5520 et
2596 5481 2725 5521 oves
2773 5468 3062 5536 bircosque
3098 5476 3152 5522 et
3180 5465 3380 5520 arietes
3405 5478 3531 5532 per-

1970 5559 2160 5622 tinere,
2185 5558 2341 5613 solvit
2365 5557 2614 5626 aenigma,
2643 5556 2807 5610 immo
2831 5559 3129 5630 μετὰφοραν,
3165 5564 3216 5610 et
3240 5554 3388 5624 ponit
3416 5568 3531 5608 ma—

1970 5647 2240 5712 nifestius,
2272 5645 2377 5704 Vos
2410 5657 2589 5702 autem
2612 5660 2741 5700 oves
2771 5659 2919 5707 meae,
2945 5651 3001 5698 et
3020 5659 3147 5698 oves
3170 5659 3381 5712 pascuae
3404 5657 3537 5697 mea:

1971 5739 2213 5795 homines
2246 5738 2399 5795 estis.
2425 5737 2615 5795 Omnis
2641 5735 2801 5807 igitur
2826 5747 3005 5790 sermo
3031 5733 3243 5788 divinus
3272 5733 3333 5787 de
3364 5732 3537 5809 humi:
