3972 6184
538 299 640 354 ειτ

1201 302 1260 357 Β.
1304 303 1552 360 ΒΑΒᾹΝΙ
1592 304 1810 362 ΜΛΠΒΙ
1844 304 2097 363 ARCHlE

2203 307 2509 367 uocum.
2549 308 3050 367 censeamus
3082 311 3142 367 ιι.
3627 325 3705 382 ω

537 411 698 468 nibus
715 422 816 468 est.
846 415 928 469 Ad
950 431 1085 485 quos
1096 415 1230 471 dicit
1253 434 1266 469 :
1290 436 1306 467 ι
1337 417 1448 487 Ego
1471 417 1737 474 Dominus
1749 418 1891 474 Deus
1912 429 2114 487 vester,
2144 426 2190 487 Α
2221 423 2360 477 sicut
2389 422 2455 478 de
2486 422 2814 493 quibusdam
2850 420 2905 477 in
2920 433 3161 493 peccato.
3179 438 3275 480 suo
3297 429 3612 489 morientibus
3633 449 3708 504 per

539 504 672 560 dicit
704 505 960 561 Dominus
998 507 1157 561 Deus.
1201 527 1220 559 ι
1260 506 1486 579 (Cn-g.)
1530 508 1944 580 Nonnumquam
1988 525 2118 583 ergo
2212 511 2533 583 prophetam
2588 512 2790 569 dicitur
2835 530 2850 567 :

541 596 789 652 homines
812 597 941 653 diett
966 612 1080 664 eos,
1112 614 1247 668 quos
1276 615 1304 653 a
1340 600 1531 655 bestiis
1561 599 1772 657 ratione
1811 600 2112 673 distinguit,

2903 530 2924 566 t
2961 511 3401 585 Computruerunt
3421 518 3631 587 jumenta
3666 525 3707 581 in

2211 610 2456 656 stercore
2489 617 2589 657 suo
2616 600 2779 673 .(Joel.
2807 602 2871 674 ι).
2909 622 2930 656 ι
2963 601 3210 661 Iumenta
3235 602 3419 678 quippe
3443 611 3491 665 iu
3514 621 3711 673 stercore

539 687 589 740 id
628 696 729 751 est,
758 702 891 756 quos
922 704 1031 743 non
1060 690 1218 744 atteri
1243 682 1797 760 bestialipassionum
1827 698 1976 747 motu
2013 689 2111 747 de—
2209 706 2309 745 suo
2346 701 2805 762 computrescere,
2849 703 2934 750 est
2968 696 3210 752 carnales
3246 697 3472 756 homines
3494 702 3710 764 inflatum

538 784 827 841 monstrat,
875 777 1071 847 quibus
1114 793 1213 848 per
1253 779 1575 849 prophetam
1619 780 1882 837 Dominus
1927 780 2105 837 dicit:

540 883 555 912 ι
604 863 711 920 Vos
762 874 942 920 autem
996 883 1186 939 greges
1230 885 1446 939 pascua:
1496 885 1630 925 meae
1678 869 1812 926 estis
1863 870 2109 928 homines

535 955 750 1027 (Ezccli.
780 958 988 1030 xxxiv.)
1023 979 1041 1011 ι
1075 960 1210 1027 Quia
1250 960 1371 1016 illos
1412 960 1667 1015 nimirum
1697 960 1959 1017 Dominus
1982 975 2107 1031 pas--

534 1050 627 1111 rit,
685 1064 823 1118 quos
878 1050 1124 1121 voluptas
1165 1052 1345 1108 carnis
1382 1053 1749 1123 jumentorum
1793 1068 1945 1113 more
1998 1067 2107 1108 non

531 1136 715 1195 allicit.
753 1138 822 1194 At
843 1151 1031 1197 contra
1066 1143 1146 1209 hi,
1176 1144 1266 1213 qui
1296 1144 1501 1199 carnali
1545 1143 1829 1201 affectione
1857 1160 2106 1200 succum-

531 1230 684 1296 bunt,
723 1246 828 1287 non
852 1230 966 1301 jam
1016 1234 1278 1301 homines,
1308 1236 1404 1292 sed
1440 1234 1688 1305 jumenta
1714 1237 2105 1301 nominantur;

2212 781 2435 838 luxuria:
2478 783 2646 839 vitam
2689 784 2866 841 finire.
2899 785 3017 842 Non
3044 787 3186 843 enim
3224 803 3339 846 esse
3362 789 3597 861 homines,
3632 798 3706 853 sed

2206 869 2454 939 jumenta
2477 871 2826 929 declirantur
2850 892 2864 928 :
2894 874 2963 929 de
2994 876 3189 945 quibus
3221 892 3315 949 per
3338 880 3616 950 prophetam
3637 884 3709 940 .di-

2213 959 2355 1014 citur
2385 978 2397 1013 :
2434 979 2451 1012 ι
2487 960 2871 1033 Unusquisque
2911 963 2980 1019 ad
3019 979 3240 1020 uxorem
3275 968 3490 1038 proximi
3512 970 3584 1025 sui
3622 971 3711 1026 bin-

2208 1050 2391 1106 niebat
2428 1051 2562 1123 (Jer.
2591 1053 2681 1124 v);
2723 1073 2742 1107 »
2771 1064 2828 1111 et
2852 1055 2918 1111 de
2955 1056 3148 1126 quibus
3175 1059 3420 1129 propheta
3445 1060 3565 1117 alius
3582 1063 3708 1118 dixit:

2214 1159 2233 1194 ι
2262 1140 2466 1197 Carnes
2485 1143 2761 1200 asinorum
2784 1160 2978 1203 carnes
2996 1162 3209 1217 eorum,
3247 1159 3300 1206 et
3321 1148 3509 1213 lluxuse
3530 1169 3711 1223 quorum

2208 1233 2383 1290 ﬂuxus
2406 1236 2839 1309 eorum‘(EzecIt.
2870 1239 3013 1311 xm).
3060 1260 3078 1292 ι

531 1388 3711 1420 ._________________________________,______________

1471 1488 1774 1565 LIBER
1847 1485 2300 1566 DECIMUS
2374 1485 2849 1567 TERTIUS.

3472 1458 3497 1495 1

594 1668 755 1727 Juxta
778 1672 937 1726 ﬁnem
987 1671 1274 1727 anterioris
1295 1671 1417 1728 libri
1465 1670 1726 1728 Dominus
1748 1686 1845 1742 per
1871 1671 2106 1742 Prnphe-
2133 1675 2180 1734 Β
2215 1688 2234 1721 ι
2271 1671 2366 1726 ibi.
2402 1670 2694 1743 Propterea
2725 1672 2847 1727 vivo
2886 1688 3007 1745 ego,
3034 1671 3170 1728 dicit
3200 1673 3442 1730 Dominus
3464 1672 3715 1748 Deus,quia

526 1776 634 1820 tam
669 1774 915 1835 pastores
954 1764 1322 1821 lsraelitarum
1370 1765 1732 1837 reprehendit,
1756 1763 1898 1834 quod
1926 1765 2106 1819 minus

524 1863 704 1911 essent
730 1854 943 1909 solliciti
970 1856 1036 1911 de
1065 1854 1308 1911 custodia
1337 1857 1517 1928 gregis
1540 1856 1655 1921 Dei;
1680 1860 1845 1927 etpcr
1863 1857 2107 1912 eamdem

527 1947 948 2002 admonitionem
1003 1956 1249 2017 pastores
1275 1957 1331 2004 et
1384 1957 1626 2005 rectores
1666 1947 1921 2004 Ecclesia:
1971 1948 2109 2003 vitu-

526 2047 700 2109 perat,
730 2038 872 2108 quod
898 2039 1263 2108 voluptatibus
1310 2040 1513 2106 saeculi,
1537 2048 1593 2095 et
1619 2040 1766 2096 curis
1795 2038 1956 2108 hujus
1983 2040 2108 2094 vita:

525 2132 713 2197 dediti,
735 2132 914 2186 minus
934 2132 1158 2187 selertes
1176 2132 1287 2186 sint
1306 2146 1432 2203 erga
1454 2146 1644 2188 curam
1672 2132 1861 2187 ovium
1882 2130 2103 2196 Christi,

522 2233 578 2276 et
603 2222 843 2292 regimen
890 2218 1125 2277 ﬁdelium
1172 2213 1475 2279 animarum
1534 2222 1636 2278 sibi
1672 2222 2103 2279 commissarum.

522 2310 674 2366 Nunc
704 2318 884 2365 autem
916 2311 969 2365 in
991 2310 1475 2382 capitepraesentis
1520 2309 1664 2377 libri,
1692 2325 1996 2366 sermonem
2027 2310 2106 2367 in-

520 2402 843 2473 crepationis
858 2403 1141 2459 adversum
1156 2411 1388 2458 montem
1405 2400 1546 2468 Seir,
1561 2403 1663 2459 hoc
1677 2410 1779 2469 est,
1795 2402 2103 2469 ldumaeam,

523 2510 619 2562 per
641 2494 959 2566 pmphetam
984 2493 1225 2559 mandat,
1256 2510 1321 2549 eo
1333 2493 1483 2564 quod
1502 2493 1737 2564 superbe
1755 2493 1994 2549 sentiens
2014 2491 2105 2547 de-

522 2584 699 2654 spexit
719 2582 972 2654 populum
995 2582 1384 2650 lsraeliticum;
1409 2584 1623 2640 minans
1642 2584 1693 2640 ei
1716 2585 1992 2640 interitum
2018 2582 2102 2638 fu-

522 2685 724 2742 turum,
757 2690 856 2745 pro
888 2674 1113 2742 malitia,
1145 2691 1309 2747 quam
1355 2683 1633 2746 gesserant
1667 2688 1795 2747 erga
1829 2675 2104 2746 proximos

516 2780 677 2845 suos;
714 2766 1096 2837 promittitque
1145 2776 1268 2838 post
1305 2767 1421 2822 haec
1466 2766 1725 2822 Dominus
1774 2765 1969 2836 populo
2006 2780 2105 2820 suo

522 2858 976 2912 restaurationem
1014 2865 1071 2912 et
1105 2856 1477 2912 liberationem
1515 2858 1581 2912 de
1609 2857 1820 2912 cunctis
1858 2855 2104 2911 hostibus

520 2947 651 3001 suis.
678 2946 809 3014 Qua:
834 2947 1037 3012 omnia,
1066 2962 1173 3003 non
1201 2945 1574 3017 tantumjuxta
1601 2947 1883 3003 historiam
1902 2948 1970 3015 ad
1981 2946 2097 3018 ple-

2216 1781 2235 1812 ι
2281 1760 2473 1816 faciam
2489 1760 2641 1832 juxta
2666 1762 2801 1817 iram
2823 1769 2988 1829 tuam,
3016 1770 3073 1817 et
3094 1765 3383 1819 secundum
3410 1764 3562 1821 zelum
3582 1776 3715 1836 tuum,

2216 1871 2233 1903 ι
2277 1868 2437 1922 quem
2467 1852 2643 1909 fecisti
2672 1853 2798 1908 odio
2821 1852 3027 1910 habens
3045 1869 3161 1920 eos,
3193 1862 3248 1909 et
3271 1863 3423 1911 notus
3455 1853 3628 1911 ciliciar
3642 1858 3715 1914 tibi

2214 1962 2233 1995 ‹
2279 1957 2401 1998 cum
2432 1940 2750 2013 judicavero
2806 1952 2883 2009 te,
2913 1952 2970 1999 et
3017 1944 3162 2000 scies
3213 1944 3336 2015 quia
3365 1959 3456 2017 ego
3492 1944 3714 2002 Dominus.

2216 2049 2237 2083 ‹
2280 2031 2475 2087 Audivi
2503 2033 2758 2089 universa
2782 2033 3073 2106 opprobria
3124 2041 3240 2101 tua,
3263 2048 3379 2107 quae
3402 2033 3586 2090 locutus
3606 2035 3717 2090 csde

2213 2145 2232 2177 ι
2276 2125 2551 2181 montibus
2566 2125 2733 2181 Israel
2756 2125 2941 2181 dicens
2965 2143 2983 2207 ε
3006 2125 3218 2193 Deserti
3245 2127 3393 2182 nobis
3420 2126 3523 2205 dati
3546 2136 3649 2183 sunt
3668 2126 3717 2182 ad

2216 2236 2233 2269 ι
2279 2217 2668 2273 devorandum.
2697 2218 2764 2273 Et
2789 2218 3167 2274 insurrexistis
3188 2233 3345 2289 super
3367 2235 3450 2275 me
3471 2234 3554 2276 ore
3580 2227 3718 2274 vestro

2213 2328 2233 2362 ι
2271 2321 2326 2366 et
2340 2311 2646 2384 derogastis
2658 2311 2943 2367 adversum
2959 2326 3081 2367 me:
3113 2309 3717 2383 verbavestraegoaudivi.

2211 2416 2232 2450 ι
2272 2398 2398 2455 Hmc
2432 2400 2564 2456 dicit
2587 2400 2846 2457 Dominus
2884 2399 3029 2456 Deus
3057 2399 3342 2455 {uetante
3366 2399 3588 2455 universa
3610 2406 3718 2473 terra

2213 2511 2233 2543 ι
2276 2492 2331 2547 in
2356 2491 2699 2549 solitudinem
2725 2501 2779 2548 te
2804 2492 3071 2563 redigam,
3097 2492 3255 2550 sicuti
3283 2492 3488 2565 gavisus
3526 2504 3578 2547 es
3597 2502 3721 2561 super

2213 2601 2233 2634 ε
2279 2583 2651 2639 hmreditatem
2698 2582 2890 2638 domus
2927 2582 3094 2638 lsrael
3134 2598 3202 2639 eo
3238 2583 3378 2653 quod
3416 2580 3561 2637 fuerit
3601 2577 3721 2635 dissi-

2210 2690 2234 2727 s
2276 2681 2425 2745 pata,
2473 2672 2553 2728 sic
2595 2672 2791 2728 faciam
2822 2672 2940 2727 tibi.
2971 2673 3274 2743 Dissipatus
3298 2671 3417 2736 eris,
3447 2684 3583 2727 mons
3611 2666 3720 2732 Scit.

2212 2781 2231 2815 ι
2273 2770 2327 2817 et
2353 2762 2530 2818 omnis
2553 2761 2806 2817 Idumaea.
2858 2762 2926 2817 Et
2954 2763 3134 2818 scient
3186 2762 3309 2833 quia
3335 2776 3429 2832 ego
3453 2774 3556 2816 sum
3569 2754 3721 2813 eam;

2204 2840 2231 2905 ἰ
2276 2870 2397 2910 nus.
2423 2874 2441 2906 ι
2471 2852 2742 2927 (Ηὶετοη.)
2766 2853 2896 2909 Illud
2922 2862 3126 2920 autem,
3150 2855 3293 2925 quod
3312 2854 3363 2908 in
3384 2849 3511 2907 LXX
3529 2849 3722 2905 additum

2204 2953 2323 3000 est:
2363 2963 2382 2997 ε
2431 2945 2499 3000 Et
2523 2951 2929 3010 consumentur,
2952 2962 2974 2996 ι
3007 2946 3063 2998 in
3107 2944 3367 3000 llebraico
3388 2957 3486 2997 non
3524 2940 3720 2995 habetur.

521 3038 641 3091 item
665 3037 895 3108 priorem
918 3045 973 3090 et
994 3036 1127 3108 legis
1147 3045 1411 3107 tempora,
1440 3037 1534 3093 sed
1557 3038 1719 3092 etiam
1742 3037 1910 3094 multo
1928 3037 2173 3117 magisc
2207 3038 2266 3094 Si
2296 3053 2508 3109 semper
2537 3038 2592 3093 in
2626 3038 2908 3110 prophetis
2946 3050 3094 3094 esset
3127 3053 3308 3094 sermo
3334 3037 3445 3102 Dei,
3476 3043 3526 3090 et
3547 3032 3652 3105 juge
3680 3031 3723 3086 in

518 3127 811 3183 secundum
843 3127 1151 3197 allegoriam
1184 3128 1253 3183 ad
1289 3137 1498 3199 tempus
1525 3129 1651 3185 novi
1682 3129 2014 3196 testamenti,
2052 3137 2108 3185 et
2186 3140 2424 3201 .pectore
2476 3145 2664 3186 eorum
2723 3129 2947 3185 haberet
2997 3131 3315 3201 hospitium,
3355 3142 3598 3199 nunquam
3634 3138 3725 3180 cre-

520 3222 587 3279 ad
610 3219 862 3291 populum
884 3219 1251 3275 Christianum
1276 3220 1557 3276 transferri
1583 3228 1829 3292 possunt,
1868 3221 1956 3276 ubi
1986 3236 2105 3275 ma-
2204 3222 2305 3278 bro
2343 3220 2594 3278 Ezechiel
2629 3228 2856 3291 poneret
2888 3239 2901 3274 :
2943 3238 2962 3272 ι
3005 3221 3073 3275 Et
3098 3220 3274 3277 factus
3295 3229 3374 3276 est
3397 3232 3556 3275 sermo
3580 3212 3722 3269 Domi-

520 3311 713 3366 nifesta
743 3311 985 3380 potentia
1014 3310 1108 3366 Dei
1137 3310 1188 3365 in
1213 3311 1586 3369 liberationem
1613 3310 1905 3367 electorum
1928 3311 2104 3367 clare-

519 3403 639 3466 scit,
683 3409 736 3455 et
772 3399 920 3469 juste
964 3400 1209 3474 [justum]
1246 3401 1510 3471 judicium
1549 3401 1669 3477 ejus
1694 3402 1750 3456 in
1787 3400 2104 3458 confusione

519 3493 750 3546 hostium
789 3493 1036 3561 patescit.

1085 3582 1311 3640 CAPUT
1339 3582 1554 3639 XXXV.

516 3675 701 3730 Sermo
732 3691 887 3746 super
908 3684 1131 3747 montem
1163 3673 1299 3747 δεῖν,
1323 3674 1399 3747 de
1430 3673 1734 3747 conditione
1767 3676 1902 3746 ejus,
1926 3691 2020 3747 pro
2041 3692 2101 3731 eo

866 3745 1004 3815 quod
1030 3744 1212 3816 aﬂlixit
1241 3743 1489 3815 populum
1521 3743 1756 3799 Domini.

589 3876 607 3908 ι
628 3856 697 3911 Et
736 3854 911 3911 factus
940 3863 1024 3911 est
1076 3838 1254 3911 serrno
1298 3856 1510 3912 Domini
1537 3857 1603 3913 ad
1632 3872 1719 3913 me
1766 3857 1993 3914 dicens:
2025 3858 2101 3915 ﬁli

526 3969 543 3999 ι
585 3946 1194 4017 hominis,p0nefaciem
1212 3957 1358 4001 tuam
1375 3949 1661 4005 adversum
1685 3958 1922 4006 montem
1954 3946 2095 4017 Seir,

517 4057 535 4089 ι
577 4046 631 4093 et
660 4037 1008 4108 prophetabis
1029 4037 1095 4091 de
1114 4052 1201 4103 eo,
1226 4045 1280 4092 et
1310 4038 1456 4093 dices
1477 4038 1577 4104 illi,
1606 4038 1736 4096 Haec
1760 4041 1891 4096 dicit
1914 4040 2101 4096 Domi-

520 4150 536 4180 ι
585 4145 688 4185 nus
714 4129 855 4184 Deus
880 4147 893 4183 :
918 4129 1056 4184 Ecce
1082 4142 1182 4196 ego
1211 4129 1279 4183 ad
1300 4137 1371 4196 te,
1393 4145 1549 4185 mons
1573 4130 1714 4197 Seir,
1738 4139 1794 4187 et
1810 4133 2097 4189 extendam

516 4243 531 4270 ι
582 4236 801 4277 manum
830 4236 1007 4277 meam
1039 4235 1202 4291 super
1236 4228 1321 4287 te,
1336 4228 1391 4275 et
1429 4220 1568 4275 dabo
1602 4228 1653 4276 te
1690 4219 1991 4276 desolatum
2012 4232 2095 4277 at-

519 4334 533 4364 ι
579 4328 686 4383 que
715 4313 1009 4367 desertum.
1037 4310 1212 4375 Urbes
1237 4318 1356 4365 tuas
1381 4308 1662 4376 demoliar,
1684 4317 1742 4365 et
1767 4316 1825 4364 tu
1851 4312 2096 4366 desertus

2188 3312 2259 3368 .ni
2276 3312 2342 3367 ad
2361 3326 2447 3366 me
2469 3311 2685 3376 dicens;
2716 3330 2743 3362 ι
2774 3312 2866 3365 sed
2884 3312 3011 3381 quia
3034 3313 3107 3367 ob
3132 3313 3419 3367 humanam
3443 3307 3728 3380 fragilitatatt

2203 3411 2259 3459 et
2281 3403 2405 3459 vita:
2428 3400 2596 3470 hujus
2623 3402 2979 3457 necessitates
2998 3403 3270 3457 interdum
3294 3399 3558 3456 recedebat
3575 3396 3632 3450 ab
3649 3393 3725 3458 eis.

2192 3502 2488 3565 propterea
2516 3492 2751 3548 Joannes
2780 3493 3021 3563 Baptista
3050 3493 3289 3565 loquitur
3313 3506 3328 3547 :
3357 3511 3375 3543 ι
3408 3490 3503 3560 Qui
3525 3486 3648 3543 misit
3665 3498 3730 3540 tne

2202 3586 2500 3657 baptizare,
2517 3586 2631 3656 ipse
2663 3585 2801 3640 dixit
2827 3584 2982 3649 mihi,
3011 3584 3192 3655 Super
3214 3599 3369 3655 quem
3395 3579 3577 3636 videris
3597 3568 3731 3647 Spiri-

2203 3686 2315 3731 tum
2338 3682 2582 3731 sanctum
2608 3676 2661 3731 in
2685 3675 2865 3744 specie
2880 3673 3147 3731 columbae
3163 3672 3559 3732 descendentem
3581 3677 3627 3724 et
3642 3680 3730 3721 ma-

2201 3777 2416 3825 nentem
2433 3767 2485 3823 in
2501 3766 2828 3837 eo,ipse,est
2851 3766 3033 3837 (Joan.
3061 3765 3126 3838 ι).
3155 3788 3173 3819 ι
3198 3766 3475 3836 Nunquam
3496 3761 3731 3829 enimpro-

2196 3860 2376 3929 prium
2401 3865 2546 3914 esset
2568 3857 2620 3911 in
2642 3856 2882 3922 Christo,
2904 3857 3050 3927 quod
3072 3857 3294 3913 additur
3318 3874 3332 3911 :
3358 3876 3377 3907 ‹
3402 3862 3456 3910 et
3478 3856 3733 3907 manentem

2200 3952 2254 4005 in
2271 3964 2356 4015 eo,
2377 3969 2394 4001 ι
2413 3950 2514 4004 nisi
2529 3950 2597 4004 ab
2611 3948 2734 4003 aliis
2749 3962 3139 4019 nonnunquam
3155 3950 3430 4005 recederet
3445 3960 3459 3998 :
3474 3940 3735 4012 alioquinct

2199 4042 2267 4098 ad
2296 4040 2958 4113 MoysenloquiturDeus:
2981 4061 2998 4094 ι
3021 4040 3281 4097 Auferam
3299 4041 3365 4097 de
3384 4038 3578 4110 spiritu,
3600 4030 3674 4102 qui
3694 4028 3736 4082 iu

2197 4141 2253 4187 te
2270 4140 2355 4187 est
2378 4150 2391 4185 :
2418 4130 2605 4202 (Num.
2631 4131 2743 4202 xi);
2774 4151 2792 4183 ›
2816 4147 2978 4202 quem
2996 4132 3187 4202 utique
3204 4148 3311 4187 non
3336 4131 3565 4190 haberet,
3585 4121 3668 4178 nisi
3685 4118 3736 4170 ad

2198 4237 2322 4277 eum
2342 4238 2370 4276 a
2392 4222 2620 4276 Domino
2642 4222 3030 4278 descendisset.
3055 4222 3250 4278 Omnis
3270 4229 3446 4277 autem
3469 4215 3609 4274 istius
3620 4206 3737 4279 cal)"

2198 4314 2297 4368 tuli
2324 4314 2605 4384 prophetia
2627 4321 2711 4368 est
2728 4322 2917 4370 contra
2947 4313 3357 4378 montemSeir,
3386 4312 3598 4367 ﬁliorum
3620 4304 3736 4357 sido-

517 4427 532 4455 ι
578 4406 710 4472 eris,
767 4414 823 4460 et
844 4405 982 4460 scies
1012 4403 1158 4473 quia
1189 4418 1288 4474 ego
1339 4403 1614 4465 Dominus,
1643 4416 1708 4456 eo
1733 4401 1877 4470 quod
1929 4400 2175 4479 fuerisJ)
2200 4402 2327 4462 licet
2350 4407 2490 4461 Esau
2511 4415 2566 4462 et
2586 4405 2779 4472 Edom,
2796 4406 2889 4477 qui
2904 4405 3094 4462 Graeca
3118 4416 3177 4461 et
3194 4413 3383 4461 nostra
3407 4402 3576 4473 lingua
3593 4390 3738 4466 appel-

515 4517 532 4544 ι
581 4496 831 4562 inimicus
872 4495 1252 4565 sempiternus,
1299 4502 1356 4547 et
1395 4491 1726 4548 concluseris
1766 4490 1903 4547 ﬁlios
1932 4490 2095 4547 Israel

518 4608 533 4635 ι
584 4588 637 4642 in
662 4602 856 4642 manus
885 4587 1043 4658 gladii
1075 4587 1127 4640 in
1176 4594 1417 4656 tempore
1468 4582 1772 4639 alﬁictionis
1814 4598 2000 4639 eorum
2040 4584 2094 4638 in

521 4699 537 4729 ι
584 4685 827 4747 tempore
852 4677 1152 4746 iniquitatis
1177 4686 1456 4731 extremm.
1493 4673 1789 4745 Propterea
1816 4673 1938 4728 vivo
1970 4688 2092 4745 ego,

520 4788 536 4818 ι
586 4768 718 4823 dicit
747 4767 1006 4823 Dominus
1030 4766 1190 4832 Deus,
1216 4767 1472 4838 quoniam
1502 4766 1752 4838 sanguini
1783 4766 1989 4821 tradam
2018 4776 2091 4831 te,

518 4878 534 4909 ι
577 4868 635 4914 et
655 4860 873 4929 sanguis
898 4867 947 4913 te
973 4867 1347 4929 persequetur.
1376 4858 1443 4912 Et
1469 4873 1593 4912 cum
1622 4857 1937 4928 sanguinem
1966 4856 2095 4910 ode-

518 4968 533 4999 ι
579 4948 656 5003 ris
684 4949 904 5018 sanguis
931 4957 1289 5023 persequetur
1321 4957 1393 5003 te.
1427 4948 1493 5002 Et
1518 4946 1658 5003 dabo
1706 4957 1942 5003 montem
1973 4946 2095 5002 Seir

518 5060 534 5092 ι
581 5040 879 5097 desolatam
901 5050 957 5098 et
978 5043 1273 5107 desertum,
1290 5049 1346 5096 et
1364 5040 1606 5095 auferam
1627 5041 1693 5096 de
1714 5056 1780 5096 eo
1802 5053 2017 5095 euntem
2038 5048 2093 5094 et

516 5160 532 5190 ε
578 5140 916 5203 redeuntem,
940 5145 994 5191 et
1015 5133 1249 5206 implebo
1273 5142 1481 5190 mentes
1500 5133 1616 5203 ejus
1637 5134 1941 5188 occisorum
1968 5146 2093 5187 suo-

514 5254 529 5283 :
578 5251 717 5289 rum.
740 5231 799 5289 ln
829 5230 1059 5287 collibus
1088 5228 1197 5283 tuis
1226 5235 1282 5285 et
1317 5228 1369 5282 in
1413 5227 1640 5284 vallibus
1686 5226 1793 5281 tuis
1843 5234 2006 5295 atque
2031 5224 2084 5279 in

515 5346 527 5372 ε
571 5323 901 5379 torrentibus
930 5318 1200 5375 interfecti
1228 5317 1405 5388 gladio
1435 5317 1725 5373 cadent.ln
1773 5316 2087 5373 solitudines

514 5435 528 5464 ι
578 5415 936 5485 sempiternas
962 5410 1169 5465 tradam
1199 5417 1273 5472 te,
1301 5417 1355 5463 et
1378 5409 1625 5463 civitates
1639 5417 1751 5464 tua:
1800 5423 1907 5463 non
1933 5407 2085 5462 habi-

516 5526 529 5553 ι
576 5507 849 5559 labuntur.
908 5503 975 5559 Et
1010 5502 1192 5557 scietis
1230 5501 1356 5570 quia
1384 5515 1485 5569 ego
1517 5501 1777 5556 Dominus
1822 5500 1983 5565 Deus,
2019 5514 2085 5555 eo

514 5614 529 5641 ς
568 5595 708 5663 quod
731 5593 956 5658 dixeris,
981 5592 1106 5647 Due:
1134 5600 1320 5661 gentes
1345 5600 1400 5647 et
1427 5591 1547 5649 dum
1571 5599 1729 5645 terrae
1752 5607 1886 5646 mem
1901 5599 2085 5657 erunt,

517 5701 532 5730 ι
578 5694 631 5738 ρει
670 5684 984 5739 haereditate
1022 5682 1305 5755 possidebo
1352 5696 1464 5748 eas,
1493 5696 1614 5737 cum
1666 5679 1924 5739 Dominus
1947 5691 2088 5737 esset

2201 4499 2382 4553 lantur
2401 4497 2641 4561 Idumaei,
2659 4512 2723 4553 eo
2744 4496 2888 4568 quod
2912 4496 2967 4551 in
2992 4506 3237 4566 tempore
3259 4490 3586 4550 necessitatis
3603 4493 3649 4541 et
3664 4497 3739 4535 an-

2197 4591 2407 4663 gustia),
2444 4604 2565 4644 cum
2590 4588 2763 4645 Judas
2798 4587 3112 4657 capiebatur
3141 4601 3172 4639 a
3203 4583 3525 4656 Babyloniis.
3559 4572 3739 4632 insul»

2194 4685 2376 4741 verint
2402 4684 2501 4749 eis,
2525 4692 2581 4738 et
2610 4680 2783 4752 ejecto
2802 4679 3000 4751 populo
3020 4677 3337 4734 .ludzeorum
3359 4676 3458 4731 sibi
3480 4664 3739 4744 putaverint

2197 4786 2400 4831 terram
2432 4772 2690 4829 traditam
2716 4772 2785 4827 ad
2806 4769 3224 4843 possidendum,
3255 4775 3312 4821 et
3342 4780 3452 4822 non
3481 4761 3739 4817 solumnen

2195 4866 2535 4937 susceperint
2559 4864 2757 4919 fratres
2780 4877 2926 4926 suos,
2950 4860 3103 4916 .ﬁlios
3131 4857 3385 4914 videlicet
3400 4853 3562 4912 Jacob

2195 4954 2300 5020 sui,
2316 4931 2411 5010 sed
2425 4951 2695 5025 persecuti
2719 4950 2829 5006 sint
2850 4959 2906 5005 et
2926 4947 3297 5006 concluserint
3319 4946 3375 5001 in
3399 4931 3737 5010 manusgladii.

2196 5044 2350 5101 Unde
2407 5043 2748 5099 manifestius
2800 5042 3191 5111 interpretatus
3240 5045 3328 5093 est
3372 5029 3736 5106 Symmachus:

2200 5155 2218 5187 ι
2248 5134 2581 5208 Sanguinem
2606 5144 2757 5190 tuum
2779 5131 2961 5198 odisti,
2984 5140 3041 5186 et
3057 5128 3625 5200 sanguispersequetur
3640 5125 3698 5171 te.
3716 5130 3732 5163 ι

2194 5228 2555 5299 Prophetatur
2574 5236 2776 5291 autem,
2799 5224 2943 5295 quod
2961 5234 3016 5279 et
3041 5222 3159 5296 ipse
3185 5219 3478 5292 capiendus
3496 5216 3577 5280 sit,
3597 5222 3644 5269 et
3665 5221 3733 5264 re—

2194 5320 2455 5392 digendos
2482 5320 2548 5374 ad
2578 5318 2894 5375 solitudines
2927 5315 3310 5386 sempiternas,
3352 5321 3408 5366 et
3441 5320 3609 5366 rerum
3629 5301 3730 5360 fine.

2195 5422 2485 5483 cognoscat
2504 5427 2625 5467 esse
2642 5409 2882 5480 judicent
2904 5406 3097 5471 Deum,
3118 5419 3189 5460 eo
3206 5403 3350 5475 quod
3376 5399 3579 5463 dixerit,
3597 5414 3613 5446 ι
3633 5392 3733 5448 Dum

2194 5510 2382 5573 gentes
2408 5510 2464 5556 et
2489 5501 2607 5555 dum
2635 5499 2883 5569 regiones
2911 5511 3043 5552 meae
3072 5503 3219 5559 sunt,
3261 5513 3279 5546 ι
3309 5493 3393 5548 vel
3424 5490 3729 5573 Nummorum

2194 5569 2253 5647 et
2276 5591 2607 5656 Judzeorum,
2639 5591 2722 5645 vel
2749 5598 2899 5646 certe
2921 5586 3070 5644 ludat
3096 5594 3154 5641 et
3175 5585 3362 5652 Israel,
3393 5585 3600 5641 duarum
3617 5569 3731 5628 vide-

2194 5682 2320 5740 licet
2343 5691 2393 5737 et
2418 5682 2602 5741 decem
2634 5675 2891 5739 tribuum.
2923 5679 2987 5735 Et
3014 5677 3222 5733 loeutus
3245 5693 3304 5733 es
3328 5678 3391 5733 de
3414 5666 3653 5730 montibus
3671 5659 3727 5710 15·
