3972 6184
381 356 496 429 819

1298 359 1646 420 COMMENT.
1688 359 1755 418 lN
1795 354 2246 416 EZECIHELEM.
2288 389 2357 399 —
2394 357 2521 414 LIB.
2563 357 2697 414 X‘Ill.

3533 364 3635 420 830

382 475 521 542 rael,
561 474 745 531 dicens
780 493 793 529 :
836 494 854 526 ι
892 470 1100 530 Deserti
1128 475 1281 531 nobis
1315 476 1425 535 dati
1439 485 1565 532 sunt
1594 477 1661 532 ad
1696 476 1958 532 devoran-
1985 476 2033 533 A
2061 480 2141 526 tra
2169 470 2304 526 ﬁlios
2322 470 2440 537 Dei,
2469 480 2523 526 et
2545 472 2724 527 dolose
2747 473 2945 541 aliquid
2972 475 3140 543 egerit
3163 483 3211 527 el
3233 475 3499 530 obsederit
3524 492 3635 542 eos,

384 566 555 622 dum:
585 584 605 619 ι
628 580 734 621 non
755 565 1103 639 considerans
1124 566 1267 636 quod
1289 567 1402 622 haec
1429 576 1614 622 contra
1639 567 1805 621 Deum
1828 564 1965 619 blas-

380 656 603 728 phemia
623 657 966 711 redundaret.
991 656 1144 712 Unde
1167 658 1440 726 sequitur:
1460 657 1701 713 Lmlante
1715 660 1961 714 universa

381 753 535 804 terra
574 747 629 802 in
652 747 994 803 solitudinem
1029 758 1080 803 te
1119 749 1398 819 redigam:
1436 769 1454 801 ι
1480 758 1564 803 est
1595 763 1806 815 sensus,
1840 763 1965 804 cum

385 839 567 895 omnis
605 850 752 894 terra
784 836 966 893 Judma
1008 839 1271 909 receperit
1305 838 1594 909 pristinum
1645 848 1864 903 statum,
1907 850 1962 893 ιιι

381 927 733 999 permanebis
769 927 821 981 in
864 926 1149 983 solitudine
1186 928 1538 997 sempiterna.
1585 927 1846 998 Quodque
1887 930 1965 983 in-

380 1018 561 1074 fertur
595 1034 610 1072 :
652 1035 671 1069 ι
727 1017 900 1072 Sicuti
944 1017 1161 1087 gavisus
1205 1031 1265 1071 es
1310 1031 1471 1085 super
1521 1017 1833 1072 hzereditate
1870 1016 1965 1071 do-

382 1125 509 1165 mus
550 1107 738 1175 Israel,
790 1123 857 1163 eo
908 1108 1051 1178 quod
1102 1106 1267 1162 fuertt
1310 1107 1590 1177 dissipata,
1642 1106 1721 1162 sic
1768 1107 1962 1162 faciam

378 1199 503 1265 tibi,
527 1219 544 1253 ι
568 1200 625 1254 ἰιι
653 1197 1006 1269 Septuaginta
1038 1212 1144 1252 non
1169 1197 1418 1261 habetur,
1443 1196 1537 1251 sed
1565 1197 1664 1251 sub
1688 1196 1965 1251 asteriseis

377 1299 452 1346 de
474 1289 856 1346 Theodotionis
880 1288 1130 1343 versione
1154 1287 1396 1342 additum
1419 1294 1521 1342 est.
1566 1286 1756 1342 Omnis
1782 1296 1964 1342 autem

379 1381 465 1437 ira
491 1380 586 1437 Dei
616 1379 743 1435 illuc
777 1377 993 1450 proﬁcit
1033 1384 1223 1434 contra
1275 1384 1510 1432 montem
1552 1375 1693 1440 Seir,
1727 1385 1786 1431 ut
1840 1391 1963 1431 cum

379 1469 550 1525 fuerit
575 1469 893 1539 dissipatus,
918 1477 975 1523 et
1005 1467 1199 1537 ipseet
1223 1466 1474 1521 universa
1508 1466 1736 1521 ldumaea
1767 1481 1963 1538 cogno-

379 1566 543 1615 scant
570 1559 696 1630 quia
726 1559 852 1629 ipse
867 1558 940 1612 sit
962 1557 1239 1612 Dominus.
1274 1556 1398 1611 limo
1417 1554 1575 1626 juxta
1600 1556 1878 1611 historiam
1908 1564 1963 1611 et

379 1664 599 1705 sensum
636 1649 809 1720 magis
840 1663 1003 1718 quam
1028 1648 1189 1703 verba
1205 1647 1405 1702 cursim
1433 1647 1691 1703 dixerim:
1719 1646 1963 1701 transibo

380 1740 451 1793 ad
471 1742 755 1813 ἀναγωγήν,
781 1747 836 1793 et
859 1739 1037 1794 studio
1060 1737 1337 1799 brevitatis
1359 1752 1527 1808 pauca
1553 1737 1913 1808 perstringam
1943 1754 1955 1789 :

2069 561 2307 616 tradetur
2330 561 2382 616 in
2405 577 2595 617 manus
2620 563 2778 633 gladii
2809 563 2949 618 sicut
2972 581 3125 620 mons
3153 566 3293 631 Seir,
3325 566 3375 621 ia
3405 576 3642 637 tempore

2066 651 2365 722 iniquitatis
2383 661 2660 719 extremm,
2679 668 2799 707 cum
2822 654 2934 708 dies
2957 656 3170 724 [chimi
3188 665 3315 711 sunt
3338 666 3391 711 ct
3414 659 3641 714 mundus

2066 744 2119 798 in
2168 745 2403 815 maligno
2457 744 2665 814 positus
2715 756 2819 808 est,
2850 754 2904 800 et
2963 746 3314 815 multiplicata
3359 749 3640 818 iniquitate

2067 834 2367 904 refrigescit
2395 835 2635 890 Charitas
2657 836 2945 891 multorum
2981 836 3029 907 (Ι
3057 837 3217 891 Joau.
3243 838 3314 910 v).
3347 839 3439 892 Est
3461 850 3638 894 autem

2066 930 2120 975 et
2147 922 2289 976 aliud
2325 931 2600 992 peccatum
2642 925 2839 979 montis
2880 925 3018 988 Seir,
3050 936 3106 980 ut
3159 928 3410 996 quoniam
3452 912 3638 983 ederat

2065 1012 2381 1082 sanguinem
2404 1012 2671 1083 justorum
2692 1055 2707 1077 ,
2736 1029 2895 1082 quem
2924 1016 3147 1086 singulis
3177 1020 3638 1087 persecutionifnzs

2065 1100 2315 1171 cupiebat
2354 1101 2585 1167 eﬂ'undi,
2618 1103 2686 1157 ab
2721 1104 2836 1174 ipso
2880 1107 3134 1176 sanguine
3166 1109 3428 1162 sustineat
3452 1124 3637 1177 νίψει·-

2065 1190 2356 1247 cutionem.
2418 1190 2571 1248 Unde
2626 1203 2681 1247 ct
2732 1194 2831 1249 sub
2885 1194 3036 1249 altari
3086 1206 3394 1252 sanctorum
3450 1201 3642 1254 animm

2065 1280 2350 1336 clamitant
2390 1290 2446 1338 et
2476 1282 2733 1338 ultionem
2780 1301 2809 1338 a
2856 1284 3083 1340 Domino
3114 1288 3193 1342 sui
3241 1290 3514 1358 sanguinis
3553 1290 3642 1343 du

2064 1379 2355 1442 precantur
2398 1372 2580 1444 (Apoc.
2616 1373 2711 1445 vr).
2748 1375 2812 1429 Et
2857 1375 3176 1431 auferuntur
3200 1380 3265 1433 de
3312 1389 3491 1433 monte
3524 1380 3644 1434 Seir

2065 1471 2257 1519 euntes
2305 1471 2362 1520 et
2398 1463 2713 1532 redeuntes,
2760 1467 2812 1521 id
2860 1476 2945 1522 cst
2989 1470 3164 1524 omnis
3213 1470 3483 1525 habitator
3530 1472 3641 1525 sive

2065 1554 2311 1610 homines
2339 1565 2395 1611 et
2434 1555 2702 1626 iumenta,
2733 1559 2873 1628 quod
2901 1561 3175 1616 salvantur
3202 1564 3252 1617 in
3299 1564 3546 1629 ecclesia,
3578 1566 3642 1620 de

2064 1647 2259 1715 quibus
2283 1648 2541 1719 scriptum
2583 1659 2671 1705 est
2700 1668 2714 1705 :
2744 1650 2766 1703 ἱ
2804 1651 3059 1708 Homines
3087 1662 3143 1708 et
3183 1655 3424 1725 jumcnta
3468 1658 3643 1713 salvos

2065 1736 2264 1803 facies,
2293 1738 2517 1794 Domine
2546 1737 2718 1811 (Psal.
2752 1742 2938 1814 xxxv).
2977 1762 2994 1794 ι
3041 1743 3189 1812 Quod
3221 1745 3275 1800 in
3316 1757 3496 1803 monte
3524 1748 3644 1804 Seir

382 1846 402 1880 ι
452 1827 619 1893 Pone,
666 1847 685 1881 ι
731 1828 925 1898 inquit,
953 1827 1067 1882 sive
1095 1834 1347 1882 converte
1384 1846 1401 1877 ι
1450 1825 1642 1881 faciem
1676 1835 1822 1880 tuam
1868 1829 1964 1881 ad-
1994 1819 2039 1878 B
2067 1837 2352 1899 utrumque
2396 1830 2626 1897 deletur,
2682 1841 2741 1888 ut
2788 1844 2843 1890 et
2889 1836 2973 1901 hi,
3025 1837 3116 1905 qui
3158 1838 3408 1893 videntur
3440 1841 3642 1910 aliquid

375 1936 607 1976 versum
626 1930 860 1974 montem
894 1917 1033 1975 Seir.
1070 1939 1087 1971 ι
1135 1919 1201 1974 Ει
1236 1918 1624 1991 signiﬁcanter,
1649 1919 1746 1985 ait,
1784 1939 1801 1969 ι
1835 1934 1963 1975 con-

379 2022 533 2067 verte
559 2032 578 2066 ι
610 2013 678 2067 ab
695 2012 797 2066 alia
812 2013 1090 2082 prephetia
1110 2012 1175 2067 ad
1204 2011 1361 2066 aliam
1385 2012 1719 2083 prophetiam
1738 2011 1960 2066 :faciem

375 2110 562 2157 autem
618 2118 723 2156 non
779 2102 1053 2171 corporis,
1105 2104 1199 2157 sed
1250 2102 1439 2167 animi,
1470 2102 1536 2156 de
1590 2117 1695 2172 qua
1738 2102 1867 2157 dicit
1909 2111 1964 2157 et

373 2193 667 2264 Apostolus
691 2208 706 2247 :
737 2212 755 2243 ι
787 2191 894 2247 Nos
914 2204 1089 2248 autem
1110 2208 1299 2249 omnes
1326 2188 1558 2248 revelata
1580 2193 1716 2249 facie
1737 2193 1963 2265 gloriam

380 2283 601 2339 Domini
626 2281 1076 2353 contemplantes.
1121 2303 1139 2336 ι
1174 2282 1325 2340 Mons
1350 2291 1531 2338 autem
1580 2283 1718 2347 Seir,
1741 2285 1834 2356 qui
1881 2285 1962 2340 in-

374 2385 714 2448 terpretatur
741 2375 975 2447 ﬁispidus
1030 2384 1085 2431 et
1133 2376 1353 2446 pilosus,
1385 2376 1656 2431 contraria
1703 2375 1961 2431 fortitudo

373 2467 692 2540 accipienda
722 2478 825 2533 est,
861 2485 981 2539 qua:
1016 2468 1339 2538 prirsidebat
1362 2467 1505 2540 genti
1541 2468 1769 2523 ﬁliorum
1794 2468 1959 2534 Esau,

371 2569 433 2615 et
459 2575 519 2616 se
547 2567 733 2615 contra
763 2559 1015 2630 populum
1062 2558 1220 2625 Juda,
1264 2558 1316 2614 id
1364 2568 1469 2625 est,
1506 2559 1857 2616 confessionis
1907 2570 1961 2616 et

370 2668 522 2708 verae
547 2651 671 2708 fidei
701 2661 971 2708 erexerat.
1005 2651 1161 2720 Quod
1207 2651 1252 2707 si
1308 2644 1543 2721 prindens
1586 2651 1756 2707 lector
1794 2667 1958 2723 oppo-

372 2744 568 2808 suerit,
613 2744 880 2814 quomodo
905 2743 958 2798 in
990 2744 1093 2799 isto
1124 2742 1240 2798 loco
1287 2742 1430 2808 Seir,
1462 2744 1566 2798 hoc
1604 2752 1687 2797 est
1717 2742 1961 2812 hispidus

372 2842 434 2888 et
462 2833 686 2904 pilosus,
716 2833 1047 2905 intelligatur
1076 2832 1127 2887 in
1160 2832 1354 2886 malam
1390 2841 1621 2902 partem,
1669 2846 1792 2887 cum
1816 2831 1959 2886 Elias

370 2940 591 2995 quoque
618 2925 704 2980 vir
730 2925 933 2995 pilosus
954 2924 1133 2980 dictus
1172 2924 1262 2990 sit,
1291 2923 1529 2979 breviter
1576 2923 1911 2992 respondebo
1943 2940 1955 2977 :

373 3015 454 3071 De
480 3016 620 3071 Esau
647 3017 908 3085 scriptum
938 3022 1023 3070 est
1050 3013 1202 3086 (Gen.
1242 3013 1392 3083 xxv),
1422 3014 1565 3084 quod
1595 3014 1746 3070 rufus
1797 3014 1961 3070 fuerit

371 3114 432 3162 et
477 3106 630 3176 quasi
680 3105 836 3177 pellis
889 3104 1116 3174 hispidze
1156 3122 1170 3159 :
1220 3104 1285 3159 de
1327 3104 1441 3158 Elia
1490 3120 1640 3169 vero,
1700 3104 1841 3174 quod
1877 3104 1961 3159 vir

375 3205 589 3251 tantum
616 3196 839 3267 pilosus.
872 3194 927 3250 In
973 3195 1134 3260 Esau,
1163 3195 1253 3264 qui
1283 3194 1662 3265 sanguinarius
1686 3203 1742 3248 et
1765 3208 1957 3249 cruen-
1986 3167 2032 3231 (ἶ

374 3297 462 3345 tus
488 3287 615 3358 pelli
661 3287 886 3357 hispida:
912 3293 1259 3356 comparatur
1298 3286 1605 3341 mortalium
1637 3298 1862 3355 operum
1904 3293 1960 3341 et

371 3380 544 3450 ipsius
592 3381 782 3435 mortis
813 3380 1067 3435 indicium
1116 3388 1245 3434 est:
1284 3379 1336 3433 in
1384 3378 1499 3433 Elia
1547 3378 1821 3434 virilitatis
1862 3394 1960 3434 au-

370 3460 652 3543 gmentum
684 3468 790 3541 (IV
818 3470 946 3542 Reg.
977 3468 1039 3541 ι).
1071 3467 1430 3536 Quamobrem
1455 3476 1509 3524 et
1538 3468 1800 3524 habitatio
1844 3468 1962 3538 ejus

371 3562 431 3618 in
454 3561 743 3618 solitudine
768 3570 824 3618 et
846 3562 1281 3617 conversationis
1315 3564 1607 3616 austeritas
1635 3577 1741 3616 nou
1787 3561 1962 3617 solum

372 3653 576 3718 virum,
625 3654 720 3707 se.l
767 3661 824 3708 et
874 3654 1049 3708 virum
1105 3653 1461 3708 fortissimum
1534 3653 1958 3710 demonstrabat.

376 3741 546 3799 Porro
578 3739 763 3809 Jacob,
793 3743 885 3812 qui
938 3743 1379 3814 supplantaverat
1419 3743 1584 3807 Esau,
1608 3753 1663 3798 et
1688 3745 1962 3815 primoge-

379 3835 491 3889 nita
520 3832 639 3903 ejus
677 3843 981 3904 acceperat,
1008 3835 1132 3905 quia
1162 3834 1480 3904 simpliciter
1504 3834 1781 3892 habitabat
1819 3835 1968 3891 demi

374 3937 432 3982 et
455 3943 561 3982 non
591 3936 712 3983 erat
737 3938 961 3983 venator
987 3929 1128 3984 sicut
1155 3928 1302 4000 gigas
1327 3927 1582 3994 Nemrod,
1611 3929 1810 3985 idcirco
1831 3931 1964 3986 levis

374 4017 678 4088 appellatur
699 4024 755 4073 et
783 4018 1002 4073 nitidus.
1035 4016 1326 4073 Videamus
1353 4033 1505 4089 ergo,
1536 4018 1662 4088 quid
1685 4018 1789 4074 dici
1831 4035 1970 4089 pm

375 4107 545 4176 cipiat
575 4106 717 4162 Deus
751 4107 817 4161 ad
846 4116 1083 4162 montem
1135 4107 1251 4163 sive
1294 4118 1483 4163 contra
1530 4116 1766 4162 montem
1819 4109 1960 4174 Seir,

386 4214 404 4245 ι
450 4195 589 4251 Ecce
621 4212 721 4266 ego
755 4198 823 4251 ad
861 4206 930 4263 te,
971 4213 1127 4252 mons
1162 4197 1301 4254 Seir.
1341 4217 1360 4251 ι
1396 4197 1510 4253 Νοιι
1542 4200 1748 4257 mittam
1802 4215 1965 4269 auge-

379 4285 481 4351 los,
520 4302 618 4342 nec
639 4287 759 4342 aliis
783 4297 906 4343 utar
934 4289 1220 4354 ministris,
1259 4288 1354 4344 sed
1383 4288 1497 4358 ipse
1522 4290 1589 4345 ad
1627 4298 1677 4344 te
1715 4291 1925 4345 veniam
1947 4331 1961 4350 .

386 4392 404 4425 ι
449 4374 515 4429 Et
534 4376 819 4430 extendam
847 4382 1064 4431 manum
1089 4392 1263 4432 meam
1292 4392 1455 4447 super
1472 4387 1544 4471 ge,
1594 4399 1611 4430 ι
1639 4388 1697 4434 ιιι
1722 4379 1961 4434 habitum

378 4467 730 4534 percutientis
768 4467 1068 4521 adsumam.
1104 4487 1122 4519 ι
1166 4469 1235 4523 Et
1260 4469 1399 4524 dabo
1441 4467 1493 4525 te
1530 4469 1826 4525 desolatam
1875 4478 1960 4523 at-

378 4572 485 4626 que
513 4557 807 4621 desertum,
836 4570 897 4612 ut
921 4558 1010 4628 qui
1043 4559 1183 4615 male
1228 4558 1583 4627 habitabaris,
1610 4571 1664 4616 et
1702 4562 1961 4631 plurimos

379 4646 617 4702 habebas
636 4647 924 4718 impietatis
953 4657 1056 4703 ture
1089 4648 1284 4714 socios,
1314 4650 1368 4704 in
1391 4657 1597 4704 tantum
1624 4659 1689 4704 ut
1718 4659 1772 4705 et
1798 4651 1962 4706 urbes

376 4746 722 4805 exstrueres,
748 4737 1139 4808 imperiumque
1178 4739 1271 4794 tibi
1310 4739 1587 4810 proprium
1631 4740 1956 4807 vindicares,

376 4844 522 4886 nunc
552 4831 824 4887 desolatus
869 4846 991 4886 cum
1018 4830 1243 4886 urbibus
1290 4832 1419 4897 tuis,
1458 4847 1593 4902 quas
1620 4841 1674 4886 et
1695 4830 1960 4889 Ieremias

373 4921 657 4980 destruere
679 4922 901 4992 jubetur
925 4932 1090 4992 atque
1111 4922 1397 4989 suffodere,
1442 4933 1499 4978 ut
1521 4925 1688 4979 bonas
1733 4940 1832 4993 pro
1877 4924 1958 4981 eis

377 5019 620 5067 exstruat
632 5012 895 5067 civitates.
912 5011 968 5067 In
982 5028 1048 5067 eo
1065 5010 1338 5083 proﬁcies,
1356 5021 1417 5067 ut
1430 5013 1573 5068 scias
1585 5013 1728 5083 quod
1740 5029 1840 5083 ego
1853 5007 1956 5069 sim

377 5100 658 5167 Dominus,
680 5117 839 5172 quem
863 5110 991 5157 ante
1017 5101 1363 5157 solitudinem
1398 5102 1481 5157 tui
1497 5108 1654 5158 nosSe
1677 5118 1780 5158 non
1807 5113 1957 5174 pote-

377 5204 485 5244 ras.
513 5189 701 5246 Omnis
721 5198 899 5246 autem
922 5205 1085 5246 causa
1107 5192 1338 5261 peccati,
1362 5193 1504 5262 quod
1520 5191 1686 5248 fueris
1706 5192 1956 5250 inimicus

372 5281 759 5352 sempiternus.
793 5280 948 5337 Unde
993 5280 1125 5337 dicit
1170 5292 1225 5337 et
1267 5282 1506 5354 psalmus
1537 5300 1561 5336 τέ
1587 5300 1607 5334 ι
1654 5283 1959 5339 lrascimin'r

372 5380 431 5426 et
453 5370 627 5427 nolite
662 5386 894 5443 peccare
939 5366 1114 5438 (Prol.
1146 5371 1245 5444 tv),
1282 5391 1307 5425 ν
1336 5380 1395 5427 ιιι
1442 5374 1551 5428 cito
1603 5372 1956 5428 conciliemur

373 5462 610 5519 inimicis
633 5473 691 5519 et
739 5463 922 5520 odium
949 5464 1225 5519 charitate
1243 5472 1530 5519 mutemus.
1561 5464 1668 5520 Sed
1698 5480 1802 5519 non
1831 5464 1954 5519 talis

375 5566 532 5609 mons
545 5552 688 5619 Seir,
701 5555 791 5625 qui
807 5567 971 5625 super
982 5552 1663 5623 inirnieitiassempiternas
1690 5552 1954 5609 conclusit

373 5643 713 5701 Iiveobsedit
741 5647 881 5702 ﬁlios
912 5645 1084 5701 lsracl
1105 5645 1229 5701 dolo
1264 5645 1317 5699 in
1360 5660 1519 5699 manu
1541 5645 1723 5716 gladii.
1742 5646 1818 5701 Ex
1846 5662 1953 5716 quo

375 5735 724 5810 intelligimus
750 5739 893 5810 quod
915 5738 1237 5810 quicumque
1260 5737 1495 5809 gladium
1518 5739 1804 5811 arripuerit
1826 5755 1953 5797 cono

1991 4513 2038 4571 D

2065 1922 2263 1980 habere
2285 1926 2532 1991 rationis,
2556 1937 2610 1982 et
2630 1926 2703 1981 illi
2726 1928 2816 1998 qui
2843 1928 3073 2000 simplici
3102 1930 3204 1984 ﬁde
3224 1932 3463 1985 contenti
3491 1941 3638 1995 sunt,

2064 2016 2175 2073 Deo
2203 2017 2425 2086 iubente
2455 2020 2783 2089 dispereunt.
2819 2038 2837 2071 ι
2880 2021 2947 2076 Ει
2975 2021 3264 2091 implentur
3291 2030 3499 2078 montes
3528 2023 3643 2093 ejus

2063 2106 2467 2163 vulneratorum
2504 2116 2558 2163 et
2577 2109 2901 2164 occisorum.
2934 2129 2951 2160 ι
2982 2109 3048 2163 Ει
3077 2126 3182 2164 non
3212 2109 3382 2164 solum
3414 2121 3639 2175 montes,

2062 2198 2154 2267 qui
2181 2198 2249 2253 ad
2293 2198 2584 2270 impietatis
2611 2199 2869 2255 verticem
2907 2208 3298 2269 pervenerunt,
3344 2200 3437 2254 sed
3481 2200 3643 2255 colles

2063 2303 2297 2359 quoque,
2326 2289 2428 2345 hoc
2455 2297 2538 2344 est
2579 2288 2869 2345 inferiores
2901 2289 3143 2361 discipuli
3187 2291 3383 2346 montis
3402 2289 3542 2355 Selr,
3588 2299 3645 2345 et

2061 2379 2227 2435 valles
2251 2394 2372 2450 quae
2398 2380 2451 2434 in
2483 2380 2590 2434 ima
2620 2379 2885 2450 depressae
2913 2388 3060 2446 sunt,
3091 2380 3205 2435 sive
3232 2390 3515 2449 torrentes,
3549 2380 3642 2450 qui

2062 2470 2306 2526 turbidas
2347 2469 2551 2526 habent
2592 2485 2793 2539 aqus,
2834 2480 2889 2525 et
2916 2471 3039 2525 hinc
3081 2470 3204 2525 inde
3231 2470 3505 2535 collectas,
3550 2486 3641 2526 ve-

2062 2560 2381 2630 nientesque
2405 2560 2472 2615 de
2496 2559 2766 2630 superbia,
2795 2560 2903 2627 vel,
2925 2558 3077 2630 juxta
3103 2559 3266 2625 LXX,
3296 2576 3524 2630 campos,
3550 2560 3643 2630 qui

2063 2653 2225 2709 medii
2257 2653 2397 2709 inter
2424 2650 2590 2707 colles
2614 2659 2668 2707 et
2701 2650 2867 2707 valles
2896 2660 3038 2707 sunt.
3062 2650 3127 2706 Hi
3156 2666 3346 2705 omnes
3373 2649 3640 2705 interfecti

2061 2746 2255 2801 cadent
2282 2744 2457 2817 gladio
2487 2743 2723 2810 Domini,
2756 2752 2811 2799 et
2838 2750 3072 2799 extentat
3100 2755 3290 2796 manus
3318 2749 3481 2810 atque
3521 2755 3643 2810 per-

2060 2835 2348 2903 cutientis,
2393 2844 2456 2891 ut
2484 2835 2796 2905 redigantur
2819 2833 2875 2887 in
2919 2831 3236 2889 solitudines
3252 2831 3640 2909 sempiternas.

2058 2924 2129 2980 Et
2163 2925 2206 2980 si
2232 2940 2353 2997 quae
2373 2932 2531 2979 erant
2553 2924 2820 2990 civitates,
2849 2923 2952 2977 hoc
2975 2931 3081 2988 est,
3105 2920 3461 2976 conciliabula
3488 2920 3641 2974 mal-.e

2061 3015 2435 3081 habitatiOnis,
2465 3022 2520 3071 et
2553 3015 2682 3084 ipsae
2709 3012 3040 3086 dispereunt,
3080 3020 3137 3068 et
3165 3010 3415 3068 desinant
3440 3012 3492 3065 in
3522 3027 3640 3065 ma-

2062 3106 2168 3161 lam
2197 3115 2409 3177 partem
2437 3104 2640 3160 habere
2661 3119 3006 3189 copsensum.
3029 3103 3096 3158 Et
3122 3102 3430 3158 dividantur
3448 3102 3642 3171 [iugum

2063 3212 2275 3261 eorum,
2319 3211 2387 3252 ne
2413 3204 2617 3251 turrem
2646 3195 2993 3265 blasphemiae
3018 3202 3206 3250 contra
3234 3194 3402 3249 Deum
3434 3193 3642 3264 possint

2061 3296 2343 3345 exstruere
2360 3328 2375 3353 ,
2399 3296 2455 3343 et
2479 3287 2710 3342 redacta:
2731 3286 3152 3341 in'solitudiuem
3180 3295 3347 3356 atque
3368 3286 3640 3341 desertum

2061 3386 2408 3450 cognoscant,
2424 3378 2567 3448 quod
2586 3377 2703 3447 ipse
2725 3377 2796 3431 sit
2816 3377 3096 3431 Dominus.
3122 3376 3229 3432 Nec
3250 3377 3445 3432 suﬁicit
3472 3377 3643 3433 monti

2064 3471 2188 3526 Setr
2219 3478 2368 3525 tanta
2415 3470 2641 3536 dixisse,
2675 3476 2794 3540 qhaa
2816 3469 3123 3539 praeteritus
3160 3484 3341 3525 sermo
3379 3470 3644 3536 narravit,

2062 3563 2158 3617 sed
2184 3563 2288 3616 hoc
2315 3575 2560 3633 quoque,
2590 3576 2690 3632 per
2717 3559 3027 3643 superbiam
3059 3558 3267 3614 locutus
3291 3565 3374 3614 est
3402 3573 3416 3612 :
3456 3578 3474 3610 ι
3511 3557 3643 3615 Duae

2062 3665 2252 3729 gentes
2264 3666 2320 3713 et
2338 3657 2456 3713 dua:
2476 3665 2633 3712 terra:
2652 3657 2766 3712 sive
2780 3656 3028 3726 regiones
3041 3670 3181 3710 meae
3193 3663 3334 3709 sunt.
3365 3673 3383 3705 ι
3410 3652 3642 3707 ldumzea

2061 3749 2312 3806 videlicet
2335 3757 2391 3805 et
2414 3748 2616 3813 Iudaea,
2648 3756 2704 3804 et
2732 3747 3015 3803 hmreticos
3040 3754 3094 3801 ct
3118 3744 3512 3801 ecclesiasticos
3541 3759 3640 3814 pa—

2062 3842 2196 3896 riter
2217 3840 2522 3912 possidebo.
2547 3840 2615 3894 Et
2641 3839 2763 3905 hoc,
2796 3837 2990 3909 inquit,
3022 3837 3225 3902 dixisti,
3258 3855 3276 3888 ι
3309 3851 3431 3893 cum
3461 3834 3643 3889 Domi-

2062 3947 2168 3987 nus
2194 3937 2339 3987 esset
2365 3928 2458 3994 ibi,
2494 3947 2512 3981 ι
2546 3929 2638 3998 qui
2666 3943 2764 3983 suo
2798 3926 2993 3999 populo
3013 3926 3349 3997 przesidebat.
3384 3924 3638 3994 Propter--

2062 4035 2126 4075 ea
2161 4019 2311 4090 jurat
2333 4019 2590 4075 Dominus
2611 4027 2668 4074 et
2691 4018 2820 4074 dicit
2846 4036 2859 4071 :
2883 4037 2901 4068 ι
2932 4016 3065 4071 Vivo
3085 4030 3205 4087 ego,
3226 4015 3358 4071 dicit
3380 4014 3640 4070 Dominus

2065 4112 2237 4177 Deus,
2275 4131 2293 4163 ι
2322 4112 2463 4183 quod
2484 4112 2635 4183 juxta
2668 4111 2804 4165 iram
2835 4117 2983 4164 tuam
3013 4124 3117 4178 qua
3148 4106 3407 4163 saeviehas
3444 4107 3495 4160 in
3541 4122 3641 4174 pn-

2062 4202 2247 4271 pulum
2270 4202 2386 4269 Dei,
2412 4210 2467 4257 et
2486 4201 2660 4257 zelum
2685 4208 2855 4265 tuum,
2877 4215 2985 4270 quo
3007 4197 3415 4270 persequebaris
3440 4196 3639 4251 Christi

2065 4292 2347 4357 familiam,
2377 4294 2503 4349 odio
2524 4293 2732 4348 habens
2762 4308 2874 4358 eos,
2905 4306 3040 4362 quos
3068 4289 3343 4359 possidere
3362 4277 3636 4355 cupiebas.

2065 4385 2197 4440 Cum
2251 4393 2303 4440 te
2331 4397 2651 4455 percussero
2679 4391 2743 4436 et‘
2770 4381 3083 4452 judicavero
3107 4418 3122 4441 ,
3173 4385 3303 4431 tunc
3341 4375 3433 4427 tibi
3483 4380 3641 4426 notus

2066 4476 2268 4531 rﬂieiar
2288 4484 2343 4531 et
2373 4476 2512 4531 scies
2553 4474 2694 4544 quod
2736 4470 3022 4540 opprobria
3061 4477 3147 4522 tua
3189 4477 3341 4535 atque
3385 4463 3638 4531 blasphe-

2065 4566 2202 4620 mias
2227 4580 2332 4619 non
2364 4558 2469 4619 alio
2496 4562 2769 4618 referente
2799 4558 3139 4630 cognoverint
3189 4556 3281 4610 sed
3317 4555 3430 4624 ipse
3458 4552 3640 4607 audie-

2062 4658 2187 4722 rim,
2219 4672 2342 4726 qua:
2383 4654 2594 4709 locutus
2642 4668 2702 4708 es
2745 4659 2933 4706 contra
2965 4656 3173 4704 montes
3209 4647 3369 4703 l‘sracl
3408 4647 3594 4701 dicens
3625 4664 3636 4699 :

2068 4765 2087 4798 ι
2121 4747 2329 4803 Deserti
2355 4745 2508 4799 nobis
2538 4743 2649 4797 dati
2676 4750 2803 4796 sunt
2831 4741 2898 4795 ad
2940 4738 3328 4794 devorandum.
3366 4759 3383 4789 ι
3434 4736 3641 4792 Montes

2060 4836 2246 4903 Israel,
2288 4835 2527 4906 Moysen,
2557 4833 2848 4904 prophetas
2869 4870 2884 4897 ,
2910 4831 3180 4901 apostolos
3217 4830 3474 4885 debemus
3501 4831 3641 4885 acci-

2059 4942 2207 4999 pere,
2236 4942 2373 4997 quos
2393 4924 2629 4981 haeretici
2651 4931 2705 4978 et
2727 4924 3103 4979 haereticorum
3125 4923 3375 4992 princeps
3396 4922 3639 4976 diabolus

2058 5017 2361 5089 putantsibi
2388 5016 2612 5071 traditos
2633 5014 2708 5069 ad
2725 5014 3108 5077 devorandum,
3128 5014 3340 5084 quando
3355 5021 3448 5067 aut
3467 5013 3642 5067 nullus

2060 5109 2115 5163 in
2137 5107 2367 5163 ecclesia
2389 5106 2658 5177 reperitur
2684 5103 2777 5175 qui
2825 5104 2996 5174 possit
3038 5118 3278 5175 pugnare
3309 5117 3408 5172 pro
3450 5104 3642 5156 monti-

2058 5199 2165 5253 bus
2186 5197 2419 5264 Dumini,
2439 5206 2490 5253 et
2504 5211 2693 5252 eorum
2714 5194 3092 5250 lacerationem
3116 5209 3214 5250 sua
3241 5207 3374 5247 voce
3390 5192 3645 5246 defende-

2058 5305 2139 5345 re.
2173 5309 2192 5341 ‹
2227 5290 2296 5345 Et
2319 5288 2719 5349 insu'rrexistis,
2754 5287 2943 5357 inquit,
2971 5301 3134 5357 super
3152 5299 3237 5339 me
3267 5299 3362 5339 ore
3384 5292 3586 5348 vestro,
3617 5301 3634 5331 ι

2057 5380 2172 5434 sive
2216 5379 2499 5451 magniﬁce
2545 5377 2711 5434 locuti
2749 5377 2901 5443 estis,
2944 5391 3053 5431 non
3107 5382 3168 5428 ut
3207 5373 3409 5444 putatis
3448 5380 3635 5427 conus

2058 5479 2290 5534 montes,
2314 5469 2409 5525 sed
2456 5484 2553 5541 per
2582 5467 2701 5523 illos
2726 5467 3011 5522 adversum
3048 5479 3152 5519 me.
3190 5483 3209 5514 ι
3246 5463 3313 5516 Ει
3337 5461 3637 5532 derogastis

2055 5564 2170 5620 sive
2197 5564 2472 5620 clamastis
2519 5563 2804 5617 adversum
2833 5575 2938 5614 me.
2977 5578 2996 5610 ι
3035 5559 3234 5614 Omnes
3278 5554 3421 5610 enim
3451 5569 3639 5625 preces

2056 5662 2272 5719 vestrae,
2309 5669 2342 5709 ο
2363 5668 2519 5708 mons
2541 5651 2682 5715 Scir,
2707 5657 2760 5703 et
2788 5648 2918 5703 socii
2948 5647 3147 5701 montis
3175 5644 3318 5709 Seir,
3357 5646 3424 5700 de
3442 5644 3638 5714 quibus

2055 5759 2218 5816 supra
2238 5744 2437 5801 dictum
2457 5752 2575 5800 est:
2607 5761 2624 5795 ι
2651 5738 2884 5810 implebo
2913 5745 3122 5794 montes
3150 5734 3265 5806 ejus
3292 5744 3346 5792 et
3370 5732 3555 5800 colles,
3578 5747 3633 5791 et
