3972 6184
449 283 545 358 3's:

1085 282 1146 357 Β.
1184 288 1438 359 ΜΒΑΜ
1472 290 1689 358 MAURI
1722 294 2046 359 ARCBIEP.
2087 294 2397 362 MOGUNT.
2438 296 2722 361 OPERUM
2758 304 2942 361 PARS
2977 300 3042 361 ll.

3601 295 3702 360 839.

450 415 640 483 valles,
661 427 715 473 et
734 430 974 486 campos,
1008 434 1027 468 ι
1053 414 1165 471 sive
1191 424 1475 481 torrentes,
1501 414 1719 472 fuerunt
1743 416 2030 474 adversum
2059 419 2105 479 Α
2142 437 2158 470 ε
2199 419 2265 474 de
2299 420 2470 483 vobis,
2517 419 2829 474 Det'oratzix
2861 418 3138 473 hominum
3180 434 3279 482 es,
3330 426 3387 473 et
3435 415 3708 487 suﬂ‘oeans,

451 522 540 564 me
568 525 581 562 :
614 509 949 577 nequaquam
979 520 1166 576 preces
1193 514 1249 559 et
1297 506 1592 572 orationes,
1630 516 1687 561 ut
1726 508 1928 578 putatis
1957 508 2023 562 ad
2056 544 2059 545 ν

453 596 660 661 Deum,
698 595 792 650 sed
814 594 1093 658 clamores,
1121 593 1534 649 vociferationes
1571 604 1733 666 atque
1770 595 2023 666 blasphe-

449 686 591 740 miae.
614 682 762 739 Unde
781 692 832 737 et
854 682 1111 738 Dominus
1133 684 1515 750 comminatur,
1534 695 1588 739 et
1604 685 1769 740 dicit:
1802 705 1820 737 ε
1852 683 2024 741 Sicuti

451 775 664 847 gavisus
691 790 749 830 es
787 788 948 844 super
986 774 1299 829 btercditate
1326 775 1518 830 domus
1541 775 1720 838 Israel,
1760 795 1778 827 ι
1810 775 2024 846 quando

449 865 554 920 tuis
575 863 1037 934 persecutionibus
1058 863 1314 934 dissipata
1337 872 1419 919 est
1442 872 1602 935 atque
1617 864 1869 930 lacerata,
1886 872 1941 921 ct
1968 865 2021 919 in

450 964 560 1011 toto
583 956 714 1011 orbe
744 956 1004 1026 dispersa,
1040 973 1057 1007 ι
1088 957 1166 1011 sic
1189 956 1382 1012 faciam
1409 958 1524 1013 tibi.
1564 978 1583 1010 ›
1617 958 1855 1013 Laetante
1879 958 2020 1012 enim

446 1048 697 1103 universa
743 1056 910 1112 terra,
940 1048 1231 1102 viventium
1281 1057 1535 1118 terraque
1580 1059 1924 1111 sanctorum,
1968 1056 2023 1104 et

443 1128 695 1197 omnibus
716 1140 990 1196 Conversis
1016 1141 1084 1195 ad
1109 1140 1424 1196 servitutem
1446 1140 1562 1204 Dei,
1594 1151 1645 1193 tu
1681 1160 1698 1190 ι
1735 1141 2023 1212 dissipatus

442 1232 570 1298 eris,
600 1248 756 1289 mons
782 1232 1015 1302 bispide,
1043 1240 1197 1286 mons
1212 1231 1487 1302 piiose.Et
1512 1232 1689 1286 omnis
1710 1230 1965 1295 Idumam,
1995 1250 2014 1284 ι

442 1330 608 1396 Opera
635 1324 883 1380 videlicet
912 1331 1127 1380 terrena
1155 1332 1213 1378 et
1251 1323 1430 1378 cruori
1462 1331 1515 1378 et
1544 1322 1791 1391 sanguini
1820 1322 2018 1379 dedita.

446 1404 515 1472 Ut
542 1426 669 1471 tunc
703 1430 999 1489 cognoscas
1029 1416 1170 1485 quod
1211 1415 1325 1485 ipse
1363 1416 1465 1470 sim
1495 1415 1754 1471 Dominus
1777 1416 1869 1486 qui
1892 1415 2023 1472 alibi

442 1520 561 1563 sum
591 1507 801 1563 locutus
832 1525 847 1561 :
873 1506 984 1578 Eg‘o
1012 1520 1129 1561 sum
1161 1505 1419 1562 Dominus
1450 1506 1591 1561 Deus
1613 1513 1809 1561 vester.

979 1640 1205 1698 CAPUT
1243 1640 1461 1696 XXXVI
1468 1670 1481 1695 .-

2137 525 2156 558 ι
2192 518 2405 578 gentem
2452 518 2598 562 tuam
2625 549 2640 573 ,
2687 518 2969 579 prepterea
3014 506 3259 562 homines
3305 522 3412 561 non
3456 507 3700 564 comede:

2131 617 2150 651 ε
2188 598 2449 668 amplius,
2477 606 2531 653 et
2557 609 2784 671 gentem.
2804 608 2947 653 tuam
2986 614 3092 653 non
3142 598 3360 654 nccabis
3397 595 3572 664 uItra,
3625 600 3700 655 ait

2129 709 2148 740 ι
2188 689 2447 747 Dominus
2472 690 2630 746 Deus.
2664 688 2774 745 Nec
2818 690 3056 744 auditam
3087 688 3280 744 faciam
3308 690 3361 743 in
3392 698 3445 744 te
3474 678 3701 762 amplius

2129 800 2149 833 ι
2183 782 2552 838 confusionem
2605 782 2884 856 gentium,
2940 792 2995 838 et
3045 783 3337 854 Opprobria
3385 784 3700 853 populorum

2127 888 2146 921 ι
2186 888 2524 942 nequaquam
2558 873 2818 942 portabis.
2844 860 2910 928 Et
2939 882 3150 943 gentem
3181 880 3326 927 tuam
3358 888 3464 928 non
3489 873 3702 929 amittes

2127 977 2146 1012 ι
2182 962 2431 1033 amplius,
2463 963 2540 1017 ait
2569 962 2825 1018 Dominus
2856 963 3018 1018 Dens.
3051 959 3319 1034 (Hierom)
3350 956 3527 1031 Supra
3554 963 3702 1031 poni-

2122 1060 2209 1105 tur
2231 1054 2506 1122 propheta:
2529 1043 2716 1119 facies,
2743 1053 2856 1108 sive
2879 1054 3215 1108 convertitur
3237 1053 3524 1108 adversum
3549 1069 3701 1106 mon-

2122 1138 2230 1196 tem
2260 1140 2381 1197 Seir
2409 1160 2423 1197 :
2450 1143 2539 1198 hic
2567 1142 2708 1198 filius
2728 1132 2962 1198 hominis
2984 1143 3226 1214 loquitur
3253 1143 3321 1197 ad
3349 1152 3561 1198 montes
3592 1143 3700 1198 sive

2119 1249 2281 1305 super
2306 1243 2515 1291 montes
2553 1233 2719 1290 Israel
2761 1237 2853 1306 qui
2875 1234 3134 1305 iubentur
3158 1234 3254 1289 Dei
3283 1234 3471 1289 audire
3496 1240 3701 1289 sermo.

2120 1332 2264 1382 nem.
2291 1326 2357 1381 Et
2387 1326 2445 1382 ul
2470 1342 2759 1398 parumper
2785 1325 3027 1382 dill‘eram
3056 1325 3409 1397 tropologiam
3434 1324 3605 1381 totius
3635 1324 3699 1378 ad

2121 1428 2331 1476 montes
2376 1419 2539 1475 Israel
2582 1414 2875 1489 prophetia:
2920 1416 3159 1475 breviter
3204 1417 3294 1471 hic
3345 1431 3539 1472 sensus
3568 1423 3697 1471 est:

2121 1506 2255 1576 Quia
2285 1509 2563 1564 insultavit
2602 1510 2757 1565 vais
2788 1507 3059 1575 inimicus,
3086 1508 3189 1563 hoc
3230 1515 3341 1569 est,
3372 1520 3532 1562 mons
3560 1503 3698 1567 Scir,

2119 1611 2175 1657 et
2201 1600 2409 1672 putavit
2435 1601 2578 1672 quod
2622 1602 2672 1656 in
2703 1609 3018 1672 perpetuum
3045 1601 3160 1672 ipse
3182 1615 3280 1655 vos
3302 1598 3606 1670 possideret
3650 1605 3704 1654 et

2120 1694 2430 1749 altitudines
2470 1692 2742 1763 quondam
2769 1688 3001 1757 Domini;
3031 1702 3175 1745 nunc
3201 1689 3447 1745 desertas
3477 1685 3702 1743 cessisse

443 1741 1734 1848 ουέέιὲ.Βφῖῖιυξειελῖῑιῖξζίςειίξἔὶεῖέιξέέςέηξῐξιξεξε
1761 1766 2015 1848 ,εξ
2045 1771 2089 1832 ις
2118 1786 2219 1843 εἰῢί
2274 1786 2330 1840 in
2385 1782 2797 1848 nereditatem.
2848 1790 2904 1837 ει
2947 1798 3051 1836 non
3098 1776 3271 1836 solum
3314 1778 3484 1844 dixit.
3527 1778 3622 1835 sed
3652 1785 3703 1833 ει

509 1827 765 1897 restituet,
792 1835 838 1879 et
867 1824 1232 1897 multiplicauit
1257 1828 1313 1880 in
1341 1836 1533 1897 terram
1562 1843 1733 1897 suam.
1768 1826 1833 1880 Et
1873 1827 2013 1897 quod

511 1895 694 1966 aﬂiixit
722 1894 890 1967 Israel
929 1894 1028 1965 pro
1055 1906 1265 1966 peccato
1291 1896 1625 1967 idololatriw.
1663 1896 1741 1951 De
1767 1894 1938 1967 gratia
1965 1906 2015 1951 et

509 1967 697 2046 virtute
730 1965 993 2046 baptismi;
1032 1965 1246 2020 vocatur
1263 1965 1495 2046 populus
1533 1968 1602 2020 ad
1626 1965 2015 2046 paenitentiam,

510 2044 559 2090 et
580 2034 901 2106 promittitur
928 2036 1128 2106 integra
1158 2034 1414 2090 restitutio
1451 2045 1498 2090 et
1527 2034 1915 2107 multiplicatio.

516 2164 535 2199 ι
572 2147 651 2202 Tu
676 2157 856 2202 autem
878 2187 892 2213 ,
919 2147 991 2201 fili
1028 2147 1262 2203 hominis
1280 2189 1293 2211 ,
1335 2147 1593 2218 prepheta
1621 2163 1781 2219 super
1809 2159 2016 2204 montes

442 2243 461 2289 ξ
500 2238 664 2293 Israel
718 2246 774 2293 et
828 2238 975 2294 dices
1023 2255 1037 2292 :
1092 2237 1298 2294 Montes
1332 2238 1515 2303 Israel,
1554 2238 1737 2293 audite
1793 2240 2015 2294 verbum

443 2336 461 2381 t
498 2326 712 2386 Domini
741 2348 756 2385 :
782 2330 910 2386 Haec
937 2331 1069 2386 dicit
1098 2330 1356 2386 Dominus
1383 2329 1547 2397 Deus,
1567 2345 1632 2387 eo
1656 2331 1797 2400 quod
1820 2331 2018 2385 dixerit

442 2440 459 2475 t
497 2422 748 2478 inimicus
780 2422 846 2479 de
868 2422 1040 2489 Vobis,
1065 2422 1232 2494 Euge,
1256 2423 1566 2481 altitudines
1594 2424 1935 2493 sempiterna:
1962 2424 2016 2479 in

440 2528 461 2563 ι
497 2510 867 2568 btereditatetn
891 2511 1026 2568 datze
1048 2520 1174 2568 sunt
1204 2513 1379 2578 nobis,
1408 2520 1695 2584 propterea
1722 2515 2018 2571 vaticinare

440 2621 459 2654 ι
495 2609 551 2657 et
577 2602 663 2659 dic
710 2621 724 2658 :
763 2601 888 2661 [huc
913 2604 1045 2659 dicit
1088 2604 1348 2661 Daminus
1375 2602 1517 2661 Deus
1556 2624 1568 2659 :
1616 2595 1723 2662 Pro
1766 2621 1831 2663 eo
1871 2608 2014 2678 quod

438 2698 461 2742 t
498 2691 725 2749 desolati
754 2694 888 2749 estis
928 2702 984 2749 et
1010 2694 1313 2752 conculcati
1356 2710 1452 2766 per
1482 2696 1765 2752 circuitum
1806 2706 1863 2753 et
1889 2697 2016 2752 facti

440 2796 458 2836 ι
497 2785 553 2841 in
613 2784 983 2840 haereditatem
1033 2784 1255 2856 reliquis
1286 2785 1534 2857 gentibus
1561 2825 1576 2853 ,
1617 2795 1671 2841 et
1700 2786 2018 2843 ascendistis

437 2890 456 2925 ι
495 2887 659 2946 super
701 2874 901 2931 Iabium
942 2876 1136 2947 linguae
1178 2883 1235 2930 et
1262 2876 1609 2946 opprobrium
1651 2876 1854 2947 populi,
1894 2892 2019 2947 pro-

437 2975 458 3019 t
494 2975 701 3039 pterca,
726 2974 940 3021 montes
960 2962 1144 3031 Israel,
1168 2964 1348 3020 audite
1368 2965 1592 3021 verbum
1612 2963 1824 3020 Domini
1848 2982 1862 3020 :
1892 2964 2019 3022 Ilaec

441 3072 460 3112 ι
496 3059 629 3116 dicit
655 3057 916 3115 Dominus
939 3057 1082 3115 Deus
1103 3057 1374 3117 montibus
1404 3066 1459 3113 et
1484 3057 1728 3122 collibus,
1764 3060 2015 3114 torrenti-

2112 1874 2388 1945 aliquanto
2413 1881 2653 1944 tempore
2677 1887 2771 1927 vos
2787 1869 3045 1942 possedit,
3076 1870 3129 1924 in
3158 1877 3367 1923 tantum
3391 1877 3451 1922 ut
3475 1867 3701 1938 superbe

2113 1963 2422 2035 loqueretur
2435 1972 2623 2018 contra
2636 1963 2752 2022 Vos.
2770 1958 2913 2031 quod
2929 1957 3273 2029 opprobrium
3288 1956 3483 2012 essetis
3494 1955 3704 2010 cunctis

2113 2054 2382 2123 gentibus,
2399 2061 2686 2123 propterea
2707 2051 2822 2105 btet:
2848 2047 2981 2104 dicit
3007 2046 3268 2103 Dominus
3296 2042 3463 2111 Deus,
3482 2060 3593 2101 non
3618 2060 3702 2100 so-

2114 2132 2224 2198 lum
2248 2143 2414 2198 monti
2446 2140 2589 2207 Scir,
2609 2138 2701 2195 sed
2727 2147 2781 2194 et
2803 2138 3076 2193 montibus
3097 2133 3237 2206 eius,
3254 2142 3311 2191 et
3329 2132 3587 2201 collibus,
3603 2143 3704 2188 tors

2115 2232 2379 2299 rentibus,
2399 2231 2736 2301 vallibusque
2763 2237 2819 2285 et
2837 2228 3065 2285 desertis
3094 2224 3257 2297 atque
3278 2225 3528 2290 Vastatis,
3547 2233 3705 2281 etur-

2114 2325 2273 2381 bibus
2296 2323 2588 2389 derelictis,
2612 2322 2868 2393 quoniam
2894 2320 2948 2375 in
2968 2320 3088 2391 igne
3110 2317 3210 2374 zeli
3238 2317 3321 2373 sui
3341 2324 3396 2372 et
3417 2317 3700 2372 adversum

2114 2426 2303 2473 Omnes
2317 2418 2534 2488 quidem
2557 2423 2763 2487 gentes,
2785 2413 2879 2470 sed
2903 2412 3175 2484 prateipue
3195 2417 3387 2466 eontra
3413 2408 3701 2465 Itlumazam

2115 2509 2326 2565 locutus
2355 2509 2443 2565 sit.
2468 2502 2598 2576 Qua:
2618 2512 2741 2563 eum
2771 2504 3004 2571 cmtcris,
3032 2503 3230 2574 inquit,
3257 2501 3509 2572 gentibus
3536 2501 3704 2558 tenuit

2117 2610 2319 2658 terram
2349 2616 2521 2656 meam
2554 2598 2608 2655 in
2632 2598 3052 2671 possessionem,
3080 2603 3135 2652 et
3159 2595 3401 2667 possedit
3426 2594 3625 2666 gladio,
3653 2600 3704 2648 et

2118 2698 2231 2751 toto
2256 2694 2419 2751 corde
2443 2693 2684 2764 possedit
2715 2699 2773 2747 ut
2792 2691 3013 2764 ejiceret
3038 2690 3375 2745 habitatores
3396 2690 3464 2746 dc
3484 2705 3574 2756 ea,
3603 2698 3705 2745 ter-

2119 2800 2340 2855 ramque
2358 2791 2613 2839 vastaret.
2634 2782 2926 2853 Propterea
2951 2780 3302 2850 loquere,ait,
3318 2779 3607 2850 prepheta,
3622 2795 3704 2834 sn-

2118 2891 2212 2946 per
2239 2884 2440 2930 terram
2459 2872 2642 2939 Israel,
2666 2882 2722 2928 et
2746 2872 2894 2928 dices
2923 2872 3197 2927 montibus
3220 2879 3274 2927 ct
3301 2871 3531 2927 collibus
3554 2872 3702 2942 etju-

2116 2965 2219 3037 gis,
2247 2979 2345 3035 pro
2369 2965 2567 3035 quibus
2587 2962 2730 3019 LXX
2751 2972 2864 3025 ταῖς
2882 2964 3065 3025 νάπαις
3083 2962 3391 3032 interpetati
3412 2970 3565 3029 sunt,
3588 2977 3701 3032 qua:

2118 3070 2217 3111 nos
2246 3068 2525 3110 nemorosa
2550 3053 2896 3125 intelligimus
2913 3052 3027 3107 loca
3053 3070 3066 3107 :
3090 3060 3146 3108 et
3175 3052 3404 3107 vallibus
3430 3053 3552 3108 haec
3579 3053 3700 3107 dicit

439 3166 458 3204 t
495 3152 617 3218 bus,
647 3149 982 3220 vallibusque
1008 3157 1064 3206 ct
1092 3150 1322 3206 desertis
1352 3149 1633 3219 parietinis
1653 3190 1667 3213 ,
1699 3160 1756 3206 ct
1790 3150 2012 3206 urbibus
2039 3123 2084 3184 ϐ
2117 3144 2379 3201 Dominus
2396 3145 2536 3200 Deus
2568 3144 2621 3199 in
2643 3123 2781 3209 zelo,
2811 3154 2866 3198 ct
2892 3144 2943 3197 in
2962 3141 3147 3199 furore
3172 3158 3295 3197 meo
3314 3143 3601 3214 opprobrii
3619 3148 3703 3197 γε-

437 3260 457 3296 ι
493 3242 765 3300 derelictis
795 3257 915 3313 qua:
950 3241 1284 3313 depopulata:
1319 3250 1465 3308 sunt,
1498 3251 1554 3298 et
1594 3244 1936 3298 subsannattn
1982 3259 2014 3299 a

440 3333 716 3405 treliquis
762 3333 1012 3403 gentibus
1047 3347 1145 3404 per
1192 3333 1502 3387 circuitum.
1558 3332 1849 3403 Propterea
1898 3333 2014 3389 lucc

440 3440 458 3481 δ
495 3427 625 3483 dicit
654 3426 928 3489 ,Dominus
972 3427 1115 3483 Deus
1154 3441 1169 3480 :
1211 3425 1476 3493 Quoniam
1522 3425 1575 3481 in
1606 3426 1727 3498 igne
1767 3425 1865 3481 zeli
1906 3426 2011 3480 mei

434 3531 457 3573 ι
493 3518 704 3576 locutus
751 3533 870 3574 sum
898 3517 964 3573 de
1007 3515 1229 3587 reliquis
1278 3516 1555 3585 gentibus,
1604 3525 1661 3571 ct
1690 3516 1755 3571 de
1782 3514 2012 3571 ldumma

431 3618 455 3665 t
492 3610 769 3676 mtivcrsa,
792 3624 915 3680 quae
943 3608 1209 3664 dederunt
1232 3615 1431 3661 terram
1461 3622 1637 3662 meam
1676 3605 1778 3660 sibi
1815 3605 1867 3659 in
1896 3603 2010 3659 Ita:-

434 3706 455 3755 t
492 3700 778 3758 reditatem
802 3713 926 3755 cum
952 3698 1128 3771 gladio
1166 3705 1221 3753 et
1254 3705 1365 3752 toto
1402 3696 1584 3762 corde,
1616 3706 1671 3751 et
1702 3709 1766 3749 ex
1799 3693 2009 3761 animo,

432 3799 456 3850 ἱ
491 3802 548 3851 et
574 3792 845 3863 ejeccrunt
874 3806 1016 3858 eam,
1061 3798 1122 3846 ut
1142 3798 1438 3857 vastarent,
1487 3789 1689 3844 idcirco
1717 3788 2011 3844 vaticinare

432 3892 455 3938 ι
493 3899 657 3955 super
680 3885 903 3939 humum
925 3882 1110 3946 Israel,
1138 3892 1192 3938 et
1220 3882 1366 3938 dices
1388 3882 1666 3937 montibus
1687 3890 1742 3937 ct
1762 3880 2007 3945 collibus,

438 3986 456 4027 ‘t
487 3974 635 4046 jugis
663 3981 720 4028 et
741 3971 971 4027 vallibus
998 3990 1010 4025 :
1039 3971 1165 4027 Haec
1194 3972 1326 4028 dicit
1352 3970 1611 4027 Dominus
1639 3970 1783 4027 Deus
1813 3990 1826 4024 :
1871 3971 2010 4026 Ecce

436 4072 453 4118 ‘t
491 4081 593 4137 ego
622 4065 675 4120 in
713 4064 827 4119 zelo
861 4072 917 4118 et
941 4063 994 4117 in
1022 4062 1206 4119 furore
1229 4079 1349 4118 meo
1374 4064 1584 4119 locutus
1605 4078 1725 4118 sum
1751 4076 1838 4128 eo,
1866 4062 2009 4131 quod

436 4172 454 4205 ι
492 4151 865 4209 confusionem
915 4152 1154 4224 gentium
1198 4151 1583 4206 sustinueritis.
1634 4150 1837 4207 Idcirco
1895 4151 2011 4206 hcce

433 4256 454 4299 t
492 4246 627 4303 dicit
653 4246 913 4303 Dominus
937 4245 1080 4301 Deus
1108 4261 1122 4299 :
1154 4244 1263 4316 Ego
1290 4240 1459 4298 levavi
1492 4258 1708 4298 manum
1739 4251 2012 4307 meam,ut

430 4352 450 4388 υ
491 4346 703 4411 gentes,
726 4351 845 4408 qua:
864 4337 918 4392 in
946 4335 1176 4390 circuitu
1198 4342 1379 4389 vestro
1408 4341 1532 4388 sunt
1550 4374 1564 4398 ,
1587 4333 1717 4402 ipsa:
1743 4332 2010 4388 confusio—

2115 3235 2214 3291 stri
2232 3235 2375 3289 ultor
2398 3236 2723 3299 existam,et
2757 3233 2945 3288 levabo
2975 3248 3191 3288 manum
3210 3249 3407 3298 meam,
3432 3241 3494 3288 ut
3514 3244 3701 3305 gentes

2114 3342 2235 3397 qua:
2259 3328 2310 3382 in
2326 3327 2556 3383 circuitu
2573 3334 2752 3382 vestro
2764 3335 2889 3381 sunt
2902 3325 3247 3398 igneminiam
3262 3333 3313 3380 et
3329 3312 3703 3381 confusionem

2102 3436 2265 3476 suam
2295 3430 2524 3491 portent.
2558 3420 2666 3477 Vos
2710 3424 2911 3485 autem,
2958 3433 2992 3475 ο
3039 3430 3250 3473 montes
3279 3418 3469 3483 Israel,
3513 3432 3704 3475 secun-

2112 3508 2237 3566 dum
2269 3511 2555 3581 pristinum
2577 3516 2774 3565 statum
2802 3510 3118 3580 germinetis
3146 3509 3379 3579 virgulta
3414 3524 3704 3581 ramosque

2111 3602 2363 3667 mittatis,
2391 3601 2503 3656 sive
2529 3598 2684 3670 juxta
2720 3599 3071 3671 Septuaginta
3096 3598 3356 3655 adferatis
3386 3616 3545 3666 uvas,
3583 3602 3701 3672 qui-

2110 3691 2211 3747 bus
2243 3690 2470 3762 populus
2498 3705 2650 3746 meus
2685 3698 2960 3746 saturetur
2981 3689 3160 3746 Israel.
3183 3690 3337 3757 Quod
3363 3708 3472 3747 non
3509 3694 3703 3763 putetis

2110 3793 2232 3855 post
2261 3784 2477 3854 longum
2509 3791 2722 3854 tempus
2762 3783 3001 3838 futurum
3024 3822 3039 3848 ,
3076 3797 3243 3853 prope
3267 3793 3369 3850 est,
3423 3785 3615 3851 instat,
3653 3790 3723 3840 et.

2112 3875 2288 3930 veniet
2308 3882 2542 3943 tempus,
2572 3880 2636 3930 ac
2658 3888 2724 3927 ne
2745 3873 2899 3929 vobis
2919 3873 3020 3928 hoc
3042 3883 3187 3929 esset
3207 3871 3443 3940 diiliciie,
3472 3875 3591 3945 ipse
3608 3890 3703 3946 ego

2112 3967 2323 4023 veniam
2357 3968 2424 4021 ad
2455 3981 2579 4032 vos,
2608 3975 2662 4021 et
2705 3966 2850 4036 quia
2876 3964 3028 4021 vobis
3059 3980 3385 4021 recesseram
3413 3976 3704 4022 convertar

2110 4059 2179 4113 ad
2229 4072 2349 4123 vos,
2392 4065 2453 4112 ut
2494 4056 2781 4128 pristinam
2825 4056 3094 4112 culturam
3133 4056 3408 4126 recipiatis
3441 4098 3458 4123 ,
3514 4066 3571 4113 et
3621 4065 3706 4112 se-

2110 4156 2289 4203 mente
2314 4148 2494 4201 omnia
2519 4146 2909 4217 compleantur.
2959 4146 3038 4201 Ita
3061 4155 3120 4202 ut
3149 4147 3300 4202 multi
3331 4148 3384 4202 in
3408 4149 3570 4204 vobis
3596 4150 3701 4203 sint

2110 4239 2379 4304 homines,
2400 4247 2457 4294 et
2477 4238 2788 4294 habitentur
2808 4237 3072 4305 civitates,
3096 4254 3215 4309 qua:
3233 4238 3382 4309 prius
3409 4240 3702 4297 destructa:

2113 4331 2341 4388 fuerant.
2368 4330 2436 4386 Et
2481 4346 2589 4387 non
2619 4329 2791 4386 solum
2820 4330 3068 4386 homines
3099 4330 3498 4402 multiplicabo,
3531 4328 3627 4387 sed
3651 4340 3705 4389 et

432 4446 449 4481 ι
489 4443 611 4484 nent
627 4443 778 4483 suam
793 4433 1040 4498 portent:
1062 4425 1169 4481 Vos
1187 4432 1617 4487 autem,montes
1631 4422 2009 4488 Isracl,ramos
2039 4483 2082 4498 λ
2104 4423 2348 4493 iumenta
2378 4438 2531 4493 aeque
2551 4421 3052 4492 multiplicabuntur
3079 4431 3136 4479 et
3158 4431 3425 4488 crescent,
3459 4434 3520 4479 et
3552 4424 3702 4479 habi-

424 4523 449 4568 t
490 4528 701 4573 vestros
745 4483 1062 4588 germinetis
1101 4522 1157 4568 et
1208 4512 1442 4569 fructum
1486 4520 1725 4568 vestrum
1769 4510 2009 4567 ail‘cratis
2039 4483 2087 4544 D
2116 4514 2217 4568 tari
2257 4530 2353 4569 vos
2408 4512 2599 4569 faciam
2645 4515 2784 4569 sicut
2818 4528 2852 4569 a
2901 4513 3201 4583 principio,
3259 4514 3478 4584 quando
3522 4514 3703 4587 Moyse

433 4627 449 4660 ‹
489 4607 688 4679 populo
729 4620 851 4662 meo
902 4604 1070 4662 Israel
1121 4624 1132 4659 :
1181 4619 1348 4676 prope
1394 4605 1539 4662 enim
1563 4613 1670 4671 est,
1699 4611 1760 4659 ut
1804 4605 2009 4662 veniat.

428 4710 449 4751 π
492 4700 760 4769 Quoniam
789 4712 917 4755 ecce
945 4700 1011 4755 ad
1041 4715 1137 4756 vos
1165 4707 1220 4755 et
1243 4707 1533 4756 convertar
1559 4701 1626 4756 ad
1654 4714 1780 4766 vos,
1804 4708 1859 4757 et
1883 4716 2009 4757 ara-

432 4800 448 4843 t
491 4790 681 4847 bimini
706 4799 764 4847 et
804 4791 1083 4861 accipietis
1117 4798 1412 4847 sementem
1432 4831 1448 4857 ,
1475 4799 1531 4847 et
1554 4789 1921 4863 multiplicabo
1954 4791 2010 4847 in

431 4893 449 4934 t
491 4883 646 4939 vobis
669 4882 917 4939 homines
945 4897 1272 4955 omnemque
1300 4885 1519 4939 domum
1548 4881 1731 4940 Israel.
1762 4883 1830 4940 Et
1858 4883 2012 4939 habi-

428 4984 450 5029 t
496 4975 755 5032 tabuntur
787 4974 1036 5030 civitates
1076 4981 1134 5030 et
1161 4974 1379 5030 ruinosa
1432 4973 1902 5038 instaurabantur,
1956 4980 2013 5028 et

427 5074 450 5120 ι
494 5066 711 5138 replebo
736 5070 834 5123 Vos
860 5065 1171 5123 hominibus
1194 5075 1248 5121 et
1271 5065 1564 5137 iumentis,
1592 5073 1648 5120 et
1687 5063 2015 5134 multiplica-

432 5164 453 5209 t
494 5158 695 5214 buntur
719 5162 775 5214 et
799 5166 1063 5215 crescent.
1092 5158 1159 5213 Et
1181 5156 1428 5214 habitare
1454 5162 1551 5212 vos
1574 5155 1771 5212 faciam
1798 5156 1940 5212 sicut
1980 5171 2012 5212 a

434 5258 453 5303 ‘t
490 5250 781 5322 principio,
819 5251 1084 5321 bonisque
1129 5249 1340 5306 donabo
1365 5247 1662 5319 majoribus
1684 5288 1700 5316 ,
1727 5263 1889 5319 quam
1917 5248 2013 5302 ha-

431 5355 454 5393 I
487 5340 683 5397 boistis
709 5340 779 5396 ab
803 5340 982 5406 initio,
1006 5349 1062 5396 ct
1087 5339 1270 5396 scietis
1298 5339 1424 5411 quia
1447 5354 1546 5411 ego
1580 5354 1698 5395 sum
1728 5339 2009 5394 Dominus.

432 5449 454 5486 ι
491 5426 555 5488 Et
587 5432 851 5489 adducam
898 5447 1062 5503 super
1097 5445 1196 5487 vos
1236 5430 1484 5488 homines
1525 5431 1780 5502 populum
1831 5446 2012 5486 meum

433 5539 457 5576 ι
490 5521 659 5579 Israel
684 5533 738 5578 et
767 5523 1083 5581 haereditate
1110 5522 1463 5593 possidebunt
1509 5531 1581 5578 te.
1614 5523 1682 5578 Et
1707 5523 1817 5578 eris
1841 5522 1921 5579 eis
1954 5523 2009 5580 in

432 5617 455 5666 κ
490 5615 880 5683 possessiones,
902 5621 960 5671 et
987 5628 1094 5669 non
1115 5613 1282 5671 addes
1303 5612 1466 5680 ultra,
1491 5622 1552 5669 ut
1576 5614 1780 5687 absque
1807 5616 1885 5671 eis
1910 5616 2006 5673 sis.

430 5702 454 5751 ε
485 5700 620 5760 {late
645 5704 775 5760 dicit
820 5705 1080 5763 Dominus
1104 5703 1285 5762 Deus:
1315 5704 1422 5761 Pro
1450 5720 1547 5774 eo,
1588 5706 1730 5777 quod
1757 5706 2011 5764 dixerunt

2112 4605 2248 4662 duce
2282 4613 2430 4660 trans
2448 4602 2738 4660 Jordauem
2768 4605 2887 4660 dote
2905 4614 2962 4660 et
2988 4606 3152 4660 semis
3179 4605 3352 4661 tribus
3372 4617 3699 4679 acceperunt

2112 4698 2509 4769 possessionem
2537 4737 2553 4764 ,
2579 4708 2633 4754 et
2655 4699 2755 4755 sub
2796 4694 2922 4755 Jesu
2952 4698 3062 4753 tilio
3098 4698 3243 4754 Nave
3277 4699 3395 4755 aliae
3425 4717 3625 4757 novem
3650 4710 3703 4756 et

2113 4790 2278 4846 semis
2306 4791 2476 4846 tribus
2498 4796 2698 4845 terram
2740 4786 2982 4846 Judteam
3013 4790 3387 4861 possederunt.
3430 4792 3702 4863 Bonisque

2112 4898 2209 4951 vos
2237 4883 2448 4941 donabo
2477 4883 2648 4939 multo
2677 4882 2992 4954 majoribus,
3020 4899 3182 4955 quam
3221 4876 3401 4940 fuistis
3426 4885 3497 4941 ab
3522 4885 3699 4949 initio,

2112 4975 2427 5046 priusquam
2451 4973 2792 5046 captivitates
2813 4975 2995 5032 varias
3018 4974 3311 5031 sentiretis.
3341 4975 3411 5030 Et
3431 4991 3559 5032 cum
3603 4977 3702 5032 hoc

2114 5067 2266 5124 vobis
2290 5066 2492 5133 fecero,
2521 5076 2649 5122 tunc
2677 5068 3018 5139 cognoscetis
3055 5068 3197 5137 quod
3225 5082 3325 5137 ego
3362 5067 3466 5123 sim
3515 5068 3698 5125 Domi-

2115 5176 2238 5217 nus.
2262 5161 2330 5217 Et
2352 5161 2682 5233 impleberis,
2707 5161 2902 5231 inquit,
2919 5178 2953 5218 o
2977 5169 3118 5217 terra
3138 5161 3325 5229 Israel,
3341 5162 3543 5233 popqu
3559 5178 3696 5225 meo,

2113 5252 2206 5321 qui
2243 5262 2296 5306 te
2317 5251 2631 5308 haereditate
2663 5259 2913 5308 tenturus
2935 5260 3039 5307 est.
3072 5251 3141 5306 Et
3160 5251 3272 5308 eris
3295 5251 3376 5307 eis
3402 5250 3695 5321 possessio,

2115 5352 2172 5398 et
2194 5358 2300 5398 non
2334 5343 2500 5399 addes
2528 5342 2694 5409 ultra,
2740 5350 2799 5398 ut
2826 5344 3032 5413 absque
3058 5342 3185 5398 filiis
3212 5343 3306 5397 sis.
3335 5339 3469 5396 Cum
3512 5348 3694 5395 autem

2115 5432 2499 5505 multiplicatus
2521 5432 2684 5489 fuerit
2704 5441 2885 5489 vester
2904 5433 3200 5500 habitator,
3222 5448 3256 5488 o
3278 5440 3490 5488 montes
3510 5428 3690 5496 Israel,

2115 5535 2246 5583 tunc
2292 5542 2631 5599 nequaquam
2671 5527 2853 5583 dicent
2881 5525 3087 5582 inimici
3133 5524 3301 5581 vestri
3343 5532 3533 5579 contra
3563 5537 3684 5581 vos:

2114 5618 2255 5689 quod
2286 5618 2534 5674 homines
2563 5618 2856 5684 devoretis,
2894 5625 2950 5673 et
2974 5615 3177 5685 absque
3207 5614 3396 5670 liberis
3423 5613 3492 5668 sit
3515 5621 3689 5665 vestra

2115 5710 2403 5782 possessio,
2431 5710 2526 5768 sed
2546 5725 2576 5767 c
2604 5708 2879 5766 contrario
2920 5706 3289 5780 multipliectis
3337 5705 3605 5771 homines,
3636 5712 3689 5755 ct
