3952 6180
252 317 388 404 7853

1209 319 1560 376 conamur.
1604 319 1667 400 is
1710 317 2166 382 nzncnmnnn.
2200 349 2269 359 —
2305 283 2434 376 Lm.
2464 317 2616 402 xm;

3431 317 3532 372 εδι

259 423 638 504 ἰατεὶεδίιηειιι
669 432 872 504 prolem
893 441 1071 489 vestra
1105 411 1392 504 posteritas
1418 435 1700 502 germinet.
1746 433 1854 488 Nec
1880 441 1931 500 Α
1957 432 2257 506 persecutio
2277 429 2398 497 fuit,
2425 419 2696 502 perquam
2719 428 3031 500 proscripta:
3053 436 3177 498 sunt
3196 427 3437 500 ecclesrre
3458 441 3538 484 at-

278 525 489 589 audies,
519 525 706 597 inquit,
738 525 999 595 amplius,
1032 541 1129 581 nec
1158 526 1448 582 sustinebis
1483 523 1854 580 confusionem

277 615 543 688 gentium,
575 615 669 670 sed
703 630 801 670 nec
823 616 1038 670 amittes
1058 624 1273 686 gentem
1299 627 1466 681 tuam,
1491 624 1550 670 ut
1572 613 1857 685 aliquando

279 706 552 763 sustineas
575 705 966 775 captivitatem,
989 705 1243 776 quoniam
1268 689 1526 761 Dominus
1546 705 1758 760 locutus
1777 714 1861 760 est

283 797 418 852 bare.
447 801 874 875 Παραγραστικὼς
924 811 1076 852 more
1102 793 1324 851 Judaieo
1357 796 1685 860 dixerimus,
1739 811 1861 877 qua!

271 887 347 942 illi
375 895 694 956 exspectant
711 887 761 942 in
785 886 929 942 mille
951 901 1213 940 annorum
1235 901 1422 956 regno,
1437 885 1654 956 quando
1672 885 1862 940 civita-

277 981 390 1032 tem
422 974 758 1032 Hierusalem
795 985 1045 1032 asserunt
1076 977 1477 1040 exstruendam,
1501 985 1557 1030 et
1606 975 1862 1045 templum

280 1066 434 1136 quod
467 1067 522 1120 in
563 1067 670 1122 fine
696 1067 855 1138 hujus
877 1066 1164 1122 voluminis
1189 1066 1536 1132 describitur,
1574 1075 1630 1121 et
1678 1080 1860 1120 rerum

279 1159 522 1214 omnium
542 1157 871 1216 felicitatem.
887 1159 1124 1227 Quorum
1143 1158 1378 1215 nonnulli
1398 1159 1736 1214 arbitrantur
1761 1157 1860 1214 sub

281 1251 580 1308 Zorobabel
595 1253 707 1310 haec
726 1249 890 1310 fuisse
903 1253 1191 1324 completa.
1209 1252 1313 1309 Sed
1328 1253 1597 1324 quomodo
1611 1263 1755 1308 stare
1775 1268 1864 1323 po-

281 1343 447 1400 tuerit
460 1345 565 1400 hoc
581 1345 724 1415 quod
743 1345 937 1399 dicitur
965 1359 981 1398 :
1009 1363 1028 1396 ι
1060 1345 1126 1398 Et
1143 1343 1376 1400 habitari
1397 1359 1494 1398 vos
1514 1343 1706 1398 faciam
1729 1344 1864 1398 sicut

279 1445 314 1487 a
331 1433 617 1504 principio,
637 1433 896 1504 bonisque
910 1434 1120 1490 donabo
1141 1433 1456 1506 majoribus,
1477 1449 1636 1504 quam
1651 1433 1868 1490 habuis-

280 1526 354 1581 tis
369 1527 437 1582 ab
478 1526 666 1582 initio?
699 1546 719 1581 ι
757 1526 869 1582 Sub
893 1527 1190 1584 Zorobabel
1218 1528 1363 1584 enim
1390 1527 1529 1582 Ezra
1557 1537 1612 1583 et
1648 1527 1864 1582 Neemia

280 1615 438 1686 pauci
464 1615 528 1670 de
550 1615 745 1687 pepulo
771 1625 896 1672 sunt
922 1617 1148 1680 reducti,
1172 1626 1226 1672 et
1253 1617 1350 1687 ipsi
1373 1617 1684 1673 obedientes
1701 1617 1868 1673 Medis

1959 539 2063 593 que
2083 531 2336 586 vastam,
2362 523 2574 591 quando
2602 520 3068 575 subsannaverunt
3087 517 3374 575 ecclesiam
3405 533 3536 589 gen—

1959 615 2130 671 tilium
2151 624 2206 670 et
2228 615 2603 680 haereticorum
2633 607 2820 682 gentes
2839 627 2936 682 per
2957 609 3242 667 circuitum
3267 651 3280 672 ,
3311 607 3452 679 quod
3484 607 3538 662 in

1961 705 2082 776 igne
2109 695 2212 759 zeli
2231 713 2286 759 et
2315 702 2511 757 furoris
2534 701 2615 756 sui
2646 701 2859 756 loeutus
2883 701 2973 764 sit,
3011 709 3066 756 et
3099 700 3314 770 proprie
3346 699 3540 754 adver-

1961 812 2079 850 sum
2101 779 2392 860 ldumeam,
2416 809 2536 863 qum
2559 793 2788 847 terrenis
2814 791 3066 862 operibus
3089 791 3302 845 volebat
3325 803 3539 853 onmes,

1962 888 2202 958 deposita
2225 888 2458 958 imagine
2479 887 2734 951 caelestis,
2757 896 2976 956 portare
3006 887 3294 957 imaginem
3317 882 3537 940 terreni.

1961 981 2038 1038 Illi
2068 981 2208 1035 enim
2238 981 2499 1036 dederunt
2541 986 2738 1032 terram
2774 977 2863 1031 Dei
2911 977 3012 1032 sibi
3056 977 3110 1031 in
3141 977 3536 1038 hmreditatcm,

1961 1081 2016 1126 et
2045 1087 2108 1126 ex
2154 1080 2266 1126 toto
2295 1069 2459 1124 corde
2508 1079 2669 1137 atque
2695 1081 2762 1121 ex
2792 1068 2972 1131 animo
3001 1059 3282 1123 ecclesiam
3327 1057 3538 1120 Domini

1962 1161 2232 1234 persecuti
2279 1169 2424 1224 sunt,
2455 1168 2509 1215 et
2535 1156 2813 1226 ejecerunt
2851 1173 2969 1214 eam
2999 1157 3066 1212 de
3093 1155 3310 1212 sedibus
3345 1157 3457 1214 suis
3493 1163 3547 1212 et

1963 1258 2330 1308 vastaverunt.
2365 1247 2469 1304 Sed
2501 1248 2628 1318 qttid
2659 1247 2857 1319 profuit
2879 1247 3186 1304 nationibus
3205 1287 3225 1312 ,
3251 1245 3379 1318 quid
3401 1247 3543 1318 juvit

1966 1344 2342 1400 ba:reticorum
2377 1333 2564 1412 gentes
2599 1339 2888 1396 insultasse
2916 1349 3076 1394 terr-.e
3115 1337 3364 1403 Domini,
3415 1355 3538 1402 cum

1967 1435 2217 1506 loquatur
2249 1435 2317 1488 ad
2346 1449 2467 1489 eam
2513 1442 2569 1489 et
2611 1431 2883 1487 montibus
2909 1430 3052 1486 illius
3095 1429 3431 1499 collibusque
3477 1445 3540 1483 ac

1963 1527 2128 1598 jugis,
2153 1525 2266 1581 sive
2289 1523 2590 1579 nemorosis
2623 1522 2776 1586 locis,
2807 1536 2926 1591 qua:
2953 1521 3267 1574 amoenitate
3295 1518 3545 1574 virebaut

1967 1619 2224 1690 paradisi,
2249 1627 2304 1696 et
2328 1617 2573 1681 collibus,
2603 1615 2668 1670 de
2695 1613 2889 1684 quibus
2913 1626 3076 1682 supra
3096 1611 3330 1666 diximus
3347 1610 3400 1665 in
3428 1610 3542 1663 zelo

281 1719 348 1760 ac
369 1703 571 1769 Persis,
590 1713 646 1758 et
671 1705 917 1775 deinceps
937 1703 1318 1761 Macedonibus
1337 1713 1392 1760 et
1420 1705 1686 1778 Egyptiis
1707 1715 1869 1776 atque
1904 1777 1919 1778 ί
1971 1720 2026 1766 et
2055 1711 2108 1766 in
2143 1709 2328 1766 furore
2353 1722 2450 1764 suo
2501 1706 2712 1761 loeutus
2757 1705 2866 1768 sit,
2907 1711 2962 1756 et
2991 1701 3280 1773 opprobrio
3307 1699 3537 1771 gentium

285 1793 545 1850 Romanis
559 1809 728 1864 usque
747 1795 814 1850 ad
837 1795 1016 1850 Titum
1043 1804 1098 1850 et
1120 1777 1509 1866 Vespasianum
1538 1797 1870 1852 diversarum
1899 1777 1945 1836 Β
1973 1801 2111 1857 levet
2128 1813 2346 1855 manum
2373 1811 2524 1853 suam
2547 1801 2734 1850 contra
2757 1791 3120 1856 adversarios,
3141 1789 3234 1860 qui
3260 1787 3546 1844 ecelesiam

279 1884 521 1956 gentium
541 1885 758 1956 regibus
777 1887 1082 1942 servierunt
1111 1905 1122 1940 :
1149 1893 1204 1942 et
1237 1901 1406 1956 usque
1427 1887 1586 1942 hodie
1608 1887 1868 1952 serviunt,

281 1981 342 2028 ut
369 1981 516 2029 stare
551 1975 770 2029 omnino
819 1991 924 2031 non
953 1977 1124 2046 possit
1156 1977 1293 2042 hoc,
1344 1978 1490 2048 quod
1535 1979 1588 2032 in
1626 1987 1868 2033 extrema

281 2063 482 2119 dicitur
521 2065 826 2143 prophetia.
871 2083 890 2117 ι
929 2065 992 2121 Et
1020 2067 1368 2137 opprobrium
1411 2067 1732 2138 populorum
1775 2083 1871 2123 ne-

279 2170 552 2227 quaquam
578 2155 842 2226 portabis,
879 2167 934 2213 et
963 2166 1177 2230 gentem
1210 2167 1358 2213 tuam
1381 2173 1489 2213 non
1515 2158 1733 2214 amittes
1757 2147 1872 2212 am-

278 2245 441 2315 ptius.
487 2263 508 2297 »
563 2244 631 2300 Ει
657 2245 783 2316 quia
815 2245 1032 2318 longum
1057 2257 1142 2302 est
1185 2263 1329 2303 nunc
1359 2248 1646 2304 adversum
1674 2248 1869 2320 dogma

279 2331 564 2390 Judaicum
600 2343 655 2391 et
695 2335 1083 2392 beatitudinem
1111 2337 1289 2392 ventri
1317 2344 1374 2394 et
1404 2337 1610 2410 gutturi
1648 2333 1872 2394 Judaico

264 2417 630 2492 servientem,
652 2426 778 2496 quia
799 2427 980 2482 omnia
1007 2433 1221 2484 terrena
1239 2428 1570 2495 desiderant,
1587 2437 1642 2484 et
1661 2429 1870 2496 dicunt,

281 2515 666 2574 Manducemus
691 2527 748 2573 et
771 2518 1042 2587 bibamus,
1081 2521 1148 2576 de
1179 2519 1375 2590 quibus
1397 2529 1451 2576 et
1475 2521 1766 2592 Apostolus
1793 2522 1872 2578 lo-

281 2607 506 2678 quitur:
547 2625 565 2660 ι
598 2608 736 2664 Esca
762 2610 970 2676 ventri,
1019 2618 1073 2666 et
1097 2620 1290 2667 venter
1316 2611 1488 2678 escis;
1521 2611 1662 2668 Deus
1691 2620 1872 2670 autem

281 2703 342 2752 et
385 2696 532 2753 hunc
560 2705 616 2752 et
643 2695 790 2753 illam
823 2698 1066 2754 destruet
1097 2697 1148 2770 (1
1187 2698 1309 2754 Cor.
1346 2699 1459 2771 v)»,
1493 2699 1546 2754 in
1576 2700 1730 2754 brevi
1773 2716 1871 2756 ex-

281 2783 591 2857 planatione
620 2785 824 2854 dicere,
857 2802 1000 2843 nunc
1038 2788 1105 2843 ad
1142 2787 1438 2864 spiritalem
1464 2788 1871 2861 intelligentiam

283 2884 648 2945 transeamus,
689 2877 845 2948 juxta
882 2895 1044 2950 quam
1069 2888 1125 2937 et
1151 2889 1427 2937 extremas
1468 2891 1654 2952 partes
1699 2884 1872 2938 inter-

282 2969 485 3040 pretati
524 2984 731 3026 sumus.
769 2968 954 3040 Neque
985 2971 1129 3026 enim
1153 2969 1310 3041 juxta
1346 2969 1600 3028 Judaicas
1629 2971 1872 3039 fabulas,

281 3071 420 3129 quas
442 3057 520 3116 illi
547 3057 880 3138 ὂσντερώσιις
908 3061 1194 3133 appellant,
1219 3052 1546 3133 gemmatam
1574 3071 1630 3118 et
1648 3079 1869 3119 auream

281 3150 353 3210 de
373 3153 513 3210 cutio
525 3165 902 3225 exspectamus
917 3155 1275 3222 Hierusalem,
1296 3171 1398 3212 nec
1418 3171 1632 3212 rursum
1654 3158 1867 3228 passuri

282 3242 716 3300 circumcisionis
763 3245 1040 3314 injuriam,
1083 3261 1185 3302 nec
1223 3245 1459 3301 oblaturi
1490 3255 1768 3302 taurorum
1815 3256 1872 3302 et

283 3335 519 3392 arietum
537 3336 805 3404 victimas,
834 3351 936 3392 nec
952 3337 1162 3392 sabbati
1193 3337 1306 3392 otio
1331 3336 1661 3391 dormiemus
1691 3354 1704 3390 :
1729 3337 1873 3406 quod

282 3434 343 3485 et
368 3425 531 3482 multi
571 3436 878 3484 nostrorum
912 3438 967 3484 et
1024 3430 1296 3500 praecipue
1342 3429 1661 3484 Tertulliani
1709 3429 1870 3494 liber,

284 3517 381 3590 qui
415 3516 732 3574 inscribitur
757 3519 822 3574 de
849 3517 952 3590 Spe
978 3519 1213 3588 ﬁdelium
1231 3560 1247 3585 ,
1265 3528 1320 3575 et
1350 3518 1617 3574 Lactantii
1651 3517 1871 3573 institu-

287 3609 497 3663 tionum
539 3608 791 3664 volumen
837 3610 1124 3680 septimum
1154 3609 1474 3680 pollicetur,
1517 3617 1571 3662 et
1613 3607 1872 3663 Victorini

288 3698 703 3758 Petabionensis
723 3701 970 3773 Episcopi
995 3704 1198 3758 crebrae
1222 3704 1608 3774 expositiones,
1629 3713 1684 3759 et
1705 3718 1876 3774 nuper

291 3791 529 3850 Severus
563 3802 750 3849 noster
788 3793 844 3848 in
875 3793 1105 3866 dialogo,
1143 3787 1230 3850 cui
1255 3795 1410 3851 Gallo
1451 3809 1647 3850 nomen
1696 3794 1873 3864 impo—

290 3885 402 3940 suit
433 3903 446 3938 :
487 3891 542 3940 et
563 3891 623 3938 ut
643 3882 860 3940 Grzecos
880 3885 1176 3952 nominem,
1201 3895 1258 3941 et
1285 3886 1518 3956 primum
1549 3894 1875 3942 extremum-

289 3991 398 4045 que
434 3976 774 4046 conjungam,
815 3975 1048 4032 lrenzeus
1089 3985 1146 4031 et
1198 3976 1544 4046 Apollinaris.
1587 3976 1696 4032 Nos
1747 3992 1878 4048 ergo

293 4069 508 4121 montes
535 4065 697 4121 Israel
719 4065 1019 4136 Prophetas
1047 4075 1102 4122 et
1125 4066 1412 4138 Apostolos
1448 4084 1570 4124 esse
1596 4070 1838 4127 dicemus
1861 4111 1877 4138 ,

295 4157 388 4226 qui
419 4156 648 4211 audiunt
673 4157 895 4212 verbum
925 4157 1041 4224 Dei,
1073 4166 1128 4212 et
1153 4143 1347 4229 quibus
1381 4158 1624 4214 diabolus
1651 4159 1879 4215 insulta-

289 4247 372 4302 vit
395 4247 648 4302 inimicus
667 4247 852 4302 dicens
877 4265 891 4302 :
917 4247 1100 4319 Euge;
1121 4248 1320 4304 excelsi
1346 4249 1617 4319 quondam
1642 4260 1878 4317 montes,

292 4339 361 4394 de
387 4338 586 4410 quibus
607 4338 868 4410 scriptum
907 4347 992 4394 est
1041 4357 1055 4394 :
1091 4359 1108 4391 ‹
1143 4339 1350 4396 Montes
1376 4343 1430 4396 in
1457 4343 1685 4398 circuitu
1725 4344 1840 4414 ejus
1862 4384 1878 4410 ,

1973 1892 2241 1966 persecuti
2283 1891 2423 1953 sint,
2458 1899 2519 1946 ut
2562 1893 2780 1958 portent
2807 1883 3174 1941 confusionem
3219 1889 3274 1935 et
3319 1879 3550 1951 ignomi-

1975 1984 2116 2040 niam
2138 1983 2326 2039 suam?
2350 1980 2502 2036 Tunc
2520 1975 2956 2050 persecutoribus
2981 1971 3300 2036 interfectis,
3339 1980 3393 2024 ct
3415 1984 3548 2040 pace

1971 2072 2227 2134 Ecclesia:
2253 2069 2482 2135 reddita,
2506 2076 2715 2124 montes
2735 2063 2899 2120 lsrael
2917 2105 2932 2131 ,
2957 2059 3198 2132 Apostoli
3224 2057 3470 2114 videlicet
3497 2065 3552 2110 et

1973 2163 2253 2237 apostolici
2268 2163 2368 2218 viri
2391 2159 2770 2232 germinabunt
2781 2156 3001 2215 arbores
3021 2161 3171 2218 sua’s,
3189 2159 3245 2206 et
3260 2145 3552 2205 extendent

1973 2273 2153 2314 ramos
2179 2269 2416 2324 nvasque
2437 2253 2684 2314 adferent
2715 2249 3004 2307 calcandas
3031 2247 3095 2304 in-
3113 2242 3279 2327 praelo
3303 2237 3548 2302 Domini,

1971 2350 2039 2405 de
2063 2346 2260 2420 quibus
2297 2355 2470 2401 musta
2497 2342 2816 2406 funduntur,
2847 2353 2968 2411 quae
3004 2334 3274 2391 inebrient
3320 2329 3548 2420 creden-

1972 2419 2107 2496 tium
2155 2437 2413 2512 populos,
2462 2443 2519 2492 et
2543 2432 2865 2505 exprimitur
2893 2429 3077 2484 vinum
3121 2425 3267 2497 quod
3315 2419 3554 2512 laetificat

1973 2547 2068 2588 cor
2091 2509 2328 2588 hominis
2359 2542 2374 2582 :
2401 2535 2463 2582 ut
2495 2523 2671 2582 omnis
2706 2517 2914 2577 fruetus
2951 2517 3236 2582 montium,
3263 2515 3329 2570 de
3356 2509 3554 2586 quibus

1973 2621 2258 2679 coniicitur
2283 2617 2440 2692 panis
2484 2617 2549 2673 de
2577 2615 2715 2671 creto
2740 2609 3071 2669 descendens
3095 2649 3111 2674 ,
3160 2605 3476 2663 comedatur
3521 2612 3550 2652 a

1961 2693 2169 2784 pepulo
2203 2712 2297 2768 Dei
2321 2709 2506 2767 Israel.
2532 2707 2600 2763 Et
2625 2722 2694 2762 ne
2716 2703 2945 2760 forsitan
2973 2703 3321 2772 desperemus
3345 2697 3400 2752 in
3427 2709 3554 2766 per-

1974 2806 2359 2867 secutionibus,
2411 2803 2676 2864 additur;
2713 2819 2732 2852 α
2763 2799 2940 2870 Prope
2985 2803 3070 2860 est
3099 2803 3312 2866 tempus
3358 2798 3419 2846 ut
3460 2805 3554 2862 ve.

1974 2900 2108 2953 niat.
2155 2895 2389 2951 Veniens
2415 2893 2560 2949 enim
2590 2892 2790 2957 veniet,
2820 2897 2876 2944 et
2905 2904 3010 2942 non
3043 2885 3279 2942 tardabit
3319 2881 3550 2956 (flabac.

1974 2987 2058 3060 ιι).
2089 2986 2242 3044 Unde
2275 3001 2432 3042 suum
2458 2985 2526 3040 ad
2555 2989 2769 3038 montes
2797 2989 2853 3038 et
2891 2979 2959 3036 ad
2991 2992 3106 3044 eos,
3137 2976 3230 3047 qui
3251 2973 3554 3046 tribulatio-

1975 3077 2134 3131 nibus
2173 3076 2554 3145 pcrdurarunt,
2579 3070 2870 3142 pollicetur
2895 3067 3186 3124 adventum
3215 3073 3378 3136 atque
3423 3077 3554 3136 pro—

1975 3165 2164 3230 mittit,
2186 3163 2328 3235 quod
2360 3151 2752 3234 persecutionis
2783 3159 3033 3216 ardorem
3060 3165 3381 3214 exerceatur
3407 3163 3556 3211 terra

1970 3256 2124 3324 prius
2153 3245 2406 3323 decerpta
2447 3236 2661 3308 Christi.
2691 3265 2911 3307 vomere
2940 3257 2996 3304 et
3035 3263 3253 3324 omnem
3295 3249 3555 3322 virtutum

1975 3351 2272 3399 sementem
2301 3340 2552 3414 recipiat,
2576 3340 2642 3395 de
2669 3353 2774 3408 qua
2795 3337 3094 3393 nascantur
3110 3344 3165 3392 et
3191 3335 3554 3408 multiplicen-

1975 3442 2063 3488 tur
2095 3432 2356 3496 homines,
2385 3438 2440 3486 et
2461 3429 2639 3485 omnis
2665 3429 2856 3484 domus
2883 3425 3064 3483 Israel.
3101 3423 3346 3495 Cumque
3373 3422 3559 3480 civita-

1978 3535 2078 3590 tes,
2113 3526 2214 3579 hoc
2247 3533 2350 3586 est,
2377 3521 2618 3578 ecclesiae
2643 3519 2976 3576 credentium
3009 3517 3212 3574 fuerint
3241 3515 3558 3572 inhabitans

1979 3615 2329 3671 redeuntibus
2361 3613 2551 3678 turbis,
2576 3621 2705 3666 tunc
2728 3623 3067 3680 nequaquam
3084 3607 3258 3664 solum
3285 3605 3554 3670 homines,

1976 3709 2066 3778 qui
2099 3705 2375 3777 pollebunt
2403 3703 2626 3760 scicntia
2651 3701 3052 3772 Scripturarum
3081 3717 3093 3752 :
3118 3697 3211 3754 sed
3240 3705 3294 3752 et
3312 3695 3556 3766 jumenta

1979 3799 2247 3871 simplices
2285 3798 2484 3868 quique
2505 3795 2837 3852 credentium
2869 3791 3368 3862 multiplicabuntur
3399 3795 3562 3871 atque

1979 3867 2348 3946 succreseent.
2377 3887 2442 3942 Et
2464 3885 2852 3942 habitabantur
2869 3881 3112 3948 ecclesia:
3140 3881 3280 3936 sicut
3307 3893 3337 3932 a
3361 3867 3562 3949 princi—

1979 3981 2091 4052 pio,
2139 3979 2242 4034 hoc
2265 3985 2384 4042 est,
2417 3975 2730 4046 priusquam
2759 3980 2904 4029 esset
2929 3970 3257 4043 persecutio.
3289 3956 3562 4038 Bonisquc

1981 4070 2249 4126 florebunt
2275 4067 2587 4138 majoribus,
2612 4059 2775 4136 quam
2797 4063 3107 4118 habuerunt
3127 4061 3196 4116 ab
3217 4059 3391 4122 initio,
3420 4071 3563 4111 mar-

1983 4173 2162 4235 tyrum
2192 4160 2433 4216 victoriis
2462 4166 2752 4214 coronatae.
2785 4155 2852 4211 Et
2893 4164 3022 4211 tunc
3047 4154 3238 4219 scient,
3273 4152 3418 4222 quod
3447 4152 3562 4222 ipsc

1984 4253 2056 4309 sit
2082 4251 2360 4314 Dominus,
2393 4249 2484 4322 qui
2508 4247 2746 4304 restituit
2775 4246 2986 4318 plebem
3017 4259 3168 4300 suam
3197 4243 3424 4313 pristino
3454 4250 3562 4296 sta-

1987 4345 2086 4412 tui,
2120 4359 2240 4415 qum
2265 4343 2541 4414 possideat
2566 4340 2848 4404 ecclesias,
2872 4348 2926 4394 et
2953 4339 3065 4406 ipsa
3101 4337 3172 4392 sit
3209 4334 3558 4390 ecclesiarum

291 4441 349 4487 et
370 4431 630 4486 Dominus
652 4431 704 4486 in
725 4432 952 4487 circuitu
977 4433 1158 4502 populi
1173 4433 1254 4488 sui
1277 4430 1450 4505 (Psal.
1475 4434 1680 4506 cxxrv),
1705 4454 1723 4485 ι
1748 4421 1873 4491 mihi

1983 4437 2295 4493 htcreditas.
2355 4437 2423 4492 Et
2466 4449 2807 4504 nequaquam
2852 4430 2992 4485 ultra
3037 4429 3242 4496 absque
3281 4423 3466 4478 liberis
3493 4423 3566 4478 sit

291 4522 407 4578 dati
435 4531 564 4577 sunt
585 4523 638 4578 in
677 4523 1096 4592 possessionem,
1121 4526 1338 4596 quando
1364 4527 1756 4597 persecutionis
1780 4544 1881 4584 an-

290 4615 494 4686 gustiis
518 4614 740 4670 desolati
772 4625 932 4682 sunt,
961 4623 1017 4672 et
1041 4601 1340 4672 conculcati
1364 4633 1464 4689 per
1481 4617 1800 4692 circuitum,
1829 4629 1883 4676 ct

291 4705 430 4762 facti
456 4705 511 4760 in
539 4705 907 4762 hereditatem
929 4706 1155 4778 reliquis
1174 4707 1445 4779 gentibus,
1471 4717 1526 4764 et
1546 4710 1615 4764 ab
1633 4710 1886 4765 omnibus

290 4796 684 4866 blasphemati.
722 4795 1015 4868 Pmpterea
1041 4797 1282 4868 loquitur
1310 4797 1571 4856 Dominus
1596 4799 1881 4855 conculca-

291 4889 368 4944 tis
397 4889 675 4944 montibus
691 4897 748 4944 et
769 4889 1048 4956 desolatis,
1065 4898 1132 4944 et'
1146 4907 1252 4946 non
1274 4891 1451 4962 solum
1472 4891 1762 4956 montibus,
1789 4893 1884 4948 sed

290 4989 352 5035 et
381 4975 732 5033 inferioribus
755 4993 819 5034 ac
847 4993 942 5050 per
958 4979 1196 5051 singulos
1217 4981 1414 5052 gradus
1441 4982 1495 5036 in
1520 4989 1661 5038 terra
1681 4981 1886 5049 Iudaea,

291 5069 404 5124 hoc
421 5079 507 5124 est
521 5068 576 5123 in
595 5079 776 5124 monte
789 5070 1047 5127 Ecclesia:
1067 5073 1395 5140 constitutis,
1416 5074 1484 5129 de
1503 5091 1610 5146 qua
1625 5077 1886 5147 scriptum

291 5168 384 5215 est
412 5171 428 5212 :
457 5176 478 5210 ι
501 5158 620 5214 Non
643 5167 820 5231 potest
841 5161 1034 5217 civitas
1056 5162 1312 5218 abscondi
1341 5176 1503 5234 super
1529 5173 1768 5222 montem
1791 5179 1889 5238 po-

292 5253 405 5309 sita
434 5250 650 5324 (Matth.
679 5251 756 5326 v).
794 5272 814 5306 ι
835 5252 903 5308 Et
929 5252 1158 5310 collibus
1193 5263 1355 5326 atque
1379 5256 1732 5323 torrentibus,
1759 5273 1890 5328 quo-

291 5359 426 5402 rum
460 5343 638 5401 hieme
669 5345 1134 5416 persecutionum,
1163 5353 1222 5402 et
1261 5354 1578 5416 tempestate
1615 5363 1884 5418 pressura:

293 5442 533 5506 augetur
558 5432 712 5490 ﬁdes.
739 5433 973 5491 Vallibus
991 5451 1206 5507 quoque
1229 5435 1334 5504 his,
1351 5436 1445 5507 qui
1469 5437 1769 5493 humilitate
1787 5438 1884 5494 de-

295 5523 478 5597 pressi
507 5532 664 5591 sunt,
691 5532 748 5580 et
774 5523 1006 5580 desertis
1033 5524 1292 5580 Ecclesiis
1318 5533 1374 5580 et
1414 5525 1698 5595 parietinis
1726 5534 1888 5596 atque

291 5617 372 5684 in_
410 5621 524 5668 toto
580 5613 711 5670 orbe
757 5613 1114 5670 ecclesiarum
1153 5615 1527 5671 conciliabulis
1575 5615 1886 5683 derelictis,

298 5704 483 5776 qualis
529 5704 632 5760 Sub
663 5703 996 5762 Diocletiano
1025 5713 1078 5762 et
1111 5705 1438 5764 Maximiano
1486 5707 1542 5762 in
1593 5715 1707 5764 toto
1755 5707 1886 5765 orbe

1985 4544 2120 4599 quos
2153 4529 2206 4584 in
2235 4527 2611 4599 persecutione
2637 4521 2964 4594 perdiderat.
3002 4517 3154 4573 Unde
3177 4515 3401 4583 jubetur
3439 4515 3564 4584 pro—

1983 4619 2170 4689 pheta,
2195 4624 2254 4671 ut
2285 4617 2538 4685 loquatur
2564 4613 2632 4668 ad
2668 4620 2868 4666 terram
2904 4615 3305 4664 mansuctornm
3339 4614 3562 4676 temqu-

1985 4725 2092 4781 que
2119 4706 2434 4771 viventium,
2467 4705 2582 4760 sive
2602 4705 2670 4760 ad
2695 4698 2906 4758 montes
2925 4701 3106 4767 lsrael,
3140 4707 3194 4756 et
3223 4699 3404 4755 dicat:
3432 4697 3560 4752 Pcr-

1986 4808 2292 4854 secutorum
2323 4797 2459 4850 ultra
2493 4811 2598 4850 non
2633 4793 2856 4865 patiaris
2877 4793 3246 4864 opprobrium,
3273 4807 3371 4846 nec
3399 4789 3565 4846 insul-

1991 4887 2485 4958 tabuntjugulatum
2500 4885 2749 4958 pepulum
2769 4894 2942 4950 tuum,
2958 4884 3100 4940 sicut
3116 4899 3246 4939 oves
3257 4883 3561 4938 occisionis.

1993 4979 2132 5035 Pace
2153 4979 2296 5036 enim
2345 4979 2570 5042 reddita,
2617 4978 2904 5048 opprobria
2945 4978 3198 5034 universa
3249 4981 3560 5035 cessabunt.

1991 5069 2104 5127 Nec
2152 5070 2443 5127 sustinebis
2489 5069 2859 5126 confusionem
2909 5077 2964 5124 et
3023 5069 3370 5140 ignominiam
3425 5071 3565 5124 inter

1992 5165 2236 5221 diversas
2259 5163 2313 5218 in
2347 5163 2575 5219 circuitu
2611 5164 2883 5228 nationes,
2911 5164 3005 5219 sed
3040 5173 3257 5234 gentem
3287 5171 3432 5218 tuam
3473 5163 3541 5220 ha

1991 5255 2146 5312 bebis
2169 5264 2224 5310 et
2244 5255 2498 5324 populum
2524 5273 2538 5309 :
2571 5255 2697 5324 quia
2717 5239 2916 5311 veritas
2944 5254 3317 5324 promissionis
3341 5253 3566 5308 Domino

1989 5344 2243 5415 loquente
2269 5344 2483 5400 firmata
2517 5354 2619 5402 est.

2069 5454 2088 5487 ‹
2129 5435 2196 5490 Et
2223 5435 2424 5491 factum
2459 5445 2542 5492 est
2571 5435 2794 5507 verbum
2837 5433 3049 5490 Domini
3089 5433 3155 5488 ad
3201 5445 3288 5486 me
3334 5431 3521 5486 dicens
3555 5446 3568 5484 ;

2001 5543 2020 5577 ι
2057 5523 2159 5580 Fili
2195 5525 2450 5593 hominis,
2479 5527 2670 5582 domus
2691 5525 2854 5580 Israel
2892 5525 3270 5580 habitaverunt
3309 5522 3360 5576 in
3407 5522 3571 5577 humo

2003 5636 2020 5668 ι
2060 5633 2155 5672 sua
2183 5624 2240 5672 et
2283 5616 2586 5688 polluerunt
2614 5631 2734 5672 eam
2783 5617 2836 5670 in
2868 5617 2971 5672 viis
3023 5617 3134 5672 suis
3171 5623 3228 5669 et
3272 5615 3326 5670 in
3375 5614 3566 5671 studiis

2004 5726 2024 5760 ι
2056 5707 2191 5764 suis.
2220 5699 2388 5770 Juxta
2411 5708 2804 5764 inmmnditiam
2835 5713 3180 5764 menstruatze
3206 5706 3350 5764 facta
3371 5715 3454 5764 est
3488 5705 3574 5762 via
