3972 6184
530 333 640 405 853

1169 336 1233 401 s‘.
1274 337 1531 403 meum
1559 335 1789 402 unum
1816 324 2134 401 tuemur;
2168 326 2480 398 uocum.
2517 333 2803 400 OPERUll
2839 339 3020 399 pass

3625 340 3705 409 836

537 460 558 515 δ
594 462 783 518 eorum
818 461 1004 518 etii-am
1027 465 1146 525 me,
1172 466 1227 515 et
1249 454 1411 514 eﬂ’udi
1461 454 1886 526 indignationem
1926 464 2104 507 meam
2132 453 2184 513 Α
2208 450 2351 507 Deus
2375 465 2545 523 quare
2573 454 2828 524 populum
2857 453 3023 509 lsrael
3063 448 3359 526 captivitati
3375 456 3645 530 tradiderit.
3664 478 3707 525 et

539 569 557 604 ι
598 555 879 621 supereos'
917 553 1024 621 p‘r’o‘
1052 547 1346 621 sanguine,
1384 561 1549 619 quem
1590 543 1903 602 eﬂ'udcrunt
1946 555 2113 612 super

536 666 552 689 -
594 638 815 698 terram.
843 628 912 695 Et
937 632 999 694 in‘
1020 634 1176 695 id'olis
1204 638 1315 694 suis
1341 637 1652 709 polluerunt
1677 650 1799 692 eam
1830 673 1847 698 ,
1895 641 1951 689 et
2001 634 2111 689 dis-

535 752 551 780 ι
592 728 735 800 μοιδεί
761 734 858 785 eos
903 720 956 784 in
986 728 1269 801 gentibus,
1293 736 1350 783 et
1375 724 1620 784 ventilati
1666 732 1798 784 sunt'
1838 724 1892 783 in
1924 721 2117 793 terris,-

536 842 551 872 ι
590 820 739 889 juxta
763 810 891 875 vias
907 826 1096 876 comm
1127 825 1188 874 et‘
1211 820 1621 876 adinventiones
1643 830 1829 876 eorum
1867 817 2107 891 iudicavi

533 930 551 961 ι
592 914 708 966 eos.
740 898 812 965 Εἴ
851 909 1081 982 ingressi
1110 918 1235 966 sunt
1281 910 1349 965 ad
1376 913 1583 980 gnatas,
1611 912 1680 966 ad
1719 903 2104 980 quasintroi'c-

528 1021 544 1050 4
590 1003 739 1065 runt,
785 1006 843 1055 et
884 999 1192 1073 polluerunt
1234 1012 1430 1055 nomen
1464 1009 1723 1056 sanctum
1756 1009 1941 1056 meum
1980 1015 2105 1057 cum

526 1112 542 1144 ι
588 1082 864 1149 diceretur
903 1092 970 1148 de
1010 1092 1095 1148 eis
1131 1091 1360 1162 populus
1406 1082 1619 1148 Domini
1665 1092 1769 1148 iste
1794 1094 1909 1158 est‘,
1954 1092 2106 1149 etde

526 1204 543 1234 ι
591 1184 736 1241 terra
774 1174 890 1256 eius
916 1181 1117 1256 egressi
1147 1184 1291 1240 sunt.
1329 1182 1397 1239 Et
1427 1185 1644 1256 peperci
1680 1185 1884 1240 nomini
1915 1189 2106 1242 sanet!)

527 1288 542 1324 ἁ
590 1277 733 1341 meo,
768 1272 909 1344 quod
939 1265 1203 1345 p'ollu‘ei‘at
1225 1274 1418 1331 demus
1450 1274 1613 1329 Israel
1638 1275 1689 1329 in
1718 1272 1968 1347 gentibus
1989 1316 2004 1339 ,
2036 1276 2105 1331 ad

526 1372 541 1415 t
585 1368 720 1437 quas
741 1362 971 1440 εἰπεῐὲὼί
994 1368 1137 1422 sunt.
1160 1355 1367 1422 idcirco
1384 1365 1533 1421 dices
1552 1366 1735 1421 domui
1751 1364 1914 1422 Israel
1939 1383 1953 1421 :
1977 1362 2104 1421 Haec

526 1461 541 1508 ὁ
592 1449 723 1513 dicit
760 1451 1019 1513 Domitius
1047 1447 1217 1521 D‘eits,
1256 1472 1363 1512 non
1392 1463 1613 1527 propter
1638 1468 1733 1511 vos
1773 1459 1873 1527 ego
1908 1453 2102 1512 faclam

527 1569 545 1597 ι
586 1542 778 1604 demtis
806 1535 991 1612 l‘srael‘,
1026 1544 1119 1603 sed
1151 1554 1370 1617 propter
1392 1556 1588 1601 nomen
1617 1550 1866 1603 sanetum
1897 1556 2101 1612 meunr,

527 1657 545 1689 ι
583 1638 725 1711 quod
768 1632 1036 1710 poll‘uistis
1078 1636 1131 1692 in
1157 1632 1439 1709 gentibus,
1479 1635 1548 1692 ad
1588 1643 1723 1707 quas
1751 1628 2016 1701 intrastis,
2049 1645 2105 1691 et
2172 1639 2182 1651 '

2211 551 2433 614 propter
2484 560 2638 600 suam
2697 544 3055 602 clementiam
3099 546 3372 624 pollicetur
3418 553 3707 616 reducturum

2210 642 2273 687 se
2298 647 2392 688 eos
2414 634 2467 689 in
2495 642 2696 690 terram
2739 632 3002 703 Iudaeam,
3035 647 3090 693 et
3125 637 3296 694 multo'
3314 634 3547 713 ampliora
3576 647 3710 702 tribu-

2209 730 2427 791 turum,
2469 740 2633 797 quam
2672 720 2990 783 abstulerat.
3028 727 3182 796 Quod
3218 731 3423 800 quidam
3457 721 3708 793 Iuda:on

2209 815 2452 873 referunt
2473 815 2555 874 ad'
2570 814 2878 875 Z'orobaliel'
2899 828 3174 892 tempora,
3204 823 3413 894 quando
3433 838 3544 897 rege
3561 821 3708 886 Fem-

2208 924 2328 963 rum
2344 908 2559 965 laxante
2571 909 2941 981 captivitatem
2954 926 3142 968 eorum
3158 913 3222 968 de
3233 914 3367 969 tribu
3380 913 3500 971 Juda
3512 904 3710 990 etiienia-

2207 1000 2318 1056 min
2334 1000 2552 1072 plurimi
2574 1003 2780 1058 reducti
2798 1012 2927 1058 sunt
2940 1003 2994 1059 in
3008 1002 3267 1060 Iudaeam.
3289 1005 3388 1061 Alii
3400 1023 3515 1064 vero
3532 1008 3709 1068 admille

2207 1104 2472 1146 annorum
2488 1107 2709 1163 regnum
2732 1092 2993 1159 referunt,
3016 1096 3232 1165 quando
3246 1097 3343 1152 sub
3358 1095 3571 1163 Christo,
3586 1116 3708 1171 quem

2206 1195 2399 1258 putant
2421 1201 2541 1243 esse
2560 1196 2867 1252 venturum,
2897 1197 2957 1243 ut
2984 1189 3176 1244 civitas
3203 1198 3493 1245 exstruatur
3508 1191 3709 1248 Hierusa-

2206 1275 2335 1344 lem,
2361 1284 2417 1333 et
2447 1278 2743 1334 :ediﬁbetur
2774 1278 3053 1351 templum,
3090 1280 3156 1336 de
3195 1295 3298 1350 quo
3332 1280 3382 1335 in
3416 1280 3577 1336 ultima
3596 1291 3710 1352 parte

2207 1362 2365 1441 huius
2393 1366 2686 1439 prophetia:
2709 1360 2903 1425 dicturi
2928 1385 3134 1425 sumus.
3164 1370 3231 1425 Et
3259 1370 3479 1436 interim,
3505 1380 3556 1425 ut
3574 1371 3711 1427 iudai-

2206 1476 2298 1516 cas
2318 1458 2527 1517 fabulas
2557 1454 2947 1532 relinquathus,
2989 1471 3047 1517 et
3086 1460 3492 1517 interminabiles
3517 1461 3708 1533 genealo-

2205 1550 2337 1623 gias,
2358 1542 2513 1624 juxta
2535 1554 2973 1609 consuetudinem
2998 1556 3238 1609 nosu‘am
3264 1554 3481 1613 breviter
3496 1560 3710 1626 περικοπὴν

2206 1636 2364 1712 hujus
2387 1643 2605 1713 Capituli
2634 1650 3036 1715 percurramus,
3079 1654 3137 1700 et
3175 1645 3301 1716 quid
3344 1644 3484 1701 nobis
3521 1647 3713 1701 videatur

526 1747 547 1781 σ
583 1725 929 1787 sanctificabo
952 1732 1149 1787 nomen
1176 1731 1354 1786 meum
1376 1733 1651 1801 magnum,
1673 1728 1815 1798 Quod
1840 1727 2100 1799 pollutam
2134 1790 2178 1809 ﬁ
2201 1735 2356 1807 juxta
2392 1738 2816 1794 ecclesiasdcam
2862 1730 3268 1809 intelligentiam
3301 1736 3609 1792 disseramus.
3638 1737 3713 1791 Do-

527 1830 552 1875 ‹
582 1824 669 1880 est
688 1822 832 1878 inter
858 1826 1045 1897 gentes
1073 1821 1216 1894 quod
1242 1790 1507 1893 polluistis
1544 1821 1598 1876 in
1616 1790 1793 1877 medio
1811 1790 2021 1885 earum,
2044 1827 2105 1874 ιιι
2131 1790 2179 1853 Β
2201 1790 2535 1897 animi;
2548 1790 3715 1901 insumi;signantium...

526 1919 552 1964 r
582 1907 759 1969 sciant
779 1922 970 1985 gentes
983 1910 1108 1985 quia
1120 1928 1219 1984 ego
1235 1912 1512 1980 Dominus,
1540 1907 2106 1969 dicit‘Dominuseier-

527 2013 555 2057 ι
586 2005 812 2072 cltunm,
837 2014 961 2062 cum
983 2004 1351 2062 Sanctificatus
1372 2002 1531 2061 fuero
1549 2001 1603 2059 in
1619 2004 1773 2060 vobis
1791 2014 1975 2059 coram
2000 2003 2100 2059 eis.

529 2103 556 2146 ί
584 2082 793 2153 foliata
827 2086 1143 2166 quippe‘vos
1168 2090 1237 2151 d‘e
1273 2092 1528 2167 gentibus
1552 2101 1612 2151 et
1640 2094 1981 2166 congregabo
2005 2102 2104 2149 vo's

526 2190 552 2235 ε
583 2180 651 2240 de
672 2177 943 2240 universis
972 2181 1151 2252 terris,
1179 2194 1235 2242 et
1260 2185 1524 2241 adducam
1551 2194 1646 2241 vos
1688 2184 1744 2240 in
1782 2194 1983 2240 terram
2013 2199 2104 2240 ve-

525 2281 552 2327 (
583 2276 746 2332 tram.
798 2271 1163 2333 Et'eﬂ‘undam
1191 2290 1353 2348 super
1379 2286 1477 2333 vos
1501 2292 1694 2348 aquam
1725 2275 1981 2331 mundam
2002 2316 2017 2341 ,
2048 2282 2105 2331 et

524 2374 551 2419 ἐ
580 2362 969 2425 mundabiinini
1022 2369 1091 2426 ab
1133 2364 1385 2426 omnibus
1426 2366 1846 2440 inquinamentis
1873 2367 2101 2434 vestris,

520 2471 548 2512 ι
581 2454 643 2539 et
677 2452 747 2517 ab
795 2454 1066 2516 universis
1109 2454 1268 2515 idolis
1315 2460 1511 2516 vestris
1559 2459 1833 2515 mundabo
1867 2474 1981 2515 vos.
2036 2459 2104 2515 Et

521 2558 546 2606 t
579 2541 721 2612 dabo
746 2547 901 2611 vobis
928 2562 1026 2611 cor
1050 2563 1270 2620 novum,
1306 2562 1364 2609 et
1403 2549 1651 2626 spiritum
1679 2562 1875 2609 novum
1905 2559 2101 2624 penam

520 2663 545 2699 τ
577 2638 635 2704 in
663 2638 843 2703 medio
869 2641 1055 2703 vestri.
1078 2642 1146 2702 Et
1163 2640 1407 2703 auferam
1433 2658 1529 2703 cor
1551 2645 1818 2718 lapideum
1846 2647 1913 2702 de
1935 2654 2103 2703 carne

521 2748 541 2791 ι
576 2735 757 2794 νέεῑη
784 2777 801 2805 ,
842 2738 901 2795 ei
943 2736 1083 2795 dabo
1121 2738 1277 2796 vobis
1321 2754 1417 2796 cor
1444 2746 1725 2806 carneum,
1756 2738 1812 2794 et
1852 2738 2100 2811 spiritum

521 2832 549 2879 ι
578 2840 761 2883 meum
815 2835 1013 2899 ponam
1044 2821 1099 2883 in
1138 2824 1319 2885 medio
1368 2829 1553 2885 vestri.
1604 2822 1674 2885 Et
1707 2825 1901 2897 faciam
1947 2839 2007 2885 ut
2046 2828 2101 2884 in

520 2925 547 2969 δ’
576 2918 863 2990 praeceptis
880 2912 1020 2974 meis
1036 2918 1343 2982 ambuletis,
1377 2926 1433 2975 et
1450 2916 1655 2989 judicia
1683 2932 1807 2977 mea
1829 2920 2102 2976 custbdia«

517 3012 548 3061 σ
575 3007 668 3074 (is,
689 3007 749 3064 et'
764 3000 1081 3081 operemini.
1105 3001 1172 3064 Et
1198 3006 1512 3066 liabitabitis
1538 3006 1593 3066 in
1609 3014 1775 3079 terra,
1799 3026 1961 3084 quam
1981 3010 2101 3067 dedi

518 3108 547 3152 v
574 3091 820 3171 patribus
844 3094 1061 3167 vestris,
1086 3108 1143 3158 et
1172 3096 1325 3159 eritis
1348 3095 1478 3159 mibi
1505 3098 1558 3159 in
1582 3098 1837 3175 populum
1857 3144 1873 3170 ,
1923 3111 1979 3160 et
2002 3117 2100 3176 ego

520 3202 543 3244 r
576 3202 673 3247 ero
693 3191 847 3248 vobis
860 3191 915 3247 in
931 3183 1118 3249 Deum.
1137 3184 1204 3248 Et
1218 3187 1439 3250 salvabo
1449 3204 1546 3251 vos
1555 3210 1623 3251 ex
1641 3194 1911 3251 universis
1925 3194 2101 3265 inqui-

517 3291 544 3336 t
575 3274 846 3341 uenientis
865 3276 1081 3353 vestris,
1099 3285 1155 3343 et'
1173 3286 1379 3343 vocabo
1400 3279 1753 3355 frumentum,
1772 3294 1828 3344 et
1848 3286 2102 3359 multipli-

521 3385 545 3427 ι
579 3368 716 3432 eabo
773 3365 902 3433 illud
927 3416 947 3443 ,
991 3376 1050 3434 et'
1084 3392 1193 3433 non
1222 3369 1497 3448 imponam
1537 3370 1592 3434 in
1619 3386 1716 3435 vos
1761 3372 1980 3435 famem.
2034 3378 2103 3434 Et

521 3483 544 3523 ι
576 3464 944 3543 multiplicabo
964 3471 1198 3529 fructum
1227 3461 1436 3546 l'igni'et
1462 3464 1733 3545 genimina
1754 3468 1890 3547 agri,
1913 3482 1969 3530 et
1992 3486 2099 3531 non

520 3570 548 3615 ι
582 3563 813 3634 portetls
864 3552 1007 3619 ultra
1049 3556 1407 3635 opprobrium
1438 3556 1596 3620 famis
1626 3556 1680 3619 in
1710 3557 1965 3636 gentibus
1990 3600 2006 3629 ,
2045 3568 2102 3619 et

524 3660 547 3703 ι
584 3641 1013 3710 ηοωᾶδὺίηιὶηἶ
1039 3654 1251 3710 viarum
1279 3663 1584 3711 veStrarum
1608 3648 1966 3725 pessimarum
1991 3662 2104 3711 sttr-
2130 3652 2137 3655 Α

480 3736 497 3757 ’·
522 3758 547 3794 r
581 3734 902 3815 dierumque
922 3751 1031 3801 non
1044 3736 1331 3802 bonorum.
1357 3745 1427 3802 Et
1438 3742 1797 3817 displicebunt
1820 3746 1973 3803 vobis
1997 3737 2102 3802 iui-

520 3841 541 3886 t
576 3833 813 3905 quitates
837 3840 1036 3891 vestra!
1072 3844 1129 3891 et
1152 3835 1360 3892 scelera
1385 3844 1596 3903 vestra,
1623 3846 1733 3894 non
1757 3842 1978 3909 propter
2002 3851 2100 3894 vos

519 3936 542 3979 ί
575 3939 677 3999 ego
698 3916 894 3983 faciam
921 3966 938 3993 ,
975 3920 1053 3983 ait
1078 3917 1339 3986 Dominus
1375 3920 1555 3998 Deus,
1590 3936 1775 3987 notum
1807 3922 1880 3987 sit
1920 3922 2094 3986 vobis.

519 4024 538 4069 t
575 4004 982 4073 Confundimini
995 4026 1050 4073 et
1064 4019 1371 4077 erubescite
1383 4026 1544 4093 super
1557 4012 1659 4078 vii's
1672 4022 1886 4089 vestris,
1903 4022 2100 4079 domus

519 4118 539 4160 t
574 4095 762 4164 Israel.
791 4094 919 4163 llaec
941 4107 1076 4163 dicit
1099 4098 1358 4166 Dominus
1381 4111 1543 4167 Deus.
1570 4098 1629 4166 in
1667 4110 1755 4169 die
1796 4129 1904 4185 qua
1934 4128 2097 4169 mune

518 4205 540 4249 t
577 4199 778 4254 davero‘
804 4211 901 4253 vos
922 4204 990 4253 es
1014 4187 1266 4255 omnibus
1288 4190 1665 4271 iniquitatibus
1690 4203 1885 4259 vestris
1914 4212 1970 4259 et
2002 4204 2100 4259 ha-

518 4306 538 4342 l
573 4278 737 4347 bitari
759 4279 939 4345 fecero
961 4280 1125 4347 urbes
1153 4297 1208 4345 et
1227 4280 1602 4348 instauravero‘
1616 4292 1855 4358 ruinosa,
1875 4301 1931 4350 et
1951 4301 2097 4350 terra

515 4400 536 4438 ι
573 4382 787 4441 deserta
810 4370 976 4439 fuerit
1000 4371 1234 4449 exculta,
1257 4384 1378 4454 qua:
1402 4384 1678 4455 quondam
1691 4388 1811 4441 erat
1830 4384 2099 4451 desolata,

2206 1921 2330 1977 dam
2360 1923 2413 1978 in
2442 1930 2585 1979 terra
2623 1937 2740 1988 sua,
2773 1922 2877 1979 hoc
2905 1930 3010 1989 est,
3042 1922 3101 1977 in
3146 1930 3288 1977 terra
3326 1917 3524 1985 Judreae,
3549 1920 3713 1991 quando

2204 2010 2398 2067 educta
2420 2020 2507 2068 est
2533 2012 2601 2069 de
2643 2011 2913 2084 Egypto;
2945 2011 3039 2068 sed
3068 2010 3369 2083 polluerunt
3405 2024 3512 2065 eam
3542 2008 3586 2062 in
3620 2009 3712 2068 viis.

2205 2100 2262 2157 et
2288 2102 2343 2156 in
2369 2101 2562 2158 studiis
2585 2102 2699 2159 sive
2727 2102 2886 2159 idolis
2915 2102 3046 2158 suis.
3097 2092 3166 2156 Et
3199 2100 3252 2156 in
3296 2108 3486 2156 tantum
3514 2097 3714 2154 exstitere

2204 2180 2415 2263 polluti,
2445 2203 2506 2250 ut
2529 2195 2884 2251 immunditiae
2926 2194 3173 2250 mulieris
3198 2201 3523 2249 menstruam
3544 2205 3706 2260 compa-

2205 2285 2308 2341 rati
2348 2286 2477 2354 sint,
2524 2296 2749 2357 propter
2788 2285 2932 2357 quod
2963 2284 3111 2341 Deus
3146 2283 3332 2340 effudit
3365 2282 3715 2354 indignationem

2204 2390 2357 2431 suam
2385 2391 2547 2447 super
2575 2391 2669 2432 eos
2696 2389 2796 2447 pro
2827 2375 3097 2447 sanguine
3120 2374 3485 2446 prophetarum
3506 2365 3715 2438 atquein—

2204 2474 2435 2533 storum,
2487 2481 2651 2537 quem
2697 2466 2947 2521 fuderant
2987 2480 3159 2535 super
3204 2472 3415 2530 terram,
3464 2460 3641 2515 dicente
3674 2456 3716 2512 in

2202 2544 2498 2629 Evangelio
2542 2546 2823 2613 Salvatore
2868 2545 3086 2627 (Matth.
3126 2553 3319 2625 xxiii):
3362 2571 3379 2604 ι
3417 2548 3715 2610 Hierusalem.

2206 2637 2561 2715 Hierusalem,
2602 2663 2722 2718 quae
2759 2646 2962 2705 occidis
3002 2646 3313 2718 prophetas,
3348 2654 3402 2702 et
3435 2641 3610 2713 lepidas
3645 2652 3716 2694 eos

2204 2738 2296 2809 qui
2321 2738 2389 2793 ad
2418 2739 2484 2793 ad
2514 2737 2738 2794 temissi
2769 2747 2913 2793 sunt.
2950 2737 3055 2792 »Ει
3077 2738 3278 2793 iterum
3304 2753 3317 2791 :
3349 2754 3366 2788 ι
3400 2734 3571 2797 Amen,
3596 2743 3715 2784 amen

2205 2830 2327 2886 dico
2353 2829 2527 2896 vobis,
2558 2830 2867 2901 requiretur
2890 2828 3117 2899 sanguis
3142 2827 3233 2899 qui
3257 2825 3447 2882 effusus
3462 2831 3535 2879 est
3552 2836 3577 2875 a
3595 2832 3717 2891 gm

2207 2920 2416 2976 ratione
2448 2921 2572 2987 hac,
2602 2935 2634 2975 a
2660 2919 2918 2992 sanguine
2941 2919 3074 2974 Abel
3105 2917 3238 2988 justi
3277 2930 3439 2986 usque
3470 2912 3531 2969 ad
3550 2906 3719 2980 sangui-

2206 3026 2328 3068 nem
2353 3010 2650 3077 Zachariae,
2682 3009 2777 3066 ﬁlii
2803 3009 3104 3076 Baracbize,
3128 3023 3288 3081 quem
3319 3004 3592 3063 effuderunt
3612 3000 3719 3057 inter

2206 3103 2378 3161 altare
2415 3113 2472 3160 et
2518 3103 2794 3175 templum.
2832 3122 2852 3157 ι
2893 3101 3008 3159 Non
3051 3102 3231 3158 solum
3274 3108 3442 3156 autem
3474 3094 3721 3152 effuderunt

2203 3198 2540 3270 sanguinem,
2572 3196 2667 3253 sed
2689 3204 2744 3253 et
2763 3195 3071 3268 polluerunt
3095 3203 3295 3251 terram
3322 3190 3583 3249 sceleribus
3604 3185 3717 3249 suis;

2198 3291 2551 3363 quamobrem
2577 3290 2828 3361 dispersit
2858 3303 2954 3345 eos
2978 3287 3064 3344 vel
3106 3288 3208 3344 sub
3252 3284 3522 3357 Babylonia
3544 3274 3722 3350 captivi-

2204 3390 2313 3438 tate
2354 3380 2438 3437 vel
2464 3382 2564 3437 sub
2602 3380 2867 3444 Romana,
2911 3379 3134 3450 quando
3170 3392 3297 3433 vere
3322 3375 3594 3433 eil‘uderunt
3620 3381 3717 3423 san-

2201 3472 2417 3545 guinem
2444 3471 2644 3527 Christi
2680 3478 2735 3527 et
2767 3468 3007 3533 ventilati
3033 3476 3166 3524 sunt
3198 3469 3250 3523 in
3286 3476 3467 3532 terras,
3507 3456 3720 3532 quomodo

2201 3561 2370 3635 paleae
2396 3560 2746 3627 ventilantur,
2789 3569 2846 3616 et
2876 3559 3033 3631 juxta
3062 3560 3181 3615 vias
3210 3570 3333 3616 suas
3371 3564 3424 3614 et
3447 3547 3721 3611 adinventio-

2200 3670 2299 3712 nes
2337 3653 2601 3726 pessimas
2636 3651 2866 3724 iudicati
2908 3668 2922 3705 :
2957 3650 3030 3705 ita
3056 3658 3120 3706 ut
3165 3650 3221 3705 in
3248 3647 3486 3722 gentibus
3524 3651 3720 3714 quoque.

2200 3746 2446 3816 adquas
2489 3742 2688 3815 captivi
2734 3742 2877 3798 ducti
2926 3740 3195 3806 fuerant,
3246 3738 3529 3811 polluerent
3567 3740 3718 3786 nomen

2200 3846 2447 3893 εθηειυιῐι
2506 3834 2601 3891 Dei
2628 3873 2644 3900 ο
2710 3850 2776 3891 eo
2825 3833 2969 3904 quod
3017 3842 3119 3905 per
3170 3832 3465 3888 irrisionem
3530 3824 3721 3880 dicereut

2199 3930 2467 3985 universas
2501 3927 2744 3983 nationes
2783 3926 2850 3983 de
2875 3942 2941 3982 ea
2977 3943 2991 3981 :
3031 3925 3269 3997 Populus
3294 3923 3386 3978 Dei
3415 3923 3508 3977 iste
3543 3924 3629 3979 est,
3650 3910 3720 3982 qui

2199 4037 2260 4078 se
2299 4021 2542 4093 iactabat
2586 4019 2804 4091 proprie
2857 4033 3016 4074 nosse
3069 4018 3274 4075 cultum
3319 4015 3429 4072 Dei.
3462 4010 3594 4080 Quod
3625 4016 3720 4061 cum

2198 4114 2484 4177 vidissem,
2541 4113 2650 4179 ait,
2709 4126 2816 4167 non
2869 4117 3089 4179 propter
3141 4123 3271 4174 eos,
3305 4106 3395 4162 sed
3425 4110 3617 4175 prepter
3648 4107 3721 4149 no-

2198 4223 2322 4265 men
2367 4221 2546 4264 meum
2573 4212 2824 4261 sanctum
2864 4201 3113 4276 (Greater
3151 4201 3295 4256 cnim
3331 4196 3550 4254 omnium
3589 4188 3720 4253 sunt).

2197 4296 2412 4370 peperci
2450 4295 2553 4362 eis,
2590 4304 2647 4351 et
2682 4292 3017 4351 sanetiticavi
3058 4289 3200 4358 illos,
3240 4296 3295 4345 et
3322 4287 3494 4360 glorite
3529 4278 3723 4354 pristina:

2199 4388 2452 4445 restitui:
2480 4387 2553 4443 ita
2586 4392 2649 4442 ut
2674 4400 2837 4457 super
2860 4383 3144 4440 credentes
3168 4387 3226 4436 et
3253 4379 3322 4434 ab
3347 4388 3522 4433 errore
3543 4380 3723 4427 conver-

514 4490 533 4528 t
577 4465 632 4561 in
653 4464 825 4534 oculis
849 4476 1031 4561 omnis
1053 4465 1278 4533 viatoris
1306 4468 1487 4561 dicent
1516 4492 1529 4530 :
1587 4465 1756 4533 Terra
1796 4477 1886 4533 illa
1926 4478 2093 4533 multa
2121 4496 2176 4561 Ι)
2201 4495 2291 4537 sos
2328 4470 2658 4536 eti'underem
2703 4492 2899 4547 aquam
2936 4474 3191 4531 mundam
3225 4469 3469 4542 baptismi
3497 4458 3720 4561 salutaris,

514 4581 532 4620 t
570 4556 714 4624 facta
739 4568 840 4633 est,
868 4574 928 4625 ut
955 4558 1147 4627 hortus
1172 4560 1483 4641 voluptatis,
1511 4576 1567 4625 et
1589 4560 1838 4624 civitates
1863 4568 2095 4625 desertas
2121 4549 2169 4561 ν
2198 4578 2256 4631 et
2296 4572 2612 4628 mundarcm
2649 4586 2745 4628 eos
2781 4570 2852 4625 ab
2898 4566 3387 4623 abominationibus
3431 4559 3553 4622 suis,
3587 4562 3632 4610 et
3671 4549 3722 4604 ab

513 4672 531 4710 α
570 4666 626 4715 et
650 4648 923 4718 destitute:
964 4670 1129 4733 atque
1156 4659 1401 4718 suﬂ‘osste
1437 4660 1659 4717 munitae
1692 4660 1971 4716 Sederunt.
2026 4649 2095 4714 Et

512 4755 532 4799 I
572 4748 748 4836 scient
778 4753 970 4822 gentes
994 4758 1330 4823 quaecunque
1354 4741 1625 4809 derelicta
1650 4750 1854 4807 fuerint
1890 4738 1946 4807 in
1978 4750 2091 4807 cir-

510 4852 530 4893 l
572 4827 721 4898 cuitu
743 4851 946 4911 vestro,
977 4844 1105 4914 quia
1131 4861 1233 4919 ego
1259 4844 1520 4902 Dominus
1557 4843 1821 4901 aedificavi
1863 4843 2093 4916 dissipa-

511 4942 530 4986 t
571 4925 657 4989 los
683 4919 1041 5005 plantavique
1085 4919 1310 5004 inculta,
1339 4951 1441 5010 ego
1464 4930 1726 4992 Dominus
1752 4930 1965 4992 locutus
1986 4935 2090 4990 sim

509 5043 529 5083 ι
567 5032 624 5081 et
648 5010 875 5083 fecerim
905 5044 919 5081 :
957 5016 1077 5083 haec
1097 5026 1228 5083 dicit
1248 5018 1511 5085 Dominus
1533 5028 1696 5085 Deus.
1724 5026 1916 5083 Adhuc
1943 5025 2095 5082 inve-

508 5124 528 5173 i
564 5103 720 5176 nient
743 5131 832 5174 me
856 5117 913 5175 in
934 5106 1037 5174 hoc
1059 5117 1253 5175 domus
1279 5109 1464 5186 israel,
1495 5120 1559 5183 ut
1580 5119 1775 5176 faciam
1804 5118 1884 5176 eis
1912 5135 1924 5173 :
1955 5116 2089 5172 Mul-

508 5230 528 5266 ι
568 5197 830 5286 llplieabo
861 5226 993 5276 eos,
1019 5210 1157 5266 sicut
1182 5226 1404 5283 gregem
1443 5202 1746 5277 hominum,
1781 5219 1840 5267 ut
1865 5225 2088 5283 gregem

507 5320 529 5357 r
567 5308 839 5371 sanctum,
861 5300 922 5358 ut
948 5304 1168 5375 gregem
1191 5290 1526 5358 Hierusalem
1569 5301 1623 5357 in
1652 5293 2088 5358 solemnitatibus

508 5412 530 5448 ι
565 5391 704 5466 ejus,
729 5395 809 5452 sic
828 5405 992 5452 erunt
1010 5394 1263 5451 civitates
1282 5393 1511 5452 deserta:
1530 5394 1809 5466 plenaeque
1834 5394 2091 5466 gregibus

510 5507 529 5540 ι
566 5489 846 5545 hominum
865 5504 880 5555 ε
901 5495 956 5543 et
974 5486 1150 5544 scient
1170 5485 1298 5557 quia
1321 5501 1424 5559 ego
1444 5486 1724 5543 Dominus.
1755 5484 2025 5558 tmeron.)
2062 5504 2082 5539 ι

509 5579 799 5652 Perspicua
827 5588 953 5636 sunt
984 5594 1105 5650 qua:
1134 5576 1391 5637 dicuntur
1424 5587 1481 5635 et
1502 5578 1680 5635 omnis
1718 5593 1912 5635 sensus
1937 5592 2091 5632 mon-

506 5671 846 5739 timnlsrael,
885 5660 980 5745 qui
1005 5673 1156 5745 prius
1183 5671 1388 5728 deserti
1412 5669 1652 5735 fuerant,
1693 5679 1751 5726 et
1777 5678 1965 5741 postea
2004 5686 2092 5726 re-

506 5761 703 5826 stituti,
747 5777 893 5821 nunc
919 5761 1261 5821 manifestius
1297 5764 1550 5835 ponitur;
1576 5761 1861 5833 redditque
1886 5777 2084 5822 causas

2196 4662 2466 4719 universis
2511 4661 2790 4717 erroribus
2818 4659 3016 4730 quibus
3044 4657 3259 4714 fuerant
3290 4650 3558 4723 occupati:
3584 4652 3629 4702 et
3651 4642 3724 4697 da-

2198 4762 2312 4825 r’em
2338 4753 2419 4809 eis
2440 4766 2538 4808 cor
2569 4765 2788 4816 novum,
2812 4756 2892 4804 ut-
2918 4746 3205 4804 crederent
3246 4746 3301 4801 in
3334 4743 3518 4799 Filium
3554 4733 3651 4799 Dei.
3682 4738 3723 4785 et

2194 4846 2446 4918 Spiritum
2481 4858 2700 4910 novum,
2731 4844 2798 4899 de
2829 4841 3027 4914 quibus
3075 4840 3242 4897 David
3285 4837 3553 4909 loquitur:
3585 4848 3601 4881 ι
3643 4827 3725 4918 Cor

2198 4916 2457 4997 mundum
2489 4950 2613 4991 crea
2642 4933 2698 4989 in
2732 4947 2838 5000 me,
2871 4933 3037 4998 Deus,
3061 4938 3118 4988 et
3151 4929 3397 5002 spiritum
3442 4931 3626 4979 rectum
3658 4916 3722 4970 in-

2197 5043 2338 5085 nova
2367 5027 2422 5082 in
2447 5022 2749 5081 visceribus
2785 5021 2923 5079 meis
2951 5020 3125 5093 (Psal.
3162 5018 3240 5092 ι).
3262 5037 3294 5071 δ
3327 5016 3396 5072 Et
3427 5010 3725 5070 consideran-

2197 5124 2323 5181 dum
2376 5119 2521 5191 quod
2561 5132 2657 5174 cor
2703 5129 2902 5171 novum
2940 5121 2992 5167 et
3027 5111 3249 5182 spiritus
3287 5119 3455 5163 novus
3479 5102 3618 5157 detur
3649 5105 3723 5163 per

2196 5210 2512 5269 elTusionem
2541 5215 2596 5263 et
2625 5204 2993 5276 aspersionem
3017 5215 3188 5271 aquae.
3220 5195 3445 5264 Quando
3470 5198 3627 5281 autem
3651 5194 3724 5237 εον

2196 5317 2394 5360 novum
2416 5302 2599 5356 datum
2626 5275 2790 5352 fuerit
2815 5302 2871 5349 et
2891 5292 3114 5363 spiritus
3138 5304 3328 5350 novus,
3352 5294 3474 5340 tunc
3493 5275 3723 5335 auferetur

2193 5394 2263 5450 de
2292 5392 2455 5449 corde
2487 5380 2713 5444 Iudaico
2742 5384 2918 5440 omnis
2948 5381 3165 5444 duritia,
3198 5392 3319 5449 quze
3356 5371 3507 5444 lapidi
3539 5374 3718 5431 comin-

2194 5495 2345 5544 ratur
2371 5502 2384 5539 :
2409 5492 2465 5540 et
2498 5496 2596 5552 pro
2627 5479 2838 5551 lapideo
2882 5477 3045 5532 corde
3083 5474 3143 5529 iit
3182 5487 3275 5527 cor
3315 5478 3555 5525 caruequ
3584 5450 3720 5552 inulte

2191 5588 2251 5636 et
2273 5550 2543 5639 tenerum,
2571 5550 2716 5645 quod
2741 5570 2993 5642 spiritum
3020 5567 3115 5624 Dei
3145 5566 3200 5621 in
3227 5578 3286 5619 se
3313 5557 3477 5633 possit
3499 5550 3718 5645 recipere,

2193 5632 2250 5729 ἑὲ
2272 5632 2493 5725 ageam
2518 5632 2716 5721 inieris
2741 5632 3091 5720 salutaribus.
3118 5651 3320 5748 (Cres)
3344 5632 3717 5748 (ξοτξξξιίιῖνῗξξῗ

2193 5718 2769 5833 ἶιέιίξιῖιῖἶὸύίὶζέιίηὶ
2796 5769 2828 5811 a
2865 5751 3022 5811 nobis
3061 5718 3324 5821 superbire
3358 5730 3588 5798 duritiam
3616 5718 3718 5780 sub-
