3972 6184
248 286 363 358 asa
1172 248 1539 364 conlatam:
1560 300 1629 359 1N
1666 293 2126 360 cacumen.
2157 325 2228 344 ά
2264 304 2393 362 ιω.
2434 298 2573 364 xm.
2708 364 2721 370 _
3420 316 3523 376 sas

245 424 452 492 trahit;
492 424 548 479 et
574 425 672 479 cur
706 426 964 478 eameam
994 413 1204 489 tribuit,
1230 428 1353 479 cuni
1389 423 1632 480 eamdem
1660 421 1833 494 proti-
1860 425 1910 487 Α
1938 412 1994 496 (1
2015 421 2139 479 Cor.
2166 422 2249 497 v),
2276 422 2492 497 quando
2520 436 2710 498 azyma
2744 427 3077 485 sinceritatis
3103 435 3159 486 et
3185 430 3444 494 veritatis,
3471 443 3538 488 ct‘

245 530 353 571 nus
377 517 619 570 nostram
642 512 899 568 duritiam
933 513 1000 568 ad
1035 514 1447 569 sensibilitatem
1477 504 1655 569 ‘vertit.
1684 512 1841 585 (Hie-
1941 511 2065 581 agni
2110 512 2364 569 carnibus
2410 513 2697 581 vescimur,
2749 524 2804 572 et
2847 532 3059 573 cruore
3083 527 3352 588 putamur,
3389 529 3450 575 et’
3475 522 3545 574 in‘

245 604 392 679 ron.)
414 604 565 660 Tunc
587 602 938 659 ambulabunt
953 603 1007 658 in
1028 606 1312 676 praeceptis
1338 594 1641 670 Domini,ct
1654 612 1845 659 custov
1940 608 2145 672 septem
2180 603 2606 662 hebdomadibus
2643 614 2698 660 et
2728 606 2783 661 in
2826 606 3194 663 tabernaculis
3227 608 3386 678 hujus
3428 626 3525 666 sane

243 698 401 755 dient
426 694 631 769 judicia
676 694 817 763 ejus,
846 703 901 750 et
927 695 1250 752 habitabant
1289 687 1343 753 in
1371 702 1516 753 terra
1543 694 1840 752 confessio-
1938 692 2045 748 culi
2066 694 2278 764 Domini
2303 694 2439 750 festa
2471 696 2832 764 celebramus,
2868 706 2938 753 ut‘
2965 693 3213 756 civitates
3255 702 3527 771 quondam

243 786 363 872 nis,
381 799 544 856 quam
588 783 815 840 dederat
851 785 1102 854 patribus
1134 793 1322 842 eorum
1359 776 1650 852 Abraham,
1685 783 1842 842 lsaac
1938 780 2167 839 desertae
2205 783 2379 853 plenae
2405 779 2537 840 ﬁant
2568 787 2823 858 gregibus
2869 789 3151 844 hominum
3184 803 3199 843 :
3234 799 3289 846 et
3318 791 3419 845 hac
3452 805 3529 844 ras

242 889 303 935 et
329 877 520 945 Jacoh,
550 884 609 933 et
630 876 841 933 cunctis
863 878 1067 935 sanctis
1093 892 1158 933 ac
1180 876 1481 949 prophetis,
1514 886 1568 934 et
1595 885 1757 934 erant
1782 877 1839 932 in

241 970 505 1044 populum
552 968 675 1036 Dei,
703 978 760 1025 et
789 969 1050 1026 Dominus
1079 969 1185 1025 erit
1225 970 1306 1025 eis
1356 968 1412 1024 in
1460 968 1652 1034 Deum,
1695 967 1840 1040 quod

242 1063 504 1134 pncsenti
533 1074 776 1135 tempore
802 1061 1204 1132 comprobatur.
1241 1059 1485 1129 Cumque
1509 1059 1700 1116 salvati
1726 1059 1840 1117 fue—

243 1154 380 1219 rint,
428 1154 655 1210 voeabit-
686 1153 946 1207 Dominus
999 1150 1329 1206 frumentum
1369 1159 1425 1206 et
1463 1148 1842 1220 multiplicabit

241 1242 419 1299 illud:
453 1261 472 1295 ε
502 1242 615 1299 Nisi
657 1242 803 1299 enim
831 1256 1056 1315 granum
1099 1241 1261 1296 tritici
1303 1241 1509 1297 cadens
1547 1240 1599 1295 in
1638 1250 1837 1295 terram

242 1342 520 1389 mortuam
546 1332 728 1398 fuerit,
760 1334 933 1403 ipsum
962 1331 1135 1388 solum
1175 1340 1357 1388 manet
1402 1330 1582 1404 (Joan.
1612 1330 1732 1403 xu).
1771 1331 1839 1386 Et

241 1417 584 1496 nequaquam
613 1424 887 1495 patientur
911 1422 1131 1488 famem,
1168 1442 1186 1474 ι
1220 1437 1326 1477 non
1352 1420 1548 1477 famem
1575 1423 1752 1493 panis,
1785 1429 1839 1477 et

241 1505 394 1571 sitim
452 1531 646 1586 aquae,
704 1514 797 1571 sed
845 1511 1045 1568 famem
1102 1512 1356 1568 audiendi
1402 1526 1681 1587 sermones
1742 1512 1837 1567 Dei

242 1608 458 1678 (Amos.
497 1606 637 1678 vm),
661 1620 824 1676 quam
862 1619 1057 1676 passus
1096 1612 1181 1659 est
1215 1602 1303 1657 ille
1325 1602 1415 1672 qui
1457 1618 1487 1657 a
1518 1612 1672 1672 patre
1715 1617 1840 1678 pro-

241 1674 445 1763 fectus,
473 1674 695 1751 omnem
732 1674 893 1765 quam
919 1699 1199 1762 acceperat
1226 1692 1580 1748 substantiam
1612 1674 1839 1761 dissipa-

1941 872 2086 929 tione
2110 883 2440 945 cognoscant
2480 876 2608 946 quia
2655 877 2770 946 ipse
2798 877 2870 933 sit
2898 878 3176 945 Dbmlnus,
3208 880 3298 950 qui
3335 889 3527 935 cuncta

1937 963 2270 1033 praestiterit.
2299 962 2425 1020 llaec
2445 962 2603 1035 juxta
2627 966 2870 1023 historia:
2897 969 3200 1034 veritatem,
3243 969 3352 1023 imo
3377 978 3526 1038 juxta

1935 1053 2234 1123 prophetia:
2265 1053 2447 1121 ﬁdem,
2492 1058 2762 1126 quomodo
2807 1058 3036 1129 populus
3074 1059 3243 1116 lsrael
3276 1061 3525 1117 restituat

1937 1143 1992 1199 in
2032 1145 2301 1217 integrum
2335 1155 2561 1209 statum.
2611 1156 2666 1205 et
2703 1148 2944 1221 reliquiae
2980 1150 3170 1222 populi
3195 1149 3527 1217 Iudaeorum,

1937 1238 2180 1310 apostolo
2203 1238 2372 1296 Paulo
2399 1241 2653 1308 docente,
2679 1241 2840 1297 salvae
2868 1243 2976 1297 sint
3000 1243 3055 1297 in
3084 1241 3362 1312 apostolis,
3391 1251 3445 1297 et
3474 1242 3528 1297 in

1935 1331 2187 1388 omnibus
2214 1325 2306 1402 qui
2335 1348 2404 1388 ex
2449 1329 2649 1391 Iudaeis
2688 1334 2745 1389 iri
2774 1332 3036 1406 principio
3070 1334 3439 1401 crediderunt,
3470 1343 3527 1389 et

1934 1435 2108 1492 usque
2134 1423 2297 1480 hodie
2333 1425 2561 1480 redeunt
2589 1425 2657 1480 ad
2695 1425 3016 1490 Ecclesiam,
3057 1423 3298 1481 breviter
3324 1424 3528 1481 dixisse

1936 1511 2167 1569 suillciat
2196 1531 2209 1568 :
2241 1529 2387 1570 nunc
2415 1513 2727 1586 tropologize
2755 1516 2944 1570 eadem
2980 1514 3247 1570 brevitate
3277 1515 3527 1585 aperien-

1936 1603 2038 1660 dus
2080 1614 2167 1661 est
2210 1619 2424 1661 sensus.
2470 1605 2791 1677 Quicunque
2816 1606 2883 1661 de
2909 1604 3071 1661 dumo
3119 1614 3203 1661 est
3243 1604 3432 1670 lsrael,
3470 1612 3529 1660 et

1933 1696 2112 1753 cernit
2134 1711 2318 1767 pacem
2344 1697 2565 1761 Christi,
2584 1713 2703 1768 quae
2725 1704 3016 1768 exsuperat
3035 1708 3249 1751 omnem
3279 1711 3523 1759 sensum,

240 1789 346 1854 vit,
402 1776 637 1860 quando,
687 1784 846 1841 famis
889 1782 1213 1840 necessitate
1255 1791 1499 1856 cogente.
1543 1796 1828 1852 porcorum
1856 1777 1906 1836 Β
1935 1787 2139 1843 habitat
2176 1788 2229 1843 in
2266 1796 2410 1845 terra
2452 1803 2572 1852 sua,
2597 1789 2698 1844 hoc
2723 1796 2826 1854 est,
2852 1788 3118 1854 Ecclesia,
3144 1787 3228 1844 vel
3259 1784 3312 1842 in
3342 1788 3525 1843 carnis

241 1886 432 1951 pastus
470 1880 556 1934 est
601 1874 813 1947 siliquis
855 1872 1005 1949 (Luc.
1051 1874 1163 1947 xv).
1193 1872 1346 1929 Tunc
1388 1872 1833 1943 multiplicabitur

240 1968 455 2027 fructus
476 1969 629 2040 ligni,
652 1968 755 2023 hoc
782 1975 866 2038 est
889 1966 1188 2039 sapientiae,
1211 1966 1277 2019 de
1297 1979 1404 2035 quo
1425 1963 1682 2033 scriptum
1708 1972 1790 2018 est
1815 1981 1829 2019 :

238 2057 475 2133 Liguum
505 2060 628 2115 vitae
655 2067 741 2115 est
773 2057 1022 2113 omnibus
1054 2056 1144 2127 qui
1176 2056 1462 2126 requirunt
1490 2069 1634 2119 eam,
1664 2063 1718 2109 et
1745 2069 1837 2126 ge-

238 2148 450 2206 uimina
480 2149 592 2223 agri
618 2149 672 2204 in
698 2145 1103 2204 similitudinem
1132 2145 1319 2211 Jacob,
1349 2144 1503 2214 cujus
1537 2145 1671 2201 odor
1692 2152 1831 2211 erat,

238 2243 399 2315 quasi
432 2260 452 2295 ι
486 2243 621 2299 odor
645 2242 761 2313 agri
789 2239 953 2311 lleni,
977 2239 1065 2295 cui
1093 2239 1367 2295 benedixit
1394 2238 1653 2293 Dominus
1678 2234 1830 2308 (Gen.

239 2335 442 2409 xxvii).
480 2354 502 2390 ι
533 2334 644 2391 Nec
677 2335 819 2389 ultra
845 2333 1139 2404 portabunt
1180 2331 1529 2402 opprobrium
1579 2329 1737 2386 {hirtis
1780 2328 1834 2385 in

238 2425 497 2501 gentibus
529 2425 672 2497 quod
697 2424 966 2495 hodieque
1009 2415 1317 2480 Iudaeorum
1357 2423 1560 2492 patitttr
1587 2423 1835 2478 incredu-

238 2512 394 2583 litas,
423 2514 519 2573 sed
562 2517 848 2588 postquam
888 2515 1278 2571 beatitudinem
1316 2513 1516 2569 fuerint
1537 2514 1832 2581 conseCutl,

241 2606 603 2665 imitabantur
624 2605 960 2677 Apostolum,
988 2605 1081 2676 qui
1107 2605 1276 2661 dicit:
1310 2625 1328 2657 ι
1356 2603 1471 2660 Non
1497 2620 1614 2659 sum
1643 2605 1836 2676 dignus

238 2700 430 2757 vocari
455 2698 745 2771 apostolus,
771 2698 895 2770 quia
923 2706 1240 2767 persecutus
1265 2711 1401 2751 sum-
1418 2694 1712 2749 Ecclesium
1742 2695 1835 2749 Dei

242 2792 297 2865 (1
331 2792 454 2849 Cor.
480 2784 593 2864 xv).
623 2806 643 2845 ›
671 2789 739 2845 Et
764 2789 1194 2846 recordabuntur
1219 2786 1426 2841 viarum
1457 2801 1677 2840 suarum
1709 2800 1834 2856 pes-

239 2878 525 2947 simarum,
549 2890 606 2938 et
654 2881 955 2938 studiorum
991 2894 1096 2935 non
1132 2878 1398 2933 bonorum
1431 2878 1626 2947 quibus
1667 2876 1837 2933 oll‘en-

240 2975 442 3033 derant
466 2972 655 3029 Deum.
700 2971 767 3027 Et
796 2971 1157 3042 displicebant
1190 2969 1270 3024 eis
1304 2967 1616 3038 iniquitates
1642 2980 1752 3024 suae
1781 2975 1837 3023 et

1902 1872 2191 1950 'h05pitio,
2215 1879 2357 1950 quod
2387 1878 2436 1936 ei
2467 1895 2498 1935 a
2526 1879 2753 1936 Domino
2787 1879 3040 1935 traditum
3070 1886 3171 1934 est.
3215 1876 3309 1932 Sin
3339 1888 3519 1962 autem

1935 1969 2186 2041 polluerit
2213 1978 2499 2039 utramque
2529 1978 2731 2025 terram
2770 1969 2822 2023 in
2851 1968 2953 2023 viis
2999 1968 3114 2023 suis
3152 1965 3424 2037 pessimis,
3469 1970 3524 2019 et

1937 2060 2290 2117 immunditize
2316 2059 2559 2115 mulieris
2596 2067 2945 2115 menstruatac
2971 2058 3134 2113 fuerit
3155 2065 3520 2126 comparatus,

1935 2151 2159 2208 eli'undit
2199 2152 2339 2208 Deus
2384 2150 2806 2223 indignationem
2856 2164 3007 2205 suam
3055 2164 3218 2218 super
3260 2162 3383 2203 eum
3422 2160 3525 2216 pro

1935 2243 2197 2315 sanguine
2221 2242 2306 2299 vel
2345 2258 2463 2306 suo,
2486 2242 2569 2298 vel
2599 2257 2786 2300 eorum
2820 2255 2955 2312 quos
2976 2238 3444 2303 seandalizaverit,
3470 2242 3525 2291 et

1935 2330 2187 2391 effuderit
2217 2340 2381 2404 super
2418 2342 2619 2388 terram
2662 2342 2717 2387 et
2759 2331 3031 2401 perversis
3074 2327 3521 2401 cogitationibus,

1935 2425 2133 2495 quibus
2161 2418 2350 2493 polluit
2387 2438 2529 2476 eam.
2559 2421 2710 2483 Tunc
2746 2422 3087 2492 dispergetur
3128 2420 3180 2473 in
3212 2427 3421 2491 gentes,
3462 2428 3523 2472 ut

1937 2509 2226 2572 incredulis
2253 2523 2564 2585 coaeqnctur
2580 2524 2642 2570 et
2670 2513 3017 2570 ventilabitur
3063 2512 3119 2566 in
3162 2519 3305 2565 terra
3350 2510 3524 2565 instar

1934 2601 2230 2678 micarum,
2262 2613 2322 2660 ut
2355 2623 2386 2662 a
2419 2605 2687 2661 frumento
2717 2598 2968 2660 Ecclesiae
2997 2612 3279 2673 separetur
3305 2610 3358 2656 et
3374 2600 3524 2671 jndi-

1935 2707 2091 2754 cetur
2135 2698 2431 2752 secundum
2465 2696 2581 2751 vias
2612 2711 2757 2751 suas.
2794 2694 2948 2762 Quod
2973 2695 3017 2749 si
3044 2708 3144 2749 nec
3172 2693 3252 2747 sic
3294 2690 3527 2747 senserit

1935 2797 2214 2860 peccatum
2242 2804 2421 2854 suum,
2445 2786 2539 2844 sed
2581 2787 2830 2858 polluerit
2869 2801 3062 2841 nomen
3100 2796 3346 2841 sanctum
3387 2780 3522 2850 ejus,

1936 2878 2117 2934 dicent
2136 2888 2344 2941 omnes,
2388 2878 2528 2933 inter
2559 2892 2696 2949 quos
2741 2876 3070 2932 habitaverit
3096 2893 3109 2928 :
3135 2874 3272 2929 Ecce
3300 2871 3528 2943 populus

1936 2966 2053 3033 Dei,
2078 2973 2205 3023 ecce
2252 2967 2343 3037 qui
2375 2980 2624 3040 egressus
2659 2974 2744 3021 est
2782 2966 2850 3021 de
2896 2974 3038 3019 terra
3083 2964 3219 3035 cjus,
3262 2965 3369 3019 imo
3402 2977 3527 3032 pro-

240 3063 453 3122 scelera
496 3076 614 3129 sua,
660 3061 856 3132 quibus
898 3060 1049 3132 prius
1093 3066 1434 3115 erraverunt.
1481 3057 1608 3112 llaec
1653 3068 1833 3113 autem
1930 3058 2111 3131 ﬁctus
2138 3081 2152 3114 :
2177 3059 2258 3115 sin
2295 3069 2474 3115 autem
2503 3059 2711 3132 egerint
2737 3058 3110 3129 paenitentiam
3137 3066 3191 3111 et
3220 3056 3526 3111 sanctiﬁca-

240 3157 428 3213 omnia
466 3155 767 3211 tributuras
794 3162 879 3210 est
905 3152 1185 3217 Dominus,
1218 3166 1325 3206 non
1363 3161 1583 3220 propter
1619 3166 1714 3206 eos
1743 3151 1833 3221 qui
1861 3164 1907 3226 ο
1939 3162 2026 3208 tus
2048 3151 2200 3208 fuero
2231 3151 2285 3207 in
2309 3151 2487 3207 medio
2508 3165 2719 3216 eorum,
2742 3160 2871 3207 tunc
2900 3150 3078 3204 omnis
3104 3148 3340 3218 gentium
3370 3145 3526 3201 turba

238 3248 467 3321 proprio
485 3262 673 3303 errore
696 3246 998 3318 perierunt,
1013 3245 1105 3300 sed
1131 3250 1353 3315 propter
1371 3257 1566 3297 nomen
1588 3252 1834 3298 sanctum

240 3353 428 3395 suum.
460 3324 614 3401 Unde
641 3344 902 3407 provocat
928 3336 1147 3390 domum
1174 3332 1358 3398 Israel,
1384 3340 1444 3387 ut
1478 3330 1839 3388 confundatur

238 3440 301 3489 et
324 3431 611 3486 erubescat
636 3443 798 3499 super
823 3425 1095 3498 prioribus
1115 3417 1281 3490 vitiis,
1307 3431 1361 3479 et
1387 3439 1543 3478 suum
1572 3421 1840 3495 intelligat

237 3531 574 3578 creatorem.
601 3519 893 3591 Postquam
923 3526 1102 3573 autem
1130 3515 1473 3572 mandaverit
1502 3515 1836 3572 credentium

239 3629 316 3670 ex
348 3610 549 3667 Iudaeis
575 3610 827 3682 populum
854 3608 924 3665 ab
949 3608 1326 3679 iniquitatibus
1349 3608 1483 3674 suis,
1513 3615 1568 3663 et
1600 3602 1836 3663 habitari

239 3701 441 3766 fecerit
463 3701 626 3756 urbes
650 3698 923 3765 Ecclesiae,
952 3705 1007 3754 et
1037 3696 1420 3753 instauravcrit
1446 3690 1683 3760 ruinosa,
1719 3712 1839 3767 qua:

240 3791 302 3848 in
332 3790 618 3862 synagogis
640 3786 1007 3854 conciderant,
1035 3795 1091 3842 et
1123 3796 1265 3843 terra
1289 3784 1648 3843 confessionis
1678 3784 1840 3841 fuerit

241 3879 460 3937 exculta
483 3878 824 3935 caeremoniis
843 3878 959 3945 Dei,
989 3893 1110 3948 quae
1134 3876 1403 3948 quondam
1432 3877 1544 3932 visa
1576 3884 1657 3931 est
1685 3879 1841 3932 deso-

224 3971 359 4039 Jata
412 3969 664 4025 omnibus
716 3969 950 4034 sanctis,
999 3967 1091 4038 qui
1140 3974 1368 4023 terrenae
1407 3964 1839 4022 conversationis

242 4072 415 4133 opera
462 4068 828 4132 praetereunt;
870 4069 998 4116 tunc
1041 4074 1232 4115 omnes
1290 4058 1473 4114 dicent
1508 4075 1521 4112 :
1557 4056 1838 4126 Quomodo

244 4158 396 4212 terra
424 4154 628 4219 Iudaea,
660 4170 781 4229 qua:
807 4154 1076 4224 quondam
1104 4151 1284 4208 fuerat
1306 4150 1532 4216 inculta,
1564 4166 1708 4205 [tunc
1742 4151 1838 4205 ha-

243 4247 345 4304 bet
385 4245 791 4303 similitudinem
830 4243 1069 4316 paradisi
1116 4243 1235 4309 Dci,
1274 4251 1331 4299 et
1374 4243 1624 4298 civitates
1662 4240 1836 4308 Judac,

243 4343 373 4407 qua:
402 4335 627 4392 desertae
665 4334 880 4390 fuerant
912 4342 969 4390 et
1006 4334 1294 4397 destitutae,
1330 4342 1384 4389 et
1419 4349 1515 4388 sua
1543 4328 1835 4388 incredulia

244 4434 364 4484 tate
387 4424 651 4493 suffossae,
678 4441 822 4481 nunc
840 4435 1037 4482 erectae
1056 4433 1111 4482 ct
1142 4425 1362 4480 munitae
1388 4433 1512 4480 sunt
1540 4426 1591 4480 in
1620 4425 1836 4481 confess

1938 3248 2230 3314 cngnoscet
2253 3242 2394 3312 quod
2423 3252 2523 3312 ego
2553 3252 2647 3298 eas
2678 3235 2859 3296 tollam
2894 3243 2961 3297 de
2993 3239 3153 3296 tet-iis
3181 3238 3231 3293 in
3267 3252 3402 3312 quas
3443 3237 3524 3290 di»

1936 3334 2107 3405 spersi
2135 3341 2317 3399 erant,
2348 3339 2403 3388 et
2432 3328 2686 3388 reducam
2716 3332 2770 3385 in
2804 3341 3006 3387 terram
3041 3332 3314 3387 Ecclesiae.
3360 3334 3422 3387 l-It
3450 3334 3529 3386 ef-

1936 3418 2158 3480 fundam
2183 3432 2346 3494 super
2373 3421 2492 3479 illos
2520 3430 2860 3492 nequaquam
2889 3435 3058 3493 aquas
3096 3422 3346 3491 baptismi
3377 3422 3516 3476 salu-

1938 3513 2092 3582 taris,
2121 3516 2216 3573 sed
2244 3528 2413 3586 aquas
2436 3510 2700 3570 doctrina;
2725 3522 2779 3571 et
2808 3514 3073 3569 sermonis
3111 3513 3225 3568 Dei.
3258 3513 3335 3567 Et
3373 3529 3526 3566 mun-

1936 3608 2077 3668 daho
2105 3604 2227 3676 illos
2253 3610 2322 3666 ab
2345 3603 2598 3665 omnibus
2625 3606 3047 3678 inquinamentis
3070 3606 3202 3672 suis,
3229 3615 3283 3660 et
3311 3605 3379 3658 ab
3407 3606 3528 3659 uni-

1935 3697 2109 3758 versis
2132 3696 2290 3758 idolis
2310 3708 2472 3770 atque
2495 3688 2791 3763 Mroribus,
2817 3712 2937 3768 qua:
2962 3696 3017 3751 in
3043 3711 3140 3751 suo
3179 3695 3341 3751 corde
3362 3695 3526 3750 simu-

1937 3786 2201 3849 laverant.
2230 3791 2297 3846 Et
2335 3791 2491 3855 dabo,
2524 3789 2719 3860 inquit,
2750 3789 2831 3844 eis
2871 3803 2967 3844 cor
3003 3803 3221 3853 novum,
3253 3788 3394 3857 quod
3427 3804 3526 3858 per

1936 3892 2215 3954 peccatum
2242 3881 2614 3952 perdiderant,
2642 3887 2698 3935 et
2732 3878 2980 3950 spiritum
3008 3886 3216 3934 rectum
3260 3877 3527 3933 innovabo

1939 3966 1993 4028 in
2023 3971 2278 4027 cordibus
2312 3984 2500 4030 eorum
2546 3967 2721 4041 (Ptol.
2767 3966 2842 4040 ι).
2873 3968 2940 4023 Et
2978 3967 3221 4023 auferam
3261 3982 3357 4023 cor
3389 3967 3526 4038 lapi-

1938 4063 2118 4129 deum,
2163 4077 2261 4119 cor
2298 4050 2553 4117 videlicet
2597 4060 2958 4117 incredulmn.
3008 4059 3077 4113 Et
3113 4057 3251 4115 dabo
3282 4074 3380 4114 cor
3403 4074 3527 4114 car-

1939 4167 2099 4212 ncum
2140 4155 2300 4211 molle
2323 4162 2379 4210 et
2406 4163 2676 4220 tenerum,
2706 4152 2850 4223 quod
2892 4151 2988 4206 Dei
3033 4160 3301 4222 praecepta
3349 4150 3525 4206 suscid

1937 4257 2076 4330 piat,
2107 4255 2182 4310 ita
2221 4263 2283 4310 ut
2319 4255 2601 4311 ambulent
2629 4255 2683 4310 in
2720 4252 3005 4324 praeceptis
3034 4252 3188 4319 meis,
3229 4260 3286 4306 et
3327 4250 3527 4306 faciant

1933 4345 2161 4418 judicia,
2190 4355 2311 4416 quae
2333 4344 2484 4415 prius
2509 4343 2880 4416 neglexerant.
2911 4342 2980 4396 Et
3019 4341 3258 4396 habitent
3298 4340 3351 4394 in
3382 4349 3524 4395 terra
3554 4368 3563 4379 -

1940 4454 2105 4511 quam
2143 4436 2399 4493 dederam
2444 4436 2686 4507 patribus
2725 4447 2932 4494 eorum,
2972 4431 3245 4500 magistris
3277 4430 3528 4486 videlicet

240 4514 404 4577 sione
445 4527 502 4577 et
548 4520 768 4576 nomine
812 4518 1024 4576 Domini
1067 4519 1398 4574 Salvatoris?
1440 4518 1513 4573 lta
1560 4528 1619 4575 ut
1658 4517 1837 4575 omnis
1862 4517 1915 4577 Β
1941 4542 2103 4603 atque
2132 4528 2463 4587 doctoribus,
2489 4525 2557 4580 Et
2579 4538 2793 4580 rursum
2826 4524 2898 4578 sit
2929 4521 3157 4593 populus
3178 4520 3297 4587 Dei,
3325 4528 3379 4575 ει
3420 4521 3527 4576 Do-

239 4618 499 4667 creatura
522 4620 837 4683 cognoscat,
864 4620 919 4666 et
947 4609 1322 4667 multitudines
1356 4610 1691 4683 angelorum,
1715 4620 1835 4681 quae

241 4709 453 4759 tcrmm
504 4701 750 4757 ambiunt
797 4700 989 4766 Israel,
1043 4699 1186 4772 quod
1240 4701 1500 4757 Dominus
1549 4701 1837 4772 dissipatas

240 4787 603 4852 adiﬁeaverit
630 4793 898 4857 civitates,
939 4793 1254 4849 euincultas
1290 4792 1612 4863 plantavcrit
1658 4793 1837 4864 regio-

240 4900 373 4952 nes,
408 4895 465 4942 et
501 4885 642 4957 quod
678 4884 946 4956 pollicitus
996 4882 1176 4940 fuerat
1214 4900 1311 4956 per
1345 4878 1636 4956 praphetas
1672 4901 1836 4956 opere

243 4977 620 5048 rutnpleverit.
655 4974 769 5032 Nec
796 4976 899 5032 hoc
921 4976 1026 5031 erit
1069 4975 1409 5053 liberalitatis
1441 4992 1551 5032 suae
1586 4976 1638 5031 in
1669 4993 1836 5048 popu-

244 5070 386 5134 lum,
414 5084 574 5139 quem
602 5066 895 5123 saivaverit
932 5076 1218 5125 contentus
1254 5084 1499 5136 munere,
1538 5069 1632 5125 scd
1669 5070 1837 5126 multo

243 5157 458 5227 majora
484 5158 778 5228 praestabit.
807 5156 1114 5214 Invenietur
1131 5160 1277 5214 enim
1299 5175 1329 5214 a
1350 5160 1507 5215 domo
1532 5158 1715 5226 lsrael,
1730 5162 1836 5232 qui

242 5249 423 5308 multo
458 5259 700 5322 tempore
733 5255 992 5321 quaesitas
1030 5250 1204 5306 fuerat
1241 5260 1295 5309 et
1319 5268 1428 5308 non
1464 5253 1729 5311 inventus.
1771 5254 1840 5310 Et

242 5352 537 5415 ρωιψιθω
585 5342 853 5397 invenerit
903 5357 1026 5398 enm
1052 5383 1067 5409 ,
1123 5340 1497 5415 multiplicabit
1550 5360 1643 5402 eos
1696 5346 1840 5401 sicut

242 5447 421 5491 oves:
453 5448 562 5489 non
604 5435 884 5491 hrutorum
924 5436 1310 5504 animantium,
1356 5439 1450 5494 sed
1497 5455 1626 5496 oves
1663 5440 1838 5495 homi-

248 5540 406 5591 num,
435 5524 530 5596 qui
557 5525 784 5582 rationis
821 5525 1280 5597 confcssionisque
1328 5536 1455 5583 sunt
1491 5529 1654 5600 pleni,
1697 5531 1839 5585 sicut

250 5632 382 5672 aves
410 5624 724 5673 sanctorum
746 5625 801 5672 et
823 5632 1013 5690 greges
1038 5617 1392 5686 Hierusalem,
1420 5620 1471 5675 in
1496 5636 1596 5692 qua
1620 5621 1836 5692 proprie

255 5700 351 5765 Dei
380 5708 559 5765 cultus
587 5717 644 5765 et
671 5708 806 5765 visio
844 5709 995 5779 pacis
1035 5718 1117 5766 est
1157 5709 1209 5766 in
1253 5702 1680 5769 solemnitatibus
1719 5705 1836 5781 eius

1941 4620 2120 4677 minus
2145 4618 2227 4674 eis
2248 4623 2492 4672 vertatur
2508 4614 2562 4668 in
2585 4613 2772 4675 Deum,
2800 4627 2963 4682 quem
2994 4610 3145 4681 prius
3168 4609 3522 4666 offenderant.

1941 4704 2094 4767 Tunc
2123 4709 2479 4779 salvabuntur
2514 4704 2583 4760 ab
2620 4702 2886 4759 universis
2933 4702 3356 4774 inquinamentis
3392 4705 3525 4771 suis,

1939 4810 1997 4858 et
2024 4797 2468 4871 multiplicabitur
2484 4796 2564 4852 eis
2578 4794 2927 4860 frumentum,
2946 4794 3012 4849 de
3038 4808 3144 4863 quo
3165 4794 3395 4850 etlicitur
3415 4812 3525 4852 cte-

1940 4888 2092 4949 lestis
2126 4891 2302 4963 panis,
2332 4898 2387 4945 et
2425 4904 2529 4943 non
2552 4886 2828 4959 patientur
2856 4884 2998 4942 ultra
3026 4885 3225 4942 famem
3257 4889 3527 4944 sermonis

1940 4980 2058 5040 Dei.
2085 4976 2150 5037 Et
2165 4978 2609 5053 multiplicabitur
2635 4977 2687 5031 in
2708 4977 2787 5032 eis
2802 4975 3007 5047 lignum
3030 4978 3328 5048 sapientiae,
3349 4987 3404 5033 et
3426 4994 3517 5050 ge-

1941 5075 2142 5130 nimina
2176 5074 2228 5128 in
2272 5085 2459 5127 eorum
2488 5077 2705 5139 pectore
2752 5068 3184 5139 complebantur.
3216 5068 3327 5125 Nec
3362 5083 3518 5124 erunt

1940 5166 2082 5221 ultra
2104 5162 2457 5235 opprobrium
2483 5162 2537 5216 in
2559 5161 2830 5233 gentibus,
2850 5161 2943 5216 sed
2962 5170 3246 5232 postquam
3270 5160 3521 5215 misertus

1938 5274 2126 5316 corum
2161 5257 2321 5313 fuerit
2359 5256 2520 5323 Deus,
2569 5254 2999 5310 recordabuntur
3046 5253 3253 5308 viarum
3299 5267 3518 5306 suarum

1938 5345 2316 5418 pessimarum.
2364 5343 2431 5397 Et
2464 5341 2637 5398 scient
2675 5342 2764 5397 ubi
2808 5341 3047 5397 fuerint:
3080 5353 3136 5397 et
3166 5340 3520 5410 displicebant

1938 5436 2040 5492 siti
2072 5436 2126 5490 in
2172 5432 2547 5504 iniquitatibus
2575 5431 2709 5498 suis,
2748 5431 2892 5503 quod
2932 5430 3062 5485 dicit
3110 5431 3367 5487 Dominus
3412 5446 3519 5485 non

1936 5535 2156 5599 propter
2179 5526 2318 5591 illos,
2336 5525 2429 5581 sed
2456 5532 2676 5596 propter
2698 5539 2851 5579 suam
2872 5539 2933 5579 se
2954 5522 3132 5579 facere
3153 5521 3516 5578 clementiam.

1942 5620 2092 5676 Unde
2112 5627 2167 5674 ct
2186 5618 2500 5674 cohortatur
2524 5625 2791 5680 errantes,
2822 5622 2880 5670 ut
2899 5614 3297 5671 confundantur
3324 5625 3379 5670 et
3401 5630 3525 5670 erus

1936 5710 2162 5769 bescant
2188 5708 2243 5765 in
2278 5706 2380 5763 viis
2404 5706 2539 5776 suis,
2567 5714 2621 5764 et
2660 5704 3015 5763 restituantur
3042 5703 3097 5761 in
3137 5704 3298 5762 urbes
3328 5704 3518 5762 Eccle»
