3972 6184
491 289 595 348 859

1129 286 1193 342 Β.
1231 285 1482 342 RABANI
1519 285 1738 350 MAURI
1773 278 2092 342 ARClllEP.
2137 285 2446 342 MOGUNT.
2481 281 2764 343 OPERUM
2799 286 2982 376 PARS
3019 287 3059 343 ll

3654 292 3756 346 869

492 407 609 470 sire,
640 417 760 474 qum
789 417 1002 458 rursum
1030 401 1303 458 habitetur
1329 401 1398 456 ab
1425 399 1534 464 cis;
1567 407 1622 454 et
1661 398 1844 456 omnia
1872 413 1991 467 qua:
2018 396 2073 454 in
2103 403 2148 460 Α
2183 417 2201 450 ι
2239 398 2464 454 ticinare
2491 407 2542 455 et
2566 399 2714 456 dices
2743 400 2808 455 ad
2828 414 2958 455 cos:
2987 399 3114 456 [hec
3143 399 3273 456 dicit
3295 399 3562 464 Dominus
3582 402 3753 462 Deus:

492 496 575 551 eis
602 499 941 555 corruerant,
985 490 1332 554 aedificentur,
1379 499 1435 544 et
1477 489 1545 544 ad
1573 487 1831 558 pristinas
1855 487 2079 544 redeant

496 583 864 640 caeremonias.
905 582 975 636 Et
1013 588 1154 636 terra
1181 579 1450 650 quondam
1481 579 1718 644 deserta,
1764 594 1884 648 quae
1927 595 2080 633 acco-

495 673 564 730 lis
604 681 660 729 et
705 671 1024 742 peregrinis,
1071 679 1125 724 et
1170 670 1354 724 mundi
1403 669 1562 738 hujus
1613 670 2078 726 conversationem

497 760 918 827 transeuntibus,
965 760 1078 815 visa
1129 759 1302 814 fuerat
1351 759 1624 824 deSolata,
1669 767 1973 814 revertatur
2026 759 2080 814 in

493 851 780 920 pristinum
831 860 1048 906 statum.
1099 849 1408 920 Omnesque
1460 850 1722 904 mirentur
1762 859 1818 905 et
1853 851 2076 905 dicant:

493 942 660 996 Terra
683 943 772 997 illa
802 942 1024 1008 inculta,
1051 950 1194 997 terra
1222 943 1457 1006 deserta,
1487 943 1542 997 in
1567 958 1672 1012 qua
1699 959 1887 999 omnes
1909 960 2080 1014 quon-

493 1033 616 1086 dam
654 1034 866 1104 pericre
890 1035 1150 1098 virtutes,
1197 1049 1338 1088 nunc
1383 1033 1529 1089 facta
1572 1043 1658 1088 est
1695 1035 1852 1105 quasi
1891 1036 2082 1092 hortus

490 1123 786 1194 voluptatis
831 1133 889 1180 et
929 1125 1211 1196 paradisus
1247 1127 1361 1180 Dei.
1400 1126 1468 1181 Et
1516 1127 1764 1182 civitates
1807 1129 2080 1198 quondam

491 1211 738 1280 desertae,
769 1233 890 1288 qua:
919 1219 1085 1273 Deum
1117 1218 1390 1288 hospitem.
1425 1234 1532 1273 non
1574 1219 1866 1285 habebant,
1895 1229 1947 1275 et
1989 1220 2082 1275 dc-

490 1307 696 1364 stitutze
715 1318 870 1364 erant
906 1325 938 1364 a
976 1309 1179 1380 Spiritu
1212 1319 1398 1365 sancto
1427 1317 1482 1365 et
1523 1309 1762 1366 suffossa:
1791 1311 2081 1366 increduli-

492 1411 607 1458 tate
647 1404 812 1460 unitaa
854 1415 1010 1460 erant
1067 1403 1170 1460 fide
1217 1404 1440 1468 Christi,
1493 1411 1552 1458 ut
1583 1404 1758 1459 sciant
1786 1419 1976 1460 omnes
2023 1405 2080 1460 in

490 1493 746 1558 circuitu.
771 1494 914 1564 quod
943 1495 1199 1550 Dominus
1223 1493 1574 1548 aedificaverit
1603 1493 1814 1548 animas
1848 1493 2080 1564 dissipa-

491 1592 578 1642 tas
597 1597 651 1640 et
673 1584 994 1655 plantaverit
1020 1584 1073 1638 in
1103 1582 1204 1646 eis,
1231 1591 1394 1653 atque
1431 1583 1737 1638 conseverit
1762 1591 2080 1638 cunctarum

494 1671 752 1724 virtutum
791 1669 1031 1733 arbores,
1059 1677 1114 1722 et
1139 1669 1252 1739 ipse
1281 1669 1444 1723 rebus
1466 1669 1800 1738 praestiterit,
1825 1686 1946 1740 qua:
1971 1685 2082 1724 ser-

2183 509 2202 539 ι
2240 489 2379 546 Ecce
2411 505 2511 562 ego
2539 491 2780 562 aperiam
2815 491 3050 547 tumulos
3075 501 3302 559 vestros,
3332 502 3388 547 ct
3413 493 3644 548 educam
3669 509 3759 550 vos

2184 600 2202 632 α
2239 581 2304 636 de
2331 582 2594 652 'scpulcris
2622 582 2838 648 vestris,
2869 583 3100 654 populus
3121 598 3290 648 meus,
3314 592 3370 639 et
3398 585 3648 639 inducam
3671 601 3758 642 vos

2183 690 2200 721 ι
2241 671 2293 726 in
2345 679 2542 726 terram
2596 670 2760 727 Israel
2791 689 2803 725 :
2838 680 2894 727 et
2943 673 3128 728 scietis
3161 675 3284 744 quia
3337 690 3436 745 ego
3484 673 3755 738 Dominus,

2185 781 2202 812 ς
2243 777 2364 814 cum
2393 775 2656 831 aperuere
2695 761 2936 832 sepulcra
2967 769 3170 828 vestra,
3205 770 3260 817 et
3302 763 3541 818 eduxere
3569 779 3664 818 vos
3696 765 3758 820 de

2183 872 2201 903 ι
2243 852 2458 909 tumulis
2494 854 2704 918 vestris,
2737 851 2964 924 populus
2991 867 3164 916 meus,
3190 863 3245 906 et
3289 853 3488 909 dedero
3516 854 3757 923 spiritum

2185 964 2204 997 ι
2241 961 2420 1000 meum
2454 945 2508 1000 in
2545 945 2714 1008 vobis,
2757 954 2810 999 et
2851 944 3131 1010 vixeritis;
3177 953 3232 1000 ct
3276 945 3620 1014 requiescere
3667 963 3757 1002 vos

2184 1055 2204 1088 ‹
2243 1035 2434 1092 faciam
2462 1051 2626 1107 super
2656 1037 2880 1092 humum
2908 1045 3164 1100 vestram,
3209 1044 3264 1089 et
3299 1037 3484 1091 scietis
3513 1037 3639 1106 quia
3667 1053 3756 1108 ego

2184 1148 2202 1179 ι
2241 1109 2504 1183 Βοωὶηυέ
2525 1125 2734 1184 locutus
2760 1142 2878 1181 sum
2905 1133 2958 1179 et
2985 1125 3113 1188 feci,
3155 1125 3231 1179 ait
3259 1125 3520 1182 Dominus
3547 1126 3706 1182 Deus.
3736 1149 3752 1179 ›

2181 1215 2450 1287 (Ηὶενοη.)
2475 1216 2702 1271 Famosa
2729 1224 2811 1272 est
2838 1215 2998 1280 visio,
3034 1223 3091 1271 et
3127 1216 3365 1294 omnium
3398 1215 3756 1272 Ecclesiarum

2180 1306 2380 1363 Christi
2411 1307 2640 1362 lectione
2665 1307 2953 1363 celebrata.
2984 1306 3084 1374 Qui
3111 1321 3240 1377 ergo
3268 1316 3458 1376 putant
3491 1309 3758 1372 deresur-

2180 1401 2442 1466 rectione,
2471 1415 2590 1471 quae
2637 1400 2707 1456 ab
2747 1399 2996 1455 omnibus
3023 1407 3075 1454 et
3116 1395 3314 1454 Judaeis
3341 1407 3397 1454 et
3441 1397 3758 1455 Christianis

2179 1492 2419 1548 creditur
2447 1493 2539 1548 Dei
2569 1507 2690 1548 esse
2724 1505 3051 1556 sermonem,
3084 1492 3199 1546 haec
3225 1490 3402 1546 solent
3426 1492 3632 1556 dicere,
3655 1493 3754 1547 Fa-

2179 1591 2267 1640 cta
2293 1591 2378 1640 est
2405 1598 2566 1654 super
2583 1583 2897 1653 prophetam
2922 1597 3115 1636 manus
3141 1581 3371 1647 Demini,
3395 1583 3501 1637 hoc
3523 1590 3630 1646 est,
3657 1581 3757 1638 Do-

2181 1677 2362 1731 minus
2385 1685 2546 1746 atque
2571 1674 2820 1730 Salvator
2843 1692 2855 1728 :
2882 1685 3044 1744 super
3065 1689 3224 1744 quem
3243 1673 3409 1728 Pater
3428 1682 3625 1730 cuncta
3645 1691 3758 1746 0pc-

491 1775 652 1816 mone
672 1761 936 1830 promisit.
963 1761 1306 1829 Rursumque
1326 1761 1642 1814 cohortatur
1657 1775 1833 1814 sermo
1853 1761 2078 1832 prophe-
2108 1754 2152 1814 Β
2181 1775 2332 1822 ratus
2354 1778 2478 1822 est;
2509 1785 2527 1819 ι
2561 1766 2752 1823 Omina
2777 1767 2920 1822 enim
2967 1767 3036 1821 ab
3074 1780 3141 1821 eo
3183 1765 3326 1820 facta
3367 1773 3518 1832 sunt,
3551 1775 3607 1821 et
3646 1767 3756 1822 sine

496 1851 638 1906 ticus
677 1852 1021 1922 pmoitentes,
1059 1860 1119 1905 ut
1161 1851 1324 1906 etiam
1370 1863 1494 1905 eum
1525 1850 1754 1922 regressi
1792 1850 1990 1906 fuerint
2025 1851 2079 1906 in

493 1941 770 2008 ecclesias,
808 1957 1023 2012 semper
1063 1943 1342 2012 requirant
1379 1943 1666 1998 Dominum
1713 1951 1770 1997 et
1807 1943 2082 1998 inveniant

491 2048 618 2090 eum
659 2051 673 2087 :
715 2042 774 2088 ut
822 2034 1244 2105 multiplicemur
1289 2034 1626 2089 redeuntium
1670 2033 1844 2088 turbis
1890 2049 2080 2106 greges

491 2122 729 2197 Domini,
756 2139 860 2178 non
883 2123 1250 2193 jumentorum
1289 2131 1345 2179 et
1373 2124 1656 2178 brutorum
1699 2123 2076 2187 animantium,

489 2215 588 2270 sed
614 2227 802 2285 greges
827 2213 1125 2280 hominum,
1156 2213 1246 2284 qui
1276 2212 1398 2268 ﬁdei
1423 2211 1754 2282 rationisque
1781 2213 1889 2266 sint
1913 2212 2078 2282 pleni,

489 2320 682 2378 greges
719 2305 914 2370 sancti,
962 2319 1152 2376 greges
1189 2305 1339 2381 urbis
1381 2301 1739 2368 Hierusalem,
1782 2302 1838 2358 in
1872 2303 2080 2358 cunctis

485 2393 942 2458 solemnitatibus,
982 2409 1118 2465 quas
1165 2393 1264 2449 Dei
1301 2392 1585 2448 clementia
1631 2402 1976 2464 receperunt,
2019 2401 2082 2448 ut

489 2494 775 2556 postquam
837 2487 1087 2542 civitates
1153 2484 1363 2541 Domini
1421 2481 1790 2553 hujuscemodi
1857 2499 2079 2557 gregum

491 2578 778 2634 multitudo
807 2577 1174 2650 compleverit,
1207 2584 1337 2632 tunc
1370 2576 1542 2634 sciant
1577 2591 1768 2633 onmes
1791 2577 1934 2648 quod
1966 2577 2080 2646 ipse

491 2668 566 2724 sit
587 2669 866 2726 Dominus.

1015 2779 1244 2837 CAPUT
1283 2779 1546 2836 XXXVII.

495 2864 572 2924 De
599 2867 1244 2952 generalilresurrectione
1270 2885 1290 2924 :
1318 2871 1382 2924 de
1400 2868 1642 2952 (ξιπξειος
1671 2879 1722 2952 et
1745 2870 1884 2952 quod
1905 2870 1960 2925 in
1985 2887 2080 2952 nos

563 2939 786 2994 cissimis
806 2939 986 2993 diebus
1003 2941 1220 3009 recipiet
1259 2956 1376 2994 eum
1415 2939 1448 2994 J
1457 2939 1562 2994 uda
1589 2949 1637 2995 et
1658 2939 1952 2995 Jerusalem
1972 2979 1987 3004 ,
2029 2951 2080 2995 et

559 3009 665 3066 erit
694 3025 828 3063 unus
853 3007 1096 3080 populus.

2178 1857 2296 1928 ipso
2346 1856 2546 1912 factum
2590 1865 2675 1912 est
2713 1855 2871 1922 nihil,
2909 1856 3054 1928 quod
3083 1855 3286 1910 factum
3311 1863 3397 1911 est
3431 1855 3616 1925 (Joan.
3647 1857 3706 1926 t).
3733 1877 3750 1910 ι

2184 1967 2202 2001 ι
2232 1947 2301 2002 Ει
2359 1947 2544 2003 eduxit
2584 1963 2692 2012 me,
2741 1947 2936 2018 inquit,
2970 1947 3021 2002 in
3061 1946 3254 2018 Spiritu
3305 1947 3546 2012 Domini;
3579 1966 3600 1999 ι
3634 1949 3754 2002 sub-

2179 2039 2394 2094 auditur
2423 2055 2614 2094 manus
2643 2039 2874 2094 Domini.
2901 2037 3099 2110 Eduxit
3125 2047 3305 2094 autem
3331 2039 3384 2094 in
3412 2039 3632 2109 spiritu,
3659 2057 3757 2095 non

2179 2131 2232 2186 in
2263 2147 2511 2202 corpore,
2553 2132 2842 2188 sed.extra
2872 2147 3087 2203 corpus.
3131 2131 3198 2186 Et
3234 2131 3414 2202 posuit
3455 2131 3606 2186 illum
3655 2133 3756 2188 sive

2179 2220 2385 2276 dimisit
2412 2221 2466 2280 in
2495 2221 2675 2277 medio
2695 2221 2896 2293 campi,
2923 2221 3014 2292 qui
3041 2221 3232 2292 plenus
3263 2229 3385 2277 erat
3402 2220 3659 2276 humanis
3683 2237 3759 2276 os-

2179 2313 2348 2370 sibus.
2379 2314 2491 2370 Nec
2517 2328 2642 2370 eum
2672 2323 2756 2371 est
2775 2329 2935 2386 passa
2976 2315 3338 2385 requiescere,
3367 2316 3462 2370 sed
3491 2315 3622 2371 fecit
3643 2331 3757 2372 ossa

2177 2405 2359 2460 omnia
2387 2405 2642 2471 circuire,
2663 2421 2783 2477 quae
2804 2421 2910 2460 non
2937 2414 3094 2461 erant
3119 2415 3304 2478 operta
3331 2407 3518 2473 humo,
3547 2407 3647 2463 sed
3673 2423 3756 2462 su-

2179 2509 2276 2568 per
2297 2509 2544 2566 campum
2575 2496 2833 2567 jacentia.
2872 2495 2980 2552 Nec
3021 2495 3194 2553 solum
3245 2497 3433 2560 multa,
3471 2497 3566 2553 sed
3596 2497 3756 2552 multa

2179 2587 2363 2654 nimis,
2382 2595 2439 2642 et
2467 2597 2687 2658 propter
2709 2588 2966 2658 temporis
2984 2596 3310 2644 vetustatem
3333 2589 3481 2644 arida
3511 2591 3758 2660 siccaque

2183 2678 2546 2744 vehementer,
2577 2688 2632 2734 et
2661 2678 2794 2733 nihil
2839 2679 2894 2733 in
2930 2678 3174 2734 humoris
3203 2679 3475 2736 habentia.
3519 2681 3754 2750 Cutnquc

2181 2766 2566 2839 interrogasset
2604 2783 2728 2824 eum
2774 2784 2953 2824 sermo
2991 2769 3203 2824 divinus
3247 2778 3429 2824 utrum
3469 2771 3756 2825 testimurct

2178 2859 2294 2916 haec
2313 2875 2437 2916 ossa
2461 2876 2620 2931 posse
2637 2861 2843 2924 vivere,
2871 2861 3148 2932 respondit
3173 2879 3185 2915 :
3217 2881 3235 2913 ε
3268 2861 3494 2917 Domine
3521 2853 3683 2926 Deus,
3705 2871 3754 2915 tu

2180 2953 2361 3020 nosti,
2417 2973 2437 3008 ι
2489 2953 2846 3034 qui.plcnam
2890 2955 3059 3011 habes
3107 2956 3390 3011 scientiam
3438 2955 3751 3012 futurorum.

2179 3042 2432 3114 Dixitque
2452 3043 2519 3098 ad
2545 3057 2668 3098 cum
2693 3043 2951 3099 Dominus
2977 3063 2990 3098 :
3021 3062 3040 3095 α
3061 3044 3366 3100 Vaticioare
3397 3044 3465 3100 de
3481 3046 3710 3108 ossibus,
3733 3065 3750 3096 ι

567 3136 588 3172 ι
624 3117 792 3174 Facta
815 3127 900 3173 est
927 3133 1088 3188 super
1113 3131 1200 3173 me
1227 3133 1419 3174 manus
1447 3118 1678 3184 Domini,
1705 3126 1759 3173 et
1778 3119 1962 3174 eduxit
1991 3135 2075 3176 me

2181 3127 2293 3182 sive
2320 3106 2483 3198 super
2499 3143 2623 3184 ossa
2640 3128 2774 3193 hanc,
2794 3147 2813 3180 ι
2847 3139 2902 3184 et
2923 3128 3070 3184 dices
3087 3127 3152 3183 ad
3177 3144 3238 3183 ea
3264 3149 3276 3182 :
3307 3129 3442 3184 Ossa
3467 3129 3639 3194 arida,
3669 3146 3755 3184 auo

492 3229 516 3266 ι
547 3209 604 3267 in
630 3207 823 3280 spiritu
852 3210 1063 3265 Domini
1096 3229 1109 3264 :
1142 3219 1196 3266 et
1237 3210 1441 3266 dimisit
1465 3226 1550 3266 me
1577 3211 1631 3266 in
1668 3213 1843 3268 medio
1873 3215 2069 3286 campi,

494 3318 520 3357 ι
550 3303 642 3373 qui
667 3311 786 3357 erat
812 3303 1004 3374 plenus
1031 3303 1266 3369 ossibus,
1293 3312 1350 3358 et
1383 3303 1744 3359 circumduxit
1780 3319 1865 3358 me
1894 3321 1990 3375 per
2009 3321 2072 3360 ea

491 3411 514 3448 ς
547 3391 604 3449 in
632 3407 784 3464 gyro.
822 3393 990 3447 Erant
1037 3400 1215 3447 autem
1255 3393 1421 3448 multa
1471 3393 1625 3449 valde
1673 3410 1836 3466 super
1877 3393 2072 3452 faciem

490 3502 514 3535 ι
554 3483 752 3552 campi,
784 3482 1034 3554 siccaque
1063 3485 1430 3540 vehementer.
1461 3485 1530 3540 Et
1557 3485 1691 3540 dixit
1717 3487 1784 3541 ad
1815 3502 1899 3542 me
1929 3505 1941 3541 :
1967 3487 2072 3543 Fili

493 3597 510 3628 ι
546 3576 800 3644 hominis,
822 3585 1050 3648 putasne
1072 3577 1253 3632 vivent
1271 3593 1392 3633 ossa
1419 3579 1556 3633 ista?
1577 3578 1645 3632 Et
1669 3578 1778 3633 dixi
1803 3597 1816 3632 ε
1847 3580 2072 3636 Domine

491 3687 511 3719 ι
547 3667 709 3734 Deus,
739 3676 794 3722 tu
825 3667 987 3723 nosti.
1021 3667 1088 3722 Et
1116 3669 1247 3724 dixit
1292 3671 1359 3724 ad
1401 3682 1488 3724 me
1514 3687 1528 3724 :
1559 3668 1866 3724 Vaticinare
1888 3669 1954 3724 de
1979 3685 2070 3725 os-

494 3776 511 3810 ι
548 3759 698 3814 sibus
719 3759 860 3824 istis,
887 3768 942 3815 et
961 3759 1108 3815 dices
1131 3760 1245 3816 eis:
1275 3761 1406 3816 Ossa
1431 3761 1604 3827 arida,
1633 3761 1815 3816 audite
1845 3760 2072 3816 verbum

493 3869 513 3902 ο
549 3851 761 3906 Domini
787 3869 802 3906 :
831 3851 946 3907 haec
971 3851 1101 3907 dicit
1125 3853 1383 3910 Dominus
1405 3854 1620 3910 ossibus
1646 3854 1731 3910 his
1759 3872 1774 3909 :
1807 3854 1947 3911 Ecce
1971 3869 2072 3925 ego

495 3965 512 3992 ι
551 3943 900 3998 intermittam
939 3944 993 3998 in
1033 3959 1130 4001 vos
1166 3945 1448 4017 spiritum,
1483 3955 1537 4002 et
1577 3947 1797 4014 vivetis;
1835 3957 1890 4004 et
1933 3947 2074 4003 dabo

497 4055 514 4082 ι
555 4047 718 4102 super
737 4048 830 4088 vos
857 4049 1072 4100 nervos,
1100 4044 1153 4091 et
1175 4051 1515 4093 succrescere
1541 4036 1732 4093 faciam
1775 4052 1937 4110 super
1975 4055 2071 4094 vos

498 4142 516 4174 ι
552 4137 762 4186 carnes,
805 4132 859 4178 et
889 4127 1336 4194 superextendam
1361 4128 1414 4182 in
1450 4128 1605 4183 vobis
1628 4137 1828 4195 cutem,
1853 4139 1907 4185 ct
1935 4130 2072 4186 dabo

501 4232 518 4263 ι
557 4213 706 4268 vobis
744 4213 992 4284 Spiritum
1031 4221 1088 4270 et
1110 4215 1324 4280 vivetis,
1362 4225 1419 4272 et
1461 4217 1642 4272 scietis
1683 4221 1808 4289 quia
1833 4235 1932 4291 ego
1962 4219 2070 4274 Do-

499 4325 516 4354 ι
557 4305 750 4362 minus.
792 4305 859 4361 Et
895 4307 1209 4378 pr0phetavi
1236 4307 1376 4362 sicut
1402 4320 1733 4378 prmcepcrat
1767 4309 1898 4364 mihi
1943 4327 1958 4368 :
1994 4309 2073 4364 fa-

499 4411 518 4445 ι
554 4402 672 4450 ctus
713 4403 797 4452 est
839 4405 1020 4451 autem
1061 4397 1293 4462 sonitus,
1337 4397 1691 4466 prophetaute
1735 4414 1836 4460 me,
1863 4407 1918 4453 et
1945 4415 2071 4454 ecce

2177 3218 2288 3272 dite
2321 3220 2542 3274 verbum
2574 3217 2804 3274 Domini.
2853 3239 2872 3271 ι
2906 3219 2960 3274 ιη
2993 3235 3100 3289 quo
3133 3219 3462 3284 mirandum,
3495 3221 3753 3290 quomodo

2177 3309 2244 3362 ad
2271 3323 2396 3363 ossa
2422 3308 2574 3364 arida
2606 3309 2677 3365 sit
2716 3309 2948 3374 locutus,
2980 3325 3100 3380 quae
3133 3319 3258 3365 ante
3291 3326 3512 3375 nervos,
3546 3327 3752 3367 carnem

2177 3407 2231 3455 et
2255 3408 2456 3466 cutem,
2489 3407 2546 3454 et
2589 3391 2840 3471 spiriium
2869 3401 3250 3473 viviﬁcantem,
3282 3402 3376 3457 Dei
3405 3413 3629 3474 possent
3659 3421 3750 3458 au-

2175 3489 2291 3544 dire
2335 3505 2662 3546 sermonem.
2693 3489 3040 3561 Primumque
3081 3497 3203 3547 ossa
3221 3508 3368 3565 ,cum
3407 3492 3534 3548 aliis
3554 3494 3751 3548 ossibus

2175 3595 2463 3635 nervorum
2489 3579 2717 3637 vinculis
2740 3581 3076 3652 colligantur,
3107 3581 3302 3638 deinde
3334 3584 3626 3654 implentur
3641 3583 3758 3638 car?

2175 3671 2366 3727 nibus:
2395 3681 2450 3728 et
2478 3673 2709 3743 desuper
2741 3675 2812 3730 ob
2840 3673 3294 3745 pulchritudinem
3327 3677 3637 3733 extenditur
3665 3691 3748 3732 cu-

2175 3761 2268 3828 tis,
2312 3777 2433 3830 quze
2477 3761 2744 3818 nudarum
2791 3765 3035 3820 carnium
3076 3765 3288 3834 operiat
3329 3765 3646 3823 fteditatem.
3688 3767 3745 3822 Et

2175 3861 2303 3908 tunc
2343 3854 2616 3925 accipiunt
2664 3856 2948 3927 spiritum,
2994 3857 3084 3926 qui
3128 3857 3306 3912 vivere
3351 3873 3415 3912 ea
3463 3859 3663 3914 faciat:
3697 3867 3746 3912 et

2174 3953 2460 4016 postquam
2501 3947 2758 4014 vixerint,
2808 3956 2936 4002 tunc
2979 3956 3308 4018 cognoscant
3353 3948 3497 4019 quod
3537 3949 3646 4018 ipse
3684 3948 3748 4002 sit

2175 4033 2450 4090 Dominus.
2498 4035 2718 4091 Dicente
2761 4037 2941 4107 itaque
2988 4038 3250 4108 propheta
3295 4039 3440 4108 quod
3487 4038 3536 4093 ei
3580 4035 3747 4091 fuerat

2175 4123 2520 4194 imperatum,
2548 4124 2730 4179 statim
2777 4134 2864 4181 est
2894 4125 3039 4181 facta
3081 4128 3400 4193 commotio,
3445 4141 3668 4196 ossaque
3698 4127 3745 4180 in

2174 4231 2327 4271 suam
2349 4215 2476 4270 Sunt
2495 4215 2759 4286 applicata
2773 4231 3109 4288 compagem,
3136 4217 3358 4273 astricta
3379 4199 3574 4282 nervis,
3593 4215 3747 4286 plena

2173 4306 2440 4372 carnium,
2469 4307 2606 4376 pelle
2635 4315 2909 4378 cooperta,
2951 4306 3314 4380 jacebantque
3362 4309 3588 4363 humana
3627 4322 3742 4361 cor-

2175 4411 2330 4468 pora,
2359 4397 2608 4468 spiritum
2643 4413 2750 4453 non
2777 4397 3053 4453 habentia.
3090 4398 3296 4455 Idcirco
3328 4399 3584 4469 propheta
3614 4406 3741 4449 vati-

499 4504 518 4536 ι
554 4486 886 4542 commotio:
923 4495 977 4543 et
1017 4497 1364 4544 accesserunt
1407 4503 1529 4545 ossa
1583 4487 1651 4542 ad
1676 4503 1833 4554 ossa,
1875 4503 2074 4544 unum-
2102 4465 2153 4524 D
2179 4490 2390 4546 cinatur
2415 4491 2482 4545 ad
2514 4489 2786 4560 spiritum,
2828 4497 2888 4544 et
2925 4490 3044 4544 ait:
3082 4507 3101 4540 ί
3151 4489 3278 4544 llaec
3321 4489 3454 4544 dicit
3497 4488 3743 4544 Dominus

501 4593 520 4627 ‹
557 4577 806 4648 quodque
850 4577 918 4632 ad
953 4575 1263 4646 juncturam
1305 4593 1477 4634 suam.
1508 4574 1575 4633 Et
1595 4579 1726 4644 vidi,
1749 4589 1803 4634 et
1834 4593 1960 4635 ecce
1986 4595 2072 4634 su-

499 4683 518 4714 ι
551 4679 650 4736 per
671 4681 735 4721 ea
760 4666 912 4722 nervi
946 4675 1002 4722 et
1031 4683 1224 4725 carnes
1260 4668 1640 4732 ascenderunt,
1666 4675 1722 4722 et
1745 4676 1964 4723 extenta
1989 4676 2074 4723 est

499 4776 518 4809 ι
557 4755 611 4812 in
639 4758 718 4813 eis
739 4758 880 4814 cutis
907 4759 1158 4830 desuper,
1183 4769 1238 4816 et
1266 4761 1512 4831 spiritum
1540 4775 1648 4815 non
1680 4759 1973 4814 trahebant.
2005 4761 2074 4816 Et

499 4866 519 4900 ς
555 4847 692 4904 dixit
732 4849 800 4904 ad
846 4865 970 4905 me:
1001 4851 1304 4907 Vaticinare
1341 4852 1408 4906 ad
1437 4851 1707 4920 spiritum,
1752 4851 2070 4916 vaticinarc,

499 4961 518 4993 ι
559 4939 632 4996 ﬂli
662 4940 932 5006 hominis,
983 4943 1099 4998 haec
1137 4943 1284 4998 dices
1330 4944 1398 4999 ad
1445 4943 1734 5014 spiritum:
1769 4941 1895 4998 lla‘c
1943 4943 2075 4999 dicit

499 5051 520 5086 ι
557 5033 816 5090 Dominus
870 5034 1048 5089 Deus:
1080 5033 1126 5088 Α
1175 5045 1407 5106 quatuor
1433 5037 1612 5096 ventis
1641 5037 1784 5102 veni,
1827 5037 2066 5106 spiritus,

496 5145 519 5180 ι
553 5134 609 5181 et
631 5124 838 5180 insuma
867 5141 1027 5196 super
1052 5125 1362 5182 interfectos
1382 5127 1534 5193 istos,
1555 5137 1612 5183 ct
1639 5128 1979 5183 reviviscunt.
2005 5127 2072 5182 Et

498 5235 519 5273 r
555 5219 872 5291 prophetavi
902 5218 1044 5274 sicut
1069 5227 1398 5289 prmceperat
1425 5219 1578 5284 mihi,
1608 5228 1663 5274 et
1686 5220 1960 5292 ingressus
1988 5226 2071 5274 est

493 5327 516 5367 ι
549 5310 605 5370 in
637 5326 702 5366 ea
727 5310 966 5381 spiritus,
996 5319 1046 5364 et
1076 5309 1348 5374 vixerunt,
1370 5318 1742 5380 steteruntque
1783 5325 1945 5380 super
1976 5325 2070 5380 pe-

495 5421 520 5462 (
553 5409 650 5463 des
677 5420 827 5470 suos,
858 5403 1131 5460 exercitus
1159 5401 1378 5474 grandis
1421 5402 1583 5458 nimis
1624 5403 1808 5470 valde;
1851 5412 1906 5458 et
1933 5403 2085 5465 dixit,

497 5514 520 5552 ι
549 5497 619 5554 ad
658 5511 787 5552 me:
823 5495 925 5550 Fili
971 5493 1226 5559 hominis,
1271 5509 1394 5550 ossa
1432 5494 1548 5548 haec
1589 5494 1838 5548 universa
1879 5494 2069 5549 domus

497 5606 517 5641 v
549 5584 714 5642 Israel
739 5596 823 5643 est
850 5599 869 5642 :
899 5585 999 5658 ipsi
1047 5585 1249 5641 dicunt.
1297 5583 1572 5638 Aruerunt
1623 5599 1744 5638 ossa
1789 5591 1974 5638 nostra
2015 5589 2070 5637 et

500 5693 520 5728 ι
555 5676 720 5747 periit
743 5691 866 5747 spes
899 5686 1104 5742 nostra,
1127 5685 1181 5731 et
1211 5675 1404 5731 abscisi
1431 5690 1636 5730 sumus.
1661 5673 1947 5746 Propterea
1971 5691 2058 5728 va-

2128 4585 2133 4590 ’
2178 4580 2339 4660 Deus.
2377 4579 2424 4634 Α
2465 4589 2698 4650 quatuor
2719 4581 2895 4634 ventis
2921 4580 3066 4644 veni,
3095 4580 3348 4649 spiritus;
3391 4600 3414 4634 ι
3461 4596 3491 4634 a
3525 4587 3742 4649 quatuor

2176 4673 2427 4729 videlicet
2449 4672 2633 4727 mundi
2661 4670 2854 4742 plagis,
2887 4679 2945 4724 ut
2979 4671 3248 4741 quomodo
3288 4671 3343 4725 iu
3367 4671 3537 4741 prima
3563 4667 3738 4724 condi-

2179 4762 2322 4818 tione
2365 4763 2618 4827 hominis,
2649 4759 2940 4816 insulllavit
2975 4761 3115 4826 Deus
3154 4759 3210 4814 in
3249 4758 3448 4815 faciem
3472 4761 3598 4830 ejus,
3633 4777 3652 4808 r
3687 4767 3734 4810 et

2174 4854 2351 4910 factus
2387 4864 2472 4910 est
2514 4854 2568 4908 in
2601 4852 2838 4908 animam
2887 4851 3158 4905 viventem
3203 4848 3357 4920 (Gen.
3410 4851 3502 4920 tt);
3535 4869 3553 4900 ›
3584 4849 3660 4902 sic
3687 4857 3735 4901 ct

2173 4947 2408 5002 secunda
2433 4944 2688 5008 conditio,
2732 4943 2784 4998 id
2823 4949 2927 5006 est,
2956 4941 3281 4997 resurrectio
3311 4949 3632 4994 mortuorum
3659 4937 3735 4991 in-

2171 5033 2420 5092 sufﬂante
2461 5035 2653 5104 spiritu
2705 5032 3029 5088 vivificetur.
3076 5031 3177 5099 Qui
3215 5032 3490 5102 ingressus
3531 5039 3608 5085 cst
3641 5031 3734 5084 hn-

2170 5143 2330 5184 mana
2352 5141 2578 5196 corpora
2605 5125 2894 5194 statimque
2919 5124 3191 5189 vixerunt,
3222 5141 3240 5173 ι
3261 5131 3624 5192 steteruntque
3647 5135 3731 5174 su-

2168 5232 2266 5290 per
2289 5216 2452 5288 pedcs
2489 5231 2633 5270 suos.
2673 5233 2692 5268 ι
2726 5213 2879 5270 Unde
2910 5223 2966 5268 et
3006 5213 3333 5268 resurrectio
3367 5212 3558 5267 dicitur
3593 5224 3727 5264 tuor-

2168 5315 2385 5364 tuorum
2429 5303 2776 5376 congregatio
2827 5303 2942 5358 sive
2991 5301 3218 5357 ecclesia
3263 5300 3466 5366 multa,
3507 5309 3558 5356 ct
3587 5306 3638 5351 ut
3674 5296 3726 5350 in

2169 5395 2396 5453 Hebrteo
2441 5394 2625 5459 habet,
2668 5394 2882 5464 grandis
2923 5393 3199 5456 exercitus,
3247 5407 3420 5462 eoque
3452 5381 3734 5460 completur

2169 5497 2413 5556 tempore
2437 5503 2451 5540 :
2479 5503 2509 5536 π
2547 5485 2744 5540 Emitte
2770 5484 3018 5554 spiritum
3059 5492 3208 5538 tuum
3239 5493 3295 5538 ct
3320 5485 3646 5542 creabantur,
3674 5483 3726 5530 et

2169 5576 2457 5635 renovabis
2505 5574 2698 5631 faciem
2743 5583 2900 5630 terra:
2931 5573 3103 5644 (Paul.
3138 5575 3278 5643 cm).
3315 5591 3334 5624 ι
3364 5572 3513 5640 Quod
3561 5579 3722 5623 autem

2172 5671 2416 5743 sequitur
2454 5689 2466 5724 :
2497 5688 2518 5721 ι
2551 5669 2614 5724 Et
2645 5668 2780 5726 dixit
2807 5667 2878 5723 ad
2910 5679 2996 5720 me
3024 5681 3038 5718 :
3065 5665 3162 5722 Fili
3199 5665 3448 5730 hominis,
3479 5680 3591 5720 ossa
3619 5659 3723 5714 lucc
