3972 6184
525 313 631 371 863

1183 317 1246 373 Β.
1286 314 1544 375 RABANI
1581 314 1802 374 MAURI
1838 314 2164 374 ARClllEl’.
2204 316 2516 375 MOCUNT.
2542 316 2838 379 OPERUH
2876 321 3056 379 PARS
3095 323 3159 380 ll.

3688 335 3794 395 ω

530 449 549 484 ς
590 445 735 486 mam
763 428 965 503 lignum
995 423 1189 500 Ioseph
1217 426 1357 500 quod
1384 427 1547 485 estin
1579 437 1739 484 manu
1765 423 2022 499 Ephraim
2051 437 2106 485 et
2133 434 2184 492 Α
2209 429 2275 484 de
2321 444 2406 483 me
2427 430 2498 485 lio
2543 431 2821 487 nationum
2869 434 2936 489 ad
2975 449 3113 505 quas
3148 438 3348 508 captivi
3376 438 3526 497 ductt
3559 452 3703 505 sunt,
3737 453 3792 501 et

531 541 548 573 ι
594 522 766 577 tribus
805 520 988 586 Israel,
1015 537 1135 590 quae
1157 513 1360 589 juncta!
1387 529 1514 575 sunt
1546 518 1617 585 ei,
1644 530 1695 575 et
1725 520 1866 575 dabo
1894 535 1987 575 eas
2016 533 2112 589 pa-

531 634 549 666 ι
596 614 729 669 riter
744 628 868 669 cum
889 613 1031 683 ligno
1047 606 1207 677 Iuda,
1221 620 1275 667 et
1295 606 1487 668 faciam
1502 628 1598 667 eas
1618 612 1671 666 in
1693 612 1895 684 lignum
1920 628 2109 678 ιιιιιιηι,

531 724 549 754 ι
589 713 650 759 et‘
671 712 834 759 erunt
869 718 1034 758 unum
1064 703 1118 758 in
1148 720 1307 758 manu
1335 704 1473 774 ejus.
1520 704 1692 759 Erunt
1735 712 1917 759 autem
1966 703 2109 775 ligna

531 813 548 844 ι
591 808 752 863 super
777 809 897 864 quae
924 793 1211 865 scripseris
1236 795 1288 849 in
1322 810 1481 848 manu
1508 802 1596 849 tua
1623 795 1678 849 in
1703 794 1875 850 oculis
1893 809 2106 859 eorum,

529 901 548 933 ι
592 893 646 937 et
675 882 823 938 dices
857 882 922 937 ad
952 899 1065 939 eos.
1112 883 1238 938 llaec
1283 882 1417 938 dicit
1459 883 1720 938 Dominus
1762 884 1904 938 Deus
1931 900 1943 937 :
1970 883 2111 941 Ecce

528 993 544 1023 ι
593 988 692 1044 ego
736 988 1009 1029 assumant
1055 973 1194 1029 ﬁlios
1234 972 1396 1029 israel
1428 975 1494 1029 de
1524 974 1702 1029 medio
1731 973 2009 1029 nationum
2040 974 2109 1029 ad

528 1086 547 1118 σ
590 1083 727 1137 quas
770 1068 1038 1132 abierunt,
1075 1076 1132 1122 et
1158 1068 1499 1138 congregabo
1523 1081 1617 1122 eos
1649 1066 1909 1139 undique,
1931 1077 1988 1122 ct
2016 1068 2112 1123 ad-

528 1177 552 1208 ο
591 1158 785 1214 ducam
805 1173 901 1215 eos
926 1157 994 1213 ad
1019 1159 1242 1214 humum
1263 1174 1436 1214 suam.
1469 1158 1537 1213 Et
1564 1158 1758 1215 faciam
1779 1173 1874 1215 eos
1894 1169 2110 1231 gentem

526 1268 547 1299 ι
591 1263 752 1304 unam
780 1248 834 1303 in
863 1258 1007 1305 terra
1036 1249 1091 1303 in
1122 1248 1394 1305 montibus
1421 1248 1606 1316 Israel,
1632 1258 1687 1306 et
1718 1265 1810 1305 rex
1836 1265 1977 1306 unus
2006 1249 2112 1305 erit

528 1357 548 1391 ι
594 1339 846 1396 omnibus
862 1340 1166 1411 imperans;
1197 1350 1251 1396 et
1278 1356 1384 1395 non
1410 1348 1572 1395 erunt
1595 1340 1731 1395 ultra
1756 1341 1874 1396 duae
1901 1348 2107 1413 gentes,

530 1450 552 1485 ε
597 1448 699 1489 nec
738 1432 1045 1488 dividentur
1079 1432 1310 1503 amplius
1336 1433 1390 1487 in
1419 1433 1526 1488 duo
1554 1447 1740 1504 regna.
1782 1431 1969 1502 Neque
1997 1430 2113 1503 pol-

530 1545 548 1575 σ
592 1525 808 1581 luentur
827 1524 969 1580 ultra
1001 1525 1055 1580 in
1090 1524 1246 1581 idolis
1275 1525 1410 1592 suis,
1432 1533 1487 1580 et
1514 1525 2032 1591 abominationihus,
2056 1534 2113 1582 et

533 1633 551 1667 ι
593 1615 802 1672 cunctis
829 1615 1206 1687 iniquitatibus
1239 1616 1384 1681 suis,
1411 1624 1466 1672 et
1493 1614 1671 1672 salvos
1695 1631 1791 1672 eos
1815 1614 2015 1672 faciam
2045 1616 2119 1673 de

530 1724 549 1757 ι
593 1706 861 1764 universis
882 1706 1100 1763 sedibus
1126 1708 1180 1763 in
1216 1707 1411 1778 quibus
1436 1716 1819 1779 peccaverunt,
1840 1716 1897 1764 et
1922 1724 2110 1763 emun-

2213 521 2561 577 reducturum
2606 538 2702 579 eos
2740 524 2795 579 in
2844 535 3065 592 terram,
3096 537 3154 583 et
3196 528 3250 584 in
3290 541 3501 590 montes
3541 534 3795 595 lsraelde

2210 612 2407 680 quibus
2435 628 2595 682 supra
2618 613 2870 685 legimus,
2892 625 2951 672 et
2968 618 3344 687 appellandam
3366 638 3529 677 unam
3558 634 3791 696 gentem,

2212 702 2477 770 uniusque
2503 703 2644 774 regis
2667 705 2956 775 regendam
2981 706 3228 777 imperio,
3260 728 3278 760 ι
3309 720 3368 765 ut
3395 711 3533 767 ultra
3554 730 3664 768 non
3691 715 3791 783 pol-

2209 789 2430 845 luantur
2455 791 2508 846 in
2536 791 2693 847 idolis
2722 801 2780 848 et
2804 793 3302 854 abominationihus
3332 800 3468 864 suis,
3493 821 3512 850 ε
3545 803 3644 858 sed
3673 820 3791 859 cmn

2210 880 2413 936 fuerint
2438 883 2504 938 de
2525 883 2857 953 captivitatis
2878 886 3096 944 sedibus
3121 889 3357 958 liberati,
3379 894 3432 948 in
3454 896 3649 966 quibus
3680 914 3796 968 pce-

2210 981 2490 1036 caverunt,
2516 975 2771 1030 omnibus
2793 976 2941 1033 vitiis
2970 993 3092 1034 esse
3121 983 3481 1051 mundandos,
3507 996 3560 1041 et
3585 986 3793 1045 futuros

2209 1063 2463 1136 populum
2497 1065 2611 1128 Dei,
2640 1065 2713 1120 ita
2752 1073 2814 1121 ut
2853 1065 3114 1125 Dominus
3150 1071 3223 1126 sit
3261 1073 3404 1129 Deus
3435 1090 3648 1131 eorum.
3684 1098 3703 1130 σ
3737 1080 3796 1133 Et

2210 1168 2417 1217 servus,
2448 1155 2640 1225 inquit,
2673 1169 2826 1213 meus
2860 1159 3033 1216 David
3065 1176 3178 1224 rex,
3208 1178 3372 1234 super
3404 1181 3516 1232 eos,
3537 1187 3555 1220 ›
3586 1168 3663 1225 de
3696 1185 3796 1239 quo

2211 1252 2267 1300 et
2292 1245 2515 1316 ειηεί-Ιιιε
2542 1244 2781 1316 loquitur
2818 1250 2872 1306 in
2910 1250 3207 1323 Evangelio
3237 1253 3390 1325 (Luc.
3420 1256 3494 1329 l),
3522 1261 3677 1328 quod
3720 1274 3797 1314 re-

2212 1345 2476 1407 gnaturus
2501 1337 2575 1393 sit
2602 1355 2769 1411 super
2804 1340 3025 1397 domum
3059 1342 3254 1411 Iacob,
3284 1354 3341 1400 et
3365 1349 3513 1419 regni
3540 1350 3668 1421 ejus
3698 1368 3794 1407 non

2212 1428 2282 1482 sit
2311 1426 2453 1494 ﬁnis,
2484 1437 2756 1501 tantaque
2793 1433 2897 1488 erit
2921 1433 3226 1491 clementia:
3249 1446 3310 1493 ut
3336 1454 3443 1493 non
3474 1441 3653 1496 solum
3684 1458 3795 1500 rex.

2213 1519 2308 1573 sed
2338 1527 2393 1572 et
2421 1528 2609 1590 pastor
2646 1523 2973 1593 appelletur,
3011 1540 3078 1582 eo
3102 1528 3249 1597 quod
3281 1530 3574 1600 superbtnn
3605 1550 3795 1589 nomen

2214 1609 2425 1681 imperii
2454 1614 2690 1683 pastoris
2720 1617 2983 1673 vocabulo
3005 1620 3235 1691 mitiget,
3252 1623 3344 1691 qui
3373 1637 3664 1695 postquam
3689 1626 3794 1680 fue-

2210 1697 2323 1752 rint
2353 1698 2406 1753 in
2438 1710 2652 1771 gentem
2685 1718 2869 1769 unam,
2901 1714 2956 1761 et
2985 1707 3040 1761 in
3073 1716 3215 1764 terra
3241 1710 3406 1767 lsrael
3436 1728 3499 1767 ac
3526 1715 3796 1770 montibus

530 1816 555 1850 (-
593 1797 732 1854 dabo
775 1813 891 1854 eos,
941 1797 1008 1853 Et
1041 1804 1202 1855 ρι-υηι
1233 1800 1363 1853 mihi
1406 1798 1669 1869 populus,
1702 1808 1757 1854 οι
1785 1813 1885 1869 ego
1910 1814 2013 1854 cro
2034 1799 2114 1854 eis
2144 1795 2187 1854 Β
2217 1788 2607 1858 habitaverint,
2635 1794 2971 1851 ambulaturi
3009 1808 3143 1855 sunt
3185 1800 3241 1855 in
3288 1803 3537 1859 omnibus
3578 1805 3799 1876 judiciis

531 1908 553 1941 ι
596 1888 764 1955 Deus,
786 1898 843 1945 et
867 1905 1063 1945 servus
1084 1902 1241 1946 meus
1268 1890 1435 1945 David
1463 1904 1554 1944 rex
1585 1898 1748 1961 super
1779 1905 1901 1954 eos,
1934 1900 1991 1946 et
2016 1907 2114 1961 pa-

533 1999 555 2032 σ
594 1991 710 2037 stor
746 1997 887 2038 unus
919 1982 1024 2036 erit
1072 1982 1312 2035 omnimn
1362 1994 1572 2037 eorum.
1617 1981 1674 2036 in
1712 1980 1931 2049 judiciis
1978 1982 2115 2036 meis

534 2090 557 2122 ε
599 2056 971 2136 ambulabunt,
996 2079 1050 2126 et
1080 2072 1332 2126 mandata
1363 2082 1481 2126 mea
1509 2071 1816 2128 custodient
1836 2081 1890 2128 et
1917 2071 2116 2127 facient

534 2181 553 2215 σ
594 2175 678 2217 ea.
712 2162 781 2217 Et
823 2161 1153 2219 babitabunt
1175 2179 1338 2233 super
1368 2172 1570 2219 terram
1616 2179 1778 2234 quam
1810 2160 1929 2221 dedi
1958 2181 2115 2222 servo

538 2272 557 2304 ι
603 2267 726 2309 meo
763 2250 933 2309 Iacob
969 2250 1024 2309 in
1064 2266 1168 2324 qua
1210 2251 1592 2311 habitaverunt
1628 2264 1812 2325 patres
1843 2259 2029 2324 vestri,
2059 2267 2115 2314 et

536 2364 555 2396 ς
600 2344 921 2402 habitabant
960 2361 1124 2417 super
1154 2362 1276 2402 eam
1314 2342 1436 2417 ipsi,
1467 2356 1521 2403 et
1555 2347 1652 2404 filii
1689 2362 1899 2415 eorum,
1926 2360 1982 2405 et
2017 2350 2113 2406 ﬁlii

530 2453 551 2487 1
597 2434 830 2493 ﬁliorum
858 2451 1045 2494 eorum
1077 2452 1249 2508 usque
1288 2437 1342 2493 in
1388 2439 1777 2510 sempiternum
1808 2448 1901 2496 :ct
1941 2440 2113 2498 David

530 2543 550 2576 ι
592 2540 783 2583 servus
802 2542 955 2587 meus
976 2527 1229 2604 princeps
1249 2544 1435 2588 eorum
1461 2531 1514 2587 in
1534 2539 1872 2605 perpetuum.
1906 2532 1971 2589 Et
1991 2551 2113 2605 per-

530 2628 562 2693 c;
593 2621 794 2678 cutiam
820 2621 923 2678 illis
949 2621 1125 2679 foedus
1153 2608 1324 2695 pacis,
1350 2632 1563 2695 pactum
1589 2625 1979 2695 sempiternum
2009 2625 2117 2681 erit

534 2730 554 2765 ι
597 2713 653 2768 in
702 2714 904 2770 cistet
946 2714 1182 2771 fundabo
1227 2731 1323 2772 eos
1365 2724 1422 2771 et
1468 2716 1858 2788 multiplicabo,
1890 2726 1946 2773 et
1972 2718 2113 2773 dabo

532 2821 555 2855 ι
602 2805 1085 2862 sanctiﬁcationem
1114 2823 1290 2863 meam
1317 2807 1372 2863 in
1398 2809 1583 2864 medio
1608 2824 1798 2865 eorum
1832 2810 1885 2865 in
1916 2825 2103 2881 perpe-

531 2909 552 2947 ι
597 2905 768 2952 tuum.
805 2896 876 2953 Et
902 2898 1007 2953 erit
1048 2899 1479 2955 tabernaculum
1500 2916 1681 2956 meum
1707 2901 1761 2956 in
1790 2903 1871 2958 eis
1890 2943 1906 2967 ,
1931 2912 1987 2958 et
2015 2918 2114 2958 ero

532 3007 551 3040 ι
596 2986 677 3044 eis
717 2988 884 3056 Deus,
913 2996 969 3045 et
1017 2990 1116 3060 ipsi
1162 2976 1327 3047 erunt.
1360 2992 1493 3047 mihi
1538 2991 1784 3062 populus.
1833 2992 1903 3048 Et
1939 2993 2114 3050 scient

533 3098 551 3132 ι
592 3087 780 3150 gentes
811 3079 939 3150 quia
965 3095 1066 3150 ego
1100 3081 1361 3138 Dominus
1386 3083 1759 3139 sanctiﬁcator
1792 3084 1957 3141 lsrael
1988 3102 2111 3142 cum

2216 1878 2448 1944 Domini,
2499 1891 2555 1937 et
2601 1893 2868 1954 prteccpta
2914 1885 3058 1943 illius
3106 1891 3454 1958 custodituri,
3506 1894 3793 1949 habitaturi

2214 1978 2395 2026 autem
2423 1987 2529 2027 non
2559 1973 2614 2029 in
2642 1974 2745 2030 alia
2776 1986 2943 2042 terra,
2974 1980 3071 2035 sed
3096 1980 3150 2035 in
3180 1996 3244 2037 ea
3269 1998 3435 2052 quam
3465 1985 3615 2040 dedit
3645 2002 3797 2043 servo

2213 2077 2312 2118 suo
2339 2062 2528 2131 Iacob,
2554 2068 2608 2121 in
2640 2084 2747 2138 qua
2777 2069 3158 2127 habitaverunt
3178 2082 3364 2143 patres
3404 2090 3589 2131 eorum
3622 2079 3793 2133 Abra-

2213 2152 2361 2219 ham,
2382 2155 2534 2211 Isaac
2561 2165 2617 2212 et
2656 2157 2824 2214 Iacob
2852 2170 2913 2214 et-
2934 2160 3127 2232 rcliqui
3159 2164 3333 2218 sancti
3359 2183 3372 2218 :
3398 2173 3452 2219 et
3486 2181 3593 2219 non
3623 2168 3791 2222 solum

2213 2245 2315 2314 ipsi
2363 2246 2656 2303 habitaturi
2697 2250 2827 2317 sint,
2860 2252 2956 2306 sed
2993 2260 3049 2307 et
3082 2252 3178 2308 ﬁlii
3218 2270 3424 2309 eorum
3451 2271 3514 2312 ac
3552 2266 3794 2328 imputes,

2207 2338 2365 2409 juxta
2388 2339 2519 2397 illud
2549 2342 2909 2413 Virgilianum
2933 2362 2949 2398 :

2430 2483 2493 2536 Et
2514 2486 2609 2535 uati
2635 2493 2889 2550 natorum,
2911 2493 2962 2538 et
2985 2488 3070 2552 qui
3094 2494 3357 2540 nascentur
3384 2492 3448 2542 ab
3472 2492 3579 2542 illis.

2214 2608 2581 2680 Habitentqne
2597 2624 2716 2665 non~
2730 2610 2797 2666 ad
2820 2611 2981 2667 breve
3006 2619 3240 2683 tempus,
3263 2613 3358 2669 sed
3383 2614 3437 2668 in
3462 2622 3793 2686 perpetuum.

2213 2701 2618 2769 Vultis-autem,
2642 2703 2738 2768 ait,
2758 2704 2899 2760 scire
2919 2705 3011 2776 qui
3036 2706 3107 2760 sit
3128 2706 3230 2762 iste
3258 2723 3351 2763 rex
3376 2715 3433 2763 et
3453 2711 3674 2778 pastor?
3692 2709 3801 2779 ipse

2211 2801 2298 2849 est
2323 2793 2391 2848 de
2413 2808 2531 2864 quo
2542 2808 2705 2864 supra
2726 2794 2859 2859 dixi,
2887 2814 2905 2847 ‹
2938 2811 3129 2853 servus
3149 2813 3304 2853 meus
3324 2798 3514 2865 David,
3534 2818 3553 2851 ι
3572 2831 3645 2841 —
3665 2820 3685 2850 α
3711 2801 3795 2871 qui

2213 2901 2335 2942 cum
2368 2888 2423 2942 in
2448 2886 2623 2945 forma
2655 2888 2749 2943 Dei
2778 2897 2941 2952 esset,
2980 2904 3088 2944 non
3119 2898 3204 2945 est
3233 2891 3478 2962 rapinam
3508 2892 3799 2948 arbitratus

2212 2997 2335 3038 esse
2386 2995 2445 3038 se
2483 2982 2747 3051 aequalem
2795 2981 2941 3048 Deo,
2972 2983 3068 3038 sed
3117 2998 3176 3039 sc
3219 2984 3544 3048 cxinanivit,
3571 2982 3798 3039 formam

2213 3073 2357 3130 servi
2383 3072 2677 3145 accipiens,
2699 3081 2754 3129 et
2780 3073 2957 3129 factus
2983 3084 3068 3129 est
3091 3074 3352 3130 obediens
3372 3075 3519 3130 Patri
3539 3091 3713 3146 usque
3735 3077 3798 3131 ad

531 3187 551 3221 ι
594 3142 759 3225 fuerit
789 3142 1145 3226 sanctiﬁcatio
1174 3186 1292 3227 mea
1327 3173 1379 3227 in
1410 3173 1589 3228 medio
1615 3188 1804 3229 eorum
1836 3175 1888 3230 in
1914 3190 2109 3246 perpe-
2138 3142 2183 3205 C
2213 3173 2463 3232 mortem.
2488 3142 2718 3222 {nonem
2743 3175 2925 3222 autem
2950 3167 3130 3224 6111035
3154 3164 3375 3239 (Philip.
3409 3168 3493 3239 ιι).
3516 3189 3534 3221 ι
3559 3142 3800 3241 Cumque

530 3278 551 3312 ι
595 3267 762 3316 tuum.
787 3279 807 3314 ι
836 3259 1107 3332 (Πῖενοη.)
1132 3262 1336 3333 Regum
1369 3272 1554 3318 narrat
1585 3264 1809 3320 historia
1835 3265 1955 3337 (III
1982 3265 2107 3339 Reg.

525 3348 629 3421 xu)
668 3350 770 3406 sub
812 3349 1055 3406 Roboam
1098 3351 1212 3407 ﬁlio
1252 3350 1558 3409 Salomonis
1604 3355 1886 3412 duodecim
1937 3357 2112 3413 tribus

523 3440 693 3498 fuisse
720 3440 920 3497 divisas
954 3451 1010 3497 et
1042 3443 1202 3506 duas,
1233 3444 1334 3498 hoc
1381 3450 1465 3499 est
1498 3441 1693 3499 Iudam
1721 3454 1775 3500 et
1801 3444 2109 3517 Benjamin,

524 3548 649 3588 cum
680 3530 857 3588 levitis
878 3547 944 3589 ac
967 3533 1341 3589 sacerdotibus
1367 3544 1581 3590 secutas
1602 3550 1722 3591 esse
1751 3535 1994 3592 Roboam
2018 3537 2111 3607 qui

524 3622 768 3694 regnavit
796 3622 851 3678 in
884 3621 1239 3689 llierusalem,
1270 3632 1326 3678 et
1376 3639 1597 3695 regnum
1638 3625 1756 3696 ejus
1784 3626 2110 3696 appellatum

522 3720 608 3766 cst
648 3709 805 3767 Iuda.
850 3710 1000 3767 Alias
1046 3726 1178 3768 vero
1224 3713 1411 3768 decem
1458 3714 1631 3770 tribus
1675 3729 1798 3784 qua:
1834 3716 2108 3783 dixerunt,

528 3820 552 3854 α
586 3818 694 3858 non
722 3810 807 3858 est
841 3803 996 3859 nobis
1024 3820 1151 3876 pars
1184 3803 1237 3859 in
1277 3802 1479 3875 David,
1509 3818 1685 3877 neque
1723 3807 2012 3863 hmreditas
2050 3809 2104 3863 in

523 3890 636 3947 ﬁlio
660 3890 832 3949 Iesse.
854 3912 874 3945 ι
897 3892 1184 3949 Ieroboam
1216 3893 1325 3951 ﬁlio
1356 3893 1565 3950 Nabth
1596 3896 1662 3952 de
1685 3896 1825 3952 tribu
1851 3897 2110 3969 Ephraim

526 3980 620 4050 qui
646 3980 750 4036 fuit
777 3980 919 4036 ﬁlius
939 3980 1162 4052 Ioseph,
1189 3985 1503 4041 submisisse
1530 3986 1770 4042 cervices
1794 3997 1850 4042 et
1873 3990 2108 4044 servisse

524 4069 598 4134 ei,
640 4066 1040 4140 appellatasque
1065 4084 1133 4127 ex
1162 4073 1396 4128 maxima
1437 4087 1592 4144 parte
1634 4079 1859 4148 antiquo
1891 4080 2109 4134 nomine

524 4155 711 4222 lsrael,
741 4165 797 4212 ct
829 4157 999 4213 multo
1040 4166 1281 4231 tempore
1311 4176 1532 4232 regnum
1572 4162 1707 4219 Iuda
1737 4176 1792 4221 et
1825 4168 1986 4224 Israel
2011 4170 2108 4224 ad-

525 4259 742 4304 versum
772 4263 832 4304 se
862 4249 1116 4306 habuisse
1155 4253 1451 4307 certamina
1494 4256 1833 4327 propriisque
1861 4259 2106 4329 paruisse

525 4340 743 4414 regibus
767 4359 782 4397 :
804 4342 1008 4414 primas
1037 4345 1224 4400 decem
1252 4345 1424 4403 tribus
1451 4358 1636 4419 captas
1667 4350 1736 4406 ab
1765 4351 2021 4425 Assyriis,
2050 4364 2109 4412 et

522 4442 647 4504 post
690 4434 1025 4504 aliquantum
1076 4437 1333 4507 temporis
1391 4454 1486 4495 eas
1533 4454 1654 4510 quae
1700 4442 2105 4512 appellabantur

520 4523 659 4585 Iuda
685 4544 716 4585 a
748 4529 1010 4588 Chaldaeis
1037 4531 1091 4586 in
1118 4530 1445 4603 Babylonem
1475 4534 1667 4590 duetas
1693 4550 1813 4591 esse
1839 4538 2103 4609 captivas,

520 4626 581 4677 et
601 4620 799 4677 tribum
821 4620 959 4678 Iuda
984 4629 1107 4693 post
1132 4637 1305 4680 annos
1324 4626 1662 4697 septuaginta
1680 4628 1919 4697 antiqua:
1946 4637 2105 4685 terrae

524 4712 785 4770 redditam
809 4727 825 4769 :
849 4715 1036 4771 decem
1057 4723 1238 4771 autem
1260 4715 1430 4772 tribus
1448 4733 1567 4787 qua:
1587 4721 1916 4775 vocabantur
1939 4720 2104 4777 Israel

524 4816 696 4873 usque
720 4804 878 4861 hodie
905 4805 962 4860 iu
1004 4805 1279 4862 montibus
1325 4806 1655 4876 urbibusque
1686 4807 1958 4864 Medorum
1989 4824 2105 4865 ser-

518 4889 641 4949 vire
678 4894 939 4964 captivas.
984 4892 1229 4952 Praesens
1268 4896 1433 4968 igitur
1465 4898 1750 4968 prephetia
1777 4900 1893 4956 haec
1914 4914 1986 4956 ex
2007 4915 2105 4957 ore

525 4983 739 5043 Domini
767 4986 1048 5059 pollicetur
1074 4990 1217 5060 quod
1260 4998 1551 5063 utrumque
1590 4992 1692 5048 sibi
1712 4991 1971 5066 jungatur
1996 4995 2102 5051 im-

524 5078 758 5151 perium,
784 5080 887 5136 hoc
914 5089 999 5136 est
1039 5094 1263 5152 regnum
1289 5080 1440 5138 Iuda:
1460 5090 1515 5139 et
1540 5097 1764 5155 regnum
1791 5084 1977 5152 lsrael,
2008 5086 2104 5143 tol-

519 5168 774 5238 laturque
812 5167 963 5241 virga
992 5168 1247 5240 prraim
1274 5171 1364 5240 qui
1393 5172 1461 5228 de
1487 5168 1686 5243 Ioseph
1727 5173 1900 5244 stirpe
1940 5189 2104 5247 gene-

522 5268 675 5319 ratus
701 5268 786 5317 est
811 5275 933 5317 cum
961 5259 1183 5331 reliquis
1208 5263 1454 5320 tribubus
1487 5277 1608 5334 quae
1632 5264 1681 5321 ei
1711 5267 1930 5321 sociata:
1950 5274 2100 5334 sunt,

518 5360 579 5410 et
592 5349 855 5423 jungatur
875 5352 1040 5425 virga:
1070 5348 1242 5419 Iudae,
1270 5364 1331 5408 ut
1351 5369 1688 5426 nequaquam
1718 5365 1941 5413 vocetur
1960 5357 2100 5414 Iuda

519 5453 578 5504 et
600 5445 790 5514 lsrael,
821 5446 918 5503 sed
953 5462 1061 5503 uno
1088 5446 1308 5502 nomine
1345 5446 1681 5519 appellentur
1706 5447 1843 5504 Iuda
1867 5464 1883 5503 :
1909 5458 1965 5505 et
1999 5451 2101 5506 sub

518 5537 694 5613 ﬁgura
715 5539 992 5613 propheta:
1014 5540 1105 5611 qui
1141 5541 1399 5612 precedit
1428 5541 1482 5595 in
1508 5549 1633 5614 typo
1664 5541 1875 5598 Domini
1907 5539 2100 5597 Salva-

519 5631 677 5696 toris,
700 5645 1039 5703 nequaquam
1082 5632 1292 5688 duabus
1319 5632 1601 5699 manibus,
1629 5632 1723 5689 sed
1751 5649 1856 5689 una
1898 5633 2098 5689 Christi

521 5728 811 5781 teneantur
834 5739 1018 5781 manu.
1046 5723 1187 5781 Dicit
1206 5724 1353 5781 enim
1377 5739 1437 5781 se
1465 5739 1743 5781 assumere
1766 5725 1907 5781 ﬁlios
1933 5724 2098 5782 Israel

2211 3260 2313 3315 sub
2338 3258 2430 3314 tali
2465 3274 2593 3331 rege
2642 3260 2862 3323 fuerint,
2892 3261 3194 3330 percutiam
3244 3260 3350 3315 illis
3401 3259 3579 3316 foedus
3626 3262 3792 3331 pacis,

2212 3366 2553 3422 nequaquam
2600 3360 2661 3406 ut
2707 3352 2760 3407 in
2813 3353 2996 3409 Veteri
3046 3352 3414 3419 Testamento,
3443 3355 3793 3409 certaminum

2213 3453 2376 3512 atque
2428 3442 2712 3508 bellorum,
2747 3443 2842 3498 sed
2888 3451 3106 3511 pactum
3153 3444 3303 3514 pacis
3348 3460 3472 3514 qua:
3516 3454 3796 3516 exsuperat

2211 3548 2426 3590 omnem
2456 3549 2695 3589 sensum.
2728 3535 2804 3591 De
2827 3549 2931 3605 qua
2961 3534 3213 3591 Salvator
3232 3535 3472 3605 loquitur
3497 3537 3566 3591 ad
3589 3544 3797 3607 aposto-

2211 3621 2292 3677 los
2307 3622 2488 3694 (Ioan.
2507 3621 2653 3694 xw):
2682 3642 2700 3674 ι
2720 3622 2915 3679 Pacem
2941 3640 3118 3680 meam
3133 3625 3201 3680 do
3223 3626 3396 3690 vobis,
3414 3641 3603 3696 pacem
3627 3639 3790 3682 meam

2213 3711 2460 3783 relinquo
2487 3712 2660 3769 vobis.
2689 3732 2707 3766 ι
2744 3713 2812 3769 Ει
2841 3713 3112 3785 Propheta
3153 3714 3321 3770 dicit:
3350 3734 3369 3767 ι
3403 3715 3606 3772 Factus
3632 3726 3712 3772 est
3741 3716 3790 3770 in

2212 3816 2343 3873 pace
2372 3802 2521 3859 locus
2541 3800 2659 3872 ejus
2684 3802 2859 3874 (Psai.
2891 3804 3073 3876 uxv).
3110 3824 3131 3857 ι
3157 3804 3304 3872 Quos
3327 3820 3452 3875 cum
3481 3806 3537 3860 in
3562 3805 3790 3861 Ecclesia

2212 3894 2517 3951 fundaverit
2544 3903 2600 3952 et
2620 3895 2929 3963 stabilierit,
2958 3896 3030 3952 ita
3054 3904 3115 3951 ut
3137 3897 3350 3967 possint
3378 3898 3562 3953 dicere
3586 3917 3600 3952 :
3624 3917 3642 3949 ι
3671 3896 3790 3952 Sta-

2210 3986 2315 4040 tuit
2341 4000 2503 4055 supra
2542 3990 2955 4069 petram.pedes
2985 4003 3136 4045 meos
3162 3988 3338 4061 (Ptol.
3370 3989 3582 4060 xxxix),
3618 4010 3636 4042 ι
3670 4000 3792 4044 tunc

2210 4076 2714 4148 multiplicabuntur
2743 4078 2829 4133 vel
2858 4079 3191 4134 credentium
3227 4095 3479 4144 numero,
3512 4081 3597 4136 vel
3624 4079 3791 4134 multi-

2208 4167 2500 4237 plicatione
2529 4167 2810 4223 virtutum.
2844 4188 2863 4221 t
2893 4168 2963 4224 Et
2992 4169 3152 4235 dabo,
3186 4169 3382 4241 inquit,
3413 4171 3791 4226 sanctiﬁcatio-

2208 4274 2331 4313 nem
2382 4274 2577 4324 meam,
2605 4258 2721 4315 sive
2767 4260 3136 4315 sanctuarium
3184 4260 3238 4315 in
3287 4261 3469 4316 medio
3515 4277 3699 4317 eorum
3737 4262 3787 4315 in

2207 4357 2546 4419 perpetuum.
2579 4367 2598 4401 ι
2636 4347 2791 4416 Quod
2817 4348 2988 4404 Iudaei
3017 4350 3085 4406 de
3118 4351 3316 4421 templo
3347 4351 3785 4424 interpretantur,

2208 4438 2350 4508 quod
2390 4437 2491 4494 sub
2515 4438 2812 4494 Zorobabel
2836 4447 3173 4494 exstructum
3209 4449 3311 4496 est.
3370 4440 3480 4497 Sed
3525 4443 3785 4512 quomodo

2208 4538 2355 4587 stare
2399 4531 2599 4602 poterit
2640 4531 2747 4587 hoc
2788 4532 2932 4601 quod
2973 4531 3177 4587 dicitur
3205 4533 3259 4587 in
3298 4534 3782 4604 perpetuumhnm

2206 4620 2466 4690 templum
2504 4620 2635 4676 illud
2671 4622 2813 4691 quod
2841 4637 2872 4676 a
2902 4622 3201 4678 Zorohabel
3240 4633 3577 4680 exstructum
3601 4633 3704 4687 est,
3732 4634 3785 4678 et

2204 4720 2395 4781 postea
2423 4727 2453 4765 a
2491 4711 2672 4785 multis
2711 4712 3093 4777 instauratum,
3126 4711 3374 4768 Romano
3404 4715 3527 4785 igne
3561 4730 3781 4770 succen-

2205 4816 2325 4856 sum
2356 4800 2465 4855 sit?
2493 4784 2630 4868 Ωιιεὲ
2649 4801 2831 4856 omnia
2874 4800 3157 4857 referenda
3192 4812 3321 4857 sunt
3355 4784 3441 4858 ad
3472 4803 3775 4863 Ecclesiaste

2203 4897 2261 4944 et
2291 4890 2357 4944 ad
2382 4896 2627 4960 tempora
2652 4889 2971 4956 Salvatoris,
3000 4891 3217 4960 quando
3246 4891 3643 4949 tabernaculum
3667 4891 3778 4961 ejus

2203 4984 2436 5054 positum
2461 4989 2547 5039 est
2588 4982 2641 5036 in
2672 4980 2916 5039 Ecclesia
2933 5021 2949 5047 ,
2978 4980 3069 5036 ubi
3094 4980 3273 5037 factus
3295 4991 3380 5037 est
3406 4981 3549 5039 Deus
3574 4990 3773 5048 noster,

2202 5085 2259 5130 et
2297 5090 2394 5130 nos
2433 5074 2663 5146 populos
2700 5073 2842 5145 ejus.
2875 5072 3269 5145 Profectusque
3293 5076 3541 5132 omnium
3580 5084 3691 5138 est,
3719 5082 3775 5128 ut

2202 5168 2378 5223 sciant
2420 5169 2563 5237 quod
2612 5166 2727 5237 ipse
2772 5165 2844 5221 sit
2886 5165 3172 5231 Dominus,
3215 5173 3273 5222 et
3316 5166 3435 5237 ipse
3485 5165 3774 5223 sanctiﬁcet

2199 5254 2381 5324 Israel,
2406 5274 2513 5314 non
2528 5257 2685 5329 juxta
2714 5271 2953 5322 carnem,
2976 5256 3071 5313 sed
3085 5255 3249 5325 juxta
3271 5258 3521 5328 spiritum
3537 5244 3550 5311 ἐ
3565 5257 3774 5328 quando

2202 5349 2559 5407 sanctiﬁcatio
2603 5349 2720 5421 ejus
2767 5348 2823 5404 in
2863 5347 3042 5405 medio
3080 5348 3419 5403 credentium
3462 5348 3594 5403 facta
3619 5346 3689 5402 sit
3712 5346 3768 5402 in

2201 5453 2543 5515 perpetuum.
2575 5442 2731 5510 Quod
2759 5450 2942 5498 autem
2972 5438 3233 5510 abjecerit
3277 5441 3536 5497 Dominus
3576 5440 3770 5494 tribum

2202 5535 2479 5605 Ephraim,
2502 5542 2559 5590 ct
2584 5535 2808 5606 elegerit
2836 5535 3034 5591 tribum
3059 5532 3220 5599 Iuda,
3244 5544 3300 5590 et
3328 5536 3382 5591 in
3400 5534 3610 5607 psalmis
3630 5532 3767 5605 legi-

2201 5640 2323 5681 mus
2363 5624 2416 5680 in
2445 5626 2643 5695 quibus
2672 5626 2935 5697 scriptum
2972 5635 3094 5682 est:
3129 5646 3150 5678 ι
3186 5626 3254 5682 Et
3286 5626 3484 5697 repulit
3519 5625 3760 5681 taberna-

2200 5723 2380 5781 culum
2405 5721 2624 5796 Ioseph,
2647 5733 2703 5781 ct
2718 5724 2919 5783 tribum
2931 5724 3168 5798 Ephrem
3182 5740 3288 5781 non
3303 5722 3484 5795 elegit,
3505 5719 3591 5779 sed
3604 5716 3766 5790 elegit
