3972 6184
212 345 318 400 855

1136 335 1490 395 COIIMENT.
1531 334 1599 392 IN
1636 331 2094 391 EZECHIELEII.
2135 362 2206 376 -—
2238 330 2370 388 LIB.
2414 329 2552 390 XIII.

234 453 573 512 ribuntIuda
603 451 780 526 (Erat.
807 451 1037 523 uxvn),
1063 472 1080 504 ι
1111 452 1178 508 de
1219 465 1326 522 qua
1354 451 1619 521 scriptum
1663 458 1749 505 est
1777 462 1794 503 :
1825 456 1872 513 Α
1908 466 1925 498 ι
1972 447 2257 505 universos
2300 445 2702 503 multitudinem
2741 459 3014 517 magnam,
3042 444 3256 503 hastam
3295 457 3351 503 ct
3384 448 3499 522 cly-

220 565 242 601 ι
278 545 400 604 Non
425 543 639 602 deﬁciet
658 543 924 615 princeps
944 557 1007 597 ex
1035 540 1192 607 Iuda,
1222 556 1396 613 neque
1418 543 1524 598 dux
1548 540 1615 595 de
1637 539 1807 597 temo-

218 638 372 694 rihus
414 634 552 705 ejus,
584 633 760 689 donec
795 631 981 687 veniat
1005 631 1092 686 cui
1139 631 1435 701 repositum
1455 638 1567 694 .est,
1599 638 1668 683 .et
1690 627 1807 697 ipse

220 728 328 783 erit
354 724 688 795 exspectatio
708 722 950 796 gentium
983 720 1138 793 (Gen.
1168 722 1338 793 uix).
1363 740 1381 773 ι
1416 720 1555 776 Vere
1580 719 1725 774 enim
1752 719 1808 773 iu

1915 561 1933 594 ι
1976 556 2137 613 peum
2162 541 2538 612 arripientium
2562 548 2619 596 et
2644 539 2899 612 gladium.
2918 539 3418 612 PersteJI‘Ithiopes
3445 552 3499 597 et

1914 653 1933 686 ι
1974 633 2173 705 Libyes
2200 649 2322 689 cum
2344 632 2423 688 eis
2450 646 2641 688 omnes
2666 631 2866 689 scutati
2895 639 2951 689 et
2977 632 3193 703 galeati.
3220 631 3421 689 Gomer
3443 642 3503 689 et

1915 744 1933 775 ι
1977 725 2230 783 universa
2247 723 2462 795 agmina
2477 720 2623 791 ejus:
2643 721 2835 778 domus
2848 721 3153 792 Thogorma
3166 724 3332 778 latera
3346 724 3501 794 aqui-

220 819 458 875 adventu
487 815 702 871 Domini
736 812 1034 869 Salvatoris
1063 813 1182 868 dum
1206 812 1393 882 virgae,
1424 819 1502 874 et,
1529 817 1591 865 ut
1616 809 1669 864 in
1697 809 1808 864 Ile-
1906 832 1934 864 ι
1979 813 2140 879 Ionis,
2163 822 2219 868 et
2246 820 2417 867 totum
2445 814 2612 866 robur
2633 811 2770 881 ejus,
2801 812 3089 883 populique
3114 812 3269 866 multi
3300 820 3501 867 tecum.

220 909 412 965 braieo
438 907 689 979 positum
718 913 822 969 est,
850 906 956 960 duo
997 903 1140 975 ligna
1178 902 1231 957 in
1259 899 1425 957 unum
1466 899 1655 970 juncta
1684 908 1811 957 sunt

216 1008 515 1071 sceptrum,
548 1005 603 1052 et
627 997 681 1052 in
714 996 1036 1068 baptismate
1075 994 1300 1060 Christi,
1330 992 1532 1050 dudum
1562 997 1810 1062 separata

220 1091 526 1155 sociantur,
556 1095 617 1143 ut
648 1086 784 1142 ﬁant
820 1087 885 1141 in
920 1101 1087 1144 unum
1128 1100 1326 1141 novum
1352 1083 1647 1146 hominem,
1674 1092 1730 1136 et
1755 1081 1810 1137 in

216 1193 391 1235 unam
425 1184 660 1249 gentem.
680 1173 869 1247 Neque
889 1171 1197 1248 polluantur
1217 1175 1354 1230 ultra
1382 1175 1436 1229 in
1459 1173 1615 1229 idolis
1634 1182 1689 1229 et
1716 1172 1814 1228 ab.

219 1266 668 1333 ominationibus,
686 1266 783 1323 sed
799 1267 982 1321 mundi
1006 1266 1220 1321 lavacro
1246 1264 1355 1320 sint
1372 1264 1600 1336 populus
1620 1263 1741 1330 Dei,
1760 1272 1815 1318 et

222 1359 459 1430 imperet
482 1356 563 1412 eis
591 1355 859 1423 Christus,
891 1363 946 1411 et
974 1356 1220 1411 habitent
1259 1370 1424 1426 super
1451 1363 1673 1420 terram,
1702 1360 1812 1409 ter-

222 1461 456 1520 ramque
490 1445 787 1502 viventium
829 1460 992 1516 quam
1030 1436 1261 1502 dederat
1305 1461 1465 1502 servo
1502 1458 1601 1501 suo
1646 1444 1816 1502 Iacob

221 1535 599 1609 quipopulum
624 1535 792 1593 Israel
825 1537 877 1592 in
904 1537 1096 1592 matris
1117 1544 1272 1592 utero
1301 1535 1683 1607 supplantavit.
1718 1534 1816 1601 Sin

223 1638 412 1685 autem
438 1627 764 1683 voluerimus
776 1626 943 1698 juxta
970 1627 1311 1699 prophetiam
1341 1624 1511 1692 Oscae,
1538 1641 1658 1696 qua:
1679 1639 1817 1697 pene

142 1722 148 1727 ’
225 1720 411 1776 omnis
436 1721 505 1774 ad
531 1718 718 1776 decem
749 1718 924 1774 tribus
951 1718 1223 1790 dirigitur,
1258 1719 1311 1774 id
1331 1728 1416 1774 est
1439 1719 1509 1775 ad
1534 1716 1735 1789 Ioseph
1763 1726 1821 1774 et

1917 921 1936 955 ι
1976 903 2234 974 Ρηρριιιυιι
2249 912 2305 960 et
2328 902 2535 957 instrue
2553 910 2606 957 te
2618 912 2899 960 etomncm
2925 902 3323 983 multitudinem
3354 911 3501 957 tuam

1917 1016 1936 1048 ι
1981 1011 2104 1065 qum
2127 1002 2443 1053 coacervata
2466 1002 2550 1052 est
2568 995 2638 1051 ad
2658 1002 2736 1059 te,
2751 1003 2806 1048 et
2825 1001 2943 1049 esto
2962 994 3043 1049 eis
3066 984 3118 1047 ἱὶι
3148 1001 3498 1063 praeceptum.

1918 1105 1936 1137 ι
1984 1085 2116 1141 Post
2156 1085 2275 1140 dies
2315 1084 2517 1141 multos
2546 1083 2876 1143 visitaberis.
2922 1084 2980 1139 In
3013 1085 3308 1140 novissimo
3334 1098 3503 1142 anuo—

1919 1196 1938 1230 ι
1982 1193 2102 1232 rum
2149 1176 2334 1232 venies
2370 1176 2438 1232 ad
2464 1184 2689 1239 terram,
2714 1191 2835 1246 qua:
2877 1190 3095 1239 reversa
3122 1184 3207 1232 est
3228 1190 3269 1234 .a
3296 1174 3505 1246 gladio,

1919 1287 1938 1320 ι
1983 1276 2310 1340 congregata
2340 1275 2425 1322 est
2449 1266 2516 1322 de
2548 1266 2759 1337 populis
2785 1266 2970 1322 multis
3005 1265 3073 1320 ad
3098 1275 3311 1322 montes
3338 1264 3505 1323 Israel

1921 1378 1941 1412 ι
1986 1360 2079 1431 qui
2107 1359 2328 1415 fuerunt
2356 1359 2553 1415 deserti
2573 1358 2793 1429 jugiter.
2824 1358 2953 1414 Haec
2980 1358 3046 1414 de
3072 1358 3284 1430 populis
3311 1359 3505 1414 educta

1921 1473 1940 1505 ι
1983 1460 2087 1518 est,
2134 1460 2191 1508 et
2232 1452 2617 1508 habitaverunt
2661 1451 2714 1504 in
2758 1466 2822 1506 ea
2866 1449 3203 1505 conﬁdenter
3245 1449 3503 1507 universi.

1922 1563 1940 1596 ι
1987 1542 2297 1600 Aseendens
2324 1550 2504 1597 autem
2535 1541 2690 1613 quasi
2718 1549 3011 1611 tempestas
3035 1540 3242 1607 venies,
3260 1548 3315 1595 et
3348 1540 3506 1611 quasi

1925 1655 1944 1689 r
1989 1635 2159 1691 nubes
2180 1642 2241 1689 ut
2267 1633 2484 1706 operias
2516 1642 2716 1687 terram
2746 1641 2825 1697 tu,
2856 1640 2909 1687 et
2939 1631 3119 1686 omnia
3149 1630 3364 1702 agmina
3397 1638 3506 1695 tua,

1925 1747 1944 1780 r
1987 1735 2046 1783 et
2072 1727 2256 1798 populi
2299 1725 2453 1781 multi
2486 1733 2685 1789 tecum.
2731 1724 2861 1787 liae
2883 1723 3015 1779 dicit
3038 1724 3297 1783 Dominus
3327 1724 3507 1780 Deus:

221 1811 486 1882 Ephraim
513 1817 569 1865 et
591 1808 897 1866 Samariam
913 1818 973 1869 et
999 1808 1165 1867 Israel
1188 1809 1485 1880 intelligere
1508 1809 1626 1868 falsi
1650 1808 1819 1864 nomi-
1844 1814 1890 1875 B
1924 1835 1943 1870 ι
1987 1817 2046 1878 ιη
2075 1817 2162 1872 die
2205 1816 2295 1872 illa
2329 1817 2622 1872 ascenderit
2648 1829 2930 1875 sermones
2951 1829 3114 1884 super
3136 1829 3232 1870 cor
3260 1821 3426 1876 tuum,
3457 1822 3514 1870 et

223 1902 317 1958 uis
339 1899 650 1966 scientiam,
679 1907 737 1959 et
761 1896 1005 1957 diversas
1047 1900 1237 1958 turbas
1283 1900 1684 1966 haereticorum,
1715 1899 1819 1955 huc

225 1993 499 2058 dicemus,
524 1992 669 2065 quod
699 1992 755 2050 in
790 1991 982 2048 ultimo
1007 1999 1252 2063 tempore
1297 1993 1514 2062 quando
1548 1991 1822 2047 subintra-

222 2083 370 2142 serit
382 2082 678 2154 (plenitudo
691 2082 971 2155 gentium,
1003 2089 1059 2137 et
1096 2082 1274 2138 omnis
1290 2081 1462 2138 Israel
1490 2080 1668 2137 salvus
1700 2079 1821 2136 fue-

227 2175 326 2241 rit,
357 2177 486 2231 tunc
513 2174 678 2229 etiam
705 2173 1001 2231 adversarii
1043 2172 1223 2247 populi
1252 2173 1343 2244 qui
1385 2181 1576 2232 contra
1602 2172 1822 2230 domum

224 2268 420 2337 Iudae,
445 2278 501 2325 et
537 2270 935 2326 confessionem
985 2268 1240 2329 Ecclesia:
1272 2276 1681 2343 pugnaverunt,
1713 2277 1823 2326 tra-

226 2361 369 2416 dant
417 2376 476 2417 se
519 2360 905 2437 ecclesiastica:
949 2359 1097 2427 ﬁdei,
1133 2368 1190 2417 et
1234 2360 1500 2419 universis
1541 2358 1824 2415 erroribus

230 2451 535 2517 derelictis,
564 2459 619 2506 et
642 2450 978 2522 principibus
1007 2451 1191 2506 mundi
1224 2451 1382 2505 istius
1420 2450 1511 2521 qui
1541 2450 1826 2508 destruan-

232 2552 345 2608 tur,
373 2552 431 2599 et
477 2543 806 2614 patriarchis
847 2541 961 2598 suis
1008 2543 1098 2612 qui
1138 2557 1234 2598 eos
1271 2543 1325 2597 in
1366 2541 1822 2613 blasphemiarum

226 2633 553 2688 barathrum
573 2633 930 2712 deduxerunt,
945 2641 1273 2704 consurgant
1286 2640 1341 2691 et
1355 2632 1663 2705 relinquant
1682 2630 1824 2688 idola

231 2740 336 2780 sua
373 2724 801 2780 abominationes
825 2739 952 2780 suas
978 2739 1113 2798 quas
1139 2724 1205 2781 de
1231 2739 1329 2782 suo
1357 2724 1519 2781 corde
1548 2723 1825 2779 conﬁnxe-

233 2826 383 2881 rant,
408 2824 463 2870 ct
489 2815 556 2870 de
579 2815 789 2873 cunctis
832 2814 1051 2873 sedibus
1094 2814 1210 2870 suis
1243 2814 1296 2869 in
1329 2815 1527 2885 quibus
1567 2827 1826 2887 peccave-

220 2916 368 2963 runt
404 2913 683 2961 transeant
720 2905 789 2960 ad
825 2904 1249 2962 ecclesiasticam
1274 2903 1457 2972 ﬁdem,
1486 2912 1543 2959 et
1568 2903 1827 2962 manden-

218 3006 349 3061 tur,
379 3005 435 3051 et
460 2996 567 3050 sint
586 2995 822 3067 populus
851 2994 1075 3060 Christi,
1112 3004 1167 3050 et
1203 2995 1316 3065 ipse
1347 2995 1417 3053 sit
1445 2995 1585 3051 Deus
1612 3009 1823 3060 eorum,

233 3103 364 3158 qua:
406 3087 617 3158 plenius
660 3088 715 3142 in
754 3086 890 3142 Osca
925 3087 1189 3158 propheta
1231 3086 1508 3145 dictitasse
1550 3099 1636 3143 me
1673 3084 1818 3140 novi.

1927 1927 1945 1962 ι
1990 1906 2255 1983 cogitabis
2283 1906 2667 1978 cogitationem
2690 1906 3005 1979 pessimam,
3028 1915 3083 1960 et
3104 1904 3283 1961 dices:
3308 1904 3514 1974 Ascen-

1926 2019 1946 2053 ι
1990 2000 2112 2056 dam
2139 1999 2208 2054 ad
2238 2007 2443 2054 terram
2469 1997 2673 2069 absque
2704 2013 2878 2062 muro,
2902 1997 3116 2051 veniam
3146 1996 3213 2050 ad
3235 1996 3514 2073 quiescen-

1927 2110 1947 2144 ι
1993 2098 2076 2148 tes
2130 2090 2547 2162 habitantesque
2588 2102 2816 2146 secure:
2851 2101 3040 2142 onmes
3092 2086 3342 2142 habitant
3394 2086 3513 2142 sine

1929 2200 1948 2235 ι
1992 2196 2150 2237 muro
2171 2221 2188 2247 ,
2222 2189 2406 2238 vectes
2434 2188 2489 2235 et
2518 2187 2689 2253 porta:
2737 2193 2844 2236 non
2883 2186 3012 2233 sunt
3046 2177 3156 2243 eis,
3184 2184 3245 2231 ut
3287 2176 3515 2247 diripias

1928 2293 1948 2327 ι
1990 2273 2161 2345 spolia
2189 2282 2244 2329 et
2267 2271 2493 2328 invadas
2520 2271 2781 2342 prazdam,
2808 2279 2869 2325 ut
2896 2269 3098 2326 inferas
3123 2285 3339 2325 manum
3364 2278 3512 2329 tuam

1930 2382 1949 2417 ι
1990 2379 2154 2436 super
2180 2378 2275 2419 eos
2302 2362 2394 2434 qui
2425 2361 2625 2419 deserti
2669 2360 2909 2426 fuerant,
2936 2368 2990 2415 et
3030 2368 3218 2431 postea
3249 2360 3513 2426 restituti,

1926 2475 1948 2508 ι
1991 2464 2047 2510 et
2072 2469 2235 2524 super
2259 2453 2511 2525 populum
2533 2452 2625 2522 qui
2651 2459 2734 2507 est
2760 2460 3117 2525 congregatus
3140 2464 3208 2506 ex
3235 2450 3511 2523 gentibus.

1928 2568 1951 2604 ι
1994 2547 2086 2622 qui
2134 2547 2415 2619 possidere
2458 2544 2656 2614 coepit,
2685 2552 2743 2600 et
2784 2538 2910 2599 esse
2952 2543 3228 2598 habitator
3274 2542 3515 2602 umbilici

1931 2659 1950 2697 ι
1999 2650 2177 2696 terrae.
2211 2638 2353 2694 Saba
2379 2647 2437 2694 et
2463 2637 2669 2703 Dedan,
2707 2646 2763 2693 et
2790 2637 3154 2708 negotiatores
3182 2636 3429 2711 Tharsis,
3460 2645 3518 2695 et

1931 2751 1950 2785 ι
1992 2746 2182 2789 omnes
2200 2731 2386 2790 leones
2407 2730 2525 2805 ejus
2543 2719 2727 2786 dicent
2750 2731 2866 2796 tibi,
2895 2728 3145 2800 Nunquid
3168 2731 3239 2786 ad
3256 2730 3517 2790 sumenda

1933 2824 2170 2895 rspolia
2196 2832 2254 2879 tu
2278 2823 2464 2878 venis?
2487 2823 2629 2878 Ecce
2649 2822 2715 2877 ad
2737 2821 3099 2891 diripiendam
3122 2820 3361 2891 praedam
3388 2837 3516 2878 eon-

1932 2934 1951 2967 ι
1998 2913 2240 2986 gregasti
2289 2911 2692 2968 multitudinem
2737 2919 2908 2977 tuam,
2937 2919 2997 2965 ut
3044 2910 3203 2967 tollas
3232 2920 3518 2982 argentum

1933 3025 1952 3059 ι
1998 3014 2053 3062 et
2073 3020 2290 3072 aurum,
2309 3003 2526 3061 auferas
2546 3002 2933 3074 supellectilem
2957 3010 3121 3072 atque
3135 3002 3521 3088 substantiam,

1935 3118 1954 3150 ι
2001 3108 2057 3154 et
2097 3097 2325 3169 diripias
2370 3096 2662 3152 manubias
2707 3094 2971 3150 inﬁnitas.
3008 3095 3303 3166 Propterea
3331 3097 3536 3165 vatici».

238 3157 476 3248 Quodsi
494 3177 670 3233 Judaei
694 3157 1060 3233 etChristiani
1080 3174 1424 3248 judaizantes
1446 3174 1561 3229 haec
1580 3174 1657 3233 ad
1681 3173 1827 3228 mille

1937 3210 1956 3243 ‹
2002 3205 2153 3255 nare,
2186 3157 2260 3247 fili
2281 3190 2540 3256 hominis,
2558 3197 2613 3244 et
2632 3188 2782 3244 dices
2800 3189 2868 3243 ad
2886 3186 3023 3259 Gog,
3046 3157 3170 3244 [hcc
3191 3188 3321 3245 dicit
3342 3190 3522 3246 Domi-

238 3285 511 3326 annorum
550 3269 819 3324 voluerint
859 3267 1064 3340 reﬂerre
1112 3282 1356 3339 regnum,
1386 3265 1709 3321 necessitate
1734 3279 1828 3320 co-

221 3348 465 3433 guntur,
493 3368 551 3416 ut
576 3360 877 3433 suscipiant
896 3364 1090 3435 omnes
1108 3358 1200 3432 qui
1231 3357 1363 3413 salvi
1393 3355 1596 3412 fuerint
1620 3356 1833 3411 habita-

231 3462 402 3509 *ιιι-οε
429 3452 484 3509 in
534 3443 699 3507 terra'
722 3450 912 3512 Israel,
953 3448 1325 3506 aedificandam
1351 3447 1710 3515 Ilierusalem,
1734 3461 1831 3505 ex—

239 3543 568 3601 struendum
596 3542 879 3614 templum,
896 3548 1122 3597 cunctas
1147 3540 1277 3611 legis
1297 3539 1651 3596 cmremonias
1678 3554 1836 3596 exer-

238 3634 466 3699 cendas,
499 3634 891 3690 observandum
946 3633 1253 3697 sabbatum,
1305 3630 1673 3705 accipiendam
1723 3630 1835 3688 cir-

230 3723 882 3794 cumcisiouisinjuriam,
898 3721 1334 3777 manducandum
1358 3732 1413 3775 et
1438 3719 1758 3786 bibendum,
1782 3730 1838 3778 et

243 3814 564 3870 divitiarum
611 3812 1000 3869 abundantiam
1029 3827 1130 3887 pro
1167 3826 1380 3868 summa
1420 3809 1755 3868 beatitudine
1783 3818 1838 3867 et

242 3908 462 3965 cumctis
501 3907 692 3981 opibus
718 3890 1125 3960 aestimandam;
1142 3902 1277 3958 Cum
1320 3901 1610 3972 Apostolus
1650 3901 1833 3958 dicat:

248 4021 272 4055 ι
302 4001 443 4058 Esca
474 3999 674 4065 ventri,
699 4006 759 4073 et
798 3988 991 4054 venter
1016 3995 1189 4063 escis;
1220 3997 1360 4050 Deus
1388 4003 1566 4050 autem
1601 4001 1658 4050 et
1695 3994 1840 4050 hunc

243 4103 303 4147 et
324 4089 446 4151 illas
469 4089 712 4145 destruet
735 4086 787 4161 (Ι
810 4087 933 4142 Cor.
955 4086 1054 4156 vi).
1077 4110 1095 4140 ι
1124 4085 1404 4157 Quomodo
1428 4095 1608 4142 autem
1634 4085 1691 4141 in
1712 4094 1839 4159 typo

248 4181 671 4241 resurrectionis
693 4180 942 4251 superior
967 4194 1149 4235 sermo
1168 4178 1521 4251 propheticus
1543 4176 1842 4233 restitutio-

247 4290 377 4328 nem
408 4271 616 4327 Iudaici
649 4271 831 4345 populi
859 4269 1272 4336 demonstravit,
1302 4284 1411 4325 non
1442 4267 1717 4325 carnalem
1746 4268 1840 4323 sed

246 4362 573 4438 spiritalem,
597 4362 675 4417 sic
698 4370 753 4417 et
774 4361 875 4417 ista
892 4361 1180 4432 prophetia
1206 4373 1546 4431 nequaquam
1567 4357 1637 4413 ad
1658 4357 1842 4413 carnis

244 4453 343 4509 sed
394 4452 464 4508 ad
516 4452 712 4509 anima:
754 4451 998 4524 pertinet
1044 4449 1390 4515 felicitatem,
1420 4456 1477 4506 et
1520 4449 1589 4507 ad
1639 4447 1840 4505 Christi

1936 3303 1957 3339 ι
1998 3301 2102 3342 nus
2122 3285 2265 3342 Deus
2288 3299 2304 3338 :
2326 3283 2577 3355 Nunquid
2603 3298 2710 3337 non
2734 3284 2787 3337 in
2809 3283 3031 3349 dieillo,
3050 3298 3172 3337 cum
3198 3282 3523 3347 habitaverit

1938 3394 1957 3427 ι
1999 3375 2228 3451 populus
2269 3389 2422 3430 meus
2468 3373 2635 3443 Israel
2677 3373 3030 3437 confidenter,
3064 3373 3205 3429 scies
3240 3380 3297 3428 et
3336 3374 3524 3428 venies

1937 3484 1959 3523 ι
2006 3466 2073 3521 de
2100 3465 2218 3531 loco
2242 3473 2333 3520 tuo
2355 3481 2384 3519 a
2410 3463 2671 3520 lateribus
2693 3462 2983 3533 aquilonis,
3009 3470 3063 3517 tu
3086 3471 3140 3518 et
3160 3461 3340 3533 populi
3367 3462 3522 3518 multi

1941 3576 1960 3610 ι
2009 3567 2185 3616 tecum
2209 3572 2527 3614 ascensores
2540 3571 2803 3628 equorum
2824 3555 3276 3620 universi,emtus
3297 3568 3525 3624 magnus

1941 3667 1961 3702 (
2003 3659 2058 3706 ct
2080 3648 2353 3705 exerCitus
2377 3648 2689 3705 vehemens.
2712 3645 2781 3703 Et
2803 3645 3062 3703 ascendes
3087 3658 3249 3714 super
3268 3642 3523 3713 populna)

1944 3760 1963 3793 ε
2012 3756 2191 3797 meum
2234 3739 2426 3805 Israel,
2456 3738 2609 3809 quasi
2642 3738 2812 3792 nubes
2850 3743 2909 3790 ut
2948 3736 3162 3806 operias
3188 3742 3416 3791 terram.
3462 3734 3519 3796 In

1944 3851 1962 3883 ι
2008 3830 2317 3886 novissimis
2347 3829 2540 3885 diebus
2577 3829 2705 3894 eris,
2739 3837 2794 3883 et
2832 3826 3097 3882 adducam
3130 3833 3182 3880 te
3216 3840 3379 3895 super
3411 3831 3523 3883 ter.

1945 3943 1963 3976 ι
2011 3938 2126 3977 ram
2157 3937 2332 3977 meam
2360 3930 2420 3977 ut
2443 3921 2616 3979 sciant
2640 3930 2831 3992 gentes
2874 3934 2961 3974 me
2988 3933 3111 3974 cum
3155 3915 3527 3976 sanetilieatus

1948 4031 1966 4065 ι
2015 4012 2168 4068 fuero
2204 4012 2257 4065 in
2285 4020 2336 4067 te
2357 4012 2411 4066 iu
2440 4009 2611 4066 oculis
2641 4024 2851 4074 eorum.
2875 4023 2909 4064 o
2934 4006 3068 4080 Gog.
3103 4007 3229 4069 llaac
3254 4006 3386 4066 dicit
3415 4005 3524 4061 Dn.-

1947 4127 1965 4158 ι
2010 4106 2189 4161 minus
2220 4105 2364 4161 Deus
2390 4122 2404 4159 :
2428 4103 2507 4158 Tu
2538 4119 2667 4174 ergo
2698 4102 2785 4161 ille
2810 4118 2871 4157 es
2896 4102 2963 4157 de
2992 4116 3099 4172 quo
3144 4101 3357 4157 locutus
3403 4115 3524 4158 sum

1947 4217 1966 4250 ι
2011 4199 2067 4252 in
2092 4196 2283 4252 diebus
2306 4195 2543 4265 antiquis
2568 4194 2619 4253 in
2648 4210 2810 4248 manu
2834 4208 3112 4253 servorum
3138 4207 3378 4252 meorum
3400 4202 3527 4261 pro’-

1947 4311 1965 4344 ι
2012 4291 2299 4360 phetarum
2344 4287 2529 4352 Israel,
2582 4287 2674 4356 qui
2723 4287 3183 4357 pruphetaverunt
3229 4284 3284 4345 in
3337 4282 3529 4339 diebus

1948 4401 1966 4435 ι
2013 4381 2228 4438 illorum
2248 4388 2562 4450 temporum
2590 4387 2648 4436 ut
2681 4378 3008 4434 adducerem
3034 4383 3089 4434 te
3118 4388 3280 4444 super
3308 4387 3425 4427 eos.
3458 4372 3528 4427 Et

1949 4492 1968 4525 ι
2013 4473 2123 4528 erit
2150 4473 2204 4527 in
2231 4471 2319 4527 die
2345 4470 2454 4535 illa,
2485 4469 2539 4524 in
2571 4468 2659 4524 die
2693 4467 2955 4527 adventus
2984 4463 3101 4535 (ἱοε
3135 4478 3297 4535 super
3324 4473 3525 4518 terram

245 4544 438 4609 ﬁdem,
471 4557 575 4613 qua
611 4521 939 4598 mtmdamur
966 4542 1020 4597 in
1052 4542 1398 4613 baptismate,
1425 4539 1582 4611 cujus
1608 4557 1828 4613 regnum

1951 4582 1970 4615 ι
2013 4561 2198 4625 Israel,
2226 4564 2305 4619 ait
2332 4560 2592 4616 Dominus
2616 4559 2781 4623 Deus,
2803 4521 3384 4625 ascendet‘indi‘gnatio
3410 4567 3527 4609 mea

245 4633 301 4693 in
332 4641 656 4707 perpetuum
681 4641 787 4698 est,
816 4640 876 4687 ut
905 4646 1012 4687 non
1046 4641 1421 4703 exspectemus
1457 4643 1683 4690 ventura
1721 4648 1843 4705 qum

243 4732 527 4782 transacta
551 4731 608 4778 et
629 4723 870 4794 quotidie
900 4723 1127 4794 transigi
1155 4723 1424 4779 novimus.

773 4830 1002 4889 CAPUT
1041 4830 1326 4891 XXXVIII.

246 4924 442 4982 Sermo
486 4921 700 4979 Domini
729 4932 910 4981 contra
943 4921 1054 4993 Gog
1082 4932 1131 4977 et
1160 4921 1352 4993 Magog
1368 4939 1388 4986 ,'
1414 4922 1480 4978 de
1504 4923 1720 4981 interitu
1748 4940 1842 4981 eo»

724 5009 838 5047 rum
860 5001 908 5047 et
937 5002 1147 5063 peccato
1175 4993 1379 5064 populi.

330 5131 350 5165 ι
389 5110 459 5168 Ει
502 5111 681 5170 factus
705 5120 792 5169 est
832 5128 1015 5170 sermo
1040 5111 1254 5169 Domini
1283 5111 1354 5167 ad
1382 5125 1469 5170 me
1494 5110 1716 5169 dicens:
1741 5108 1843 5165 Fili

253 5228 275 5260 ι
323 5207 582 5274 hominis,
609 5223 751 5281 pone
782 5206 976 5265 faciem
1026 5215 1172 5265 tuam
1199 5213 1385 5263 contra
1414 5204 1531 5276 Gog
1559 5212 1616 5263 et
1642 5211 1840 5261 teriam

256 5320 278 5352 ι
327 5299 518 5370 ﬂagug
538 5299 837 5371 principem
862 5299 1056 5369 capitis
1083 5297 1302 5355 Mosoch
1329 5306 1387 5353 et
1410 5295 1644 5361 Thuhal,
1664 5303 1719 5350 et
1748 5310 1843 5349 va-

258 5410 280 5440 ι
331 5389 561 5447 ticiuare
587 5390 654 5445 de
678 5405 766 5456 eo,
792 5401 849 5447 et
876 5389 1026 5445 dices
1052 5389 1121 5444 ad
1147 5404 1272 5445 eum
1298 5406 1311 5443 :
1342 5387 1469 5447 Haec
1498 5386 1630 5442 dicit
1654 5385 1841 5445 Domi-

260 5501 281 5533 ι
328 5496 433 5535 nus
462 5481 622 5546 Deus,
651 5481 792 5539 Ecce
830 5494 931 5553 ego
975 5479 1043 5535 ad
1065 5487 1118 5535 te
1145 5478 1258 5551 Gog
1301 5478 1600 5549 principem
1646 5476 1841 5546 capitis

261 5588 283 5620 ι
330 5568 550 5627 Mosoch
579 5578 635 5626 et
674 5568 908 5626 Thubal.
940 5568 1010 5625 Et
1041 5569 1406 5642 circumagam
1452 5578 1505 5623 te
1547 5577 1606 5623 et
1644 5582 1842 5637 ponam

264 5678 284 5710 ι
332 5657 544 5715 frenum
581 5660 637 5716 in
664 5661 899 5739 maxillis
944 5661 1074 5728 tuis,
1099 5668 1155 5717 et
1181 5661 1405 5718 educam
1440 5668 1493 5716 te
1526 5670 1582 5716 et
1626 5674 1845 5715 omnem

272 5766 293 5805 ς
330 5749 632 5807 exercitum
670 5759 850 5819 tuum,
881 5756 1053 5822 equos
1083 5757 1138 5807 et
1166 5750 1377 5824 equites
1405 5750 1628 5810 vestitos
1666 5749 1850 5808 loricis

1952 4672 1971 4703 ι
2017 4652 2072 4709 in
2105 4652 2288 4708 furore
2328 4664 2451 4704 meo
2477 4656 2532 4705 et
2561 4649 2615 4702 in
2646 4646 2761 4703 zelo
2803 4661 2944 4702 meo.
2981 4645 3040 4705 In
3088 4646 3212 4718 igne
3255 4646 3349 4701 ira:
3394 4662 3529 4701 mea:

1950 4762 1971 4796 ι
2017 4745 2229 4803 locutus
2256 4757 2400 4807 sum,
2429 4741 2553 4810 quia
2581 4740 2635 4797 in
2664 4739 2752 4795 die
2772 4738 2863 4798 illa
2890 4738 2995 4797 erit
3017 4738 3311 4795 commotio
3331 4754 3527 4810 magna

1953 4855 1970 4888 ι
2016 4849 2180 4906 super
2227 4844 2429 4893 terram
2466 4832 2659 4898 Israel,
2684 4840 2742 4888 et
2788 4831 3270 4891 commovebuntur
3313 4847 3345 4888 a
3390 4830 3531 4887 facie

1953 4945 1972 4978 ι
2015 4940 2134 4982 mea
2173 4925 2352 4996 pisces
2396 4924 2586 4989 maris,
2640 4932 2697 4980 et
2747 4923 2994 4982 volucres
3042 4924 3186 4990 caeli,
3246 4932 3302 4980 et
3342 4923 3529 4980 bestia:

1957 5038 1975 5070 ι
2015 5018 2154 5089 agri,
2184 5026 2237 5074 et
2256 5032 2417 5073 omne
2447 5016 2639 5086 reptile
2659 5016 2802 5087 quod
2826 5026 3072 5072 movetur
3093 5030 3259 5085 super
3283 5016 3527 5080 humum,

1955 5130 1974 5163 ι
2014 5110 2304 5180 cunctique
2341 5108 2590 5167 homines
2627 5108 2718 5178 qui
2760 5117 2888 5164 sunt
2929 5122 3091 5178 super
3120 5105 3317 5162 faciem
3348 5114 3524 5162 terrae.

1952 5218 1975 5251 ι
2018 5200 2087 5258 Et
2104 5201 2490 5256 subvertentur
2511 5206 2743 5264 montes,
2770 5205 2826 5253 et
2852 5197 3047 5254 cadent
3069 5211 3244 5266 sepes,
3267 5202 3324 5250 et
3351 5196 3528 5250 omnis

1955 5309 1974 5343 ι
2016 5307 2205 5347 murus
2229 5298 2449 5349 corruet
2489 5290 2544 5347 in
2574 5298 2798 5348 terram.
2838 5288 2907 5343 Et
2936 5288 3244 5344 convocabo
3270 5285 3532 5349 adversus

1955 5401 1975 5435 ι
2017 5398 2143 5439 eum
2171 5383 2225 5439 in
2259 5381 2467 5439 eunetis
2486 5380 2763 5439 montibus
2791 5379 2934 5436 meis
2954 5378 3211 5451 gladium,
3236 5376 3313 5431 ait
3342 5374 3530 5431 Domi-

1954 5495 1975 5533 ι
2016 5491 2119 5533 nus
2146 5474 2314 5530 Deus.
2345 5473 2571 5534 Gladius
2600 5472 3024 5543 uniuscujusque
3050 5468 3105 5523 in
3128 5468 3347 5523 fratrem
3374 5479 3531 5520 suum

1959 5586 1977 5618 ι
2024 5567 2307 5638 dirigetur.
2343 5565 2411 5625 Et
2438 5563 2694 5634 judicabo
2735 5578 2859 5619 eum
2887 5571 3038 5634 peste
3066 5570 3122 5617 et
3152 5557 3434 5629 sanguine,
3473 5564 3532 5610 et

1959 5676 1977 5709 ι
2023 5656 2196 5712 imbre
2220 5655 2523 5713 vehementi
2553 5664 2609 5713 et
2647 5653 2916 5726 lapidibus
2942 5649 3239 5708 immensis.
3271 5646 3453 5719 Ignem
3477 5654 3531 5698 et

1960 5768 1978 5802 ι
2025 5747 2250 5822 sulphur
2271 5747 2450 5820 pinam
2474 5763 2636 5819 super
2662 5762 2806 5815 eum,
2820 5752 2874 5803 ct
2897 5757 3058 5815 super
3079 5743 3374 5799 exercitum
3395 5738 3534 5805 eius.
