3972 6184
552 340 661 397 861

1196 339 1256 394 Β.
1298 337 1550 394 RABANI
1588 335 1807 394 MAURI
1846 331 2167 392 ARCHIEP.
2208 330 2519 390 MOGUNT.
2561 330 2849 396 OPERUM
2885 332 3069 399 PARS
3099 332 3161 389 II.

3716 337 3806 398 878

562 476 582 508 ι
623 462 679 512 ει
707 469 873 526 super
902 454 1126 527 populos
1155 452 1354 509 multos
1381 453 1475 523 qui
1504 461 1631 509 sunt
1657 466 1784 508 cum
1811 465 1897 508 eo.
1928 449 1998 506 Et
2021 464 2138 505 ma-
2162 451 2217 513 Α
2240 454 2332 502 tur
2359 446 2611 518 superbia
2640 455 2697 502 et
2728 445 2851 503 falsi
2884 447 3125 504 nominis
3158 448 3385 506 scientia
3421 464 3545 522 qua
3572 453 3734 526 erigit
3760 465 3807 509 se

556 571 579 602 ‹
620 548 917 621 gniﬁcabor
938 557 994 603 et
1024 546 1441 612 sanctificabor,
1469 554 1525 605 et
1554 551 1717 601 notus
1755 558 1852 600 ero
1880 542 1934 599 in
1963 541 2139 598 oculis
2239 544 2427 592 contra
2458 535 2708 591 notitiam
2734 534 3000 611 veritatis,
3022 537 3110 593 his
3145 538 3455 597 nominibus
3484 539 3810 601 demonstra-

548 660 580 694 Α
626 641 862 713 gentium
894 639 1209 706 multarum,
1239 645 1295 694 et
1320 637 1493 693 scient
1518 635 1645 708 quia
1680 648 1783 705 ego
1807 633 2086 690 Dominus.
2110 653 2131 685 ι

555 731 1077 803 (Hieron.)Primum
1105 730 1346 787 historiae
1375 726 1983 796 fundamentajacienda
2008 730 2137 782 sunt

538 822 935 892 sciendumque
957 822 1099 893 quod
1112 822 1179 877 ad
1192 820 1444 877 Ezechiel
1465 819 1787 891 prophetam
1824 817 1927 872 iste
1952 822 2136 869 extre-

550 929 673 969 mus
694 928 875 969 sermo
895 914 966 970 sit
987 913 1221 968 Domini.
1251 911 1439 982 Neque
1461 912 1606 966 enim
1635 918 1757 982 post
1785 909 1929 964 hunc
1959 905 2135 963 simile

548 1003 674 1073 quid
689 1019 975 1073 possumus
996 1003 1262 1069 invenire,
1279 1011 1476 1074 praeter
1489 1000 1617 1058 illud
1635 999 1779 1070 quod
1794 999 1846 1053 in
1870 998 2133 1053 vicesimo

547 1094 736 1162 quinto
760 1108 902 1147 anno
931 1094 1190 1163 scriptum
1214 1100 1299 1147 est
1321 1089 1814 1160 transmigrationis
1831 1086 2128 1152 Jechonim,

542 1202 572 1236 ι(
608 1182 749 1239 facta
774 1192 857 1239 est
894 1198 1057 1253 super
1085 1198 1172 1239 me
1213 1198 1406 1238 manus
1434 1179 1672 1245 Domini,
1708 1187 1763 1233 et
1788 1177 2014 1235 adduxit
2044 1191 2131 1231 me

543 1277 692 1343 illuc,
719 1298 736 1330 ι
766 1276 866 1331 hoc
905 1285 989 1332 est
1026 1278 1081 1332 i'n
1114 1285 1315 1332 terram
1350 1274 1552 1341 Israel,
1581 1273 1801 1344 quando
1844 1270 2130 1328 aediﬁcatio

542 1370 728 1441 templi
757 1370 1097 1435 describitur,
1129 1379 1185 1425 et
1212 1368 1658 1427 caeremoniarum
1691 1364 1807 1435 ejus
1835 1364 1970 1420 ordo
1996 1379 2128 1420 nar.

542 1471 715 1517 ratur.
750 1463 882 1518 Dein
905 1462 1298 1517 observandum
1329 1461 1473 1531 quod
1495 1459 1717 1529 ponitur
1736 1457 1849 1513 sive
1874 1455 2132 1512 obfirmav

542 1562 631 1607 tur
658 1552 822 1609 facies
854 1556 1129 1624 propheta:
1157 1552 1489 1623 eontra‘Gog
1514 1561 1750 1615 terram,
1785 1549 1899 1605 sive
1923 1557 2126 1604 terram

540 1641 1170 1712 Magogmblirmatione
1214 1641 1359 1696 enim
1389 1648 1445 1695 et
1480 1639 1649 1694 multa
1690 1638 2128 1694 consideratione

2236 632 2347 679 tur.
2393 626 2501 681 Ista
2542 632 2668 681 sunt
2709 633 2852 685 tocta
2894 627 2960 682 de
2998 627 3198 698 quibus
3223 636 3278 683 et
3302 629 3475 685 Isaias
3503 630 3808 702 loquitari:

2238 723 2446 780 visione
2478 732 2668 779 contra
2704 724 2899 779 vallem
2935 722 3106 780 Sion:
3136 744 3155 776 ι
3185 723 3326 793 Quid
3370 727 3468 785 tibi
3508 727 3715 786 factum
3742 743 3810 788 est

2234 828 2403 880 nunc,
2449 816 2704 885 quoniam
2729 816 3051 875 ascendistis
3081 831 3271 875 omnes
3301 819 3356 875 in
3391 828 3534 875 tecta
3580 823 3752 878 vana?
3786 843 3801 877 ι

2236 904 2569 979 Tectumque
2598 906 3078 978 interpretabimur
3120 908 3499 965 haereticorum
3528 911 3806 983 principes,

2233 1005 2290 1052 et
2315 997 2382 1053 de
2411 1005 2557 1053 tecto
2596 1013 2690 1054 eos
2717 999 2808 1070 qui
2852 999 3067 1056 illorum
3099 1016 3390 1077 suscepere
3416 1003 3716 1060 doctrinas.
3753 1005 3807 1061 Et

2231 1086 2455 1157 pulchre
2476 1101 2601 1159 post
2627 1090 2823 1146 multas
2844 1099 2899 1146 et
2921 1091 3178 1163 mystieas
3195 1093 3250 1147 in
3273 1092 3378 1148 hoc
3400 1093 3677 1150 volumine
3702 1112 3806 1167 pro-

2230 1177 2465 1248 phetias,
2509 1187 2815 1235 extremum
2857 1180 3177 1235 vaticinium
3224 1190 3311 1237 est
3358 1193 3550 1238 contra
3599 1183 3719 1259 Gog
3761 1198 3805 1243 et

2232 1267 2437 1340 Magog.
2474 1267 2532 1325 Si
2567 1271 2713 1326 enim
2762 1281 2973 1345 tempus
3008 1272 3198 1343 iudicii
3243 1280 3346 1338 est,
3374 1271 3534 1342 juxta
3574 1275 3802 1346 Petrum,

2232 1377 2257 1412 ι
2293 1368 2355 1414 ιιι
2381 1361 2604 1437 incipiat
2631 1376 2658 1416 a
2691 1362 2852 1417 domo
2872 1360 2967 1417 Dei
2996 1362 3050 1434 (1
3069 1360 3213 1423 Petr.
3243 1363 3341 1435 tv),
3366 1383 3384 1417 ι
3414 1374 3467 1420 ει
3489 1364 3651 1434 juxta
3674 1368 3803 1423 hunc

2230 1451 2482 1507 eumdem
2514 1451 2856 1507 Ezechielem
2886 1453 2979 1523 qui
3004 1452 3101 1519 ait,
3133 1471 3152 1504 ε
3181 1463 3236 1508 ει
3264 1470 3293 1508 a
3317 1456 3524 1511 sanctis
3567 1458 3707 1513 meis
3730 1460 3801 1513 in-

2230 1541 2395 1611 cipite
2428 1541 2645 1614 (Ezech.
2675 1542 2775 1615 xx),
2800 1563 2820 1595 ι
2853 1552 2911 1598 ει
2942 1543 3270 1601 novissimus
3292 1544 3547 1601 inimicus
3575 1547 3802 1604 destrue-

2228 1640 2319 1688 tur
2362 1648 2527 1690 mors.
2560 1635 2619 1689 In
2648 1633 2789 1693 Isaia
2820 1650 3036 1707 quoque
3062 1636 3273 1705 primus
3315 1651 3496 1692 sermo
3535 1638 3598 1693 lit
3626 1648 3800 1695 contra

534 1730 721 1786 vultus
762 1746 897 1801 opus
943 1740 1045 1797 est,
1095 1740 1155 1785 ut
1198 1746 1318 1800 quae
1358 1729 1613 1786 dicuntur
1648 1744 1809 1785 nosse
1854 1729 2124 1802 possimus
2227 1723 2468 1783 Judaeam
2516 1725 2573 1779 in
2621 1740 2729 1795 qua
2770 1725 3041 1785 confessio
3084 1725 3298 1781 Domini
3326 1735 3431 1792 est,
3455 1736 3512 1783 et
3540 1737 3802 1786 extremus

539 1824 836 1879 secundum
880 1824 1030 1879 illum
1074 1824 1474 1893 apostolicum:
1504 1842 1523 1874 ι
1560 1820 1669 1878 Nos
1712 1832 1891 1878 autem
1933 1834 2124 1877 omnes
2152 1823 2198 1883 Β
2226 1824 2416 1870 contra
2476 1816 2853 1888 quadrupedes
2889 1831 3011 1887 quze
3067 1816 3124 1873 in
3183 1817 3402 1872 deserto
3455 1827 3605 1872 sunt.
3648 1819 3801 1875 Recte

538 1912 773 1968 revelata
824 1912 963 1969 facie
1011 1914 1240 1986 gloriam
1289 1914 1505 1970 Domini
1551 1913 2019 1984 contemplantes,
2066 1911 2114 1971 in

2224 1913 2280 1959 et
2312 1905 2401 1961 hic
2434 1907 2764 1962 novissimus
2798 1920 2977 1963 sermo
3012 1904 3074 1961 fit
3115 1915 3310 1961 contra
3335 1905 3454 1976 Cog
3500 1916 3556 1962 et
3600 1906 3797 1980 Magog,

526 2002 781 2059 eamdem
812 2003 1100 2075 imaginem
1143 2003 1551 2060 reformamura
1579 2004 1750 2076 gloria
1781 2005 1834 2059 in
1867 2003 2118 2073 gloriam,
2222 1995 2315 2066 qui
2355 2002 2669 2068 oppugnant
2715 1996 2990 2052 civitatem
3048 1996 3167 2062 Dei,
3213 2012 3376 2083 quam
3423 1996 3662 2056 ﬂuminis
3713 2000 3799 2054 int-

536 2093 691 2163 quasi
729 2108 759 2148 a
800 2094 1013 2149 Domini
1042 2095 1233 2166 spiritu
1258 2092 1310 2167 (1
1340 2094 1463 2151 Cor.
1493 2095 1600 2166 ιιι).
1624 2113 1642 2149 ι
1671 2094 1838 2166 Igitur
1866 2092 2037 2149 Judaei
2065 2102 2123 2150 et
2219 2096 2377 2165 pctus
2411 2087 2676 2156 laetiﬁcat,
2714 2096 2769 2142 et
2796 2102 2916 2160 qua:
2943 2088 2998 2143 in
3039 2087 3175 2144 Isaia
3223 2088 3375 2156 dicit,
3409 2107 3429 2140 t
3461 2089 3577 2160 Ego
3605 2090 3799 2149 .civitas

528 2184 710 2239 nostri
736 2183 1077 2253 judaizanles
1102 2194 1295 2257 putant
1319 2186 1435 2258 Gog
1453 2194 1645 2257 gentes
1687 2202 1806 2242 esse
1836 2186 2121 2257 Scythicas
2220 2180 2375 2243 ﬁrma
2424 2195 2544 2253 quae
2597 2190 2956 2252 oppugnatur,
2994 2199 3013 2232 ι
3039 2187 3093 2234 et
3136 2180 3203 2236 de
3249 2195 3355 2253 qua
3408 2181 3462 2241 in
3524 2181 3800 2254 Evangelia

534 2273 800 2331 immanes
841 2285 897 2331 et
941 2275 1404 2341 innumerabiles,
1450 2292 1571 2347 qua:
1620 2286 1769 2333 trans
1817 2277 2117 2333 Caucasum

533 2375 795 2433 montem,
823 2378 876 2423 et
902 2369 1206 2430 Mmotidem
1231 2369 1507 2441 paludem,
1539 2378 1596 2426 et
1625 2378 1846 2443 propter
1863 2369 2117 2440 Caspium

532 2472 685 2514 mare
709 2460 777 2515 ad
814 2460 1021 2515 Indiam
1048 2477 1221 2532 usque
1250 2461 1575 2529 tendantur,
1601 2471 1657 2518 et
1686 2462 1786 2518 bas
1813 2471 1937 2534 post
1970 2462 2117 2517 mille

526 2563 796 2607 annorum
822 2568 1048 2625 regnum
1079 2570 1201 2611 esse
1226 2570 1258 2609 a
1285 2556 1501 2613 diabolo
1526 2554 1967 2621 commovendas,
1995 2570 2116 2626 quae

528 2641 752 2697 veniant
779 2643 833 2698 in
874 2654 1075 2702 terram
1102 2645 1266 2702 Israel
1303 2654 1365 2701 ut
1392 2656 1632 2719 pugnent
1657 2655 1846 2703 contra
1872 2655 2112 2712 sanctos,

520 2731 715 2787 multis
737 2748 919 2789 secum
948 2737 1198 2806 gentibus
1226 2739 1584 2809 congregatis.
1620 2738 1865 2797 Primum
1892 2737 2113 2794 Mosoch

524 2837 637 2892 quo
656 2821 922 2893 Josephus
943 2827 1331 2899 interpretatur
1350 2829 1718 2900 Cappadocas,
1734 2831 1856 2886 dein
1879 2830 2109 2897 Thubal,

518 2929 666 2989 quos
694 2915 837 2970 idem
858 2916 1063 2983 Iberos,
1086 2918 1172 2972 vel
1198 2918 1488 2989 Hispanos,
1515 2919 1725 2975 Hebraei
1751 2919 1915 2975 Italos
1936 2919 2114 2990 suspi-

520 3013 742 3071 cantur,
775 3008 1035 3063 habentes
1062 3023 1245 3065 secum
1279 3010 1331 3064 in
1370 3011 1614 3066 exercitu
1649 3008 1864 3077 Persas,
1897 3009 2110 3066 Ethio-

526 3109 625 3167 pas
669 3102 724 3150 et
772 3094 990 3168 Libyas.
1038 3095 1240 3155 .Gomer
1285 3113 1503 3173 quoque
1532 3108 1587 3154 et
1622 3099 1929 3171 Thogorma
1971 3116 2108 3171 quos

2221 2277 2482 2349 scriptum
2532 2287 2617 2336 est
2669 2277 2906 2351 (Matth.
2954 2278 3025 2351 ν)
3070 2292 3085 2337 :
3136 2298 3154 2331 ι
3212 2277 3328 2335 Non
3386 2286 3570 2350 potest
3622 2279 3796 2336 civitas

2219 2369 2481 2425 abscondi
2537 2385 2703 2441 super
2748 2380 2990 2425 montem
3050 2370 3247 2441 posita.
3301 2388 3320 2422 ι
3379 2369 3446 2424 Ει
3493 2370 3706 2440 plenius
3747 2369 3796 2426 in

2214 2461 2425 2534 psalmo
2468 2476 2483 2516 :
2529 2479 2550 2513 ι
2600 2462 2938 2518 Hierusalem
2976 2476 3097 2535 (λικε
3136 2461 3439 2517 aedificatur
3483 2476 3542 2516 ut
3588 2462 3792 2527 civitas,

2216 2553 2370 2623 cujus
2394 2552 2736 2623 participatio
2777 2552 2895 2621 ejus
2923 2552 2976 2606 in
3018 2552 3252 2622 idipsum
3288 2570 3300 2604 :
3351 2559 3571 2606 montes
3609 2550 3661 2604 in
3700 2551 3797 2605 cir-

2215 2646 2364 2701 cuitu
2391 2646 2529 2721 ejus,
2558 2651 2614 2699 et
2650 2644 2909 2699 Dominus
2952 2643 3007 2703 in
3050 2643 3279 2699 circuitu
3312 2641 3495 2721 populi
3523 2640 3607 2696 sui
3635 2639 3789 2711 (Prol.

2213 2737 2417 2811 cntv).
2461 2758 2480 2791 ι
2516 2738 2687 2798 Porro
2731 2737 2875 2807 quod
2918 2735 2972 2790 in
3005 2735 3247 2791 exercitu
3293 2734 3409 2804 60g
3442 2733 3559 2788 sive
3588 2732 3793 2807 κακαί,

2213 2827 2327 2897 qui,
2352 2825 2508 2896 juxta
2550 2825 2929 2898 Septuaginta,
2960 2823 3344 2896 Symmachum
3383 2831 3436 2879 et
3482 2822 3793 2878 Theodotio-

2211 2934 2355 2986 nem,
2404 2920 2653 2990 princeps
2684 2927 2767 2974 est
2814 2918 2925 2975 Bos
2954 2917 3194 2983 Mosoch,
3226 2926 3279 2973 et
3313 2915 3547 2982 Thubal,
3578 2916 3793 2987 primatu

2209 3018 2425 3079 gentem
2453 3008 2560 3066 llos
2590 3007 2781 3079 Aquila
2809 3008 3200 3078 interpretatur
3227 3018 3406 3077 caput,
3435 3020 3602 3077 quem
3635 3016 3690 3062 et
3710 3022 3793 3063 nos

2211 3102 2382 3159 secuti
2411 3115 2619 3166 sumus,
2659 3108 2720 3157 ut
2752 3099 2824 3156 sit
2850 3114 3045 3155 sensus
3075 3118 3087 3153 :
3118 3099 3418 3177 principem
3455 3097 3655 3168 capitis
3693 3098 3790 3155 Μορ

518 3182 747 3240 Galatas
786 3194 843 3241 et
872 3184 1114 3268 Phryges
1148 3171 1602 3258 interpretantur,
1632 3187 1854 3247 Sabaeos
1895 3205 2110 3262 quoque
2135 3171 2181 3235 Ο
2213 3192 2343 3247 soch
2391 3199 2447 3246 et
2472 3188 2701 3247 Thubal.
2754 3190 2821 3244 Et
2866 3205 3055 3245 revera
3108 3171 3209 3245 nec
3252 3189 3307 3243 in
3357 3188 3465 3243 alio
3516 3187 3790 3259 Scriptura

526 3280 584 3328 et
630 3272 833 3338 Dedan,
866 3283 921 3330 et
966 3275 1426 3348 Carthaginenses
1454 3278 1569 3335 sive
1602 3279 1857 3346 Tharsis;
1902 3289 1959 3336 et
2004 3282 2109 3339 hoc

516 3374 610 3421 ,εει
638 3368 780 3435 quod
811 3366 1049 3425 Joannes
1075 3384 1288 3442 quoque
1326 3371 1380 3426 in
1417 3385 1515 3429 sua
1560 3372 1712 3443 ponit
1738 3371 2062 3449 Apocalypsi
2090 3392 2103 3429 :

529 3477 548 3510 ι
583 3459 651 3515 Ει
680 3476 802 3516 ειιιιι
833 3462 971 3518 ﬁniti
1010 3463 1216 3520 fuerint
1240 3464 1386 3521 mille
1412 3465 1565 3531 anni,
1591 3465 1832 3522 solvetur
1878 3466 2109 3522 Satanas

522 3552 592 3607 de
619 3554 863 3608 custodia
894 3568 1011 3621 sua,
1039 3564 1095 3610 et
1135 3555 1443 3626 egredietur
1483 3565 1543 3611 ut
1574 3556 1796 3612 seduoat
1830 3567 2019 3626 gentes
2054 3558 2108 3612 in

522 3652 758 3714 quatuor
803 3646 1013 3718 angulis
1053 3655 1213 3707 terra:
1248 3647 1365 3719 Cog
1392 3656 1445 3711 et
1486 3648 1703 3724 Magog,
1733 3657 1795 3704 ut
1820 3657 2111 3720 congreget

525 3751 622 3792 eos
643 3737 710 3790 ad
740 3736 960 3803 bellum,
992 3753 1220 3808 quorum
1251 3755 1510 3796 numerus
1530 3748 1613 3795 est
1639 3740 1780 3795 sicut
1807 3755 1971 3796 arena
2000 3756 2110 3796 ma-

523 3831 623 3890 ris.
670 3830 737 3885 Et
778 3832 1141 3888 ascenderunt
1172 3847 1269 3902 per
1313 3831 1651 3891 latitudinem
1701 3841 1877 3899 terrae,
1905 3843 1961 3887 et
2003 3833 2111 3888 cir-

524 3921 917 3979 cumdederunt
935 3930 1115 3977 castra
1137 3931 1446 3981 sanctorum
1468 3931 1523 3978 et
1541 3922 1813 3979 civitatem
1829 3923 2104 3989 dilectam,

509 4019 584 4066 et
608 4010 889 4066 descendit
932 4011 1074 4081 ignis
1096 4027 1127 4064 a
1158 4012 1269 4067 Deo
1300 4012 1367 4069 de
1393 4012 1532 4068 caelo
1559 4021 1616 4069 et
1657 4012 1937 4069 devoravit
1975 4027 2104 4068 eos:

524 4111 582 4162 et
610 4101 877 4168 diabolus,
900 4103 991 4173 qui
1011 4103 1302 4159 seducebat
1322 4119 1437 4169 eos,
1464 4105 1661 4160 missus
1679 4115 1764 4160 est
1780 4105 1832 4159 in
1858 4115 2106 4183 stagnum

526 4191 666 4263 ignis
688 4200 745 4247 et
769 4191 1045 4263 sulphuris
1069 4193 1159 4248 ubi
1182 4202 1301 4248 erat
1329 4195 1503 4249 bestia
1525 4202 1582 4249 et
1606 4194 2103 4266 pseudoprophetze,

523 4292 581 4339 et
611 4284 998 4340 eruciabuntur
1028 4284 1220 4341 diebus
1262 4295 1317 4341 et
1356 4286 1606 4341 noctibus
1634 4288 1688 4341 in
1718 4288 1913 4343 smcula
1940 4304 2109 4344 saecu-

523 4372 732 4442 lorum;
772 4396 791 4427 ι
822 4391 927 4431 non
973 4375 1335 4446 intelligentes
1363 4385 1534 4431 totum
1571 4375 1822 4433 volumen
1860 4378 2101 4445 Joannis,

523 4468 667 4541 quod
696 4467 1039 4525 revelationis
1068 4469 1229 4524 titulo
1256 4477 1610 4538 prtenotatur,
1634 4484 1756 4525 esse
1787 4471 2101 4542 mysticum;

2209 3284 2350 3350 loco,
2386 3299 2489 3339 nec
2513 3284 2566 3339 in
2595 3268 2829 3354 Josepbo
2850 3282 3066 3353 quidem
3093 3281 3205 3353 (qui
3234 3283 3479 3337 omnium
3509 3279 3784 3336 Hebraica-

2211 3397 2331 3435 rum
2376 3382 2619 3452 gentium
2668 3380 2721 3434 in
2751 3379 2927 3450 primo
2976 3379 3360 3449 antiquitatum
3408 3376 3554 3433 libro
3585 3376 3782 3448 exponit

2209 3469 2450 3543 nomina)
2497 3471 2635 3525 hanc
2659 3478 2877 3541 gentem
2921 3469 3193 3540 potuimus
3246 3469 3514 3523 invenire.
3572 3467 3649 3522 Ex
3696 3481 3782 3537 quo

2209 3562 2555 3620 manifestum
2577 3572 2679 3627 est,
2714 3578 2797 3616 ros
2837 3576 2944 3615 non
2978 3570 3196 3633 gentem
3218 3559 3552 3632 signiﬁcare,
3588 3560 3680 3616 sed
3704 3576 3780 3613 ca-

2208 3662 2320 3724 put.
2347 3651 2478 3708 Illud
2509 3667 2725 3726 quoque
2750 3652 2988 3707 breviter
3020 3651 3387 3707 adnotandum
3427 3651 3571 3720 quod
3597 3650 3648 3703 iu
3671 3648 3778 3703 Ilie—

2210 3742 2415 3797 zecltiel
2445 3741 2561 3812 Gog
2606 3743 2861 3817 princeps
2909 3750 3090 3808 terrm,
3135 3739 3323 3816 Μυεοε
3369 3754 3493 3793 esse
3546 3740 3774 3794 dicatur:

2207 3834 2558 3906 Apocalypsis
2617 3849 2745 3889 vero
2784 3841 2839 3887 et
2883 3832 2999 3904 Gog
3046 3842 3100 3888 et
3155 3831 3347 3903 Magog
3389 3831 3636 3887 nationes
3675 3841 3777 3884 esse

2209 3931 2620 3990 commemoret,
2672 3937 2793 3994 qua:
2821 3922 3175 3994 egrediuntur
3203 3923 3268 3977 de
3314 3929 3549 3991 quatuor
3588 3919 3777 3991 angulis

2209 4024 2405 4071 terrae:
2438 4024 2493 4071 et
2514 4015 2784 4087 quomodo
2824 4017 2892 4071 ab
2918 4014 3107 4081 Jacob,
3151 4014 3242 4093 qui
3275 4022 3461 4085 postea
3502 4012 3774 4084 appellatus

2209 4117 2294 4165 est
2319 4108 2501 4174 Israel,
2529 4109 2705 4166 omnis
2734 4108 2962 4179 populus
2986 4106 3360 4168 Ilebrmorum,
3391 4106 3554 4160 Israel
3575 4105 3774 4160 sortitus

2209 4207 2292 4254 est
2317 4213 2510 4253 nomen
2539 4218 2549 4251 :
2579 4199 2725 4253 etab
2747 4198 2911 4252 Aram
2942 4196 3132 4269 Syria,
3171 4213 3201 4251 a
3236 4196 3485 4252 Mesraim
3509 4195 3771 4266 Egyptus,

2208 4305 2439 4361 quorum
2469 4284 2529 4343 in
2545 4287 2743 4343 Genesi
2765 4289 2965 4358 scripta
2994 4296 3118 4343 sunt
3147 4288 3362 4343 nomina
3388 4305 3402 4341 :
3428 4288 3507 4342 sic
3526 4297 3581 4342 et
3599 4303 3626 4340 a
3644 4285 3770 4356 princ

2210 4382 2328 4454 cipe
2356 4380 2492 4452 Gog,
2524 4396 2713 4436 omnes
2751 4382 2841 4452 qui
2868 4382 2917 4435 ei
2962 4380 3160 4437 subditi
3196 4388 3343 4443 sunt,
3374 4379 3567 4451 Magog
3606 4375 3769 4448 appel-

2211 4471 2426 4528 lantur:
2490 4473 2702 4529 ilusoch
2764 4483 2944 4529 autem
3009 4474 3403 4545 interpretatur
3456 4473 3675 4527 amentia
3724 4478 3770 4524 et

522 4524 579 4610 et
600 4556 925 4612 revelatione
942 4571 1038 4611 nos
1057 4558 1399 4628 indigere,ut
1419 4558 1822 4627 possimuscum
1841 4524 2106 4630 l’roplteta
2136 4524 2186 4584 D
2213 4564 2419 4620 'I‘hubal
2445 4575 2552 4624 tota
2580 4564 2661 4618 vel
2690 4564 2894 4622 omnia.
2926 4524 3183 4633 Princeps
3220 4565 3384 4634 igitur
3414 4572 3469 4627 et
3509 4571 3660 4634 caput
3693 4576 3766 4613 su-

526 4645 709 4702 dicere
735 4665 747 4702 :
780 4664 797 4698 t
828 4646 1027 4703 Revela
1063 4648 1250 4704 oculos
1273 4664 1439 4714 meos,
1473 4658 1528 4705 et
1556 4651 1911 4709 considerabo
1942 4654 2109 4707 mira-

525 4734 654 4790 bilia
685 4736 752 4791 de
776 4735 892 4805 lege
921 4744 1010 4791 tua
1042 4734 1215 4809 (Paul.
1245 4739 1457 4812 cxvm).
1487 4759 1505 4792 ι
1542 4739 1645 4795 Alii
1677 4756 1807 4796 vero
1835 4748 2107 4797 terrenum

525 4840 745 4880 sensum
775 4825 1158 4901 relinquentes,
1186 4839 1240 4885 et
1268 4829 1525 4885 Judaicas
1560 4842 1722 4900 atque
1757 4832 1927 4887 aniles
1957 4832 2109 4887 fabu-

526 4914 629 4979 las,
658 4930 777 4983 qua:
799 4916 972 4971 noxiae
995 4927 1142 4983 sunt,
1167 4926 1222 4974 et
1256 4920 1661 4989 acquiesceutes
1689 4922 1788 4979 sibi
1819 4923 2111 4978 detrahunt

527 5004 583 5059 in
609 5003 955 5074 profundum,
979 5006 1203 5062 nimium
1228 5010 1296 5064 ad
1318 5010 1424 5064 alta
1449 5014 1839 5077 conscendunt,
1866 5019 1919 5066 et
1942 5014 2110 5067 multo

526 5093 738 5167 pejores
751 5094 959 5165 lingunt
976 5098 1179 5153 naenias
1203 5113 1217 5153 :
1245 5109 1305 5154 ut
1329 5101 1382 5155 in
1405 5102 1612 5157 caelesti
1638 5100 1973 5159 Hierusalem
1999 5104 2112 5158 dia-

525 5188 655 5253 boli,
681 5195 736 5245 et
765 5189 942 5246 omnis
969 5191 1242 5253 exercitus
1267 5191 1387 5262 ejus
1408 5195 1546 5250 bella
1568 5195 1902 5261 describunt,
1936 5208 1990 5251 et
2011 5196 2110 5251 sub

524 5280 866 5352 etymologiis
889 5282 1128 5351 gentium
1171 5284 1505 5356 singularum
1549 5289 1972 5358 interpretentur
2000 5291 2108 5360 Spi-

527 5372 704 5429 ritalia
736 5374 990 5443 nequitia:
1014 5374 1067 5429 in
1092 5376 1421 5433 coelestibus.
1450 5377 1579 5445 Qua:
1606 5394 1706 5435 nos
1730 5382 1910 5435 omnia
1943 5382 2109 5437 lecto-

527 5466 607 5522 ris
645 5467 875 5522 arbitrin
918 5469 1274 5525 concedentes
1315 5485 1420 5525 non
1460 5481 1569 5527 tam
1611 5473 1784 5529 aliena
1827 5476 2106 5542 damnare,

525 5570 688 5625 quam
714 5556 1138 5614 ecclesiasticam
1168 5561 1606 5631 explanationem
1636 5563 1908 5622 alllrmare
1943 5583 2108 5622 cona—

528 5647 720 5702 bimur.
767 5649 883 5719 Gog
905 5649 1094 5707 ϐιωεο
1123 5669 1372 5708 sermone
1401 5655 1564 5726 δῶμα,
1603 5658 1792 5716 Latine
1819 5669 2008 5713 tectum
2035 5660 2111 5715 di-

528 5738 687 5790 citur.
720 5738 888 5796 Porro
911 5742 1096 5815 Magug
1119 5745 1507 5819 interpretatur
1523 5748 1587 5802 de
1611 5758 1742 5803 tecto
1766 5766 1783 5814 ;
1809 5751 1986 5806 omnis
2011 5752 2107 5822 igi-

2213 4655 2507 4727 perbientis
2530 4656 2783 4710 amcntim
2811 4664 2866 4711 et
2889 4656 3130 4711 omnium
3158 4655 3423 4710 malorum
3449 4655 3600 4727 juxta
3637 4650 3761 4714 illud.

2213 4746 2355 4817 quod
2381 4748 2644 4815 scriptum
2667 4756 2751 4801 est
2774 4764 2785 4799 :
2822 4765 2839 4796 ι
2888 4745 3116 4807 Mundus
3142 4745 3195 4800 in
3225 4746 3460 4816 maligno
3486 4747 3679 4817 positus
3698 4752 3764 4798 est

2214 4834 2266 4906 (l
2296 4834 2457 4889 Joan.
2481 4834 2558 4905 v),
2593 4856 2609 4888 ι
2636 4835 2750 4904 Gog
2772 4845 2825 4890 et
2852 4835 3045 4907 Magog
3068 4835 3432 4907 appellantur,
3460 4853 3579 4907 qutc
3606 4844 3765 4906 gentes

2215 4925 2445 4980 initnieae
2493 4926 2926 4995 adversarichue
2982 4935 3289 4981 sanctorum
3329 4927 3670 4998 egrediuntur
3709 4924 3763 4977 ab

2214 5017 2425 5087 angulis
2449 5027 2629 5084 terrae,
2660 5028 2865 5072 rectam
2907 5017 3102 5072 lineam
3134 5017 3503 5091 relinquentes
3535 5028 3585 5073 et
3609 5018 3762 5086 dispo-

2213 5110 2466 5163 sitionem
2513 5118 2815 5163 castrorum
2857 5110 2951 5165 Dei
2981 5125 3103 5179 quze
3153 5120 3408 5165 narratur
3442 5112 3495 5166 in
3524 5108 3759 5164 Numeris.

2212 5199 2280 5259 Et
2306 5201 2436 5256 illud
2465 5202 2833 5256 testimonium
2882 5205 3185 5259 nescientes
3212 5222 3224 5257 :
3258 5223 3274 5255 ι
3312 5204 3463 5263 Multi
3486 5205 3555 5260 de
3581 5203 3762 5258 oriente

2212 5302 2266 5348 et
2292 5293 2571 5348 occidente
2599 5302 2654 5348 et
2699 5295 3065 5364 septentrione
3107 5305 3161 5351 et
3207 5297 3436 5353 meridie
3477 5295 3689 5355 venient,
3718 5296 3761 5343 et

2213 5381 2555 5437 discumbent
2580 5400 2700 5439 cum
2731 5386 3027 5453 Abraham,
3072 5385 3222 5442 Isaac
3252 5394 3308 5441 et
3331 5386 3517 5451 Jacoh,
3548 5386 3596 5439 in
3622 5394 3760 5451 regno

2214 5474 2309 5529 Dei
2341 5473 2554 5547 (Matth.
2584 5476 2722 5546 vm).
2760 5496 2778 5527 ι
2824 5478 2891 5531 Et
2934 5478 2985 5532 in
3015 5477 3121 5531 alio
3160 5477 3315 5534 loco:
3357 5497 3375 5528 ι
3413 5478 3591 5532 Dicam
3614 5469 3758 5541 Aqui-

2215 5568 2321 5622 loni
2353 5566 2531 5634 All'er;
2563 5579 2618 5622 ct
2646 5569 2849 5634 Africo,
2901 5568 3021 5624 Noli
3071 5566 3374 5640 prohibere.
3416 5570 3598 5623 Addue
3637 5562 3758 5617 ﬁlios

2215 5674 2363 5714 meos
2397 5659 2463 5714 de
2503 5670 2645 5713 terra
2684 5660 2990 5732 longinqua,
3032 5670 3085 5716 et
3116 5660 3250 5715 tilias
3279 5676 3426 5714 meas
3456 5662 3521 5714 ab
3547 5663 3759 5712 extremo

2213 5762 2393 5820 terrae,
2457 5768 2647 5809 omnes
2702 5755 2793 5824 qui
2834 5754 3008 5810 vocati
3058 5763 3181 5809 sunt
3224 5752 3439 5808 nomine
3493 5762 3606 5804 meo
3640 5742 3756 5815 (150-
