3972 6184
268 328 375 421 sca

1187 364 1541 421 COMMENT.
1580 367 1648 422 IN
1687 367 2143 439 EZECIIIELEM.
2185 399 2254 410 —
2290 368 2417 425 LIB.
2459 369 2596 426 XIII.

3414 374 3526 431 87.

262 474 442 549 mu).
480 493 500 529 ι
531 473 638 532 Sed
663 489 768 530 non
809 472 943 530 tales
965 472 1142 547 anguli
1171 484 1349 541 terrtc,
1380 476 1444 531 de
1466 476 1663 547 quibus
1684 493 1838 549 egre-
1870 481 1917 540 Α
1944 474 2137 548 qnoSa,
2166 477 2220 532 in
2249 471 2445 548 quibus
2475 476 2722 534 diabolus
2756 478 2937 534 locum
2964 478 3206 535 invenire
3230 494 3349 535 non
3376 475 3545 552 pote.~

266 568 487 625 diuntur
510 561 623 636 Gog
653 574 709 620 et
742 564 948 635 Magog,
980 563 1137 634 juxta
1165 579 1302 635 quos
1333 566 1556 637 angulos
1585 575 1692 621 stat
1725 583 1840 622 tne-

264 657 433 715 retrix
484 658 539 712 in
566 655 872 711 Proverbiis
914 653 1096 727 (Prov.
1125 656 1247 727 vti),
1290 670 1410 727 qua:
1457 665 1842 725 praetereuntes

266 748 460 805 stultos
489 746 716 817 juvenes
760 760 860 818 per
906 746 1130 818 plateas,
1178 746 1469 817 perlatam
1512 747 1761 803 videlicet
1789 756 1843 802 et

264 841 557 913 spatiosum
587 838 752 905 viam,
793 853 913 907 qua:
935 836 1080 893 ducit
1112 837 1179 892 ad
1224 846 1452 892 mortem
1486 836 1702 910 (Matth.
1740 838 1841 911 vt),

264 937 513 1007 decipere
540 933 757 990 festinat
786 950 797 986 :
832 931 1024 986 scriba:
1068 938 1375 1007 quoqueet
1401 928 1659 984 Pharisaei
1687 938 1845 985 orant

263 1028 319 1083 in
364 1004 578 1097 angulis
623 1024 927 1095 platearum
972 1030 1033 1077 ut
1077 1021 1148 1076 ab
1183 1004 1491 1076 hominibus
1516 1021 1838 1086 videantur;

252 1116 357 1189 'qui
408 1125 729 1186 receperunt
779 1113 1105 1168 mercedem.
1137 1110 1270 1179 Quae
1312 1121 1395 1168 est
1443 1112 1607 1182 igitur
1652 1121 1844 1166 contra

259 1209 377 1280 εἷος
412 1205 793 1263 comminatio?
830 1221 850 1256 ι
901 1205 1277 1274 Circumagam
1332 1211 1403 1269 te,
1455 1205 1569 1259 sive
1617 1218 1842 1259 conver-

261 1312 395 1364 tam,
428 1309 483 1355 et
504 1313 698 1368 ponam
719 1292 929 1352 frenum
965 1283 1018 1351 in
1047 1295 1282 1350 maxillis
1316 1296 1440 1351 tuis.
1481 1316 1500 1348 ι
1532 1295 1775 1351 Primmn
1810 1311 1841 1350 a

258 1390 528 1447 sententia
580 1397 666 1444 tua
722 1387 983 1444 ﬂuctuare
1032 1396 1083 1443 te
1114 1386 1306 1443 faciam
1359 1396 1524 1460 atque
1578 1388 1838 1444 converti.

264 1500 282 1533 ι
322 1482 391 1535 Ει
418 1477 616 1551 ponam
644 1479 854 1534 frenum
897 1478 951 1534 in
981 1477 1218 1533 maxillis
1246 1477 1376 1531 tuis.
1413 1496 1432 1530 ι
1479 1477 1554 1533 De
1575 1494 1682 1548 quo
1706 1478 1843 1533 scri-

258 1581 413 1644 ptum
450 1579 571 1626 est:
606 1587 626 1622 ι
662 1569 720 1624 In
748 1578 988 1625 camoet
1032 1569 1185 1625 freno
1226 1567 1475 1625 maxillas
1500 1584 1685 1623 eorum
1716 1583 1841 1622 eon-

260 1661 491 1732 stringe,
512 1659 606 1730 qui
636 1671 741 1714 non
783 1659 1161 1731 approximant
1186 1661 1254 1715 ad
1294 1669 1346 1716 te
1390 1657 1562 1730 (Psal.
1608 1656 1782 1729 xxxi),
1817 1675 1835 1709 ι

259 1759 319 1806 ιιι
342 1749 636 1806 indomitus
660 1764 833 1819 equus
871 1759 1034 1821 atque
1067 1750 1354 1807 lasciviens
1382 1759 1438 1804 et
1461 1764 1720 1805 corruens
1744 1763 1840 1820 per

1945 577 2050 632 rat,
2113 568 2237 638 quia
2289 570 2465 624 vocati
2519 568 2733 624 fuerant
2783 570 2850 624 ad
2902 570 3180 635 salutem;
3236 579 3293 624 et
3337 581 3526 641 postea

1945 660 2244 730 adsumptis
2289 660 2410 716 aliis
2439 670 2642 731 septem
2692 660 3027 716 dmmonibus
3077 663 3530 732 aequioribus,“

1945 766 2194 806 reversus
2220 761 2304 807 est
2345 752 2399 805 in
2431 753 2647 807 domum
2679 768 2831 806 suam
2860 751 3078 819 (Matth.
3126 752 3249 824 xu),
3292 752 3361 808 ad
3398 767 3534 826 gen-

1944 849 2052 895 tem
2082 841 2331 896 videlicet
2370 840 2557 897 Israel.
2591 862 2608 894 ι
2645 841 2789 907 llaec,
2836 843 3031 919 inquit,
3064 843 3130 898 de
3153 842 3366 913 populis
3389 844 3523 899 edu-

1947 942 2030 987 cta
2058 942 2162 997 est,
2202 951 2223 985 ι
2256 933 2576 987 subauditur
2626 941 2809 988 terra:
2867 935 2981 989 sive
3033 935 3121 989 hic
3171 935 3237 990 de
3280 935 3531 1005 gentibus

1943 1022 2173 1077 eductus
2225 1028 2345 1086 est,
2398 1031 2455 1075 ut
2502 1022 2831 1092 intelligatur
2885 1024 3222 1078 credentium
3278 1023 3526 1096 populus.

1943 1112 2035 1183 qui
2065 1111 2332 1166 habitavit
2360 1112 2415 1166 in
2442 1127 2576 1182 pace
2618 1121 2672 1166 et
2698 1112 2920 1167 confidit
2946 1113 3001 1167 in
3026 1113 3274 1171 Domino.

2012 1200 2326 1256 Ascendens
2375 1213 2557 1256 autem
2606 1201 2722 1273 Gog
2768 1218 2890 1257 cum
2934 1205 3079 1258 omni
3114 1205 3359 1260 exercitu
3405 1219 3526 1268 suo,

1943 1291 2098 1360 quasi
2149 1299 2444 1361 tempestas
2473 1292 2675 1357 veniet,
2714 1300 2769 1347 et
2812 1294 2965 1363 quasi
3000 1296 3171 1349 nubes
3215 1305 3274 1351 ut
3317 1297 3531 1366 operiat

1944 1389 2145 1436 terram
2178 1380 2533 1437 credentium.
2571 1382 2703 1450 Quis
2750 1383 2895 1438 enim
2948 1385 3343 1451 haereticorum,
3389 1400 3528 1457 quo-

1942 1490 2060 1528 rum
2086 1470 2336 1546 princeps
2373 1476 2619 1532 diabolus
2651 1485 2753 1542 est,
2799 1493 2904 1532 non
2936 1479 3089 1549 quasi
3123 1489 3413 1551 tempestas
3438 1497 3531 1538 ve-

1942 1565 2021 1619 nit
2069 1574 2258 1620 contra
2311 1565 2631 1632 Ecclesium,
2688 1575 2742 1622 et
2785 1570 2928 1624 nube
2969 1571 3262 1625 verborum
3310 1587 3530 1626 suorum

1942 1657 2213 1727 simplices
2242 1673 2485 1729 quosque
2515 1659 2852 1714 credentium
2898 1661 3205 1731 opprimere
3233 1674 3289 1717 et
3315 1664 3529 1733 operire

1923 1744 2204 1802 festinat?
2230 1747 2384 1805 Unde
2429 1735 2628 1804 dicitur
2654 1750 2721 1804 ad
2757 1765 2879 1805 eum
2913 1768 2927 1805 :
2963 1760 3221 1821 quantum
3250 1753 3311 1829 in_
3346 1762 3400 1810 te
3426 1764 3529 1819 est,

256 1840 557 1914 praecipitia
587 1838 739 1895 freno
773 1839 988 1895 Domini
1018 1841 1351 1911 subjugetur.
1400 1838 1480 1894 Ad
1525 1854 1685 1911 quem
1715 1852 1841 1909 pro-
1871 1826 1918 1887 B
1945 1846 2139 1893 cuneta
2188 1840 2403 1910 operies
2457 1849 2514 1895 tu
2553 1842 2832 1897 et‘omnia
2864 1844 3079 1914 agmina
3127 1854 3238 1911 tua,
3268 1826 3322 1901 et
3349 1848 3528 1917 populi

255 1931 422 2001 pheta
456 1929 623 1984 dicit:
653 1950 671 1982 ‹
701 1931 949 1986 Aseende
969 1945 1134 2001 super
1151 1946 1320 2000 equos
1336 1941 1477 1996 tuos,
1496 1938 1550 1985 et
1571 1930 1838 2000 equitalio

254 2030 348 2076 tua
372 2021 520 2077 salus
558 2019 786 2093 (Habac.
815 2020 921 2095 ιιι).
961 2040 979 2073 ι
1010 2021 1077 2076 Ει
1106 2022 1175 2077 ad
1197 2020 1298 2077 Job
1324 2036 1422 2092 per
1452 2022 1621 2077 nubes
1644 2029 1699 2076 et
1721 2029 1838 2076 tur-

216 2112 440 2169 '~biuem
471 2112 705 2168 dicitur:
739 2130 759 2164 ι
810 2112 889 2168 Tu
936 2112 1337 2168 circumdedisti
1380 2127 1518 2183 equo
1566 2112 1841 2167 fortitudi-

254 2216 384 2257 uem
430 2200 573 2273 (Job.
633 2200 842 2273 xxxix).
884 2220 903 2252 ι
956 2200 1115 2257 Tales
1163 2210 1320 2257 erant
1362 2203 1487 2274 equi
1534 2210 1591 2257 et
1631 2203 1842 2272 equites

244 2308 490 2366 quorum
530 2294 937 2351 multitudinem
974 2291 1210 2352 Joannes
1242 2296 1372 2352 vidit
1401 2296 1457 2350 in
1496 2295 1654 2351 coelo.
1702 2295 1842 2350 Dicit

255 2401 391 2458 ergo
432 2386 501 2441 ad
542 2384 659 2455 Cog
707 2404 719 2439 :
762 2403 780 2436 ι
822 2386 1060 2442 Educam
1086 2426 1100 2451 ,
1148 2387 1264 2442 sive
1305 2388 1645 2458 congregabo
1692 2395 1743 2443 te
1787 2394 1843 2441 et

252 2493 474 2532 onlnem
491 2478 794 2533 exercitum
823 2478 904 2532 vel
933 2476 1305 2534 fortitudinem
1329 2486 1495 2534 tuam.
1534 2496 1552 2530 ι
1580 2477 1682 2544 Qui
1712 2478 1842 2532 edu-

248 2569 417 2631 citur,
456 2577 510 2624 et
550 2568 616 2623 de
648 2568 981 2637 dispersione
1025 2577 1404 2639 congregatur,
1446 2567 1744 2622 retrahitur
1769 2567 1840 2621 ad

253 2659 506 2714 salutem.
540 2658 700 2714 Juxta
733 2658 861 2713 illud
889 2659 1032 2728 quod
1059 2659 1115 2713 in
1145 2657 1284 2729 Lege
1304 2658 1642 2728 promittitur
1672 2675 1686 2712 :
1724 2675 1743 2708 ι
1781 2656 1839 2712 Si

248 2748 424 2803 fuerit
445 2749 706 2819 dispersio
737 2757 826 2804 tua
856 2763 887 2803 a
918 2749 1228 2805 summitate
1252 2749 1371 2806 caeli
1404 2763 1575 2820 usque
1601 2749 1669 2803 ad
1695 2762 1842 2803 sum-

255 2839 506 2893 mitatem
558 2836 675 2907 ejus
724 2839 848 2893 inde
890 2839 1233 2909 congregabo
1276 2846 1339 2894 ‘te
1391 2838 1567 2911 (Deut.
1620 2837 1778 2909 xxx).
1810 2857 1834 2890 -ι

257 2929 441 2999 Equos
488 2944 703 3000 quoque
748 2930 867 3002 ejus
913 2939 965 2986 et
992 2932 1205 3004 equites
1245 2933 1474 2989 vestitos
1511 2932 1714 2998 loricis,
1747 2933 1841 3005 qui

246 3021 540 3076 imitantur
580 3030 911 3076 armaturam
956 3023 1196 3093 Apostoli
1229 3021 1445 3095 (Ephes.
1478 3024 1576 3095 γι),
1619 3032 1675 3079 ει
1711 3023 1843 3079 lori-

240 3128 348 3167 eos
371 3112 600 3182 justitiaz
637 3115 835 3170 habere
866 3129 925 3170 se
948 3113 1176 3183 iactant,
1208 3116 1495 3171 multitudo
1538 3117 1706 3170 nimia
1735 3125 1835 3180 est,

1941 1928 2096 1983 multi
2126 1938 2339 1985 tecum.
2370 1930 2713 2003 Pulchreque
2740 1935 3040 1990 ascendens
3060 1935 3185 2007 Gog
3226 1952 3333 1992 non
3370 1937 3535 1993 habet

1941 2018 2178 2090 pluviam
2213 2020 2591 2087 voluntariam,
2628 2037 2733 2077 non
2778 2023 3007 2080 imbrem
3042 2034 3448 2096 temporaneum
3479 2039 3535 2083 et

1943 2110 2263 2176 serotinum,
2295 2111 2387 2180 qui
2435 2113 2643 2167 arentia
2675 2127 2806 2167 arva
2846 2112 3127 2169 Iaetiﬁcet:
3177 2117 3273 2172 sed
3321 2125 3532 2189 tempe-

1940 2202 2139 2256 statem
2190 2210 2246 2257 et
2277 2202 2584 2274 caliginem,
2624 2213 2683 2259 ut
2729 2214 2925 2261 cuncta
2972 2207 3213 2263 tenebris
3253 2216 3308 2263 et
3349 2200 3557 2273 errore,

1942 2282 2258 2353 cenfundat.
2328 2294 2624 2364 Propterea
2688 2296 2805 2352 htec
2871 2297 2923 2351 ei
2977 2297 3218 2367 loquitur
3275 2299 3536 2356 Dominus

1942 2382 2127 2439 Deus:
2167 2403 2185 2435 ι
2218 2384 2276 2439 In
2313 2384 2403 2440 illo
2432 2393 2693 2457 tempore,
2743 2388 2845 2442 hoc
2871 2396 2956 2443 εει
2996 2389 3049 2443 in
3087 2386 3282 2446 diebus
3303 2391 3535 2446 novissi-

1940 2474 2067 2539 mis,
2116 2475 2410 2530 ascendent
2453 2488 2733 2532 sermones
2763 2492 2927 2547 super
2955 2492 3050 2533 eor
3079 2487 3252 2545 tuum,
3298 2487 3354 2535 et
3383 2480 3531 2549 cogi-

1942 2564 2084 2619 tabis
2136 2565 2516 2636 cogitationem
2566 2569 2889 2637 pessimam;
2940 2566 3220 2638 Scriptura
3270 2570 3526 2627 dicente:

1943 2653 2003 2708 Si
2046 2655 2270 2724 spiritus
2313 2663 2643 2727 potestatem
2694 2657 2959 2715 habentis‘
2977 2660 3272 2715 ascendere
3299 2660 3534 2719 voluerit

1942 2758 2107 2813 super
2138 2753 2212 2807 te,
2257 2745 2434 2802 locum
2477 2755 2628 2802 tuum
2672 2762 2739 2803 ne
2767 2746 3116 2818 derelinquas
3149 2748 3349 2821 (Eccle.
3387 2751 3467 2821 ι).
3505 2770 3525 2802 ι

1941 2830 1985 2889 Ε
2012 2838 2286 2892 contrario
2312 2846 2492 2894 autem
2534 2839 2588 2894 in
2619 2838 2795 2894 sancti
2846 2854 2943 2894 cor
2981 2840 3228 2895 ascendit
3256 2841 3417 2904 Deus,
3464 2840 3536 2896 de

1940 2939 2050 2996 quo
2076 2927 2337 2996 scriptum
2362 2938 2485 2984 est:
2524 2946 2543 2979 ι
2579 2929 2941 2988 Ascensiones
2985 2929 3041 2983 in
3076 2931 3240 2985 corde
3277 2945 3378 2985 suo
3422 2931 3534 2987 dis-

1939 3018 2122 3091 posuit
2167 3017 2339 3092 (Paul.
2368 3021 2623 3091 Lxxxut).
2663 3039 2680 3071 ι
2715 3019 2962 3090 Dicitque
2995 3020 3132 3092 Gog,
3170 3039 3195 3072 ι
3226 3020 3529 3077 Ascendam

1942 3113 2011 3165 ad
2042 3119 2245 3167 terram
2275 3112 2479 3184 absque
2511 3129 2689 3178 muro,
2731 3133 2750 3166 ι
2796 3113 2910 3169 sive
2954 3110 3273 3186 projectum,
3311 3115 3413 3174 hoc
3456 3126 3541 3175 est

251 3181 556 3276 manesque
607 3206 876 3278 arripiunt
932 3181 1122 3265 eontra
1169 3209 1456 3264 ecclesiam
1505 3208 1751 3280 clypeum
1787 3220 1836 3262 et
1867 3181 1912 3246 (ἶ
1945 3218 2065 3273 quae
2113 3204 2206 3260 Dei
2254 3181 2456 3260 auxilio
2520 3205 2777 3275 destituta
2831 3181 3081 3273 esu-nee
3133 3181 3538 3265 dialecticorum

250 3300 510 3379 gladium.
541 3300 605 3356 Et
642 3311 763 3359 sunt
793 3310 982 3376 gentes
1028 3301 1340 3362 sanissimus
1384 3313 1440 3361 et
1486 3303 1719 3360 inimicae
1762 3304 1839 3360 ls-

250 3397 392 3463 rael,
414 3398 615 3463 Persae,
648 3394 950 3467 )Ethiopes,
983 3405 1038 3451 et
1059 3395 1276 3468 Libyes,
1300 3410 1532 3467 quorum
1553 3390 1853 3452 adversum

248 3490 511 3561 populum
536 3489 629 3545 Dei
652 3488 793 3545 bella
822 3498 1131 3544 narrantur.
1173 3488 1374 3544 Gomer
1412 3503 1625 3560 quoque
1668 3498 1723 3544 et
1747 3489 1844 3544 do-

254 3599 379 3638 mus
409 3582 731 3655 Thogortna,
775 3582 866 3653 qui
902 3582 1126 3638 veniunt
1162 3582 1229 3636 de
1256 3581 1519 3636 lateribus
1553 3580 1839 3651 aquilonis,

252 3673 348 3743 qui
381 3679 465 3726 est
493 3680 682 3728 ventus
708 3669 1111 3742 frigidissimus,
1134 3679 1187 3725 et
1210 3672 1426 3726 nomine
1449 3670 1652 3726 Dexter
1678 3686 1842 3725 voca-

254 3772 369 3829 tur,
416 3770 701 3834 tutumque
730 3762 898 3817 robur
942 3761 1134 3834 Magog
1178 3769 1234 3817 et
1276 3776 1464 3817 omnes
1496 3758 1587 3831 qui
1615 3759 1840 3830 subjecti

252 3866 382 3914 sunt
409 3856 459 3911 ei
484 3854 667 3926 populi
694 3854 913 3911 venient
951 3868 1074 3909 eum
1107 3854 1197 3911 illo
1225 3854 1293 3909 ad
1335 3851 1602 3924 praelium.
1633 3851 1731 3910 Cui
1758 3852 1843 3907 di—

252 3949 401 4003 citur
425 3961 521 4017 per
562 3947 785 4025 ἰρωνὶαν,
820 3964 838 3996 ι
872 3959 1116 4016 prmpara
1167 3948 1218 3998 te
1246 3952 1301 3998 ct
1352 3944 1579 4007 instrue,
1624 3950 1679 3997 et
1722 3957 1844 3997 om-

254 4054 382 4092 nem
424 4035 827 4091 multitudinem
876 4044 1049 4101 tuam,
1092 4050 1211 4104 qum
1256 4034 1363 4089 tuis
1396 4040 1549 4103 paret
1576 4031 1843 4103 imperiis,

239 4127 610 4199 'coacerva‘ad
637 4139 705 4181 te.
730 4146 749 4179 ι
778 4125 885 4181 Sed
918 4126 1055 4181 scito
1078 4126 1219 4196 quod
1246 4132 1369 4196 post
1398 4125 1599 4180 multos
1622 4124 1736 4180 dies
1760 4124 1843 4179 viv

255 4219 535 4282 sitaberis,
566 4218 723 4291 juxta
754 4216 883 4273 illud
912 4218 1053 4288 quod
1083 4217 1343 4287 scriptum
1373 4224 1457 4272 est
1488 4235 1502 4272 :
1549 4235 1568 4269 ι
1600 4214 1846 4272 Visitabo

255 4312 313 4366 in
344 4311 495 4382 virga
527 4309 843 4379 iniquitates
872 4323 1081 4374 eorum,
1114 4315 1170 4362 ut
1193 4308 1245 4362 in
1279 4306 1600 4363 verberibus
1623 4315 1845 4377 peccata

254 4392 449 4458 eorum
485 4398 657 4473 (Psal.
683 4397 970 4472 Lxxxvm).
1011 4419 1030 4451 ι
1055 4417 1152 4450 -ι
1187 4397 1246 4454 In
1298 4398 1612 4463 novissimo,
1646 4396 1842 4466 inquit,

255 4508 526 4549 annorum
579 4491 800 4557 venies;
866 4511 885 4544 ι
957 4489 1109 4547 Unde
1167 4498 1223 4545 et
1275 4488 1510 4546 Joannes
1563 4488 1841 4558 loquitur:

260 4603 280 4637 ι
313 4583 494 4641 Filioli
540 4583 668 4649 mei,
717 4581 1011 4638 novissima
1064 4581 1197 4637 hora
1252 4579 1418 4652 est(I
1482 4579 1643 4635 Joan.
1694 4584 1778 4648 ιι).
1818 4597 1837 4630 ι

250 4680 325 4736 Et
359 4678 591 4751 populus
623 4678 863 4750 gentium
910 4677 1195 4733 undecima
1234 4677 1302 4731 ad
1342 4676 1673 4747 operandam
1713 4692 1845 4731 con-

226 4771 477 4828 -ducitur
502 4769 735 4826 vincam.
768 4769 852 4825 Ad
900 4784 1130 4840 quorum
1175 4776 1394 4834 terram,
1430 4769 1482 4823 id
1510 4775 1616 4834 est,
1649 4777 1849 4824 terram

254 4854 496 4926 mitium,
517 4868 826 4930 terramque
848 4867 1178 4922 sanctorum,
1197 4873 1317 4929 qua:
1339 4856 1496 4912 atl‘crt
1523 4866 1775 4914 centenos
1799 4868 1854 4915 et

254 4963 564 5020 sexagenos
593 4958 648 5002 et
680 4949 914 5004 tricenos
946 4948 1171 5013 fructus,
1196 4947 1344 5003 venit
1381 4947 1497 5019 Gog
1534 4964 1850 5022 expugnan-

253 5042 410 5107 dam,
426 5054 546 5111 qua:
574 5058 791 5097 reversa
816 5051 921 5109 εει,
942 5043 1055 5098 sive
1085 5059 1271 5099 aversa
1295 5059 1324 5098 a
1348 5044 1546 5123 gladio.
1570 5043 1683 5099 Scit
1708 5046 1851 5100 enim

252 5132 523 5202 scriptum
545 5150 558 5186 :
583 5150 601 5184 ι
624 5131 1119 5203 Dissipa,D0mine,
1145 5144 1355 5205 gentes,
1371 5151 1490 5205 quae
1517 5135 1654 5189 bella
1670 5136 1854 5192 volunt

260 5222 442 5293 (Psal.
468 5223 657 5296 van).
691 5244 709 5276 ι
746 5224 810 5279 Et
838 5228 893 5284 in
920 5238 1053 5294 pace
1077 5226 1340 5281 consistit.
1380 5245 1398 5276 ι
1434 5227 1499 5281 Ει
1527 5235 1850 5300 congregata

258 5321 346 5371 est
362 5312 429 5369 de
449 5315 659 5385 populis
679 5322 734 5370 et
754 5316 1002 5385 gentibus
1025 5316 1228 5383 multis,
1251 5335 1267 5367 ›
1286 5324 1346 5371 ιιι
1368 5318 1643 5372 nationum
1665 5332 1852 5401 efrore

256 5414 575 5476 contempto
602 5407 814 5461 veniret
842 5407 907 5461 ad
937 5416 1150 5462 montes
1172 5407 1356 5473 Israel,
1403 5408 1741 5479 patriarchas
1765 5407 1850 5465 vi-

260 5497 462 5552 delicet
490 5506 546 5552 et
584 5498 897 5569 prophetas,
936 5498 1027 5567 qui
1070 5496 1288 5553 fuerunt
1331 5499 1606 5569 quondam
1649 5499 1851 5555 deserti

254 5585 464 5658 iugiter
487 5585 602 5641 sine
645 5588 761 5658 lege
806 5587 898 5642 Dei
925 5595 981 5643 et
1023 5586 1329 5659 prteccptis.
1361 5587 1459 5643 Cui
1503 5596 1692 5658 postea
1718 5589 1854 5643 dici-

243 5680 396 5727 tur:
441 5694 460 5725 ι
514 5673 705 5732 Plures
739 5676 832 5733 filii
862 5678 1091 5733 deserta:
1136 5678 1330 5750 magis,
1368 5693 1529 5748 quam
1568 5663 1690 5747 Ejus
1735 5694 1854 5748 quae

176 5824 184 5830 ,
265 5765 434 5822 habet
460 5767 635 5822 virum
667 5767 810 5840 (Gal.
859 5769 953 5841 tv).
988 5789 1007 5822 ι
1062 5769 1166 5825 Ista
1211 5776 1337 5823 sunt
1382 5768 1595 5824 deserta
1643 5777 1696 5821 et
1741 5766 1853 5824 ina-

1944 3295 2419 3367 argmnentatioue
2463 3297 2693 3350 munita.
2760 3316 2778 3348 ι
2824 3296 3050 3351 Veniam
3096 3299 3163 3354 ad
3197 3299 3538 3369 quiescentes

1942 3384 2251 3442 habitantes
2271 3403 2376 3462 que
2399 3402 2609 3456 secure,
2634 3407 2651 3438 ι
2673 3388 2789 3443 sive
2811 3388 2863 3441 in
2886 3403 3049 3458 pace:
3072 3405 3164 3445 rex
3187 3392 3331 3446 enim
3355 3400 3539 3453 noster

1941 3476 2203 3552 pacificus
2230 3486 2338 3543 est,
2363 3477 2494 3533 etin
2524 3493 2659 3548 pace
2691 3478 2841 3534 locus
2876 3478 3013 3549 ejus.
3045 3497 3063 3532 ι
3110 3478 3177 3534 Hi
3211 3496 3421 3548 omnes,
3453 3483 3537 3537 in-

1943 3568 2079 3640 quit,
2112 3568 2360 3623 habitant
2384 3568 2502 3624 sine
2532 3585 2688 3627 muro
2721 3587 2735 3624 :
2767 3578 2949 3626 vectes
2980 3577 3036 3624 et
3070 3578 3241 3640 portae
3269 3586 3377 3626 non
3409 3580 3540 3628 sunt

1942 3658 2041 3711 eis.
2077 3674 2095 3708 ι
2132 3656 2265 3712 Hoc
2292 3656 2536 3714 diabolus
2562 3658 2814 3728 princeps
2857 3659 3237 3714 hatretieorum
3270 3659 3530 3730 loquitur,

1942 3749 2086 3824 quod
2116 3749 2263 3804 nulla
2286 3750 2486 3805 habeat
2520 3749 2855 3805 munimenta
2888 3749 3152 3816 Ecclesia,
3179 3765 3280 3806 nec
3309 3752 3532 3822 sapien-

1945 3841 2078 3897 tiam
2109 3840 2446 3907 satcularem,
2483 3856 2604 3916 qua:
2633 3842 2776 3912 apud
2826 3841 2996 3897 Deum
3041 3842 3271 3898 stultitia
3319 3852 3422 3911 est,
3474 3852 3537 3899 ιιι

1944 3933 2166 4003 diripiat
2202 3933 2395 4004 spolia,
2427 3941 2484 3989 et
2512 3934 2735 3990 invadat
2774 3935 3012 4005 prtedam
3053 3935 3330 4003 Ecclesiae,
3369 3945 3424 3992 et
3452 3937 3534 3993 in-

1944 4022 2087 4078 ferat
2135 4039 2354 4079 manum
2385 4039 2540 4080 suam
2570 4040 2736 4095 super
2762 4040 2879 4090 eos,
2921 4027 3016 4096 qui
3060 4025 3264 4082 deserti
3296 4026 3532 4094 fuerant,

1944 4115 2160 4189 quando
2201 4116 2295 4171 Dei
2325 4115 2573 4173 notitiam
2601 4131 2709 4172 non
2739 4115 3030 4183 habebant,
3079 4127 3134 4173 et
3158 4130 3349 4193 postea
3382 4118 3540 4175 resti-

1946 4208 2046 4262 tuti
2087 4222 2187 4277 per
2222 4207 2522 4273 Christum,
2552 4208 2774 4263 veniant
2815 4209 2880 4265 ad
2911 4209 3150 4276 Patrem,
3184 4212 3271 4266 cui
3300 4211 3541 4281 loquitur

1946 4299 2001 4355 in
2037 4299 2329 4372 Evangelia
2373 4298 2556 4371 (locu.
2602 4299 2778 4372 xvu):
2816 4318 2836 4352 ι
2886 4299 3068 4364 Pater,
3114 4303 3295 4358 revela
3342 4318 3537 4358 nomen

1946 4400 2095 4445 tuum
2120 4391 2448 4447 hominibus.
2489 4409 2508 4443 ι
2560 4391 2630 4447 Et
2657 4401 2717 4446 ut
2744 4392 2980 4447 sciamus
3006 4392 3284 4462 populum,
3316 4394 3408 4463 qui
3445 4395 3539 4448 de-

1947 4490 2127 4536 sertus
2163 4481 2359 4548 fuerat,
2392 4492 2446 4538 et
2475 4491 2661 4552 postea
2692 4483 2974 4538 restitutus
3016 4483 3324 4554 significare
3356 4496 3534 4556 popu-

1951 4570 2060 4625 lum
2109 4573 2502 4637 Christianum,
2556 4574 2836 4647 sequitur:
2884 4593 2902 4624 ‹
2949 4574 3018 4633 Et
3059 4558 3221 4644 super
3254 4576 3532 4645 populum,

1954 4662 2044 4731 qui
2072 4670 2157 4716 est
2187 4670 2543 4733 congregatus
2570 4677 2637 4716 ex
2664 4664 2934 4736 gentibus,
2990 4664 3081 4734 qui
3113 4664 3340 4734 populus
3372 4667 3540 4736 possi-

1953 4751 2082 4806 dere
2118 4751 2283 4821 cmpit
2313 4751 2679 4805 haereditatem
2708 4750 2937 4816 Christi,
2991 4762 3045 4808 et
3091 4768 3214 4809 esse
3265 4754 3542 4811 habitator

1952 4842 2191 4898 umbilici
2223 4851 2412 4909 terrm;
2454 4863 2471 4896 ι
2505 4843 2571 4897 de
2612 4859 2717 4913 qua
2754 4845 3018 4915 scriptum
3043 4856 3126 4902 est
3159 4861 3173 4902 :
3214 4866 3233 4899 ι
3271 4848 3542 4919 Operatus

1955 4942 2039 4988 est
2084 4933 2312 4988 salutem
2358 4934 2409 4988 in
2453 4934 2632 4989 medio
2663 4944 2844 5001 terrze,
2877 4938 3083 4993 veritas
3112 4939 3258 4994 enim
3286 4940 3354 4994 de
3398 4948 3540 4995 terra

1956 5036 2075 5080 orta
2103 5035 2188 5081 est
2225 5024 2397 5097 (Ρεαι.
2440 5027 2685 5097 Lxxxw),
2724 5046 2741 5078 ι
2779 5043 2898 5098 quae
2942 5029 3072 5085 dicit
3103 5030 3157 5085 in
3204 5029 3537 5101 Evangelio:

1961 5137 1979 5167 ι
2012 5118 2284 5189 Egesnm
2330 5119 2437 5183 via,
2489 5126 2543 5172 et
2579 5119 2706 5183 vita,
2745 5126 2802 5174 et
2849 5122 3051 5177 veritas
3107 5122 3295 5194 (JoanJ
3343 5123 3477 5195 διν).
3517 5142 3535 5173 ι

1955 5208 2081 5266 Ilmc
2131 5207 2222 5263 illo
2267 5210 2538 5280 cogitante
2568 5218 2731 5282 atque
2773 5210 3009 5278 dicente,
3054 5222 3109 5267 et
3143 5215 3539 5281 possessionem

1954 5302 2210 5358 Ecclesiae
2242 5317 2434 5373 rapere
2466 5303 2773 5369 festinante,
2830 5314 3018 5375 gentes
3068 5319 3189 5374 qum
3239 5305 3305 5358 ab
3354 5318 3542 5359 errotc

1958 5396 2186 5467 pristino
2215 5413 2490 5454 conversa:
2538 5397 2752 5454 fuerant
2794 5401 2860 5456 ad
2892 5400 3138 5465 salutem,
3175 5398 3318 5453 Saba
3343 5407 3398 5453 et
3437 5397 3543 5452 De—

1960 5494 2083 5558 dan,
2107 5499 2161 5546 et
2183 5490 2545 5570 negotiatores
2570 5491 2813 5558 Tharsis,
2837 5491 3196 5563 Carthaginis,
3217 5491 3330 5544 sive
3354 5489 3536 5552 maris,

1960 5584 2052 5654 qui
2085 5583 2227 5638 inter
2268 5581 2450 5637 smculi
2496 5582 2658 5652 hujus
2703 5583 2899 5638 fluctus
2926 5582 3083 5637 bonis
3121 5579 3375 5651 operibus
3396 5594 3530 5655 qua--

1962 5682 2086 5730 runt
2115 5673 2488 5736 mercimonia,
2519 5680 2574 5725 et
2602 5687 2791 5727 omnes
2818 5660 3190 5735 villaeearum,
3221 5669 3334 5724 sive
3358 5667 3541 5723 lcores

1963 5754 2053 5822 aut
2081 5765 2241 5821 catuli
2292 5765 2532 5832 leonum,
2572 5774 2636 5818 ut
2678 5765 2732 5818 in
2783 5762 3043 5817 lchraico
3092 5756 3436 5824 continetur,
3465 5761 3541 5817 l0-
