3972 6184
474 337 573 395 871

1109 326 1171 382 Β.
1211 321 1465 380 RABANI
1500 317 1725 377 MAURI
1762 310 2085 372 ARCHIEP.
2127 306 2437 368 MOG'UNT.
2474 304 2762 367 OPERUH
2800 303 2984 362 PARS
3022 304 3086 363 ll.

3638 303 3741 362 δτι

473 446 710 518 quentur
753 459 804 501 et
849 458 969 515 quas
1021 449 1341 513 sequuntur.
1381 438 1573 495 Dicent
1612 451 1747 507 ergo
1802 432 1946 490 Saba
1999 439 2057 487 et
2083 434 2132 492 Α
2156 436 2409 509 movetur
2434 441 2601 497 super
2627 434 2851 518 terram:
2887 421 3187 518 cunctique
3209 418 3462 518 ltomines
3621 430 3743 518 sunt

473 539 658 594 Dedan
683 546 738 593 et
776 534 1140 606 negotiatores
1164 531 1410 595 Tharsis,
1434 537 1490 587 et
1521 542 1712 584 omnes
1740 525 1932 590 sancti,
1959 523 2054 595 qui

473 628 688 684 leonum
718 625 881 682 catuli
918 621 1273 693 appellantur,
1305 619 1391 674 vel
1419 626 1569 676 certe
1598 616 1737 677 villo:
1766 613 2055 675 habitatio-

473 734 678 791 nesquc
705 715 1067 773 credentium.
1099 713 1145 769 Ο
1187 712 1323 783 60g,
1373 709 1618 781 nunquid
1642 709 1851 768 idcirco
1880 705 2051 769 venis,

474 820 535 867 ut
584 808 753 878 spolia
797 806 978 876 rapias
1021 804 1303 869 Ecclesiae,
1368 810 1427 859 et
1479 802 1605 858 ideo
1657 797 2057 859 multitudinem

473 897 834 971 congregasti,
858 906 921 952 ut
945 895 1148 951 Christi
1177 894 1451 965 possessio
1493 900 1584 947 tua
1610 890 1706 951 ﬂat
1730 887 2058 952 hrereditas?

473 990 580 1049 Aut
617 996 777 1058 putas
814 996 866 1041 te
905 996 1191 1057 argentum
1238 992 1295 1038 et
1345 997 1562 1050 aurum,
1591 980 1737 1052 quod
1759 980 1817 1038 in
1838 977 2061 1048 eloquio

475 1095 746 1150 sensuque
766 1078 1102 1148 intelligitur,
1130 1075 1385 1132 Ecclesia:
1403 1088 1801 1145 possessorum,
1824 1079 1884 1126 ut
1905 1069 2059 1125 aufer

474 1188 567 1231 ras
601 1170 1019 1243 suppellectilem
1048 1181 1376 1238 omnemque
1419 1164 1800 1228 substantiam,
1841 1170 1896 1216 et
1933 1160 2065 1219 diri-

474 1263 595 1335 pias
628 1259 910 1316 manubias
949 1254 1206 1321 infinitas,
1251 1255 1456 1313 Christi
1486 1252 1733 1314 victoriis
1756 1265 2062 1322 congregat-

478 1355 598 1411 tas?
624 1354 939 1423 Propterea,
990 1366 1023 1406 o
1068 1349 1329 1420 propheta
1374 1344 1656 1411 Ezechiel,
1702 1342 1794 1419 qui
1848 1342 1903 1397 in
1940 1351 2066 1413 typo

477 1442 681 1500 Christi
725 1439 1014 1513 appellaris
1058 1439 1200 1494 [ilius
1226 1436 1480 1500 hominis,
1510 1435 1733 1505 loquere
1755 1434 1822 1488 ad
1842 1431 1982 1502 Gog,
2010 1439 2069 1488 et

480 1534 566 1589 dic
589 1532 639 1588 ei
671 1551 683 1585 :
723 1550 741 1583 ι
777 1531 905 1586 ll:ec
928 1528 1057 1585 dicit
1086 1528 1346 1585 Dominus
1377 1527 1537 1591 Deus,
1582 1544 1609 1580 θ
1644 1524 1863 1595 quando
1902 1522 2067 1577 totius

480 1623 667 1679 mundi
700 1648 703 1657 ·
731 1636 917 1676 errore
972 1619 1185 1677 sublato
1234 1615 1462 1688 populus
1527 1630 1682 1670 meus
1737 1610 1921 1681 Israel,
1975 1612 2067 1682 qui

480 1725 662 1771 tncntc
690 1713 863 1769 cernit
904 1713 1097 1777 Deum,
1141 1709 1472 1770 habitaverit
1516 1709 1572 1764 in
1615 1706 1859 1767 Ecclesia
1895 1705 2068 1761 conti.

2154 504 2321 589 super
2347 516 2544 573 faciem
2577 524 2757 571 terrae.
2808 512 2966 580 Quod
3005 511 3298 587 manifeste
3325 510 3392 565 dc
3423 508 3745 565 habitatori-

2154 609 2259 666 bus
2304 607 2563 664 Ecclesiae
2590 606 3012 668 demonstratur,
3062 618 3296 675 quorum
3341 601 3431 658 alii
3480 610 3542 658 ut
3574 601 3748 671 pisces

2156 703 2346 777 maris,
2387 701 2479 757 alii
2527 708 2587 755 ut
2614 703 2860 755 volucres
2901 696 3049 763 cteli,
3087 696 3179 752 alii
3221 705 3280 752 ut
3311 696 3501 752 bestiae
3527 696 3669 768 agri,
3697 705 3750 751 et

2158 792 2340 853 omnia
2385 791 2600 869 rcptilia
2640 804 2761 860 qua:
2806 796 3096 843 moventur
3121 802 3287 858 super
3312 795 3539 853 terram,
3571 786 3664 841 alii
3696 795 3751 841 ut

2158 882 2458 946 retinentes
2501 881 2737 943 hominis
2787 878 3106 951 dignitatem
3154 879 3406 935 habitant
3460 893 3627 949 super
3675 876 3751 931 fa-

2159 977 2301 1034 ciem
2339 985 2519 1037 term.
2570 975 2724 1043 Quod
2754 983 2938 1030 autem
2988 988 3202 1031 morum
3248 971 3541 1027 diversitas
3587 972 3751 1026 variis

2160 1070 2406 1143 signetur
2448 1066 2777 1135 nominibus,
2808 1074 2865 1123 et
2895 1063 3187 1135 Apostolus
3229 1064 3421 1119 scribit
3461 1064 3530 1118 ad
3558 1063 3753 1119 Corin-

2164 1161 2308 1221 thios
2337 1158 2391 1235 (I
2417 1157 2545 1219 Cor.
2574 1157 2689 1232 xv),
2721 1158 2814 1237 qui
2854 1157 2958 1214 alia
2994 1170 3226 1226 corpora
3252 1163 3374 1225 post
3400 1155 3757 1211 resurrectio-

2164 1265 2288 1308 nem
2318 1251 2451 1310 dicit
2489 1264 2612 1311 esse
2639 1249 2902 1316 caelestia,
2933 1248 3041 1305 alia
3083 1255 3323 1313 terrena,
3367 1246 3518 1302 aliud
3560 1262 3755 1318 corpus

2164 1344 2352 1421 piscis,
2392 1341 2536 1403 aliud
2568 1341 2825 1408 volucris,
2862 1341 3007 1397 aliud
3045 1340 3365 1406 bestiarum,
3406 1339 3554 1395 aliud
3598 1342 3756 1409 repti-

2166 1436 2322 1498 lium.
2349 1444 2404 1495 et
2434 1433 2584 1496 aliud
2608 1433 2912 1498 hominum,
2940 1431 3034 1502 qui
3062 1445 3260 1486 nomen
3305 1431 3601 1503 pristinum
3644 1446 3756 1486 ser-

2167 1534 2450 1585 vaverunt.
2484 1524 2543 1579 ln
2588 1525 2801 1587 actibus
2835 1537 3051 1594 quoque
3096 1521 3481 1592 Apostolorum
3532 1521 3754 1577 linteum

2171 1617 2305 1680 illud
2348 1614 2493 1692 quod
2542 1624 2776 1686 quatuor
2803 1612 3086 1684 principiis
3129 1611 3288 1667 tertio
3322 1610 3488 1670 Petro
3516 1611 3757 1683 apostolo

2169 1708 2577 1769 demonstratur
2607 1702 2747 1777 (Act.
2770 1702 2855 1775 ι),
2879 1702 3199 1761 varietatem
3223 1700 3563 1761 credentium
3597 1700 3758 1773 signi-

464 1807 693 1870 .denter,
726 1804 841 1859 sive
871 1804 924 1858 in
969 1816 1124 1875 pace,
1157 1810 1283 1859 tunc
1310 1800 1473 1867 scies,
1512 1800 1626 1856 sive
1648 1813 1979 1870 consurges,
2018 1805 2073 1852 et
2101 1801 2147 1862 Β
2172 1799 2326 1865 ﬂeat,
2354 1814 2478 1870 quae
2524 1798 2578 1862 in
2608 1813 2744 1855 arca
2771 1814 2985 1869 quoque
3013 1798 3199 1853 diluvii
3235 1798 3563 1856 continetur.
3613 1798 3761 1853 Tunc

482 1898 667 1954 venies
695 1898 761 1953 de
789 1897 908 1952 loco
935 1903 1047 1951 tuo.
1094 1894 1197 1962 Qui
1245 1894 1319 1949 sit
1365 1900 1551 1949 autem
1598 1891 1752 1948 locus
1798 1890 2069 1947 haeretica:

467 1990 790 2061 ,pravitatis,
818 2003 1053 2057 sequens
1093 2000 1276 2042 sermo
1302 1985 1687 2043 demonstrat;
1722 1981 1768 2038 A
1812 1980 2075 2041 lateribus

470 2083 775 2154 aquilonis,
805 2082 898 2152 qui
922 2094 1137 2136 omnem
1166 2077 1408 2137 calorem
1455 2073 1799 2134 credentium
1847 2072 2076 2145 refrige-

473 2192 614 2232 ,πη-ο
667 2184 917 2231 conatur.
964 2173 1307 2242 Venientque
1363 2185 1489 2228 cum
1535 2183 1601 2224 eo
1661 2166 1843 2238 populi
1895 2165 2072 2231 multi,

446 2246 514 2322 ’.ι
548 2282 736 2324 omnes
763 2279 1081 2322 ascensores
1116 2277 1407 2333 equorum,
1440 2279 1460 2316 ›
1496 2259 1566 2321 de
1588 2260 1783 2331 quibus
1811 2258 2074 2329 scriptum

489 2369 621 2415 est:
674 2358 971 2427 «‘Equum
1016 2363 1076 2412 et
1126 2364 1484 2412 ascensorem
1542 2350 1770 2424 proiecit
1819 2351 1873 2405 in
1923 2364 2075 2407 mare

473 2447 688 2522 .(Exod.
718 2446 833 2518 xv).
873 2466 892 2499 ι
923 2446 1110 2502 Coetus
1131 2456 1362 2516 magnus
1382 2449 1441 2499 et
1461 2441 1735 2501 exercitus
1759 2441 2073 2505 vehemens,

476 2555 616 2595 eum
644 2537 840 2608 quibus
871 2556 891 2590 ι
916 2536 1244 2602 ascendens,
1271 2535 1367 2601 ait,
1397 2548 1560 2606 super
1596 2530 1852 2602 populum
1892 2545 2073 2586 meum

479 2630 678 2696 Israel,
720 2629 878 2701 quasi
923 2629 1094 2686 nubes
1122 2637 1178 2685 et
1218 2629 1417 2700 caligo,
1461 2635 1521 2683 ut
1565 2625 1780 2698 operias
1814 2644 1832 2677 ι
1873 2634 2077 2683 terram

474 2738 695 2793 ,meam,
725 2721 794 2777 de
821 2736 928 2792 qua
975 2735 1139 2792 supra
1180 2719 1387 2777 dictum
1439 2726 1552 2786 est;
1604 2737 1623 2771 ι
1675 2717 1733 2773 lu
1768 2716 2080 2773 novissimis

479 2812 684 2873 ,ιιίθιιιιε
726 2811 858 2875 eris,
899 2830 918 2863 ι
967 2812 1183 2881 quando
1214 2808 1535 2882 Evangelica
1577 2807 1912 2880 praedicatio.
1949 2824 1970 2858 ι
2013 2807 2081 2861 Et

494 2900 757 2957 adducam
793 2908 848 2956 te
874 2914 1037 2969 super
1065 2907 1262 2959 terram
1289 2913 1486 2958 meam.
1529 2916 1548 2950 ι
1584 2897 1811 2968 Oportet
1834 2897 2009 2962 enim,
2023 2903 2081 2956 et

497 2991 736 3049 haereses
755 3003 876 3046 esse
908 2988 959 3061 (Ι
984 2987 1110 3043 Cor.
1139 2990 1239 3059 ll),
1273 3007 1291 3039 ι
1325 2997 1387 3043 ut
1419 2988 1631 3059 probati
1672 2987 1873 3058 quique
1900 2987 2076 3043 mani.-

2170 1896 2356 1953 autem
2393 1907 2426 1946 a
2479 1890 2621 1951 facie
2668 1891 2904 1959 Domini,
2933 1900 2989 1948 et
3031 1908 3062 1946 a
3113 1902 3409 1961 conspectu
3434 1891 3760 1962 .majestatis

2174 1982 2294 2053 eius
2317 1984 2701 2044 subvertentur
2729 1991 2981 2049 montes,
3012 1983 3108 2054 qui
3146 1997 3207 2038 se
3245 1980 3533 2038 elevabant
3574 1992 3759 2047 contra

2168 2080 2456 2142 scientiam
2490 2079 2608 2147 Dei,
2652 2089 2710 2136 et
2752 2080 2949 2143 cadent
2972 2094 3131 2150 sepes
3168 2080 3284 2141 sive
3315 2078 3507 2144 valles,
3533 2094 3655 2149 qua:
3680 2077 3761 2139 vei

2170 2173 2482 2233 humilitate
2508 2188 2701 2230 sensus
2729 2172 2798 2233 ad
2832 2173 2941 2230 ima
2971 2173 3232 2229 demersae
3273 2182 3441 2236 sunt;
3493 2172 3581 2226 vel
3619 2180 3760 2226 certe

2175 2266 2507 2323 munitiones
2527 2279 2657 2336 qua:
2670 2265 2875 2335 aliquid
2896 2265 3242 2335 pollicentur,
3272 2271 3331 2319 ut
3359 2264 3761 2320 imitenturllco

2173 2357 2398 2417 desiam
2422 2357 2537 2414 Dei.
2566 2356 2644 2413 De
2667 2356 2823 2427 cujus
2844 2355 3063 2426 scpibns
3081 2356 3277 2412 dicitur
3303 2372 3318 2409 :
3347 2375 3366 2406 ς
3398 2355 3504 2422 Qui
3538 2356 3762 2411 destruit

2176 2464 2381 2519 sepem.
2405 2446 2673 2504 mordebit
2699 2463 2823 2503 eum
2845 2447 3067 2502 coluber
3093 2442 3284 2518 (Εεειί.
3326 2444 3406 2517 ι).
3439 2467 3459 2498 ι
3488 2446 3556 2501 Et
3580 2461 3762 2502 omnes

2174 2539 2319 2595 muri
2372 2539 2426 2593 in
2471 2549 2672 2599 terram
2699 2545 2996 2599 corruant:
3040 2552 3164 2591 cum
3210 2537 3356 2592 enim
3411 2537 3762 2593 ecclesiastici

2175 2628 2448 2695 sermonis
2475 2628 2789 2699 apparuerit
2830 2626 3108 2693 fortitudo,
3153 2628 3336 2682 omnia
3385 2628 3762 2686 hareticornnt

2179 2727 2436 2778 corruent
2479 2719 2839 2775 munimenta.
2880 2736 2901 2770 ι
2938 2718 3005 2773 Et
3042 2719 3270 2785 vocabo,
3299 2717 3494 2789 inquit,
3524 2730 3652 2774 eum
3677 2720 3763 2774 ad,

2176 2826 2396 2868 versum
2426 2809 2597 2876 illum,
2630 2830 2649 2861 ι
2683 2810 2785 2872 hoc
2807 2818 2893 2866 est
2914 2810 3290 2866 haereticorum
3308 2809 3609 2882 principem
3633 2809 3762 2881 Gog,

2181 2902 2234 2957 in
2255 2901 2465 2958 cunctis
2495 2900 2769 2957 montibus
2792 2899 2910 2968 ejus
2937 2899 3197 2971 gladium,
3228 2910 3284 2955 et
3306 2900 3589 2971 principes
3615 2915 3768 2956 exer-

2181 2990 2322 3047 citus
2359 2988 2475 3058 ejus
2504 2989 2682 3062 gladio
2710 2989 2921 3045 Domini
2943 2990 3319 3047 conﬁciantur.
3354 2988 3510 3045 Tunc
3526 2990 3765 3057 ,baeresis

482 3080 620 3141 rfesti
648 3080 803 3145 ﬁant,
833 3088 887 3135 et
914 3078 1010 3134 Dei
1041 3077 1320 3136 voluntate
1364 3082 1729 3163 Ἀνῃώνισι-ος
1752 3078 1999 3135 diabolus
2025 3085 2081 3134 et
2115 3155 2149 3163 Δ
2184 3079 2462 3139 dimicabit
2485 3081 2770 3136 adversum
2799 3080 3066 3143 haeresim,
3103 3096 3334 3150 quarum
3365 3080 3514 3135 inter
3536 3095 3600 3136 se
3628 3096 3762 3137 eomv

482 3181 550 3229 .ct
575 3171 755 3226 omnia
780 3168 1153 3240 perversitatis
1196 3168 1445 3240 dogmata
1467 3155 1732 3224 derelicta
1764 3175 1910 3227 sunt.
1957 3187 1976 3219 ι
2009 3167 2079 3225 Ut
2106 3155 2151 3217 C
2178 3172 2438 3243 pugnatio
2464 3170 2906 3229 nostra'victoria
2947 3181 3053 3234 est.
3092 3190 3111 3223 ί
3150 3170 3217 3225 Et
3236 3169 3528 3239 iudicabo,
3573 3170 3763 3240 inquit,

482 3261 670 3325 sciant
694 3275 881 3316 omnes
905 3266 1113 3331 gentes,
1144 3266 1199 3313 et
1249 3257 1553 3329 intelligant
1579 3272 1684 3323 me,
1715 3272 1843 3313 cum
1886 3258 2081 3317 sancti-

485 3354 690 3412 ficatus
716 3352 867 3409 fuero
893 3354 946 3410 in
985 3361 1037 3409 te
1073 3353 1127 3407 in
1154 3351 1327 3407 oculis
1373 3364 1581 3417 eorum,
1635 3365 1669 3406 ο
1717 3349 1855 3421 Gog,
1907 3370 1926 3402 ι
1977 3351 2081 3407 hoc

496 3452 611 3510 .est,
675 3460 798 3499 cum
864 3443 1040 3514 pomis
1104 3442 1213 3498 tuis
1269 3456 1356 3497 me
1400 3440 1764 3501 intellexerint
1816 3439 2077 3509 iudicem.

490 3536 568 3595 lit
604 3534 733 3590 facit
781 3534 1164 3605 apostropham
1204 3533 1273 3588 ad
1317 3531 1493 3605 ipsum
1524 3530 1639 3603 Gog
1669 3549 1683 3586 :
1717 3550 1735 3584 ‹
1790 3530 1977 3587 Nonne
2022 3539 2079 3585 tu

496 3623 589 3683 ille
618 3639 680 3680 es
700 3624 766 3680 de
790 3638 898 3694 quo
927 3623 1137 3679 locutus
1163 3637 1282 3678 sum
1312 3621 1369 3676 in
1395 3620 1587 3679 diebus
1612 3620 1850 3691 antiquis
1877 3621 1931 3681 in
1967 3635 2082 3675 ma-

498 3715 659 3771 nibus
710 3729 992 3773 servorum
1059 3727 1304 3767 meorum
1370 3712 1757 3785 prophetarum
1809 3710 2008 3775 Israel?
2054 3728 2074 3768 ι

496 3805 669 3879 Moysi
702 3805 972 3871 videlicet,
1017 3804 1110 3876 qui
1146 3803 1225 3859 ait
1256 3802 1310 3858 in
1351 3801 1709 3863 Numerorum
1758 3802 1921 3868 libro,
1950 3802 2083 3858 dun-

499 3906 649 3953 taxat
684 3895 841 3967 iuxta
883 3896 1277 3968 Septuaginta:
1313 3914 1332 3948 ι
1374 3895 1695 3968 Egredietur
1719 3895 1882 3957 homo
1907 3893 1973 3949 dc
2002 3909 2085 3949 se-

498 3996 648 4055 mine
680 3990 819 4064 ejus,
851 4000 905 4045 ct
929 3991 1294 4046 dominabitur
1329 3991 1569 4061 gentium
1615 3990 2001 4062 plurimarum,
2028 3997 2084 4046 et

494 4082 802 4141 clevabitur
821 4080 936 4153 Gog
964 4097 1189 4151 regnum
1212 4080 1349 4151 ejus,
1381 4090 1438 4138 et
1463 4091 1675 4139 crescet
1693 4098 1916 4154 regnum
1941 4080 2084 4138 illius

500 4174 689 4245 (Num.
717 4173 883 4243 XSIV).
908 4193 927 4226 ι
947 4174 1380 4245 Cmterumjuxta
1401 4173 1724 4231 llebraicum
1740 4175 1811 4233 ita
1824 4175 2085 4245 scriptum

497 4264 674 4337 reperi
705 4282 719 4319 :
754 4284 773 4317 ι
811 4264 1054 4323 Tollatur
1072 4272 1357 4334 propterea
1378 4263 1494 4337 Gog
1515 4263 1705 4337 [Agag]
1736 4280 1831 4323 rex
1860 4264 1999 4343 eius,
2031 4271 2088 4319 et

502 4355 781 4415 auferetur
819 4370 1044 4428 regnum
1080 4352 1243 4419 illius,
1273 4372 1292 4407 ι
1322 4366 1393 4410 eo
1415 4355 1557 4425 quod
1590 4370 1813 4427 regnum
1843 4353 2005 4413 lsrael
2032 4355 2087 4412 in

496 4446 664 4512 Saule
696 4456 919 4520 propter
935 4446 1085 4518 Agag
1112 4460 1292 4517 regem
1314 4443 1535 4501 Amalec
1554 4444 1887 4503 destructum
1907 4445 1994 4501 sit.
2020 4445 2088 4506 Et

2181 3278 2302 3320 eum
2334 3271 2507 3319 morte
2547 3262 2634 3323 vel
2681 3270 2852 3333 peste,
2896 3271 2950 3317 et
2996 3263 3258 3334 sanguine
3301 3271 3356 3317 et
3406 3262 3585 3318 imbre
3611 3263 3764 3318 vehar

2154 3353 2370 3419 'menti,
2419 3360 2475 3408 et
2522 3352 2789 3424 lapidibus
2840 3353 3120 3409 immensis
3171 3372 3191 3404 ι
3226 3353 3339 3409 sive
3386 3353 3759 3424 grandinibus.

2180 3441 2465 3501 Judicatur
2503 3452 2686 3499 autem
2728 3442 2845 3516 Gog
2880 3452 3055 3499 morte
3082 3460 3181 3500 sua
3219 3452 3277 3500 et
3303 3444 3570 3516 sanguine
3613 3459 3760 3515 quem

2182 3534 2387 3600 elludit,
2433 3544 2489 3591 et
2538 3535 2711 3593 imbre
2744 3536 3073 3602 vehementi,
3127 3537 3469 3592 sermonibus
3494 3538 3695 3593 eruo'tti
3712 3543 3764 3590 et

2181 3627 2408 3699 perfecti
2441 3628 2538 3685 viri
2567 3645 2581 3682 :
2606 3637 2663 3684 et
2683 3628 3244 3700 lapidibusimmensis
3265 3628 3357 3699 qui
3388 3643 3517 3683 eum
3536 3630 3762 3685 obruant

2182 3718 2508 3775 testimoniis
2546 3716 2976 3789 Scripturarum,
3009 3718 3125 3773 sive
3171 3716 3452 3788 grandinis
3499 3717 3595 3787 qui
3629 3716 3761 3771 calor

2181 3822 2299 3863 rem
2329 3806 2471 3866 illius
2497 3806 2696 3869 faciant
2723 3807 3075 3879 refrigescere
3101 3824 3115 3861 :
3138 3796 3172 3858 ἰ
3201 3806 3405 3870 Omnes
3430 3806 3580 3870 enim
3622 3805 3760 3867 adul-

2186 3905 2447 3963 terantes,
2478 3898 2632 3967 quasi
2663 3897 2909 3960 clibanus
2955 3898 3119 3959 corda
3163 3911 3351 3960 eorum
3397 3894 3543 3970 (Ose.
3594 3898 3708 3968 vn).
3734 3917 3755 3956 ι

2190 4008 2208 4041 ι
2236 3988 2434 4062 lgnem,
2466 3988 2665 4064 inquit,
2693 3997 2751 4052 et
2781 3989 3009 4073 sulphur
3035 3988 3212 4060 pluam
3257 4004 3423 4059 super
3443 4005 3589 4056 eum,
3626 4010 3643 4041 ι
3668 4006 3762 4067 per

2184 4096 2305 4152 quae
2351 4080 2753 4141 demonstratur
2779 4096 2938 4151 pmna
2964 4079 3154 4150 iudicii
3195 4079 3536 4150 sempiterni,
3570 4080 3634 4142 Et
3660 4096 3761 4141 nua

2186 4173 2357 4233 solum
2400 4188 2562 4243 super
2594 4189 2720 4233 eum
2758 4173 2849 4243 qui
2889 4183 3080 4236 auctor
3119 4173 3490 4242 perversitatis
3527 4172 3645 4237 fuit,
3672 4172 3762 4231 δρᾶ

2194 4284 2211 4316 ι
2249 4272 2307 4325 et
2328 4279 2490 4335 super
2509 4279 2724 4327 omnem
2752 4263 3053 4324 exercitum
3090 4273 3145 4318 et
3186 4263 3584 4324 multitudinem
3629 4262 3760 4332 ejus,

2186 4364 2242 4418 et
2276 4369 2438 4427 super
2463 4356 2690 4433 populos
2717 4355 2915 4411 multos
2942 4355 3035 4425 qui
3079 4363 3209 4412 sunt
3250 4371 3379 4411 cum
3406 4370 3495 4410 eo.
3535 4376 3554 4408 ι
3588 4355 3764 4421 mum

2188 4448 2332 4503 enim
2358 4447 2558 4504 habent
2580 4447 2822 4503 haeretici
2852 4447 3048 4512 socios,
3080 4446 3189 4504 imo
3227 4446 3474 4503 diabolus
3514 4446 3761 4521 princeps

499 4539 554 4596 in
585 4515 851 4600 alio—loco
878 4557 891 4592 :
922 4557 941 4590 ι
976 4515 1255 4595 ἡυίηάθῧίι
1296 4545 1498 4592 terram
1544 4534 1724 4607 populi
1754 4535 1860 4592 sui.
1904 4554 1922 4588 ι
1968 4533 2084 4593 Joel
2110 4515 2377 4595 Deorum
2423 4535 2635 4598 infinita
2684 4534 3027 4591 multitudine
3074 4534 3460 4593 circumdatur.
3508 4515 3761 4607 Diamque

506 4645 724 4708 quoque
771 4630 824 4685 iu
870 4629 1011 4691 valle
1062 4627 1347 4700 Josaphal,
1397 4626 1965 4697 bocestjudiciiDci,
1996 4626 2088 4682 de-

499 4721 689 4781 scribit
714 4721 940 4795 populos
966 4720 1373 4799 congregandos
1394 4718 1555 4792 (loci.
1583 4718 1695 4793 ut);
1723 4727 1778 4775 et
1789 4718 1956 4775 Isaias
1974 4734 2091 4773 om-

500 4823 703 4880 nesque
731 4811 1009 4881 prophetat
1028 4810 1082 4867 in
1120 4823 1352 4887 quorum
1376 4810 1624 4868 manibus
1650 4818 1708 4866 et
1724 4810 1883 4867 bonis
1906 4810 2089 4883 operi-

499 4899 602 4955 bus
634 4912 814 4959 sermo
836 4900 895 4957 lit
911 4899 1142 4959 Domini.
1164 4900 1300 4964 Cum
1330 4900 1495 4972 igitur
1516 4899 1733 4957 veneris
1771 4915 1935 4971 super
1974 4908 2082 4955 ter-

504 5005 621 5045 ram
676 4988 835 5044 Israel
859 5029 875 5057 ,
911 5009 931 5042 ι
976 4991 1231 5051 ascendet
1293 4992 1592 5065 indignatio
1626 5007 1748 5049 mea
1791 4991 1849 5051 in
1898 4990 2083 5053 furore

500 5094 624 5136 meo
653 5086 840 5143 contra
865 5087 939 5143 te,
971 5080 1103 5142 etin
1133 5080 1251 5143 zelo
1287 5095 1411 5138 meo
1448 5097 1549 5153 pro
1568 5081 1768 5154 populo
1795 5097 1935 5141 meo.
1967 5101 1987 5134 ι
2021 5082 2079 5143 ln

502 5166 629 5242 igne
658 5165 754 5221 irae
783 5179 919 5221 mere
964 5163 1175 5223 locutus
1214 5181 1355 5230 sum,
1394 5185 1413 5219 ι
1461 5166 1553 5237 qui
1599 5166 1782 5230 omnia
1824 5167 2080 5227 vitiorum

503 5270 721 5324 tuorum
758 5258 903 5332 ligna
941 5266 1247 5321 consumat.
1272 5277 1293 5313 ι
1331 5257 1447 5324 lllo,
1473 5259 1667 5333 inquit,
1693 5267 1935 5331 tempore
1979 5259 2085 5319 erit

504 5367 701 5425 magna
740 5351 1031 5416 commotio
1054 5364 1217 5425 super
1254 5358 1456 5407 terram
1484 5350 1670 5411 Israel.
1707 5370 1727 5403 ι
1756 5349 2086 5413 lmmittente

502 5444 649 5499 enim
694 5442 909 5509 diabolo
953 5440 1147 5503 crebra
1193 5448 1382 5496 contra
1426 5439 1726 5502 Ecclesiam
1780 5440 2086 5517 persecutio

506 5535 599 5591 (let
628 5551 643 5591 :
680 5551 799 5605 quae
837 5535 1052 5615 quando
1077 5534 1253 5615 sopita
1303 5531 1484 5597 fuerit,
1518 5541 1574 5588 et
1603 5533 1696 5597 Dei
1726 5532 1871 5594 victa
1900 5531 2088 5603 praesi-

508 5626 617 5690 dio,
648 5638 772 5682 tunc
795 5627 1273 5687 commovebuntur
1295 5641 1328 5687 a
1358 5624 1494 5685 facie
1522 5623 1641 5696 ejus
1680 5625 1857 5697 pisces
1898 5624 2085 5692 maris,

511 5725 563 5767 ct
592 5715 834 5773 volucres
853 5717 994 5780 cmli.
1021 5726 1075 5773 et
1098 5718 1282 5774 testia:
1306 5716 1449 5789 agri,
1472 5725 1528 5771 et
1551 5731 1712 5773 omne
1734 5715 1922 5788 reptile
1945 5716 2087 5787 quod

2187 4642 2376 4690 errore
2398 4626 2626 4692 sublato,
2660 4634 2718 4682 et
2749 4624 2953 4697 punitis
2979 4632 3141 4696 atque
3168 4625 3461 4680 destructis
3488 4626 3761 4689 haeretico-

2190 4734 2314 4779 rum
2341 4717 2697 4795 principibus,
2723 4716 3105 4789 magniﬁcatur
3133 4715 3413 4782 Dominus,
3442 4726 3498 4772 et
3534 4715 3765 4789 sanctilit

2188 4817 2344 4869 catur
2385 4807 2441 4869 in
2466 4806 2835 4873 credentibus,
2863 4816 2922 4862 et
2962 4816 3122 4864 notus
3147 4805 3207 4863 tit
3237 4807 3290 4861 in
3330 4807 3506 4871 oculis
3534 4808 3759 4886 gentium

2188 4899 2501 4966 multarum,
2542 4912 2663 4971 qua:
2691 4897 2835 4962 illius
2877 4897 3002 4955 fidei
3031 4897 3407 4959 crediderunt:
3455 4908 3515 4959 et
3559 4910 3666 4955 tam
3700 4914 3757 4954 er

2186 4989 2518 5048 beatitudine
2541 4991 2625 5047 sui
2655 5005 2817 5062 quam
2844 5006 2912 5046 ex
2931 4990 3360 5054 adversariorum
3378 4992 3561 5061 pinnis
3584 4994 3760 5054 scient,

2188 5088 2349 5152 atque
2375 5089 2703 5153 cognoscent
2724 5079 2868 5154 quod
2898 5080 3013 5151 ipse
3038 5079 3111 5142 sit
3133 5078 3413 5142 Dominus.
3445 5080 3575 5141 Hac
3600 5090 3759 5154 utpo-

2186 5172 2389 5235 tuimus
2409 5172 2748 5243 interpretati
2779 5186 2966 5231 sumus
2986 5171 3301 5233 obedientes
3341 5170 3415 5225 illi
3457 5174 3719 5242 prme’epto
3742 5210 3756 5223 .

2196 5281 2215 5315 α
2249 5261 2433 5335 Neque
2458 5262 2526 5324 ad
2555 5262 2833 5323 dexteram
2858 5273 3033 5333 neque
3060 5260 3127 5322 ad
3152 5259 3430 5319 sinistram
3458 5260 3758 5325 declinabis,

2191 5354 2285 5414 sed
2310 5354 2399 5411 via
2420 5354 2565 5425 regia
2588 5353 2926 5425 ingredieris.
2967 5371 2986 5405 ι
3023 5351 3079 5408 Si
3107 5352 3230 5422 quis
3259 5360 3441 5408 autem
3470 5362 3655 5409 nostra
3679 5367 3758 5407 re-

2190 5444 2500 5517 prehendit,
2522 5445 2615 5497 au't
2657 5442 2883 5497 meliora
2910 5434 3151 5513 proferat
3192 5456 3312 5511 qua:
3339 5456 3649 5511 sequamur,
3678 5448 3761 5494 aut

2191 5520 2239 5591 si
2262 5535 2396 5593 nihil
2425 5535 2655 5591 voluerit
2682 5535 2880 5600 dicere,
2910 5533 3204 5606 perfectam
3238 5536 3349 5590 Deo
3373 5534 3653 5590 scientiam
3678 5530 3761 5585 de-

2192 5627 2497 5699 relinquat:
2530 5627 2655 5682 dum
2688 5635 2867 5680 tamen
2892 5625 3028 5681 sciat
3060 5641 3398 5697 nequaquam
3429 5626 3484 5681 iu
3516 5623 3665 5680 nobis
3689 5618 3765 5675 vi-

2196 5732 2304 5790 res,
2334 5715 2428 5773 sed
2458 5716 2695 5772 animum
2713 5713 3087 5785 iudicandum.
