3972 6184
282 338 388 396 8T3

801 442 1027 498 CAPUT
1087 441 1330 496 XXXIX.

275 561 350 620 Ιπ
369 560 664 619 novissmris
702 559 884 612 diebus
922 560 1150 624 insurget
1194 554 1305 626 σος
1343 565 1392 610 et
1439 555 1669 626 Magog:
1709 568 1758 611 et
1798 559 1864 611 de

350 631 748 701 congregatione
783 630 958 682 avium
993 637 1040 680 et
1075 626 1358 680 bestiarum
1381 627 1450 679 ad
1473 628 1673 680 edenda
1698 628 1858 682 cada-

349 718 469 756 uera
494 716 695 754 eorum.

354 832 373 864 ι
396 811 476 868 Τιι
505 820 708 877 autem,
737 811 810 866 ﬁli
834 811 1086 873 hominis,
1108 811 1407 866 vaticinare
1431 812 1717 868 adversum
1745 812 1862 883 Gog

283 926 302 958 ι
332 913 386 961 ει
425 903 610 960 dices:
641 903 769 958 Haec
805 903 937 958 dicit
963 903 1222 958 Dominus
1271 903 1433 968 Deus,
1475 919 1577 974 ego
1619 919 1783 974 super
1805 913 1861 961 te

281 1015 300 1046 ι
329 993 448 1065 Gog
473 993 770 1064 principem
815 993 1008 1062 capitis
1035 991 1250 1049 Mosoch
1301 1003 1356 1048 et
1383 993 1615 1049 Tlmbal.
1647 995 1714 1050 Et
1755 995 1862 1050 cir-

279 1103 300 1136 c
331 1099 614 1155 eumagam
643 1093 699 1138 et
719 1083 974 1139 reducam
1009 1091 1152 1150 te,et
1178 1085 1472 1140 ascendere
1504 1094 1554 1139 te
1577 1085 1770 1142 faciam
1792 1086 1862 1143 de

280 1197 302 1228 ι
337 1176 596 1231 lateribus
629 1175 921 1244 aquilonis,
961 1183 1016 1229 et
1051 1173 1315 1230 adducam
1353 1183 1406 1232 te
1445 1191 1608 1248 super
1651 1185 1861 1234 montes

277 1289 298 1320 ι
327 1268 515 1324 Israel.
548 1267 616 1322 Et
640 1267 938 1338 percutiam
958 1282 1144 1322 arcum
1176 1276 1329 1322 tuum
1360 1267 1416 1323 in
1439 1283 1603 1322 manu
1638 1269 1859 1324 sinistra

275 1379 295 1410 ι
331 1367 443 1422 tua,
490 1365 546 1414 et
587 1357 811 1430 sagittas
855 1365 977 1412 tuas
1009 1357 1076 1412 de
1105 1371 1264 1412 manu
1307 1357 1528 1413 dextera
1563 1366 1676 1424 tua,
1727 1356 1860 1427 deji-

274 1469 296 1501 ι
329 1450 468 1504 ciam
501 1458 553 1506 te
580 1462 745 1520 super
786 1457 996 1504 montes
1022 1448 1207 1514 Israel,
1252 1448 1416 1505 cades
1458 1457 1534 1514 tu,
1577 1458 1634 1505 et
1673 1450 1856 1506 omnia

274 1559 292 1590 ι
323 1541 540 1610 agmina
570 1548 681 1607 tua,
711 1549 768 1596 et
797 1539 979 1610 populi
1006 1539 1083 1594 tui
1122 1540 1214 1610 qui
1263 1549 1391 1595 sunt
1443 1549 1644 1607 tecum,
1701 1541 1854 1606 feris,

275 1649 296 1681 ι
329 1631 542 1695 avibus,
577 1631 832 1699 omnique
867 1627 1095 1693 volatili,
1122 1637 1177 1684 et
1217 1629 1407 1684 bestiis
1437 1638 1597 1686 terra:
1634 1629 1756 1686 dedi
1800 1640 1856 1686 te

272 1741 291 1770 ι
327 1723 396 1776 ad
421 1721 803 1777 devorandum.
827 1720 1003 1791 Super
1027 1721 1219 1776 faciem
1252 1723 1368 1792 agri
1394 1723 1578 1789 cades,
1603 1723 1728 1793 quia
1749 1739 1851 1794 ego

1209 329 1561 387 COMMENT.
1601 331 1669 386 IN
1703 327 2157 388 EZECIIIELEM.
2199 365 2270 373 -——
2304 332 2430 389 LIB.
2471 333 2608 392 XIII.-

1887 451 1934 506 Α
1963 445 2110 498 sibus
2137 460 2259 498 cum
2281 445 2643 514 sepeliendum
2666 460 2696 499 a
2738 443 2898 502 domo
2933 444 3099 502 Israel
3125 454 3183 501 ut
3214 453 3358 502 terra
3383 462 3534 503 ιιιιιιι.

3428 336 3532 394 ετι

1964 534 2138 597 detur,
2153 542 2208 588 et
2225 535 2476 605 inclytam
2493 534 2884 590 futuramdiem
2905 536 3120 606 quando
3135 535 3450 594 interfectus
3468 541 3539 596 sit

1962 621 2097 693 Gog,
2129 623 2640 695 constituendosque
2668 626 2761 694 qui
2789 640 2912 681 ossa
2937 626 3222 697 diligenter
3263 628 3542 700 inquirant

1963 722 2014 766 rt
2042 712 2322 783 sepeliant,
2341 728 2449 782 quo
2469 714 2674 769 scilicet
2696 715 2832 770 nihil
2853 715 2907 770 in
2931 724 3077 772 terra
3099 728 3378 780 remaneat
3402 719 3542 776 inse-

1960 803 2188 870 pultum.
2215 802 2345 858 Post
2371 819 2588 858 menses
2615 812 2797 859 autem
2817 805 2933 860 sive
2962 805 3019 860 in
3041 808 3318 866 mensibus
3333 819 3536 872 septem

1959 894 2351 962 peragrandam
2372 904 2595 962 terram,
2616 901 2670 950 et
2691 895 2860 951 sicubi
2885 911 2946 951 os
2961 896 3194 954 hominis
3205 896 3394 968 jacere
3414 916 3540 972 per-

1960 984 2257 1054 spexeriut,
2298 985 2456 1040 titulo
2502 1001 2668 1056 prope
2708 987 2885 1055 posito
2925 988 3427 1054 demonstrandum,
3482 1001 3540 1045 ut

1957 1082 2144 1145 postea
2169 1074 2436 1146 sepeliant
2460 1076 2592 1132 illud
2627 1079 2720 1147 qui
2748 1078 2874 1133 huic
2900 1080 3048 1149 operi
3082 1081 3356 1152 praepositi
3382 1093 3534 1137 sunt.

1959 1163 2166 1222 Nomen
2191 1174 2375 1222 autem
2397 1167 2636 1224 civitatis
2656 1171 2914 1240 appellari
2943 1172 3170 1236 Amona,
3201 1188 3320 1242 qua:
3349 1173 3538 1230 Graece

1958 1255 2175 1312 dicatur
2215 1258 2580 1334 ποαγανάριον,
2632 1259 2737 1314 hoc
2772 1268 2876 1326 est,
2924 1261 3211 1319 multitudo
3257 1264 3535 1319 hominum

1957 1346 2500 1418 sepultorum,etsic
2545 1359 2749 1406 terram
2793 1367 2914 1407 esse
2967 1353 3241 1410 mundam.
3289 1353 3405 1409 Hoc
3459 1355 3535 1410 illi

1956 1437 2348 1496 dixerint:Nos
2369 1449 2548 1496 autem
2570 1449 2762 1512 empta:
2787 1443 3184 1512 explanationis
3209 1457 3427 1500 sensum
3456 1455 3538 1502 te-

1956 1538 2169 1597 nentes,
2192 1530 2398 1601 singula
2425 1547 2544 1602 quae
2571 1535 2966 1604 proposuimus,
3006 1537 3356 1592 disseramus.

2028 1618 2200 1674 Habet
2228 1619 2343 1691 Gog
2369 1629 2425 1675 et
2465 1621 2581 1692 ipse
2612 1623 2907 1678 trinitatem
2949 1640 3140 1680 suam:
3185 1625 3294 1682 llos
3328 1635 3383 1682 et
3421 1626 3536 1684 Mo-

1955 1709 2086 1764 soch
2120 1717 2174 1765 et
2196 1709 2422 1776 Thubal,
2453 1721 2616 1783 caput
2655 1715 2919 1778 videlicet,
2965 1725 3021 1770 et
3046 1717 3308 1772 insaniam
3338 1727 3394 1774 et
3419 1720 3539 1774 uni-

271 1831 290 1862 ε
324 1812 535 1868 locutus
568 1828 708 1876 sum,
737 1812 810 1866 ait
843 1811 1102 1866 Dominus
1134 1812 1295 1877 Deus,
1318 1823 1373 1868 ει
1400 1814 1644 1869 emittam
1669 1793 1848 1884 ignem
1880 1793 1926 1852 Β
1953 1813 2132 1864 versa,
2168 1807 2228 1854 ut
2248 1800 2452 1856 nullum
2474 1802 2544 1857 sit
2570 1802 2783 1870 vitium,
2808 1804 2950 1874 quod
2985 1821 3088 1859 non
3119 1807 3172 1860 in
3195 1805 3310 1878 Gog
3330 1824 3538 1877 posses-

271 1923 290 1954 ι
332 1905 387 1958 in
413 1902 622 1972 Magog.
648 1910 703 1958 et
727 1902 779 1956 in
803 1903 888 1957 his
915 1905 1005 1972 qui
1033 1905 1280 1959 habitant
1298 1906 1352 1960 in
1375 1905 1852 1962 insuliscontiden-

271 2012 290 2044 ι
332 2003 438 2057 ter,
457 2001 512 2046 et
535 1993 709 2048 scient
721 1993 846 2061 quia
869 2008 969 2064 ego
990 1995 1270 2050 Dominus.
1291 1995 1359 2049 Et
1377 2009 1574 2050 nomen
1601 2005 1849 2052 sanctum

269 2103 290 2134 ι
330 2100 510 2140 meum
542 2092 727 2139 notum
759 2084 952 2140 faciam
981 2085 1036 2141 iu
1057 2087 1236 2142 medio
1257 2086 1438 2158 populi
1466 2089 1570 2143 mei
1592 2088 1776 2154 Israel,
1794 2097 1850 2143 et

269 2193 288 2224 ι
330 2189 438 2228 non
474 2173 707 2244 polluam
749 2188 944 2230 nomen
985 2185 1231 2232 sanctum
1287 2192 1465 2232 meum
1513 2179 1766 2258 amplius,
1795 2188 1853 2236 et

271 2285 291 2317 ς
331 2266 511 2322 scient
548 2273 735 2333 gentes
772 2266 899 2334 quia
941 2280 1041 2338 ego
1087 2267 1347 2324 Dominus
1390 2277 1612 2325 sanctus
1661 2270 1848 2327 Israel.

268 2374 288 2408 ι
323 2355 464 2412 Εεεε
489 2356 637 2410 venit
675 2366 732 2412 et
769 2357 970 2412 factum
1006 2365 1112 2423 est,
1137 2357 1216 2412 ait
1246 2358 1505 2415 Dominus
1530 2359 1692 2416 Deus.
1726 2361 1852 2418 litec

266 2469 286 2501 ‹
319 2457 406 2504 est
426 2449 540 2505 dies
565 2449 632 2504 de
663 2463 766 2518 qua
796 2449 1008 2505 locutus
1033 2465 1186 2516 sum;
1220 2451 1290 2506 Et
1313 2453 1660 2523 egredientur
1691 2455 1848 2511 babi-

266 2556 287 2588 ι
323 2547 528 2593 tatores
555 2539 623 2594 de
647 2540 956 2596 civitatibus
979 2540 1164 2607 Israel,
1193 2550 1250 2597 et
1275 2545 1608 2599 succendent
1629 2554 1684 2600 et
1703 2561 1850 2601 com-

269 2645 288 2678 ι
321 2626 518 2681 burent
555 2641 726 2692 arma,
768 2627 1011 2698 clypeum
1053 2637 1109 2684 et
1149 2631 1356 2697 hastas,
1383 2647 1568 2688 arcum
1597 2642 1653 2688 et
1680 2635 1862 2706 sagit-_

267 2739 286 2771 ι
326 2728 429 2782 tas,
459 2726 516 2772 et
558 2717 779 2775 buculos
803 2735 1081 2786 manuum,
1111 2730 1165 2777 et
1190 2730 1402 2790 contos,
1430 2733 1488 2781 et
1517 2728 1850 2784 succendent

267 2826 288 2859 ι
325 2823 391 2863 ea
418 2808 541 2880 igne
569 2817 774 2879 septem
808 2810 986 2866 annis.
1015 2811 1084 2866 Et
1127 2827 1233 2868 non
1277 2816 1571 2884 portabunt
1599 2818 1743 2888 ligna
1782 2819 1850 2874 de

269 2919 290 2951 ι
328 2899 656 2969 regionibus,
697 2915 872 2971 neque
913 2903 1194 2960 succident
1217 2906 1286 2960 de
1319 2907 1565 2976 saltibus,
1593 2911 1847 2980 quoniam

265 3008 285 3040 ι
321 3005 474 3044 arma
505 2992 831 3048 succendent
861 2994 1004 3064 igne,
1034 3003 1090 3050 et
1114 2996 1565 3066 depraedabuntur
1591 3016 1688 3056 eos
1721 3001 1848 3072 qui-

263 3099 282 3131 c
315 3080 418 3135 bus
441 3081 636 3151 pandae
665 3080 897 3150 fuerant,
923 3097 980 3143 et
997 3085 1253 3156 diripient
1281 3098 1584 3147 vastatores
1605 3107 1754 3160 suos,
1768 3095 1846 3150 ait

1953 1888 2108 1943 sione
2135 1889 2414 1944 consistat.
2449 1891 2555 1946 Iste
2597 1893 2853 1948 educetur
2879 1893 2993 1948 sive
3035 1897 3450 1968 circumagetur,
3484 1911 3540 1954 et

1952 1981 2260 2050 palpabitur
2306 1991 2469 2052 atque
2520 1983 2827 2050 laetabitur,
2883 1994 2942 2040 ut
2980 2003 3204 2056 sperans
3259 1991 3538 2046 victoriam

1951 2071 2275 2128 occidendus
2299 2073 2526 2128 ducatur
2549 2075 2617 2129 ad
2649 2075 2912 2144 praelium.
2957 2076 3024 2130 Et
3067 2080 3322 2136 ascendet
3361 2083 3426 2136 de
3455 2081 3539 2136 Ia-

1955 2162 2159 2218 teribus
2191 2163 2304 2218 sive
2329 2163 2394 2219 de
2446 2164 2750 2220 novissimis
2794 2165 3080 2236 aquilonis,
3128 2183 3192 2223 ex
3235 2183 3340 2240 quo
3375 2185 3538 2225 exar-

1952 2255 2184 2310 descunt
2210 2255 2349 2310 mala
2395 2271 2558 2328 super
2599 2272 2813 2312 omnem
2859 2267 3060 2316 terram
3088 2278 3100 2314 :
3153 2270 3208 2316 et
3234 2262 3302 2316 ab
3327 2277 3391 2316 eo
3421 2263 3538 2334 ipso
3573 2253 3592 2274 ⁸

1950 2347 2249 2402 adducetur
2303 2363 2466 2419 super
2509 2359 2719 2406 montes
2752 2349 2938 2418 Israel,
2989 2367 3124 2421 quos
3169 2353 3440 2423 apostolos
3482 2364 3538 2410 et

1953 2435 2276 2505 apostolicos
2311 2446 2472 2507 atque
2508 2438 2905 2496 ecclesiasticos
2931 2441 3076 2494 viros
3119 2439 3417 2514 intelligere
3444 2442 3538 2498 de-

1951 2528 2141 2584 bemus
2168 2568 2185 2594 ,
2243 2537 2303 2584 ut
2349 2539 2632 2600 postquam
2679 2531 2941 2588 adductus
2988 2529 3150 2588 fuerit
3213 2533 3281 2588 ad
3326 2544 3537 2589 montes

1949 2619 2135 2686 Israel,
2169 2631 2297 2677 tunc
2339 2625 2676 2694 percutiatur
2703 2641 2883 2692 arcus,
2938 2623 3028 2696 qui
3065 2635 3146 2681 est
3183 2627 3235 2682 in
3271 2644 3431 2683 manu
3462 2629 3536 2684 si-

1950 2711 2123 2769 nistra
2144 2713 2282 2784 ejus,
2314 2721 2368 2768 et
2396 2715 2603 2784 sagittae
2627 2731 2746 2786 qua:
2791 2732 2952 2770 manu
2985 2725 3238 2772 tenentur
3264 2718 3484 2774 dextera
3514 2738 3527 2774 :

1950 2809 2007 2856 et
2035 2801 2150 2873 ipse
2175 2803 2318 2858 enim
2347 2803 2590 2859 imitatur
2622 2805 2688 2859 ad
2722 2805 3120 2862 interficiendos
3146 2824 3238 2864 eos
3282 2824 3418 2880 quos
3441 2811 3535 2866 de-

1951 2893 2160 2966 ceperit
2187 2893 2386 2949 habere
2404 2909 2555 2950 arma
2575 2910 2606 2948 a
2633 2896 2870 2952 sinistris
2898 2905 2953 2952 et
2981 2898 3187 2954 dextris
3212 2915 3311 2970 per
3337 2901 3535 2957 bonam

1947 2993 2007 3039 et
2036 2982 2234 3038 malam
2263 2984 2484 3038 famam.
2539 2984 2660 3040 Ista:
2699 2986 2908 3057 sagitta:
2936 2997 3081 3053 sunt,
3119 2998 3173 3043 et
3200 2988 3314 3045 haec
3354 2990 3534 3061 jacula

1949 3074 2016 3130 de
2043 3075 2239 3146 quibus
2258 3083 2314 3130 et
2334 3075 2615 3131 Psalmista
2654 3075 2922 3146 loquitur:
2952 3096 2971 3129 ι
3000 3078 3140 3134 Ecce
3165 3079 3310 3136 enim
3338 3096 3534 3153 pecca.

263 3188 282 3219 ε
317 3139 578 3225 Dom-inus
602 3169 763 3228 Deus,
792 3173 862 3227 Ει
883 3139 994 3229 'epi'g
1018 3139 1072 3230 ili
1103 3139 1846 3253 aie—iilg,w;1;—|;6-EO;“EJ;
1871 3139 1918 3204 C
1951 3139 2096 3222 {Ofe-8
2127 3167 2472 3224 intenderunt
2521 3184 2725 3236 arcum,
2779 3179 3108 3238 paraverunt
3153 3139 3378 3245 sagittas
3405 3190 3536 3232 suas

263 3279 282 3308 ι
320 3259 656 3315 nominatum
690 3263 998 3333 sepulcrum
1045 3265 1100 3320 in
1145 3265 1329 3334 Israel,
1357 3271 1550 3325 vallem
1577 3272 1856 3334 viatorum.

262 3367 282 3400 ι
317 3349 389 3403 ad
421 3350 682 3407 orientem
719 3353 887 3408 maris
913 3369 1034 3424 quae
1075 3355 1460 3428 obstupescere
1502 3359 1664 3417 faciet
1704 3379 1846 3433 prae-

263 3457 284 3490 ι
321 3439 613 3496 ιειειιιιιεε.
646 3441 714 3496 Ει
737 3444 995 3513 sepelient
1024 3446 1098 3500 ibi
1125 3445 1240 3518 (ἶοε
1265 3456 1319 3503 et
1342 3462 1557 3505 omnem
1597 3452 1844 3508 multitu-

262 3550 282 3582 ι
318 3532 501 3586 dinem
529 3531 664 3601 ejus,
705 3543 760 3589 et
786 3537 1066 3591 vocabitur
1105 3537 1259 3593 vallis
1294 3541 1652 3597 multitudinis
1697 3545 1841 3615 Gog;

262 3641 282 3672 ι
314 3632 372 3676 et
412 3625 674 3693 sepelient
713 3640 808 3680 eos
832 3627 1025 3682 domus
1062 3627 1226 3682 Israel
1261 3640 1321 3685 ut
1358 3633 1617 3688 mundent
1645 3643 1844 3690 terram

261 3732 280 3762 ε
315 3722 522 3781 septem
549 3715 842 3770 mensibus.
886 3716 1118 3786 Sepeliet
1167 3728 1346 3774 autem
1393 3736 1516 3776 eum
1544 3725 1722 3778 omnis
1750 3740 1846 3794 po-

260 3821 283 3858 ι
313 3804 474 3874 putus
504 3815 680 3872 terrae,
723 3817 779 3862 et
804 3809 908 3863 erit
935 3810 1018 3866 eis
1054 3811 1330 3867 nominata
1360 3814 1477 3870 dies
1511 3816 1564 3870 in
1595 3832 1700 3886 qua
1730 3819 1844 3888 glo-

259 3911 283 3949 ι
307 3893 552 3950 riﬁcatus
592 3913 730 3963 sum,
764 3899 841 3953 ait
880 3899 1138 3956 Dominus
1165 3902 1326 3957 Deus.
1371 3904 1437 3959 Et
1464 3906 1607 3962 viros
1643 3907 1845 3979 jugiter

258 4002 282 4036 ι
311 3985 642 4042 εοιιειὶιυεηι
685 3988 979 4044 lustrantes
1019 3997 1214 4045 terram
1265 3994 1355 4062 qui
1385 3996 1648 4065 sepeliant
1675 3993 1844 4054 et're-

262 4091 283 4127 ι
312 4075 532 4144 quiraut
557 4091 652 4132 eos
689 4078 780 4147 qui
822 4091 1233 4148 permanserant
1262 4097 1423 4154 super
1448 4083 1643 4141 faciem
1685 4097 1844 4145 terra:

261 4183 284 4218 ι
311 4175 368 4220 ιιι
396 4169 689 4223 emundent
706 4185 845 4225 eam.
876 4169 1003 4226 Post
1027 4186 1240 4228 menses
1263 4182 1443 4230 autem
1468 4186 1674 4247 septem
1703 4195 1844 4249 qua:-

261 4274 281 4306 ι
317 4271 436 4310 rere
465 4257 741 4326 incipient,
769 4270 824 4314 et
868 4260 1174 4318 circuibunt
1212 4277 1566 4337 peragrantes
1616 4279 1836 4326 terram.

259 4367 277 4398 ι
312 4346 558 4417 Cumque
587 4349 819 4404 viderint
839 4366 902 4406 os
947 4351 1179 4408 hominis
1223 4363 1462 4412 statuent
1503 4357 1662 4428 juxta
1710 4361 1840 4417 illud

1949 3259 2002 3311 in
2031 3259 2307 3328 pharetra,
2347 3268 2407 3313 ut
2454 3260 2710 3330 sagitteut
2765 3262 2815 3314 in
2861 3261 3094 3318 obscuro
3139 3273 3318 3322 rectos
3365 3268 3530 3323 corde

1947 3347 2121 3415 (Paul.
2145 3349 2239 3422 x);
2271 3369 2289 3401 ι
2324 3365 2442 3420 qua:
2483 3351 2644 3420 ignita
2675 3350 2870 3405 diaboli
2891 3350 3069 3420 jacula
3107 3363 3261 3408 scuto
3289 3354 3409 3410 ﬁdei
3442 3372 3533 3410 rc-

1947 3437 2264 3508 stinguenda
2309 3448 2452 3493 sunt.
2489 3439 2744 3509 Dejicitur
2772 3450 2952 3496 autem
2983 3442 3097 3498 sive
3127 3445 3274 3498 cadit
3295 3443 3410 3516 Gog
3438 3449 3532 3516 qui

1949 3529 2268 3583 ascenderat
2311 3544 2476 3598 super
2517 3540 2726 3585 montes
2756 3531 2939 3597 Israel,
2975 3533 3026 3587 in
3077 3533 3210 3604 ipsis
3257 3537 3532 3593 montibus

1947 3633 2070 3672 cum
2094 3619 2240 3673 omni
2265 3621 2504 3674 exercitu
2528 3636 2625 3675 suo
2644 3623 2957 3693 cunctisque
2984 3625 3309 3695 agminibus.
3339 3625 3405 3682 Et
3425 3630 3531 3684 erit

1946 3710 2000 3764 in
2027 3725 2206 3766 escam
2234 3709 2382 3775 feris,
2410 3713 2598 3767 avibus
2624 3715 2876 3784 omnique
2898 3716 3099 3771 volatili
3121 3728 3176 3772 et
3203 3718 3390 3776 bestiis
3417 3730 3528 3776 ter-

1947 3817 2036 3858 rte.
2065 3801 2393 3856 adversariis
2437 3801 2685 3858 videlicet
2713 3813 2768 3857 et
2814 3807 3188 3874 potestatibus,
3215 3826 3333 3880 qua:
3369 3811 3527 3884 juxta

1945 3891 2086 3944 viam
2127 3892 2470 3947 comederent
2497 3903 2814 3960 sementem,
2843 3905 2897 3950 et
2929 3899 3288 3969 sanguinariis
3318 3904 3525 3960 bestiis.

1945 3981 2222 4049 Quomodo
2251 3982 2394 4037 enim
2437 3985 2695 4054 scriptum
2727 3997 2810 4042 est
2840 3989 2905 4042 de
2949 3988 3217 4046 dracone:
3249 4012 3267 4044 ι
3322 3988 3526 4049 Dedisti

1943 4089 2065 4129 eum
2114 4089 2292 4128 escam
2339 4074 2550 4145 populis
2571 4074 2899 4148 IEtbyopum
2948 4077 3122 4152 (Psal.
3159 4084 3371 4156 nam),
3403 4106 3420 4135 ι
3451 4087 3528 4141 sic

1945 4165 2153 4234 decepti
2205 4167 2403 4236 quique
2453 4168 2522 4222 ab
2554 4167 2847 4235 haereticis,
2893 4169 3192 4227 dzemonum
3239 4176 3342 4230 cibi
3378 4190 3520 4231 sunt.

1943 4255 2111 4312 Cadet
2141 4265 2319 4314 autem
2351 4257 2466 4328 Gog
2494 4258 2576 4313 vel
2607 4277 2660 4314 tu
2690 4263 2864 4332 campi
2896 4263 3173 4318 latitudine
3197 4266 3276 4318 vel
3314 4266 3364 4319 in
3395 4284 3524 4336 agro

1941 4346 2035 4418 qui
2062 4347 2240 4402 cultus
2268 4357 2352 4403 est
2374 4365 2405 4402 a
2439 4348 2532 4404 Dei
2560 4352 2850 4422 agricolis:
2893 4368 3067 4422 neque
3102 4355 3244 4409 enim
3274 4355 3389 4434 ﬁeri
3424 4357 3541 4429 po;

256 4454 275 4485 ι
311 4433 525 4487 titulum
553 4435 720 4490 donec
763 4436 1022 4505 sepeliant
1061 4437 1188 4492 illud
1224 4439 1574 4510 pollinctores
1617 4445 1668 4499 in
1701 4446 1838 4500 valle

1949 4444 2053 4492 test
2081 4447 2140 4492 ut
2164 4438 2370 4493 Domini
2413 4441 2572 4495 verba
2599 4442 2710 4496 sint
2735 4443 2906 4496 irrita.
2944 4444 3092 4497 Tunc
3117 4433 3362 4498 mittetur
3388 4447 3526 4517 ignis

259 4543 277 4574 ι
310 4524 672 4580 multitudinis
719 4525 855 4596 Gog.
892 4526 1096 4583 Nomen
1125 4539 1306 4584 autem
1339 4533 1577 4588 civitatis
1600 4534 1830 4600 Amona,

258 4629 275 4660 ι
307 4624 361 4666 et
386 4613 724 4668 inundabunt
755 4624 972 4671 terram.
1011 4636 1028 4669 ι
1062 4615 1330 4690 (Ηὶειοοη.)
1359 4621 1426 4674 Et
1455 4623 1571 4676 haec
1595 4621 1834 4678 Iudaicae

251 4704 564 4757 traditionis
605 4706 844 4761 haeredes
875 4717 931 4762 et
967 4707 1211 4779 discipuli
1244 4711 1721 4768 interminabilium
1755 4714 1834 4770 fa-

248 4795 504 4849 bularum
531 4805 650 4864 post
678 4798 823 4852 mille
849 4813 1111 4854 annorum
1143 4816 1363 4870 regnum
1409 4802 1583 4857 futura
1613 4817 1833 4861 conten-

248 4885 386 4937 dant
418 4885 954 4958 interﬁciendumque
999 4887 1114 4960 Gog
1153 4891 1451 4961 principem
1498 4893 1829 4951 Rosmosoch

247 4983 304 5026 et
335 4973 549 5028 Thubal
585 4976 635 5030 in
659 4977 854 5033 ﬁnibus
879 4979 1058 5045 Israel,
1086 4990 1140 5034 et
1168 4982 1236 5036 ab
1258 4984 1510 5038 omnibus
1535 4985 1838 5042 volatilibus

245 5073 306 5118 et
347 5066 542 5120 bestiis
577 5067 978 5122 devorandum:
1031 5078 1086 5125 et
1131 5071 1462 5128 habitatores
1505 5075 1714 5130 urbium
1763 5076 1838 5131 Is-

248 5154 366 5210 rael
399 5165 602 5224 septem
640 5157 796 5212 annis
821 5157 1085 5229 lignorum
1113 5175 1268 5215 usum
1293 5177 1634 5234 nequaquam
1676 5165 1832 5220 habi-

249 5245 500 5300 turosde
537 5247 836 5302 succisione
885 5248 1174 5319 sylvarum,
1226 5253 1318 5308 sed
1370 5254 1436 5308 de
1482 5256 1647 5309 armis
1694 5254 1828 5326 Gog,

249 5337 423 5392 scutis
457 5337 706 5394 videlicet
727 5348 780 5394 et
806 5340 977 5394 hastis
1018 5342 1334 5415 sagittisque
1372 5354 1426 5399 et
1455 5345 1691 5403 bacculis
1718 5349 1830 5403 sive

247 5426 430 5482 cnntis
457 5444 468 5478 :
505 5428 677 5496 ipsum
700 5436 878 5482 autem
907 5427 1023 5499 Gog
1048 5431 1410 5500 sepeliendum
1443 5435 1495 5489 in
1524 5437 1684 5503 valle,
1717 5453 1836 5508 qua:

249 5517 520 5572 Ilebraice
546 5519 740 5572 dicitur
765 5518 880 5574 Ge:
913 5529 966 5574 et
1002 5537 1194 5575 nomen
1233 5525 1464 5594 sepulcri
1494 5528 1636 5583 illius
1661 5530 1840 5597 appel-

249 5609 839 5686 1ιιιιι1υιιι,ποανανάριον
877 5609 1075 5682 [Hier.,
1103 5612 1478 5692 πο).υάνδριον],
1517 5619 1604 5669 ubi
1635 5619 1842 5673 scilicet

249 5699 540 5754 multitudo
571 5701 844 5757 hominum
867 5705 939 5757 sit
963 5705 1167 5772 sepulta
1193 5746 1204 5758 .
1241 5704 1456 5774 Septem
1486 5718 1663 5762 autem
1692 5727 1840 5764 nicu-

579 5793 848 5855 Parnon.
915 5797 1044 5860 CX.

1942 4527 1995 4581 in
2033 4527 2241 4600 Magog,
2305 4530 2358 4584 in
2400 4547 2494 4586 eos
2533 4531 2781 4586 videlicet
2810 4533 2899 4602 qui
2957 4531 3071 4603 Gog
3101 4549 3390 4603 suscepere
3423 4538 3522 4590 do-

1941 4621 2195 4686 ctrinam,
2227 4632 2282 4675 ct
2311 4624 2362 4676 in
2390 4623 2488 4676 hos
2529 4623 2619 4690 qui
2669 4622 2738 4674 ad
2766 4621 3175 4678 similitudinem
3224 4625 3522 4682 insularum

1939 4711 2120 4766 szeculi
2153 4709 2400 4768 ﬂuctibus
2415 4713 2794 4778 verberantur,
2822 4721 2874 4767 et
2900 4720 3087 4785 putant
3112 4731 3168 4770 se
3184 4717 3380 4774 debere
3400 4736 3522 4775 esse

1939 4815 2178 4854 securos.
2209 4800 2300 4856 lllc
2328 4801 2466 4871 ignis
2485 4801 2551 4855 de
2571 4817 2678 4871 quo
2705 4801 2962 4859 Dominus
2989 4803 3227 4876 loquitur
3251 4823 3264 4861 :
3296 4826 3315 4859 ι
3343 4809 3522 4879 Ignem

1945 4893 2066 4946 veni
2099 4893 2314 4946 mittere
2341 4909 2502 4962 super
2531 4901 2750 4959 terram,
2789 4903 2844 4949 et
2883 4896 3010 4968 quid
3055 4897 3175 4954 volo
3217 4899 3318 4957 nisi
3348 4912 3406 4956 ut
3435 4919 3522 4956 ar-

1946 4985 2072 5038 deat
2107 4983 2258 5054 (Luc.
2298 4985 2461 5054 xu)?»
2509 4980 2581 5039 Ut
2628 4986 2801 5040 sciant
2849 5001 3038 5042 omnes
3084 4998 3138 5043 et
3193 4989 3516 5062 intelligant,

1941 5075 2085 5144 quod
2115 5089 2213 5145 ego
2248 5075 2349 5129 sim
2398 5074 2677 5142 Dominus,
2726 5085 2779 5131 et
2827 5093 3019 5134 nomen
3066 5092 3308 5137 sanctum
3339 5097 3528 5141 meum

1941 5176 2125 5220 notum
2169 5165 2284 5230 ﬂat,
2319 5165 2370 5220 in
2423 5167 2600 5222 medio
2634 5168 2816 5238 populi
2865 5170 2991 5236 mei,
3039 5173 3128 5242 qui
3183 5188 3519 5244 nequaquam

1938 5257 2053 5328 Gog
2079 5257 2404 5312 auctoritate
2435 5265 2690 5312 seductus
2717 5269 2820 5325 est,
2855 5273 3026 5330 neque
3055 5262 3193 5316 ultra
3233 5279 3328 5332 per
3361 5279 3516 5320 occa-

1937 5350 2142 5402 sionem
2174 5347 2291 5401 falsi
2315 5348 2547 5402 nominis
2567 5333 2806 5403 scientia:
2831 5351 3096 5418 polluetur
3119 5367 3309 5407 nomen
3341 5367 3524 5409 mcum'

1941 5439 1996 5492 in
2019 5439 2307 5507 haereticis,
2335 5447 2394 5492 ut
2418 5439 2594 5494 sciant
2634 5447 2839 5510 gentes,
2872 5455 2990 5513 qua:
3030 5441 3081 5495 in
3112 5441 3340 5495 circuitu
3371 5447 3511 5506 s‘nnt,

1941 5531 2082 5599 quod
2134 5545 2234 5601 ego
2285 5532 2390 5586 sim
2440 5531 2719 5586 Dominus.
2771 5531 2922 5597 Quod
2978 5540 3157 5586 autem
3214 5518 3511 5603 sequitur:

1948 5637 1966 5669 ι
1999 5619 2135 5674 Ecce
2166 5620 2313 5674 venit
2362 5628 2416 5673 et
2448 5619 2644 5675 factum
2681 5631 2779 5684 est,
2815 5641 2832 5672 ι
2862 5621 2926 5674 de
2970 5621 3172 5691 judicio
3206 5621 3404 5676 Christi
3431 5623 3515 5676 di-

1945 5711 2104 5776 citur,
2137 5711 2226 5779 qui
2254 5711 2473 5766 veniens
2504 5713 2679 5767 veniet
2717 5722 2770 5767 et
2803 5727 2904 5766 non
2934 5713 3184 5776 tardabit,
3216 5722 3269 5768 et
3297 5715 3408 5783 ipsa
3435 5726 3516 5780 est

2942 5805 3020 5862 ‘28
