3972 6184
563 289 634 361 75

1164 304 1227 358 Β.
1272 301 1522 359 RABANI
1564 301 1782 357 MAUlll
1822 303 2141 358 ARCHIEP.
2191 301 2497 361 MOGUNT.
2541 303 2826 361 OPERUM
2867 305 3049 362 PARS
3088 308 3146 362 ll.

3637 320 3716 375 875

521 419 638 475 dies
666 431 948 490 prunarum
998 425 1160 485 atque
1202 413 1471 478 vindictae,
1524 413 1590 467 de
1625 428 1730 483 qua
1771 427 1869 482 per
1920 427 2109 468 omnes
2139 422 2181 478 Α
2215 415 2492 481 claudant,
2549 425 2602 470 ct
2640 417 3200 484 circummditirentur,
3254 431 3306 477 et
3347 423 3394 477 in
3423 407 3716 498 voraginibus

520 510 813 582 prophetas
839 507 1050 562 locutus
1076 511 1158 558 est
1193 503 1472 558 Dominus.
1505 522 1522 554 ι
1553 503 1621 557 Et
1647 502 1994 574 egredientur
2020 503 2115 556 ha-

521 601 783 656 bitatores
814 596 1026 651 urbium
1059 615 1076 648 »
1113 593 1279 650 Israel
1331 593 1668 650 credentium
1697 593 1878 664 populi
1906 609 1919 645 :
1952 593 2114 647 urbes

522 685 886 745 autemlsrael
930 683 1282 757 intelligimus
1331 683 1607 739 Ecclesias
1658 690 1819 737 rectm
1859 680 2002 736 fidei.
2050 680 2118 734 Et

521 777 867 843 succendeut,
897 784 953 833 et
978 775 1300 832 comburent
1335 791 1508 839 arma,
1538 777 1603 832 de
1629 775 1826 845 quibus
1853 782 1907 829 et
1935 775 1988 829 in
2010 773 2117 828 alio

520 868 636 924 loco
664 867 926 937 scriptum
978 873 1063 920 est
1089 880 1102 919 :
1133 884 1151 916 ι
1209 865 1408 920 Arcum
1455 873 1702 920 conteret
1731 872 1788 919 et
1815 862 2118 934 confringet

520 976 692 1026 arma,
719 968 774 1014 et
799 964 949 1013 scuta
988 957 1268 1013 comburet
1298 957 1406 1030 igni
1451 955 1624 1029 (Psal.
1652 955 1802 1021 ην),
1833 975 1852 1008 ι
1898 954 2117 1026 clypeos

519 1060 574 1108 et
598 1050 800 1114 hastas,
819 1064 1007 1105 arcum
1037 1059 1091 1104 et
1112 1049 1352 1119 sagittas,
1379 1047 1600 1102 baculus
1623 1045 1679 1098 in
1708 1057 1901 1098 manus
1921 1045 2119 1116 quibus

514 1156 828 1214 perversum
869 1140 1068 1211 pascha
1111 1137 1496 1201 celebrabant;
1531 1135 1752 1190 lanceas
1777 1135 1892 1190 sive
1927 1141 2118 1189 contos

517 1235 715 1305 quibus
735 1233 844 1288 lata
873 1239 927 1289 et
956 1229 1274 1287 insanabilia
1307 1227 1613 1284 inferebant
1655 1226 1880 1282 vulnera
1911 1224 2116 1280 doctri-

517 1341 732 1393 narum,
763 1324 1086 1398 clypeosque
1111 1337 1272 1376 arcus
1301 1329 1357 1375 et
1381 1320 1630 1391 sagittas,
1653 1318 1719 1373 de
1739 1318 1933 1388 quibus
1955 1330 2114 1386 supra

520 1417 724 1472 dictum
769 1424 875 1472 est.
920 1413 1180 1485 Quodque
1226 1412 1505 1482 sequitur:
1535 1432 1552 1461 ‹
1597 1411 1662 1465 Ει
1699 1410 2029 1465 succenderit
2053 1423 2114 1463 ea

519 1508 630 1578 igni
662 1515 867 1580 septem
898 1505 1054 1560 annis
1079 1521 1094 1571 ;
1125 1523 1143 1556 ι
1177 1505 1240 1559 de
1281 1504 1462 1559 Exodo
1492 1511 1545 1558 et
1575 1501 1817 1557 chitico
1844 1513 2117 1570 exponen-

517 1598 643 1653 dum
671 1605 774 1664 est,
805 1597 860 1652 in
892 1596 1090 1666 quibus
1112 1594 1231 1664 lege
1259 1594 1574 1665 praccipitur
1623 1600 1682 1646 ut
1717 1592 1946 1662 septimo
1976 1604 2117 1644 anno

519 1689 875 1754 remissionis,
900 1688 1119 1760 quando
1145 1687 1316 1743 servis
1336 1686 1580 1742 Hebraeis
1598 1685 1825 1741 libertas
1852 1685 2113 1749 redditur,

2220 514 2378 561 terrae
2403 505 2685 576 sepeliant,
2717 521 2785 561 ne
2806 507 2944 562 ultra
2966 508 3114 565 exire
3143 510 3361 577 valeant,
3381 523 3431 568 et
3449 515 3626 586 aliquos
3645 535 3718 578 sua

2217 595 2409 653 fraude
2435 597 2704 668 decipere.
2731 597 2810 652 lbi
2841 612 2970 670 ergo
3005 600 3325 668 scpeliebant
3349 602 3453 676 Gog
3469 616 3514 660 et
3550 625 3717 667 (nonem
3773 657 3777 666 .

2218 687 2618 743 multitudinem
2650 689 2788 759 ejus.
2822 705 2928 760 qua
2956 705 3168 761 semper
3187 693 3409 748 haeretici
3431 695 3718 757 delectantur.

2225 797 2243 829 ι
2276 779 2344 834 Et
2370 780 2655 834 vocabitur
2682 799 2702 832 ι
2731 794 2926 834 nomen
2955 781 3110 836 va‘llis
3134 781 3288 848 illius,
3327 783 3376 838 in
3410 800 3502 855 qua
3537 787 3630 858 Gog
3659 807 3722 846 se-

2217 871 2399 942 pultus
2422 879 2526 935 est,
2559 890 2578 922 ι
2607 871 2968 926 multitudinis
2990 887 3077 942 ge,
3101 872 3213 928 sive
3231 873 3524 945 polyandrii,
3547 877 3629 932 hoc
3641 889 3720 946 est,
3772 871 3773 874 “

2216 963 2525 1033 sepulcrum
2570 961 2817 1032 plurimm
2856 961 3721 1037 multitudinis:etquomodusupra
3773 991 3776 1000 ι

2219 1053 2455 1109 diximus
2485 1067 2584 1121 per
2613 1061 2817 1122 septem
2849 1068 3020 1107 annos
3048 1055 3459 1110 adversariorum
3483 1073 3608 1112 arma
3630 1075 3722 1114 suc-

2217 1143 2398 1209 cendi,
2421 1144 2498 1199 sic
2523 1158 2618 1214 per
2636 1152 2845 1213 septem
2878 1159 3114 1209 menses,
3154 1137 3390 1201 sordibus
3412 1147 3720 1204 mercatorum

2220 1243 2363 1290 terra
2389 1235 2759 1290 mundahitnr.
2815 1236 2857 1288 A
2882 1236 3062 1306 primo
3098 1237 3241 1291 enim
3266 1253 3438 1294 mense
3457 1241 3636 1308 quando
3653 1257 3722 1312 pa-

2218 1326 2347 1382 scha
2372 1327 2584 1382 Domini
2611 1325 2974 1393 eelebramus,
3017 1334 3072 1382 et
3121 1329 3564 1385 exterminatorem
3597 1330 3723 1404 δεη-

2216 1416 2293 1486 pti
2339 1417 2460 1487 agni
2501 1417 2552 1471 in
2583 1417 2833 1486 postibus
2868 1418 3074 1472 nostris
3118 1433 3307 1473 cruore
3345 1421 3568 1484 vitamus,
3593 1437 3722 1490 usque

2218 1509 2286 1563 ad
2312 1509 2513 1563 exitum
2557 1510 2708 1574 anni,
2749 1509 2854 1564 hoc
2883 1517 2980 1570 est,
3020 1525 3193 1580 usque
3221 1512 3286 1566 ad
3331 1513 3584 1583 septimum
3605 1528 3722 1568 mea-

2219 1613 2356 1666 sem,
2387 1601 2604 1669 quando
2651 1600 3001 1655 tabernacula
3042 1602 3276 1672 figimus,
3307 1610 3359 1658 et
3401 1605 3526 1658 inter
3549 1613 3722 1659 celeras

2219 1687 2439 1744 frondes
2465 1689 2767 1759 palmarum
2796 1705 3010 1760 quoque
3039 1692 3206 1746 ramis
3225 1692 3546 1763 protegimur,
3567 1703 3616 1747 ut
3633 1708 3722 1764 per-

518 1788 575 1834 et
599 1780 778 1836 debita
806 1788 1000 1835 cuncta
1035 1779 1336 1844 solvuntur,
1369 1786 1423 1831 et
1450 1777 1518 1833 ad
1555 1777 1804 1832 dominos
1847 1775 1989 1830 redit
2012 1790 2111 1829 an-

2218 1782 2356 1838 fecta
2387 1790 2573 1837 contra
2604 1784 2787 1838 hostes
2816 1783 3039 1838 victoria
3061 1784 3449 1840 demonstretur
3471 1785 3724 1840 festivitates

518 1873 666 1943 tiqua
692 1872 986 1942 possessio,
1037 1878 1093 1926 et
1127 1870 1285 1940 quies
1323 1877 1483 1924 terrae
1523 1869 1799 1934 tribuitur,
1831 1877 1885 1923 et
1922 1883 2111 1924 omnes

519 1961 700 2033 fruges
725 1963 1048 2034 pauperibus
1068 1964 1456 2025 condonantur,
1479 1977 1586 2032 quo
1606 1962 1808 2016 scilicet
1829 1963 1881 2015 in
1907 1971 2112 2032 septem

518 2055 677 2109 annis
718 2069 945 2110 numero
998 2063 1211 2110 sacrato
1257 2062 1418 2122 atque
1448 2052 1688 2122 perfecto
1730 2053 2112 2109 luereticorum

501 2152 795 2202 armatura
822 2144 1112 2214 dispereat,
1153 2150 1206 2196 et
1235 2141 1590 2197 ecclesiastici
1632 2141 1734 2195 viri
1766 2155 2112 2210 nequaquam

520 2236 664 2306 ligna
701 2235 980 2291 succidant
1009 2235 1075 2290 de
1123 2232 1333 2304 campis
1359 2240 1414 2288 et
1461 2231 1790 2303 regionibus,
1841 2230 2114 2302 sylvisque

513 2337 574 2382 et
595 2326 820 2383 saltibus
844 2325 1106 2398 gentium,
1127 2340 1264 2395 quos
1287 2323 1458 2395 magis
1480 2321 1688 2379 salvare
1709 2323 1929 2391 cupiunt
1950 2335 2111 2391 quam

516 2421 744 2492 perdere
771 2439 784 2476 :
813 2422 905 2477 sed
935 2421 1001 2476 de
1032 2420 1432 2485 haereticorum,
1457 2434 1594 2489 quos
1635 2418 1864 2473 vicerint
1888 2418 2109 2489 elypeis,

518 2515 710 2583 hastis,
736 2514 969 2586 sagittis,
1000 2513 1226 2579 baculis,
1253 2512 1535 2581 contisque
1555 2520 1610 2567 et
1655 2509 1874 2566 lanceis.
1903 2508 2116 2567 Habent

517 2607 660 2662 enim
682 2616 737 2662 et
763 2607 861 2678 ipsi
887 2606 954 2661 ad
984 2605 1401 2677 impugnandam
1447 2602 1746 2660 Ecclesiam
1777 2601 1977 2659 Christi
2007 2602 2113 2658 tela

517 2699 753 2762 diversa,
784 2714 905 2768 quze
933 2698 1002 2752 ab
1027 2696 1252 2753 eruditis
1278 2696 1592 2753 hominibus
1633 2695 1757 2766 igne
1785 2694 1958 2751 sancti
1990 2692 2115 2766 Spi-

515 2791 657 2845 ritus
685 2789 1057 2844 succendcnda
1098 2797 1249 2853 sunt,
1277 2801 1527 2844 sermone
1570 2785 1820 2843 videlicet
1855 2785 2113 2843 ecclesia-

518 2882 677 2946 stico,
720 2895 879 2951 quem
921 2879 1011 2952 qui
1063 2879 1331 2946 habuerit,
1369 2879 1566 2950 poterit
1616 2878 1795 2934 dicere
1820 2893 1835 2931 :
1865 2897 1884 2930 ι
1922 2877 2112 2937 Nonne

511 2987 614 3027 eor
649 2979 892 3026 nostrum
923 2977 1043 3024 erat
1069 2970 1266 3026 ardens
1291 2969 1346 3024 in
1393 2969 1477 3023 via
1525 2983 1646 3024 cum
1688 2969 1923 3040 aperiret
1957 2970 2114 3028 nobis

513 3061 674 3117 Iesus
723 3058 1073 3130 Scripturas?
1100 3079 1119 3113 ι
1149 3057 1259 3116 Nec
1303 3074 1593 3131 possumus
1642 3060 1857 3130 plenam
1910 3059 2112 3116 habere

2214 1889 2405 1930 omnes
2431 1873 2766 1944 complemus
2794 1874 2846 1927 in
2896 1873 3128 1944 populis.
3181 1874 3290 1930 Nec
3335 1875 3492 1930 solum
3517 1876 3722 1947 magistri,

2215 1969 2308 2024 sed
2331 1976 2386 2021 et
2409 1967 2584 2020 omnis
2612 1966 2840 2037 populus
2868 1966 2971 2021 hoc
2999 1967 3250 2021 certatim
3286 1965 3454 2032 faciet,
3481 1975 3530 2021 ut
3552 1966 3723 2036 sepeliat

2215 2058 2329 2128 Gog
2356 2067 2410 2113 et
2435 2065 2632 2110 terram
2660 2056 2889 2126 Operiat,
2919 2064 2975 2110 et
3003 2071 3341 2126 nequaquam
3367 2071 3530 2110 aerem
3549 2055 3724 2110 liberum

2215 2165 2409 2221 capere
2443 2151 2757 2222 permittat:
2789 2150 2914 2206 Post
2957 2165 3148 2208 necem
3179 2162 3352 2207 autem
3380 2159 3428 2206 et
3465 2148 3725 2205 interfectio-

2215 2257 2338 2298 nem
2385 2242 2500 2296 sive
2543 2241 2848 2311 sepulcrum
2896 2240 3034 2312 Gog,
3089 2242 3350 2313 eligentur
3385 2241 3477 2295 viri
3525 2238 3725 2294 ecclesia-

2215 2331 2337 2390 stici
2365 2334 2456 2402 qui
2497 2334 2604 2388 boc
2645 2334 2883 2388 habeant
2911 2334 3097 2398 studii,
3125 2348 3194 2389 ne
3223 2335 3346 2404 quid
3369 2334 3420 2388 in
3461 2341 3583 2386 terra
3606 2329 3726 2385 Israel

2215 2430 2434 2478 maneat
2468 2422 2710 2477 sordium
2761 2422 3139 2492 pristinarum,
3194 2437 3260 2477 ne
3283 2421 3406 2492 quid
3431 2419 3724 2476 morticimun.

2213 2512 2307 2583 qui
2346 2512 2577 2568 lustrent
2619 2520 2842 2578 terram,
2887 2520 2942 2567 et
2983 2513 3267 2584 requirant
3305 2520 3525 2566 mortuos
3555 2517 3729 2576 etape-

2213 2603 2348 2658 liant
2369 2621 2384 2656 :
2409 2610 2470 2658 ut
2491 2603 2742 2660 videlicet
2786 2603 3082 2659 mundetur
3109 2612 3254 2660 terra
3282 2602 3523 2659 ecclesia.
3561 2601 3638 2654 Sin
3657 2613 3727 2650 au-

2214 2701 2324 2749 tem
2349 2708 2448 2764 per
2475 2703 2688 2764 septem
2727 2707 2945 2749 menses
2981 2695 3206 2763 quando
3244 2694 3433 2750 debent
3456 2707 3561 2746 esse
3581 2700 3730 2744 cuncta

2213 2791 2461 2856 purgata,
2495 2785 2549 2839 hi
2570 2785 2662 2853 qui
2695 2792 2894 2838 terram
2923 2793 3241 2856 peragrant,
3270 2793 3423 2854 atque
3460 2782 3730 2836 circumeunt

2214 2874 2270 2930 in
2295 2875 2480 2947 aliquo
2499 2889 2562 2930 os
2583 2875 2836 2940 hominis,
2863 2876 2968 2931 hoc
2993 2883 3082 2931 est
3101 2876 3352 2931 duritiam
3391 2872 3621 2929 heretica
3640 2883 3735 2939 pra-

2213 2966 2419 3032 vitatis,
2452 2965 2566 3022 sive
2595 2966 2943 3022 morticinum
2990 2967 3122 3036 quid
3162 2967 3416 3023 doctrinae
3451 2963 3654 3035 pristinae
3674 2960 3731 3012 vi-

2214 3057 2395 3114 derint
2424 3058 2769 3123 remansisse,
2823 3067 3026 3128 ponent
3077 3057 3235 3127 juxta
3267 3057 3390 3113 illud
3436 3057 3539 3111 sive
3561 3051 3735 3109 axlilica-

515 3169 705 3225 paeem
751 3162 807 3209 et
859 3152 1210 3209 habitationis
1255 3151 1658 3218 confidentiam,
1705 3151 1808 3206 nisi
1860 3157 2109 3207 cunctam
2138 3153 2184 3216 C
2215 3152 2350 3207 bunt
2382 3149 2633 3205 titulum:
2664 3156 2725 3204 ut
2754 3158 3038 3220 postquam
3073 3149 3248 3205 notati
3277 3148 3469 3203 fuerint
3493 3145 3570 3215 qui
3595 3143 3734 3212 hujus-

518 3245 952 3301 adversariorum
1019 3241 1404 3314 supellectilem
1455 3241 1864 3313 depraedemur,
1920 3249 1979 3296 ut
2021 3256 2115 3313 pe-

521 3345 681 3392 reant
709 3335 891 3392 omnia
913 3345 967 3390 et
999 3335 1052 3391 in
1093 3335 1334 3390 cinerem
1363 3343 1802 3401 concrementur,
1827 3343 1883 3390 et
1910 3335 2115 3405 deprae-

518 3429 712 3483 demur
731 3441 846 3492 eos,
875 3425 966 3495 qui
988 3440 1088 3480 nos
1111 3423 1325 3480 fuerant
1343 3432 1468 3478 ante
1492 3423 1739 3493 praedati,
1769 3431 1821 3479 et
1842 3431 2114 3478 vastemus

518 3516 639 3572 illos
665 3517 756 3587 qui
785 3522 1135 3572 vastaverunt
1181 3514 1332 3586 prius
1358 3513 1678 3570 Ecelesiam.
1710 3533 1728 3565 ι
1765 3514 1821 3568 ln
1845 3515 1932 3569 die
1955 3513 2065 3578 illa,
2088 3534 2106 3568 ι

519 3610 578 3664 in
619 3608 767 3664 clam
812 3605 1214 3679 praedicationis
1245 3604 1470 3672 lumine,
1504 3623 1521 3655 ο
1551 3605 1708 3668 dabo,
1751 3605 1947 3676 inquit,
1999 3603 2114 3675 Gog

519 3701 698 3758 locum
755 3701 1091 3756 nominatum
1164 3697 1471 3769 sepulcrum
1545 3699 1596 3754 in
1654 3698 1838 3754 Israel.
1880 3719 1898 3751 ›
1949 3696 2112 3752 Juxta

523 3793 870 3859 Hebraicum,
898 3812 917 3846 ‹
947 3790 1142 3847 vallem
1171 3790 1442 3846 viatorum
1478 3810 1495 3841 ι
1530 3790 1598 3845 ad
1623 3790 1888 3845 orientem
1926 3791 2108 3854 maris,

526 3904 546 3936 ι
568 3899 688 3955 quae
725 3885 1108 3952 obstupescere
1138 3879 1266 3936 facit
1305 3888 1712 3951 prmtereuntes.
1738 3899 1755 3932 ›
1800 3877 1963 3950 Cujus
2001 3895 2113 3934 scr-

519 3974 700 4033 monis
743 3973 833 4028 hic
873 3987 1068 4027 sensus
1095 3979 1214 4026 est:
1248 3969 1603 4039 Sepulchrum
1635 3969 1748 4041 Gog
1791 3984 1898 4024 non
1927 3969 2031 4024 erit
2057 3969 2110 4023 in

521 4063 819 4129 montibus,
846 4061 941 4118 sed
970 4061 1026 4116 in
1063 4060 1333 4130 depressis
1351 4060 1580 4116 vallibus
1607 4068 1662 4115 et
1688 4062 1743 4115 in
1783 4057 2113 4132 confragosis

521 4157 681 4222 locis,
706 4171 828 4227 quae
879 4153 1133 4211 behraice
1183 4152 1520 4223 appellantur
1572 4151 1669 4217 Ge,
1726 4167 1844 4223 quae
1872 4151 2110 4207 haeretici

519 4261 645 4302 cum
675 4245 728 4300 in
757 4243 1037 4300 occidente
1067 4242 1155 4298 siti
1200 4241 1426 4297 orientis
1469 4241 1585 4296 loca
1614 4257 1734 4297 esse
1774 4241 2109 4313 confingunt,

521 4346 580 4391 ut
629 4334 902 4406 decipiant
945 4334 1205 4400 viatores,
1260 4348 1355 4388 eos
1405 4331 1670 4397 videlicet,
1721 4333 1811 4402 qui
1856 4333 2110 4388 sacculum

521 4427 665 4482 istud
704 4434 1102 4498 pertranseunt,
1135 4433 1189 4480 et
1215 4439 1322 4479 non
1360 4431 1486 4478 sunt
1519 4423 1869 4489 habitatores,
1901 4423 1994 4479 sed
2017 4438 2111 4493 pe—

521 4518 748 4591 regrini,
779 4518 1023 4574 dicentes
1053 4515 1182 4572 illud
1225 4515 1632 4587 propheticum:
1671 4532 1689 4565 ι
1727 4512 1946 4569 Advena
1989 4529 2108 4570 sum
2135 4501 2187 4560 Ῑ)

515 4632 618 4687 ego
665 4625 722 4669 et
770 4614 1087 4686 peregrinus
1133 4610 1275 4667 sicut
1331 4625 1520 4666 omnes
1549 4617 1733 4681 patres
1785 4608 1890 4664 mei
1934 4606 2105 4682 (Psal.

520 4707 769 4781 xxxviii).
801 4728 821 4761 ι
851 4707 984 4776 Quis
1007 4707 1151 4762 enim
1174 4705 1634 4776 praetereuntium,
1662 4705 1727 4759 de
1753 4701 1949 4774 quibus
1975 4702 2108 4758 scri-

521 4810 672 4871 ptum
697 4808 816 4857 est;
854 4820 872 4850 ι
907 4801 976 4855 Et
996 4816 1102 4855 non
1133 4799 1385 4856 dixerunt
1424 4799 1516 4869 qui
1542 4797 1912 4868 praeteribant,
1940 4796 2109 4852 Dene-

521 4894 687 4948 dictio
727 4891 942 4947 Domini
993 4905 1154 4960 super
1189 4907 1285 4946 vos
1313 4889 1485 4964 (Psal.
1529 4892 1780 4962 cxxvm),
1812 4910 1829 4942 ι
1860 4905 1967 4946 non
2014 4890 2108 4944 ad-

521 4985 752 5040 miratur
778 4981 1186 5052 et-obstupescit
1219 4998 1341 5038 cum
1370 4983 1564 5049 vallem
1593 4982 1788 5036 viderit
1816 4981 2104 5046 viatorum,

522 5092 644 5148 quae
673 5073 973 5130 viatoribus
1019 5071 1172 5127 vallis
1219 5071 1618 5128 habitatoribus
1676 5088 1832 5129 mons
1859 5071 2107 5127 videtur?

521 5170 626 5226 hoc
646 5169 799 5242 juxta
847 5166 1193 5225 Hebraicum.
1247 5165 1511 5223 Caeterum
1549 5166 1898 5239 Septuaginta
1929 5176 2103 5222 trans-

521 5261 763 5320 tulerunt
795 5279 814 5313 ι
839 5257 1187 5332 polyandrion
1213 5274 1400 5314 eorum
1439 5259 1529 5330 qui
1558 5259 1802 5314 venerint
1827 5262 1892 5313 ad
1935 5273 2104 5324 mare,

521 5363 576 5412 et
629 5353 970 5430 aedificabunt
1014 5353 1070 5408 in
1099 5351 1329 5408 circuitu
1373 5351 1654 5408 introitum
1678 5353 1850 5408 vallis.
1885 5372 1902 5404 ι
1932 5351 2109 5407 Labor

520 5446 666 5503 enim
700 5456 786 5504 est
815 5460 1004 5504 eorum
1039 5443 1132 5514 qui
1181 5441 1530 5514 egrediuntur
1559 5443 1626 5499 de
1661 5443 1898 5504 urbibus.
1920 5442 2106 5510 lsracl,

522 5549 582 5598 ut
599 5555 816 5595 omnem
845 5539 1124 5595 introitum
1155 5546 1212 5594 et
1253 5537 1456 5592 exitum
1506 5537 1776 5594 hmreticaa
1803 5539 2112 5610 pravitatis,

523 5630 614 5698 qui
645 5639 905 5685 venerant
950 5645 982 5683 a
1012 5644 1162 5684 mare
1211 5638 1267 5684 et
1293 5628 1651 5684 amaritudine
1698 5627 1842 5684 illius
1872 5629 2107 5685 delecta-

528 5717 745 5782 bantur,
767 5718 1142 5790 undarumque
1169 5717 1398 5774 molibus
1424 5727 1480 5774 et
1502 5717 1817 5773 crudelitate
1842 5719 2108 5792 naufragii

2217 3242 2428 3300 cemodi
2455 3251 2604 3307 sunt,
2653 3249 2783 3296 tunc
2809 3241 2894 3297 vel
2935 3243 3302 3298 emundentur
3347 3240 3426 3296 vel
3466 3237 3735 3309 sepeliantur

2216 3348 2338 3389 cum
2364 3331 2500 3404 Gog,
2527 3341 2583 3387 et
2610 3332 2664 3386 in
2715 3331 2870 3387 turba
2915 3331 3212 3401 sepultum
3258 3331 3397 3387 illius
3433 3328 3732 3384 retrudaulur.

2214 3421 2423 3477 Nomen
2448 3431 2626 3477 autem
2653 3421 2890 3476 civitatis
2913 3421 3005 3475 ubi
3029 3435 3310 3477 servorum
3341 3418 3537 3476 Domini
3559 3414 3736 3472 victoria

2215 3520 2321 3579 est,
2347 3521 2403 3568 et
2432 3512 2615 3584 jacent
2649 3511 2974 3577 adversarii,
3015 3522 3070 3567 et
3092 3514 3273 3568 omnis
3314 3511 3621 3567 inimicorum
3649 3502 3738 3574 ejus

2215 3605 2504 3661 multitudo
2530 3611 2800 3676 prostrata
2831 3613 2933 3671 est,
2977 3605 3282 3676 appellatur
3307 3605 3503 3659 Amona
3536 3601 3634 3656 sive
3663 3595 3738 3651 Po-

2215 3696 2505 3762 liandrion,
2551 3704 2610 3750 ut
2655 3695 2778 3750 finis
2819 3694 3062 3751 omnium
3117 3695 3389 3751 restitutio
3416 3690 3635 3763 puritatis
3671 3685 3735 3740 sit.

2215 3789 2456 3858 Denique
2499 3788 2783 3858 sequitur:
2820 3807 2838 3839 α
2887 3787 2953 3842 Et
2982 3789 3322 3844 mundabunt
3351 3796 3594 3842 terram.»
3622 3777 3738 3834 llaud

2215 3882 2435 3936 dubium
2458 3881 2584 3951 quin
2611 3881 2664 3934 hi
2691 3881 2759 3935 de
2784 3881 2982 3951 quibus
3005 3896 3170 3952 supra
3200 3880 3456 3951 scriptum
3477 3886 3576 3933 est:
3597 3893 3612 3924 ‹
3631 3886 3741 3942 qm

2214 3988 2335 4028 rere
2374 3972 2651 4042 incipient,
2683 3979 2739 4027 et
2775 3972 3143 4028 circumibunt
3185 3979 3526 4044 peragrantes
3561 3975 3738 4022 terram.

2215 4063 2502 4136 (Μλυιισδο)
2531 4062 2590 4118 Ῑη
2633 4063 2949 4136 ApocalypSi
2993 4079 3213 4136 quoque
3256 4064 3471 4120 Joannis
3495 4061 3650 4133 (Apoc.
3670 4053 3744 4109 ni

2212 4168 2334 4208 cum
2363 4153 2435 4210 ibi
2471 4162 2989 4210 commemoraretur
3016 4155 3196 4226 angeli
3240 4154 3528 4218 descensio,
3561 4150 3617 4204 de
3637 4145 3742 4201 calo

2211 4247 2303 4320 qui
2335 4246 2628 4317 captivavit
2673 4246 2963 4303 draconem
3013 4258 3326 4320 serpentem
3371 4245 3643 4315 antiquum,
3674 4236 3744 4308 qui

2211 4349 2296 4395 est
2339 4338 2584 4394 diabolus
2613 4348 2669 4394 et
2708 4347 2951 4407 satanas,
3000 4349 3056 4396 et
3099 4341 3290 4413 ligavit
3339 4354 3458 4394 eum
3491 4349 3577 4408 per
3612 4341 3744 4386 annos

2211 4433 2375 4489 mille.
2413 4429 2604 4488 Postea
2638 4434 2881 4504 sequitur
2931 4433 3243 4505 Scriptura,
3287 4434 3500 4489 dicens:
3535 4447 3551 4479 ι
3579 4425 3744 4482 Etcum

2215 4525 2571 4581 consummati
2610 4525 2809 4580 fuerint
2837 4525 2979 4579 mille
3022 4525 3171 4587 anni,
3204 4525 3440 4580 solvetur
3479 4521 3677 4576 Satanas
3696 4514 3746 4564 de

2216 4629 2434 4671 carcere
2474 4629 2591 4677 suo,
2642 4621 2696 4668 et
2734 4614 2902 4668 exibit
2943 4621 2998 4668 et
3036 4613 3258 4668 seducet
3303 4621 3486 4682 gentes
3516 4624 3621 4680 qua!
3654 4609 3746 4657 sum

2215 4725 2380 4780 super
2414 4716 2646 4778 quatuor
2669 4707 2892 4777 angulos
2915 4716 3096 4772 teme,
3125 4706 3244 4779 Gog
3267 4717 3321 4762 et
3358 4705 3557 4776 Magog,
3581 4709 3627 4754 et
3646 4710 3745 4751 con-

2213 4800 2459 4874 gregabit
2484 4816 2577 4855 eos
2607 4800 2660 4854 in
2703 4797 2965 4868 prwlium,
3012 4813 3244 4868 quorum
3277 4809 3529 4853 numerus
3551 4802 3623 4846 est
3644 4788 3749 4843 sicut

2215 4908 2378 4947 arena
2406 4892 2589 4946 maris.
2621 4889 2686 4945 Et
2730 4890 3091 4945 ascenderunt
3133 4903 3299 4958 super
3323 4883 3638 4941 latitudinem
3663 4885 3744 4930 ter-

2213 4997 2307 5037 rm.
2339 4989 2393 5035 et
2417 4979 2748 5034 circuierunt
2773 4986 2951 5033 castra
2999 4985 3316 5032 sanctorum
3345 4983 3400 5031 et
3422 4972 3669 5030 civitatem
3689 4962 3746 5017 tli-

2215 5069 2429 5131 lectam,
2458 5079 2511 5124 et
2536 5066 2812 5124 descendit
2839 5069 2974 5140 ignis
2999 5084 3028 5123 a
3057 5069 3168 5123 Deo
3195 5069 3260 5122 de
3289 5067 3426 5123 cmlo
3451 5075 3504 5120 et
3523 5053 3745 5118 devoravi!

2212 5177 2325 5217 eos.
2374 5161 2440 5216 Et
2467 5160 2734 5225 diabolus,
2783 5160 2873 5230 qui
2913 5159 3206 5234 seducebat
3245 5174 3359 5221 eos,
3408 5157 3592 5212 missus
3623 5145 3745 5203 estin

2214 5262 2461 5323 stagnum
2489 5251 2627 5322 ignis
2653 5260 2706 5303 et
2727 5249 3020 5319 sulphuris,
3049 5248 3140 5303 ubi
3181 5258 3266 5304 est
3294 5247 3464 5303 bestia
3491 5255 3542 5300 et
3560 5235 3745 5314 pseudo-

2211 5346 2507 5416 prophetae,
2555 5353 2611 5398 et
2655 5341 3040 5398 eruciahuntur
3066 5340 3153 5396 die
3201 5355 3268 5395 ac
3312 5347 3468 5396 nocte
3503 5335 3552 5390 in
3592 5323 3745 5386 saecula

2143 5435 2552 5500 ...A..smculorum.
2578 5454 2596 5487 ι
2619 5433 2785 5506 (Beda
2808 5435 2861 5488 in
2886 5431 3068 5504 Apoc.)
3088 5431 3350 5487 Diabolus
3371 5431 3598 5484 deorsum
3613 5423 3744 5506 ﬂufm

2211 5501 2843 5595 interpretatur,‘Gr:ece
2870 5501 3059 5577 autem
3099 5522 3414 5576 criminator
3457 5501 3745 5575 dicitur.$a'

2213 5624 2328 5680 tan,
2355 5616 2684 5670 adversarius
2715 5616 2829 5669 sive
2871 5613 3269 5685 prwvaricator.
3305 5612 3476 5667 Draco
3519 5607 3747 5674 εει-κυρτὼ

2210 5717 2330 5780 pter
2353 5708 2580 5763 nocendi
2602 5707 2884 5773 malitiam,
2909 5720 3129 5776 serpens
3154 5713 3382 5774 propter
3408 5694 3608 5757 fallendi
3629 5697 3740 5746 astu-
