3972 6184
318 313 438 403 in

1261 333 1615 395 COMMENT.
1655 333 1721 390 IN
1757 330 2210 391 EZECIIIELEM.
2249 363 2319 375 -—
2357 331 2484 389 LIB.
2530 328 2660 388 XII.

3483 330 3589 393 878

330 453 481 515 tiam,
510 444 756 505 diabolus
784 452 1005 517 propter
1028 452 1205 501 status
1223 445 1312 502 sui
1335 460 1544 511 casum,
1587 444 1753 500 Satau
1779 457 1906 514 pro-
1940 453 1984 508 Α
2019 461 2039 495 ο
2067 443 2380 507 comedetis,
2408 452 2468 499 et
2492 443 2809 515 sanguinem
2847 442 3159 515 principum
3189 446 3584 508 terrtebibetis,

327 552 450 614 pter
473 538 894 597 obstinationem
935 536 1165 592 Domino
1204 536 1527 593 adversandi
1577 535 1906 591 nominatur.

332 652 355 687 ι
382 634 634 705 Etligant
656 644 782 686 eum
806 644 905 700 per
941 644 1114 685 annos
1155 628 1323 684 mille.
1348 648 1366 682 ι
1404 628 1463 683 Id
1484 635 1590 692 est,
1617 628 1736 697 ejus
1758 634 1910 696 pote-

326 733 525 782 statem
547 737 580 777 a
604 719 1277 785 scducendisvltomiaibus,
1298 718 1392 789 qu'i
1415 718 1673 773 liberandi
1697 715 1912 771 fuerant

318 815 589 873 cohibens
617 812 929 877 refrenavit,
954 825 1122 881 quam
1139 811 1185 866 si
1212 817 1377 866 totam
1398 810 1451 864 vi
1476 809 1561 865 vel
1587 808 1777 864 fraude
1795 820 1911 878 per-

323 908 636 964 mitteretur
669 918 897 960 exerere
934 902 989 957 in
1019 910 1127 957 tam
1157 901 1315 971 longo
1360 909 1602 970 tempore
1650 898 1911 970 plurimos

324 999 666 1055 inﬁrmorum
692 996 986 1067 deciperet.
1032 992 1175 1048 Mille
1218 1007 1388 1047 annos
1430 991 1566 1046 dixit
1595 998 1826 1060 partem,
1854 990 1908 1044 id

320 1100 428 1156 est,
455 1089 714 1159 reliquias
736 1086 883 1142 mille
910 1099 1172 1140 annorum
1199 1082 1336 1139 sexti
1382 1081 1488 1137 diei
1537 1081 1593 1135 in
1618 1095 1726 1149 quo
1752 1087 1910 1134 natus

318 1191 408 1235 est
427 1179 689 1235 Dominus
715 1184 772 1232 et
793 1188 1008 1246 panos.
1031 1190 1050 1224 ε
1086 1172 1155 1227 Et
1175 1185 1299 1227 cum
1324 1166 1682 1225 consummati
1708 1167 1911 1222 fuerint

322 1273 479 1328 mille
501 1270 652 1334 anni,
675 1267 915 1324 solvetur
957 1265 1192 1320 Satanas
1218 1264 1285 1320 de
1312 1275 1532 1318 carcere
1570 1274 1688 1315 suo.
1713 1278 1733 1312 ι
1773 1258 1909 1314 Con-

322 1369 625 1418 summatos
659 1358 795 1414 dixit
818 1373 848 1411 a
876 1364 989 1412 toto
1014 1362 1241 1426 partem.
1289 1351 1424 1407 Nam
1451 1351 1532 1407 sic
1567 1351 1826 1414 solvetur,
1850 1356 1910 1402 ut

322 1455 598 1525 supersint
627 1451 750 1506 anni
779 1459 890 1506 tres
934 1457 990 1505 et
1031 1460 1247 1502 menses
1293 1459 1386 1500 sex
1429 1442 1707 1497 novissimi
1736 1449 1911 1495 certa-

322 1549 508 1605 minis.
535 1547 642 1602 Sed
665 1553 865 1616 praeter
887 1544 1032 1598 hunc
1071 1549 1281 1610 tropum
1310 1544 1459 1593 recte
1483 1535 1681 1590 dicitur
1701 1533 1910 1587 finitum

324 1651 561 1709 tempus.
595 1637 712 1692 Non
762 1635 906 1691 enim
958 1629 1331 1702 computanda:
1375 1633 1502 1683 sunt
1548 1633 1659 1680 tam
1701 1624 1910 1694 exiguae

324 1730 571 1801 reliquis:
591 1743 713 1784 cum
734 1722 1082 1797 septingenti,
1111 1726 1167 1777 et
1190 1719 1334 1790 quod
1356 1717 1498 1774 Deus
1522 1714 1755 1772 voluerit
1777 1712 1904 1768 anai

321 1823 458 1878 hora
490 1821 558 1876 ad
597 1816 856 1889 Apostolo
903 1812 1151 1885 appellati
1198 1816 1344 1866 sunt.
1370 1826 1389 1859 ι
1423 1807 1491 1862 Et
1534 1805 1705 1861 exibit
1742 1809 1799 1859 et
1823 1817 1913 1858 se-

319 1914 487 1969 ducet
513 1918 717 1983 gentes,
738 1921 859 1977 quae
881 1911 1013 1959 sunt
1035 1915 1198 1972 super
1231 1907 1468 1969 quatuor
1493 1894 1719 1964 angulos
1750 1901 1914 1947 terrm

319 2002 442 2075 Gog
470 1980 754 2070 et'lfagog,
796 2004 850 2051 tl
888 1991 1238 2063 congregabit
1273 2002 1369 2044 eos
1409 1987 1463 2042 in
1486 1984 1751 2057 praelium.
1776 2001 1796 2035 ι
1828 1980 1912 2037 Ad

320 2094 430 2148 hoc
455 2097 582 2145 tunc
614 2087 858 2150 seducet,
884 2089 946 2138 ut
966 2082 1019 2137 in
1041 2081 1146 2136 hoc
1165 2078 1410 2149 praelium
1430 2080 1722 2145 congregat
1743 2088 1759 2124 :
1784 2083 1911 2124 nam

320 2191 379 2237 et
413 2189 573 2234 antea
621 2176 797 2232 modis
840 2173 1038 2244 quibus
1083 2176 1295 2242 poterat
1327 2182 1426 2239 per
1471 2164 1614 2220 mala
1658 2161 1827 2218 multa
1856 2171 1913 2217 et

318 2269 477 2325 varia
512 2266 820 2323 sedneebat.
857 2263 1042 2319 Exibit
1061 2262 1207 2316 enim
1243 2260 1446 2314 dictum
1474 2264 1561 2311 est
1584 2255 1639 2309 in
1667 2260 1911 2323 apertam

318 2356 774 2433 persecutionem,
801 2354 867 2409 de
903 2350 1130 2407 latebris
1156 2353 1409 2416 erumpet
1428 2345 1676 2400 odiorum
1704 2355 1911 2433 :porro

320 2430 442 2518 fiog
468 2455 527 2503 et
550 2445 739 2515 Magog
760 2438 846 2498 vel
871 2458 903 2496 a
926 2449 1083 2512 parte
1110 2447 1278 2495 totum
1303 2434 1636 2507 signiﬁcant,
1659 2431 1747 2487 vel
1759 2430 1915 2499 juxta

326 2534 835 2606 interpretationem
862 2531 1161 2594 nominum,
1200 2541 1321 2597 quae
1364 2531 1566 2580 tectum
1594 2528 1654 2577 et
1676 2522 1744 2576 de
1774 2526 1916 2574 tecto

322 2631 601 2693 tueantur,
626 2623 871 2681 occultos
910 2630 967 2677 et
987 2626 1205 2691 apertos
1224 2616 1472 2686 iudicant
1501 2615 1724 2669 hostes:
1759 2617 1812 2664 et
1839 2616 1918 2663 te.

324 2728 477 2776 ctum
511 2718 655 2777 enim
682 2714 794 2786 «ipsi
839 2720 986 2776 sunt,
1033 2709 1161 2780 quia
1194 2710 1250 2762 in
1284 2707 1366 2761 eis
1406 2718 1551 2760 nunc
1594 2701 1833 2758 deditur
1861 2708 1920 2754 et

325 2811 532 2881 tegitur
558 2806 845 2863 inimicus:
899 2810 957 2857 et
997 2801 1063 2856 de
1108 2805 1254 2854 tecto
1300 2796 1400 2867 ipsi
1430 2801 1593 2850 erunt
1616 2790 1832 2863 quando
1861 2789 1917 2844 in

327 2911 579 2973 apertum
599 2897 783 2954 odium
800 2890 1044 2961 emptori
1067 2896 1213 2947 sunt.
1232 2906 1252 2939 ι
1281 2886 1353 2942 Et
1370 2883 1734 2941 ascenderunt
1756 2895 1920 2951 super

324 2990 668 3051 latitudinem
696 2993 860 3041 terra
893 2989 951 3037 et
978 2978 1369 3036 circumierunt
1399 2986 1576 3031 castra
1606 2980 1916 3029 sanctorum

324 3091 386 3140 et
405 3079 680 3137 civitatem
707 3073 977 3130 dilectam.
997 3088 1017 3123 ι
1066 3066 1183 3125 Non
1208 3066 1395 3135 utique
1438 3064 1507 3121 ad
1549 3078 1714 3118 unum
1738 3061 1915 3116 locum

2017 554 2038 587 α
2066 536 2315 602 arietum,
2338 550 2601 608 agnorum
2639 543 2695 592 et
2737 535 3011 592 hircorum
3058 543 3445 608 taurorumque
3471 538 3596 597 alti-

2018 645 2038 679 ι
2064 628 2195 683 lium
2220 637 2278 683 et
2305 628 2584 700 pinguium
2622 628 2885 683 omnium.
2934 628 3003 683 Et
3046 629 3343 687 comedetis
3374 631 3591 702 adipem

2016 738 2049 772 ει
2063 721 2118 776 in
2144 721 2503 787 saturitatem,
2533 729 2592 776 et
2618 720 2819 775 bibetis
2851 720 3165 793 sanguinem
3192 722 3246 777 in
3272 723 3595 782 ebrietatem

2018 826 2047 868 ι’
2068 816 2136 872 de
2154 816 2393 878 victima,
2417 829 2579 885 quam
2613 829 2715 886 ego
2750 813 3041 871 immolabo
3064 814 3241 872 vobis.
3282 812 3352 871 Et
3387 825 3599 873 sautra-

2015 918 2035 955 t
2062 903 2252 959 bimini
2280 917 2444 974 super
2464 915 2711 958 mensam
2738 916 2940 969 meam,
2971 905 3040 960 de
3071 918 3213 976 equo
3243 911 3302 960 et
3324 905 3393 961 de
3417 906 3598 977 equite

2017 1008 2037 1045 ‹
2067 992 2213 1059 forti,
2231 993 2372 1049 etde
2393 992 2662 1049 universis
2680 992 2814 1049 viris
2842 993 3212 1064 bellatoribus,
3239 997 3316 1052 ait
3335 997 3594 1055 Dominus

2015 1101 2037 1136 ς
2065 1082 2225 1140 Deus.
2258 1084 2317 1138 Et
2343 1099 2536 1154 ponam
2563 1083 2787 1154 gloriam
2829 1099 3007 1140 meam
3053 1086 3107 1141 in
3143 1087 3411 1157 gentibus,
3439 1096 3494 1145 et
3517 1090 3598 1145 vi-

2017 1190 2038 1225 r
2064 1173 2267 1229 debunt
2314 1188 2503 1229 omnes
2552 1184 2739 1243 gentes
2781 1172 3044 1243 judicium
3083 1192 3287 1244 meum,
3336 1181 3480 1250 quod
3521 1178 3600 1237 fe-

2016 1282 2035 1315 ‹
2065 1262 2254 1327 cerim,
2276 1271 2331 1319 et
2358 1279 2573 1319 manum
2600 1279 2798 1329 meam,
2820 1281 2982 1336 quam
3006 1271 3278 1338 posuerim
3299 1287 3464 1341 super
3481 1288 3595 1329 eos.

2015 1372 2035 1405 ί
2065 1350 2130 1409 Et
2155 1355 2329 1410 scient
2358 1356 2548 1410 domus
2576 1356 2764 1421 Israel,
2786 1357 2910 1427 quia
2935 1373 3034 1430 ego
3058 1360 3314 1416 Dominus
3341 1363 3483 1417 Deus
3507 1376 3599 1418 eu-

2016 1466 2035 1498 ‹
2064 1460 2180 1502 rum
2202 1462 2233 1501 a
2261 1442 2345 1502 die
2368 1447 2456 1501 illa
2477 1455 2529 1502 et
2559 1447 2834 1519 deinceps,
2867 1456 2921 1504 et
2943 1449 3114 1504 scient
3138 1463 3324 1522 gentes
3345 1452 3598 1523 quoniam

2015 1557 2035 1591 ε
2065 1539 2118 1593 in
2154 1538 2435 1608 iniquitate
2476 1554 2574 1594 sua
2605 1548 2760 1610 capta
2804 1540 2876 1595 sit
2917 1542 3109 1598 domus
3137 1543 3321 1611 Israel,
3365 1546 3600 1615 ecquod

2016 1647 2037 1680 ι
2067 1629 2467 1699 dereliqucrunt
2490 1645 2600 1697 me,
2622 1638 2678 1688 et
2704 1633 3080 1688 absconderim
3109 1634 3303 1690 faciem
3329 1651 3502 1692 meam
3530 1637 3603 1692 ab

2020 1738 2040 1772 ι
2066 1719 2186 1782 illis,
2225 1727 2279 1777 et
2312 1722 2632 1783 tradiderim
2673 1738 2767 1779 eos
2796 1725 2848 1778 in
2880 1740 3040 1780 manu
3076 1725 3336 1795 hostium,
3373 1735 3432 1784 et
3456 1727 3603 1785 ccci-

2021 1830 2042 1864 ‹
2072 1811 2251 1867 derint
2286 1812 2339 1866 in
2370 1811 2547 1883 gladio
2574 1814 2834 1870 universi.
2881 1812 3041 1870 Juxta
3089 1812 3485 1875 immunditiam
3510 1833 3604 1874 eo-

2022 1920 2042 1953 ‹
2070 1917 2191 1957 rum
2220 1910 2277 1957 ct
2301 1902 2476 1959 scelus
2497 1902 2600 1959 feci
2624 1904 2724 1969 eis,
2750 1914 2804 1961 et
2828 1907 3083 1963 abscondi
3112 1906 3301 1963 faciem
3329 1924 3506 1964 meam
3533 1911 3604 1965 ab

2020 2007 2042 2042 ι
2068 1989 2194 2047 illis.
2222 1990 2515 2063 Propterea
2544 1993 2659 2049 haec
2687 1995 2818 2049 dicit
2845 1993 3105 2050 Dominus
3138 1996 3316 2052 Deus:
3338 1994 3493 2053 Nunc
3518 2014 3604 2054 rc-

2022 2100 2042 2133 ι
2071 2083 2261 2138 ducam
2299 2083 2664 2152 captivitatem
2692 2082 2882 2155 Iacob,
2911 2094 2966 2141 ct
3010 2086 3310 2141 miserebor
3337 2087 3485 2142 omni
3510 2088 3603 2143 do-

2020 2192 2040 2225 (
2069 2174 2177 2227 mui
2204 2173 2387 2229 Israel.
2416 2174 2484 2228 Et
2522 2189 2793 2229 assumam
2840 2174 3016 2230 zelum
3042 2191 3141 2246 pro
3168 2174 3387 2232 nomine
3414 2187 3602 2241 sancto

2022 2278 2210 2329 «meo,
2257 2272 2313 2319 et
2361 2265 2657 2335 portabunt
2709 2265 3081 2320 confusionem
3129 2280 3283 2321 suam
3312 2274 3603 2323 etomncm

2023 2372 2042 2405 ι
2070 2355 2597 2424 praevaricationem,
2648 2369 2810 2426 quam
2857 2357 3195 2426 praevaricati
3244 2367 3371 2415 sunt
3411 2358 3605 2422 inme,

2022 2463 2039 2496 ι
2070 2458 2191 2499 cum
2218 2444 2584 2500 habitaverint
2605 2446 2659 2500 in
2690 2456 2833 2500 terra
2861 2461 2956 2502 sua
2986 2446 3323 2505 confidenter
3335 2449 3606 2507 neminem

2023 2553 2043 2585 ι
2070 2531 2446 2601 formidantes,
2477 2542 2533 2590 et
2560 2535 2824 2591 reduxere
2848 2549 2944 2591 eos
2968 2536 3034 2592 de
3056 2537 3286 2608 pupulis,
3305 2546 3362 2594 et
3382 2552 3606 2611 congre-

2023 2640 2043 2675 ί
2071 2638 2272 2696 gavero
2301 2625 2369 2680 de
2398 2624 2560 2681 terris
2604 2624 2947 2683 inimicorum
2984 2640 3231 2693 suorum,
3269 2636 3327 2683 et
3369 2622 3609 2686 sanctifi-

2026 2733 2047 2767 ι
2072 2722 2226 2771 catus
2259 2713 2414 2772 fuero
2439 2715 2493 2770 in
2523 2716 2604 2772 eis
2633 2716 2687 2770 in
2720 2715 2896 2772 oculis
2941 2716 3182 2791 gentium
3224 2715 3599 2788 plurimarum.

2025 2822 2045 2858 ι
2074 2805 2144 2861 Et
2180 2807 2356 2863 scient
2383 2806 2512 2878 quia
2541 2819 2643 2878 ego
2668 2806 2931 2864 Dominus
2952 2805 3094 2863 Deus
3120 2822 3331 2881 eorum,
3362 2824 3432 2867 eo
3459 2810 3603 2883 quol

2027 2913 2046 2947 ι
2082 2896 2454 2953 transtulerim
2485 2911 2581 2952 eos
2608 2898 2663 2953 in
2709 2898 2981 2967 nationes,
3010 2908 3067 2956 et
3092 2914 3492 2975 congregavero
3515 2918 3613 2958 eos

2025 3004 2044 3039 σ
2073 2998 2235 3059 super
2260 2996 2463 3045 terram
2483 3003 2659 3055 suam,
2680 2997 2862 3045 etnon
2881 2989 3259 3063 dereliquerim
3282 3006 3603 3066 quemquam

2029 3096 2048 3131 ‹
2078 3093 2145 3135 ex
2172 3079 2254 3135 eis
2289 3079 2384 3134 ibi.
2409 3079 2479 3135 Et
2506 3095 2613 3135 non
2642 3080 2971 3137 abswndam
3007 3081 3152 3137 ultra
3194 3080 3385 3138 faciem
3432 3097 3610 3139 meam

327 3174 545 3229 venisse
578 3168 664 3225 vel
700 3165 914 3222 venturi
958 3176 1081 3219 esse
1121 3159 1408 3232 signiﬁca“
1444 3165 1598 3223 ευηιν
1626 3154 1782 3226 quasi
1809 3168 1920 3210 ιιιιο
1944 3144 1990 3207 C
2026 3187 2046 3222 ‹
2072 3169 2142 3225 ab
2169 3170 2268 3234 eis,
2317 3184 2383 3225 co
2420 3168 2563 3239 quod
2606 3165 2888 3225 eil‘uderim
2935 3169 3187 3241 spiritum
3226 3186 3407 3227 meum
3447 3184 3611 3244 super

327 3267 515 3337 aliquo
540 3254 658 3318 loco
677 3256 996 3316 coarctauda
1020 3254 1092 3309 sit
1128 3252 1325 3309 dilecta
1360 3249 1574 3314 civitas,
1598 3248 1784 3312 id.est,
1813 3245 1915 3301 Ec-

322 3358 518 3424 clesia,
546 3355 677 3426 quin
705 3351 887 3423 potius
924 3346 1143 3404 nomine
1184 3341 1488 3398 latitudinis
1513 3348 1674 3395 terra:
1710 3338 1766 3392 in
1796 3351 1916 3392 om-

328 3449 498 3505 nibus
521 3425 649 3499 tunc
671 3441 923 3513 gentibus
946 3436 1394 3508 persequendam,
1440 3437 1501 3486 et
1540 3443 1641 3484 nec
1667 3425 1918 3482 militiam

327 3553 493 3597 suam
514 3536 855 3591 deserturum
883 3525 1145 3585 vocabulo
1185 3523 1376 3579 maluit
1418 3520 1669 3575 intimare
1708 3524 1918 3572 castro-

330 3642 479 3687 rum.
502 3645 523 3679 ι
568 3625 638 3679 Et
664 3619 944 3678 descendit
979 3633 1011 3672 a
1048 3617 1158 3672 Deo
1191 3612 1332 3685 ignis
1370 3612 1439 3667 de
1467 3609 1627 3674 caelo,
1669 3615 1728 3663 et
1753 3607 1920 3663 devo-

329 3719 478 3776 ravit
500 3730 652 3771 eos.)
694 3712 812 3768 Non
863 3717 1164 3765 extimum
1211 3703 1505 3776 putandum
1553 3707 1657 3765 est,
1710 3699 1765 3753 id
1800 3708 1923 3752 esse

331 3807 681 3879 supplicium,
733 3801 827 3858 sed
864 3799 1011 3871 ignis
1049 3796 1231 3867 potius
1277 3791 1605 3854 invidentite,
1639 3802 1748 3860 quo
1791 3800 1920 3842 cru-

332 3898 575 3957 ciabitur
608 3893 908 3950 adversitas
949 3889 1015 3944 de
1061 3886 1316 3942 ﬁrmitate
1361 3890 1697 3946 sanctorum,
1742 3879 1926 3934 firma-

334 3994 585 4044 mentum
608 3982 867 4039 estoenim
892 3978 1113 4042 emtum,
1144 3975 1233 4030 hic
1266 3981 1350 4029 est
1393 3973 1532 4043 ignis
1567 3971 1659 4042 qui
1689 3969 1825 4025 exiit
1858 3981 1925 4022 ex

335 4092 435 4135 ore
464 4075 681 4131 testium
708 4071 825 4134 Dei,
856 4078 913 4126 et
951 4066 1229 4123 devorabit
1271 4066 1519 4120 inimicos
1545 4076 1769 4118 eorum:
1801 4074 1927 4115 nam

336 4166 635 4225 novissimo
666 4164 753 4218 die
780 4176 889 4217 non
929 4173 1090 4230 super
1123 4172 1220 4213 eos
1264 4155 1414 4226 pluet
1442 4154 1639 4226 ignem,
1676 4152 1770 4208 sed
1794 4166 1926 4207 con-

339 4262 597 4328 gregatos
631 4258 756 4306 ante
784 4265 843 4305 se
870 4256 927 4304 et
957 4247 1229 4319 judicatos
1254 4245 1431 4300 mittet
1466 4243 1522 4298 in
1559 4243 1742 4312 ignem
1769 4249 1929 4296 teter.

342 4361 500 4411 num,
548 4344 616 4399 de
657 4358 767 4413 quo
812 4348 869 4396 et
911 4339 1003 4394 hic
1033 4337 1316 4394 subditur:
1347 4353 1366 4386 ι
1418 4334 1487 4389 Et
1522 4332 1789 4397 diabolus,
1836 4330 1928 4401 qui

340 4434 637 4494 seducebat
680 4448 797 4500 eos,
832 4431 1029 4487 missus
1055 4436 1139 4484 est
1182 4427 1236 4481 in
1265 4435 1511 4497 stagnum
1551 4424 1688 4495 ignis
1716 4431 1773 4479 et
1815 4421 1932 4478 sul-

2025 3280 2046 3313 ς
2076 3273 2292 3316 omnem
2312 3259 2531 3313 domum
2549 3256 2736 3324 Israel,
2753 3259 2831 3312 ait
2844 3257 3103 3315 Dominus
3116 3259 3276 3316 Deus.
3298 3281 3316 3315 ι
3339 3258 3613 3335 (nierum)

2019 3349 2213 3408 Omnia
2237 3356 2417 3402 autem
2467 3361 2637 3417 usque
2678 3346 2746 3402 ad
2774 3361 2898 3401 cum
2940 3347 3118 3402 locum
3154 3348 3207 3403 in
3240 3364 3350 3420 quo
3373 3351 3616 3406 succedit

2021 3438 2204 3510 templi
2233 3435 2540 3501 aediﬁcatio,
2569 3435 2626 3489 lii
2668 3449 2805 3504 quos
2848 3449 3009 3507 supra
3046 3436 3281 3491 diximus
3320 3435 3536 3494 Iudaeos
3559 3448 3618 3494 et
3704 3430 3705 3433 “

2021 3542 2239 3588 nostros
2278 3529 2620 3602 judaizantes
2665 3526 2736 3582 ad
2791 3527 3042 3583 ultimum
3091 3535 3304 3597 tempus
3352 3526 3614 3585 referunt.

2020 3623 2164 3695 quod
2193 3621 2445 3677 carnibus
2470 3618 2586 3692 Gog
2629 3619 2920 3689 cunctique
2964 3616 3086 3686 ejus
3121 3616 3416 3686 exercitus,
3461 3623 3614 3689 quasi

2020 3711 2389 3786 pinguissimis
2437 3711 2631 3767 hostiis
2680 3708 2925 3765 volucres
2973 3708 3264 3780 bestichue
3309 3708 3617 3765 saturanda:

2025 3805 2152 3870 sint,
2176 3812 2231 3859 et
2256 3801 2576 3858 restituatur
2596 3799 2760 3855 Israel
2789 3799 2842 3855 in
2873 3797 3163 3869 pristinum
3195 3805 3415 3862 statum,
3444 3806 3499 3852 et
3518 3813 3614 3854 ne-

2028 3907 2297 3965 quaquam
2323 3893 2461 3946 ultra
2490 3905 2521 3945 a
2558 3891 2810 3962 gentibus
2839 3897 3194 3959 expugnetur,
3240 3887 3339 3965 sed
3375 3882 3615 3945 ellundat

2027 3960 2273 4056 spiritum
2303 3996 2459 4038 suum
2489 3960 2650 4050 super
2677 3995 2771 4035 cos
2806 3979 2968 4044 Detts,
3012 3987 3074 4032 ut
3112 3960 3359 4035 habitent
3386 3976 3441 4031 in
3472 3984 3614 4032 terra

2029 4089 2146 4140 sua,
2182 4084 2288 4127 non
2334 4084 2527 4126 omnes
2565 4076 2772 4141 gentes,
2825 4068 2920 4125 sed
2970 4066 3190 4139 proprie
3219 4068 3409 4122 domus
3432 4064 3617 4122 Israel.

2028 4163 2138 4219 Nos
2163 4170 2343 4218 autem
2379 4167 2615 4232 emptam
2666 4157 3019 4231 tropologiam
3067 4156 3375 4228 sequentes,
3405 4155 3508 4211 hoc
3544 4156 3624 4213 di-

2031 4270 2237 4321 cemus,
2281 4251 2426 4325 quod
2478 4266 2668 4308 omnes
2717 4252 2967 4307 volucres
3010 4256 3067 4305 et
3093 4248 3376 4304 universas
3419 4240 3624 4303 bestias

2032 4353 2295 4405 convocet
2319 4346 2605 4412 Dominus,
2631 4354 2692 4399 ut
2724 4344 2903 4398 tradat
2943 4342 3024 4398 eis
3052 4340 3431 4403 haereticorum
3471 4338 3622 4409 prin-

2032 4438 2203 4508 cipes,
2229 4436 2387 4506 quasi
2434 4434 2820 4506 pinguissimas
2856 4431 3061 4488 hostias
3101 4431 3459 4486 devorandos.
3513 4429 3623 4485 Vo-

342 4527 560 4603 pburis,
604 4525 696 4579 ubi
741 4531 828 4579 est
868 4521 1044 4577 bestia
1093 4527 1149 4574 et
1176 4517 1664 4588 pseudopropheta,
1687 4534 1706 4566 ι
1747 4514 1800 4568 id
1825 4520 1920 4576 est,

2036 4528 2214 4583 lucres
2250 4535 2430 4582 autem
2457 4534 2514 4581 et
2556 4524 2747 4592 bestiae
2792 4521 2876 4576 vel
2928 4528 3149 4589 propter
3197 4518 3532 4575 celeritatem
3569 4518 3622 4572 in

343 4615 592 4675 diabolus
621 4614 812 4670 ultimo
847 4611 1055 4683 judicio
1091 4610 1145 4665 in
1176 4610 1353 4678 ignem
1381 4608 1623 4662 mittetur
1647 4614 1931 4667 aeternum,

341 4707 438 4764 ubi
480 4714 536 4760 et
575 4720 764 4760 omnes
805 4719 941 4774 quos
975 4700 1259 4773 praemisit,
1306 4700 1360 4754 id
1393 4708 1498 4765 cst,
1546 4699 1780 4752 maxima
1810 4709 1936 4766 pars

342 4797 529 4867 impia:
545 4795 986 4861 civitatis,bestia
1011 4794 1209 4864 quippe
1227 4806 1329 4862 pro
1345 4791 1478 4846 locis
1500 4790 1808 4860 accipienda
1830 4796 1934 4853 est,

345 4902 497 4943 nunc
518 4884 786 4948 diabolus,
824 4893 968 4947 nunc
990 4883 1366 4946 antichristus,
1402 4897 1547 4937 nunc
1585 4882 1701 4951 ipsa
1742 4881 1939 4935 civitas

345 4978 539 5047 impia,
567 4984 749 5047 potest
770 4984 957 5033 autem
1000 4974 1144 5045 ignis
1178 4974 1397 5031 neruine
1442 4975 1510 5030 de
1549 4973 1691 5032 caelo
1715 4975 1938 5029 descen-

347 5071 531 5141 dentis
577 5070 743 5126 etiam
792 5069 1107 5140 repentinus
1153 5068 1440 5138 impiorum
1494 5066 1744 5121 interitus
1794 5065 1941 5122 desi-

347 5175 533 5235 gnata.
548 5202 567 5209 ,ν
634 5192 637 5199 ‹
846 5222 847 5225 η

388 5304 397 5309 -
431 5278 455 5314 ι
478 5259 562 5315 'I'u
582 5274 735 5332 ergo,
765 5259 840 5315 ﬁli
882 5261 1135 5325 hominis,
1166 5261 1283 5315 haec
1324 5259 1454 5315 dicit
1493 5258 1751 5313 Dominus
1775 5258 1937 5313 Deus.

354 5350 507 5408 «Dic
544 5352 695 5407 omni
738 5351 945 5408 volucri
1009 5360 1065 5407 et
1119 5352 1345 5407 diversis
1392 5351 1579 5405 avibus
1625 5349 1942 5420 cunctisque

360 5458 389 5498 ι
410 5442 607 5499 bestiis
638 5442 755 5513 agri
784 5440 1146 5508 :Convenite,
1170 5448 1478 5513 properate,
1511 5441 1818 5497 concurrite
1841 5455 1942 5494 un-

362 5529 577 5606 ιόἰῳα
597 5533 671 5590 ad
691 5534 968 5591 victimam
996 5548 1191 5599 meam,
1217 5549 1378 5604 quam
1405 5548 1506 5605 ego
1527 5533 1938 5598 immdldvobis,

361 5623 687 5684 ινὶωιιιιηι
708 5627 986 5696 grandem
1029 5640 1192 5696 super
1218 5634 1431 5681 montes
1456 5625 1657 5691 Israel,
1682 5634 1945 5680 ut'come-

358 5729 395 5771 ι
414 5716 556 5774 dath
575 5731 770 5777 carnes
797 5724 853 5773 et
890 5718 1085 5774 bibatis
1109 5718 1443 5790 sanguinem.
1488 5718 1693 5776 Carnes
1727 5718 1944 5773 fortium

2037 4618 2218 4674 omnia
2240 4614 2579 4672 discurrendi
2617 4613 2702 4669 vel
2738 4620 2959 4682 propter
2990 4609 3261 4666 feritatem
3303 4619 3358 4665 et
3383 4607 3623 4665 crudeli-

2039 4718 2204 4764 tatem
2241 4704 2595 4777 appellantur,
2643 4700 2841 4771 quibus
2889 4698 3178 4753 traduntur
3227 4696 3523 4753 adversarii
3569 4696 3624 4751 in

2040 4803 2318 4859 interitum
2346 4798 2549 4863 carnis,
2589 4801 2649 4849 ut
2676 4792 2898 4863 spiritus
2941 4788 3121 4847 salvus
3167 4789 3279 4855 flat,
3332 4797 3389 4845 et
3414 4788 3627 4845 discant

2040 4909 2149 4948 non
2171 4890 2568 4960 blasphemare.
2599 4883 2897 4941 Comedent
2924 4890 3106 4937 autem
3146 4882 3405 4952 grandem
3431 4889 3488 4935 et
3511 4880 3630 4952 pin-
3673 4866 3681 4874 ’

2043 4982 2356 5056 guissimam
2385 4975 2681 5042 victimam,
2711 4988 2818 5030 non
2863 4973 3015 5037 alibi,
3063 4971 3157 5027 sed
3204 4984 3370 5042 super
3415 4980 3627 5027 montes

2043 5073 2227 5138 Israel,
2256 5087 2395 5143 quos
2438 5070 2733 5141 prophetas
2755 5074 2821 5124 et-
2844 5065 3116 5138 apostolos
3139 5072 3197 5121 et
3235 5072 3456 5143 sanctos
3476 5062 3627 5118 Viros

2042 5142 2339 5236 intelligere
2371 5163 2646 5218 debemus.
2695 5159 2757 5216 In
2795 5158 2900 5215 illis
2923 5157 3089 5213 enim
3110 5142 3510 5212 contrariorum
3531 5151 3628 5207 do-

2043 5264 2285 5331 gmatum
2318 5252 2561 5325 magistri
2591 5258 2872 5316 corruunt,
2913 5257 2970 5304 et
2992 5246 3062 5303 ab
3091 5246 3224 5318 ipsis
3246 5251 3476 5317 pereunt
3509 5242 3628 5296 vul-

2043 5349 2240 5406 nerati.
2288 5346 2465 5417 Super
2486 5361 2623 5416 quos
2660 5342 2958 5400 mditicatur
2983 5334 3243 5403 Ecclesia,
3270 5344 3327 5393 et
3366 5345 3427 5391 ut
3447 5334 3628 5390 verius

2045 5447 2240 5511 dicam,
2272 5438 2437 5514 super
2459 5437 2726 5495 montium
2748 5444 3010 5493 montem.
3032 5431 3238 5503 De‘quo
3267 5429 3435 5485 Isaias
3455 5426 3629 5498 loqui-

2046 5550 2134 5595 tur
2163 5547 2216 5595 et
2260 5535 2548 5593 Micbzeas:
2578 5552 2597 5585 ι
2640 5533 2851 5596 Venite,
2898 5528 3252 5585 ascendamus
3302 5524 3357 5580 in
3387 5529 3626 5578 montem

2047 5629 2261 5685 Domini
2287 5635 2342 5684 et
2382 5626 2437 5681 in
2464 5622 2682 5681 dctmtti't
2705 5622 2798 5679 Dei
2826 5618 3015 5686 Iacob,
3039 5625 3095 5673 et
3114 5612 3634 5671 annuntiabituobis

2047 5721 2191 5775 viam
2226 5732 2381 5775 suam
2429 5714 2563 5784 (Ira.
2590 5731 2653 5775 ιι.
2675 5712 2833 5769 Mich.
2862 5708 2958 5768 iv).
2981 5728 3002 5763 ι
3036 5707 3157 5764 Ista:
3199 5712 3377 5761 autem
3428 5717 3553 5759 aves
3574 5713 3632 5757 ει
