3972 6184
453 331 579 386 οθῖθ

1117 327 1178 380 Β.
1221 326 1470 382 RABANI
1509 323 1725 380 MAURI
1766 319 2080 376 ARClllEP.
2125 317 2432 375 MOGUNT.
2473 315 2757 374 OPERUM
2797 313 2977 369 PARS
3011 314 3070 368 ll.

3634 315 3732 370 881)

458 451 588 504 istic
611 444 801 506 bestiae
827 443 1042 500 celeres.
1071 452 1231 510 atque
1269 429 1514 496 crudeles
1551 438 1834 495 comedent
1856 448 2048 492 carnes
2073 438 2126 496 Α
2152 443 2314 488 tatem
2341 432 2527 496 Jacob,
2555 432 2645 500 qui
2669 431 2944 501 judaicum
2975 429 3232 500 populum
3259 427 3653 500 supplantarat,
3681 442 3730 487 et

472 547 528 596 et
552 536 737 593 bibent
759 532 1093 603 sanguinem,
1119 544 1242 598 quae
1261 543 1486 599 regnum
1508 527 1602 584 Dei
1638 525 1915 597 possidere
1933 539 2044 580 non

472 633 716 698 possunt.
735 640 754 673 ι
789 619 988 676 Carnes
1017 617 1233 675 fortium
1254 636 1274 669 ι
1302 616 1416 672 sive
1456 617 1757 687 gigantum,
1797 615 1892 685 qui
1916 629 2046 670 con-

475 725 557 772 tra
602 713 697 768 Dei
747 709 1026 766 scientiam
1060 706 1416 772 rebellabant,
1451 717 1506 760 et
1533 705 1847 776 sanguinem
1896 703 2046 774 prin-

473 807 670 876 cipum,
701 817 809 857 non
832 799 973 864 coeli,
1018 799 1114 855 sed
1146 805 1306 853 terra:
1328 797 1534 862 bibent,
1574 796 1666 866 qui
1705 804 1898 852 cuncta
1938 801 2048 850 ter-

473 911 603 952 rena
631 899 940 964 sapuerunt.
965 910 983 943 ι
1033 889 1362 960 Sanguinem
1411 887 1662 950 arietum,
1694 901 1954 957 agnorum
1990 895 2048 941 et

472 980 768 1045 hircorum,
791 996 809 1031 ›
847 976 982 1044 sive,
1021 975 1174 1048 juxta
1217 973 1586 1044 Septuaginta,
1630 972 1880 1036 arietum,
1907 972 2047 1027 vitu-

471 1070 644 1126 lorum
669 1077 724 1125 et
743 1069 1038 1133 hircorum,
1056 1074 1114 1121 ut
1139 1065 1244 1120 tria
1267 1064 1571 1136 significent
1591 1063 1906 1129 animantia,
1927 1077 2046 1133 quae

472 1160 526 1214 in
554 1159 648 1214 Dei
675 1158 911 1214 victimis
940 1155 1304 1212 immolantur.
1339 1153 1624 1208 Imitantur
1664 1153 1809 1208 enim
1843 1162 1900 1209 et
1937 1154 2047 1209 ba:-

473 1245 625 1302 retici
673 1245 1094 1301 ecclesiasticam
1149 1243 1640 1308 mansuetudinem,
1695 1241 1789 1296 sed
1847 1241 2047 1298 oblatio

475 1350 664 1389 eorum
698 1350 801 1390 non
833 1335 885 1388 in
916 1333 1011 1388 Dei
1038 1333 1265 1398 cultum,
1311 1333 1404 1388 sed
1441 1333 1494 1386 in
1523 1334 1824 1388 daemonum
1866 1331 2046 1388 cibum

472 1423 706 1494 proficit,
737 1439 856 1494 quae
879 1431 960 1477 est
988 1423 1336 1494 pinguissima
1384 1421 1555 1476 bostia
1581 1437 1790 1487 eorum,
1813 1429 1867 1476 ct
1893 1419 2049 1492 quasi

473 1513 628 1582 adipe
655 1519 985 1576 saturantur,
1024 1520 1081 1564 et
1111 1509 1299 1564 bibunt
1343 1510 1656 1579 sanguinem
1703 1509 2049 1580 deceptorum

476 1618 645 1673 usque
689 1603 744 1658 in
773 1603 1110 1658 ebrietatem.
1161 1600 1311 1657 Hanc
1355 1610 1536 1656 autem
1582 1601 1858 1656 victimam
1906 1600 2050 1656 Deus

473 1694 713 1749 immolat
745 1710 843 1766 per
870 1693 1264 1750 ecclesiasticos
1286 1693 1452 1759 viros,
1481 1703 1540 1747 ut
1582 1694 1922 1749 multitudine
1952 1693 2047 1750 de-

2146 533 2331 594 postea
2357 521 2733 578 haereticorum
2783 520 3061 574 fraudibus
3105 519 3484 589 supplautatus
3524 529 3634 585 est,
3681 531 3730 577 et

2147 613 2469 668 misereatur
2493 610 2639 666 omni
2685 611 2866 665 domui
2919 607 3102 672 lsrael,
3153 623 3257 664 non
3291 608 3452 678 juxta
3490 625 3726 668 carnem.

2147 703 2242 758 sed
2287 699 2444 769 juxta
2502 700 2810 769 spirituum
2849 698 2917 752 Et
2964 712 3259 762 assumam,
3311 698 3508 767 inquit,
3561 698 3728 752 zelum

2148 806 2326 847 meum
2354 805 2452 859 pro
2475 791 2692 846 nomine
2721 798 2907 843 sancto
2938 802 3081 852 meo,
3108 803 3216 857 quo
3250 787 3659 858 blasphematur
3678 787 3726 842 in

2146 879 2418 952 gentibus,
2441 899 2460 932 ι
2489 886 2707 949 propter
2736 877 3040 942 haereticos,
3071 886 3130 930 ut
3170 885 3455 947 postquam
3485 892 3583 933 eos
3605 873 3728 933 libe-

2148 971 2404 1037 raverim,
2437 970 2755 1025 erubescant
2781 977 2838 1023 et
2863 967 3263 1024 confundantur
3303 983 3476 1038 quare
3519 967 3625 1021 fide
3653 981 3729 1023 cc-

2147 1059 2452 1116 cleaiastica
2475 1058 2735 1115 derelicta
2783 1058 3120 1128 prmvaricati
3146 1058 3258 1112 sint
3284 1058 3339 1112 in
3368 1072 3476 1112 me.
3503 1057 3731 1113 Confun-

2149 1152 2348 1208 dantur
2375 1161 2556 1207 autem
2576 1159 2632 1206 et
2656 1151 2982 1207 erubescant
3002 1150 3153 1206 valde
3179 1150 3456 1216 velociter,
3484 1165 3614 1206 eum
3646 1149 3734 1204 ba-

2149 1243 2442 1301 bitaverint
2468 1244 2522 1299 in
2562 1252 2708 1298 terra
2749 1258 2870 1309 sua,
2901 1252 3047 1299 terra
3073 1244 3305 1308 mitium,
3335 1256 3594 1313 terraque
3616 1257 3732 1299 san-

2149 1344 2385 1402 ctorum,
2409 1354 2429 1387 ι
2470 1335 2537 1390 Εῑ
2558 1336 2919 1392 habitaverint
2944 1337 3278 1392 confidenter
3299 1339 3417 1410 sive
3445 1338 3501 1393 in
3526 1352 3682 1407 pace,
3706 1361 3724 1390 ο

2150 1438 2490 1494 nequaquam
2520 1424 2900 1480 haereticorum
2919 1425 3146 1480 insidias
3178 1425 3550 1481 formidantes.
3584 1425 3730 1480 Tunc

2151 1517 2478 1573 reducentur
2505 1517 2571 1571 de
2622 1515 2832 1586 populis
2881 1525 2939 1571 et
2970 1517 3440 1586 congregabuntur
3468 1517 3537 1571 de
3573 1517 3730 1572 terris

2151 1605 2491 1662 inimicorum
2521 1621 2742 1661 suorum
2786 1606 2840 1660 in
2873 1615 3072 1660 terram
3121 1620 3294 1660 suam.
3330 1605 3400 1660 Et
3425 1606 3726 1662 sanctifica-

2151 1697 2298 1753 bitur
2325 1697 2585 1752 Dominus
2635 1698 2688 1751 in
2733 1697 2814 1751 eis
2864 1705 3150 1766 conspectu
3188 1697 3427 1767 gentium
3474 1697 3730 1766 plurima-

468 1795 745 1855 eeptorum
777 1793 1092 1840 saturentur,
1121 1783 1360 1839 convivae
1403 1784 1640 1853 pessimi,
1667 1780 1722 1838 et
1754 1783 1941 1839 bibant
1962 1797 2055 1839 us-
2079 1799 2128 1858 Β
2157 1803 2299 1853 rum,
2325 1804 2445 1857 qua:
2471 1797 2524 1842 et
2552 1787 2678 1858 ipsa:
2708 1788 2991 1842 creditum:
3034 1797 3159 1842 sunt
3209 1788 3475 1842 Domino:
3505 1788 3732 1858 finisque

473 1890 577 1944 que
602 1877 668 1930 ad
705 1875 966 1930 vomitum
991 1883 1047 1930 et
1073 1875 1408 1930 ebrietatem.
1443 1875 1669 1941 Quando
1695 1875 1896 1930 videris
1926 1889 2051 1930 san-

472 1974 587 2020 ctos
620 1965 767 2022 viros
811 1975 868 2022 et
911 1965 1206 2036 Scriptnris
1262 1965 1457 2021 divinis
1508 1966 1746 2021 eruditos
1797 1975 2050 2021 truncare

469 2069 639 2125 equos
659 2056 1031 2110 haereticorum
1050 2063 1105 2110 et
1126 2071 1455 2121 ascensores,
1483 2055 1550 2110 de
1569 2056 1762 2124 quibus
1790 2056 2048 2126 scriptum

472 2154 554 2200 est
578 2163 591 2198 :
621 2162 639 2195 ι
672 2144 880 2214 Equum
910 2153 964 2200 ct
990 2158 1327 2200 ascensorem
1355 2141 1579 2214 projecit
1604 2144 1658 2198 in
1680 2159 1829 2199 mare
1850 2143 2046 2216 (Exod.

461 2233 605 2306 'xv);
646 2253 663 2286 ι
699 2243 754 2289 et
795 2249 981 2290 omnes
1011 2233 1241 2289 rebelles
1282 2241 1337 2288 et
1382 2233 1622 2304 gigantes
1654 2249 1751 2289 suo
1792 2249 2049 2290 mucrone

456 2323 774 2390 concidere,
832 2331 886 2379 et
933 2331 1248 2379 cunctorum
1300 2322 1614 2378 bellatorum
1665 2323 1786 2379 falsi
1816 2324 2050 2380 nominis

469 2413 706 2468 scientia:
727 2414 1043 2485 sanguinem
1067 2411 1314 2479 fundere,
1359 2421 1485 2468 tunc
1510 2412 1644 2468 scito
1671 2427 1910 2468 mensam
1952 2413 2050 2469 Do-

469 2505 599 2560 mini
626 2513 1002 2576 praeparatam,
1025 2513 1082 2559 ut
1109 2512 1274 2575 ponat
1313 2504 1534 2575 gloriam
1563 2519 1717 2560 suam
1749 2505 1800 2558 in
1839 2505 2050 2561 cunctis

461 2596 739 2667 gentibus,
776 2611 895 2665 quae
934 2594 1075 2650 illius
1097 2581 1324 2650 credunt
1366 2595 1603 2650 nomini:
1655 2604 1710 2649 et
1751 2595 2050 2667 intelligant

467 2684 710 2740 ecclesiae
762 2693 1073 2741 sanctorum
1121 2682 1382 2754 judicium
1433 2685 1574 2740 illius
1603 2727 1616 2752 ,
1666 2686 1810 2756 quod
1860 2685 2051 2742 fecerit

467 2786 629 2841 super
654 2773 1012 2840 adversarios,
1039 2782 1092 2828 et
1119 2789 1335 2829 manum
1380 2774 1594 2840 fortem,
1647 2790 1754 2844 qua
1798 2790 1891 2830 eos
1919 2790 2045 2846 per-

467 2860 719 2924 cusserit,
748 2869 804 2916 et
831 2862 1004 2918 sciant
1049 2862 1240 2918 domus
1283 2863 1452 2919 lsrael
1495 2874 1654 2933 atque
1698 2873 2046 2934 cognoscant,

465 2951 607 3019 quod
633 2951 704 3005 sit
727 2949 984 3007 Dominus
1010 2952 1152 3008 Deus
1174 2967 1382 3018 eorum,
1406 2954 1495 3023 qui
1519 2954 1726 3009 locutus
1747 2963 1860 3009 est:
1889 2973 1907 3006 ι
1935 2955 2047 3026 Ego

455 3055 584 3096 sum
615 3041 872 3098 Dominus
920 3043 1062 3099 Deus
1107 3052 1305 3110 vester,
1330 3063 1348 3096 ι
1381 3061 1409 3098 a
1452 3045 1538 3101 die
1565 3046 1804 3101 victoria:
1833 3046 2044 3102 Domini

2151 1878 2223 1934 sit
2243 1879 2592 1934 beatitudinis
2614 1879 2755 1934 scire
2788 1887 2948 1948 atque
2975 1895 3299 1950 cognoscere
3323 1881 3469 1950 quod
3515 1881 3631 1948 ipse
3663 1883 3729 1935 sit

2152 1971 2412 2026 Dominus
2465 1969 2605 2026 Deus
2662 1987 2873 2037 eorum,
2928 1987 2993 2026 eo
3036 1972 3178 2040 quod
3221 1972 3535 2041 apparuerit
3570 1971 3726 2027 eisin

2149 2061 2417 2131 gentibus,
2445 2060 2559 2116 sive
2593 2061 2932 2116 transtulerit
2961 2077 3056 2116 eos
3079 2062 3144 2117 de
3168 2062 3499 2125 nationibus,
3524 2069 3580 2116 et
3600 2073 3727 2116 cen-

2150 2149 2458 2223 gregaverit
2481 2166 2642 2222 super
2669 2161 2867 2206 terram
2897 2168 3070 2214 suam,
3099 2161 3298 2206 terram
3322 2151 3584 2216 Iudaeam,
3616 2167 3723 2206 ter-

2151 2255 2267 2296 ram
2294 2241 2679 2306 confessionis,
2705 2252 2903 2298 terram
2926 2243 3156 2308 mitium,
3190 2251 3507 2312 terramque
3541 2243 3722 2297 viven-

2150 2333 2305 2399 tium,
2333 2342 2389 2388 et
2415 2349 2484 2388 ne
2527 2350 2691 2388 unum
2737 2334 2952 2404 quidem
2981 2334 3257 2404 reliquerit
3303 2335 3577 2390 haeretica!
3602 2349 3717 2403 pra-

2147 2424 2339 2490 vitati;
2369 2433 2424 2478 ct
2449 2424 2590 2478 ultra
2631 2439 2735 2478 non
2763 2424 3060 2478 abscondat
3103 2423 3296 2480 faciem
3328 2440 3481 2478 suam
3533 2426 3603 2480 ab
3628 2426 3725 2486 eis,

2149 2529 2251 2570 nec
2268 2524 2546 2570 aversetur
2571 2515 2710 2579 illos,
2755 2529 2821 2570 eo
2855 2516 2998 2585 quod
3039 2514 3287 2571 effuderit
3326 2516 3580 2586 spiritum
3608 2532 3730 2586 gra—

2151 2605 2238 2660 tiaa
2261 2620 2403 2660 sum:
2433 2605 2500 2660 de
2527 2621 2636 2676 quo
2664 2615 2719 2660 ct
2746 2604 2861 2661 Jocl
2884 2607 3143 2675 propheta
3190 2605 3426 2674 loquitur
3450 2623 3464 2658 :
3498 2623 3518 2656 ι
3548 2604 3610 2662 In
3635 2621 3728 2660 no-

2148 2697 2385 2752 vissimis
2405 2699 2594 2752 diebus
2620 2697 2890 2752 eﬂ‘undam
2925 2697 2993 2752 de
3019 2697 3211 2766 spiritu
3253 2710 3375 2752 meo
3414 2710 3583 2766 super
3617 2710 3728 2751 om-

2148 2801 2272 2842 nem
2301 2801 2522 2842 carnem
2549 2785 2708 2856 (laet.
2732 2786 2816 2857 ιι),
2849 2804 2868 2838 ι
2919 2783 3170 2840 effuderit
3218 2794 3398 2840 autem
3442 2798 3612 2852 super
3638 2782 3730 2838 do—

2147 2891 2296 2934 mum
2324 2875 2508 2932 lsrael.
2537 2874 2633 2930 Sin
2665 2883 2844 2930 autem
2874 2890 2972 2945 pro
2993 2875 3183 2944 spiritu
3198 2872 3352 2942 juxta
3376 2870 3727 2942 Septuaginta

2146 2967 2384 3022 furorem
2414 2965 2722 3036 legerimus,
2751 2966 2843 3034 qui
2871 2965 2925 3019 in
2949 2964 3214 3020 Hebraico
3240 2979 3348 3020 non
3379 2963 3628 3027 habetur,
3653 2965 3730 3017 sic

2149 3061 2485 3118 sentiendum
2527 3069 2631 3125 est,
2665 3059 2806 3130 quod
2856 3058 2994 3113 ultra
3044 3073 3154 3114 non
3199 3057 3497 3114 abscondat
3537 3054 3727 3110 faciem

467 3138 519 3186 et
551 3146 720 3202 usque
741 3131 801 3186 in
827 3141 1172 3204 perpetuum,
1209 3144 1265 3191 et
1291 3135 1588 3206 recogitent
1608 3135 1807 3190 idcirco
1833 3146 2042 3208 captam

2147 3167 2298 3216 suam
2329 3153 2398 3208 ab
2420 3153 2519 3217 eis,
2549 3152 2603 3206 in
2631 3167 2767 3221 quos
2811 3150 3048 3206 furorem
3079 3166 3236 3206 suum
3278 3158 3409 3205 ante
3441 3148 3724 3204 effuderat.

465 3236 584 3278 esse
620 3222 898 3315 quondam
917 3224 986 3279 ab
1006 3224 1512 3315 haereticisdomum
1543 3225 1727 3291 lsrael,
1758 3236 1810 3281 et
1851 3227 1903 3281 in
1929 3236 2043 3285 toto
2079 3222 2114 3230 “
2147 3245 2263 3301 Huc
2285 3259 2455 3315 usque
2481 3243 2535 3297 ίη
2581 3241 2830 3298 Ezechiel
2860 3243 3174 3311 prophetam
3217 3239 3350 3304 Deo,
3388 3247 3449 3294 ιιι
3475 3247 3726 3309 optamus

466 3323 839 3382 perversorum
869 3312 1176 3385 dogmatum
1221 3313 1351 3370 orbe
1381 3315 1696 3388 dispersam,
1731 3317 1872 3386 quod
1912 3317 2044 3373 reli-

466 3404 680 3470 querint
707 3419 849 3469 eum,
905 3404 996 3475 qui
1044 3420 1334 3476 parumper
1379 3407 1659 3462 abscondit
1706 3407 1820 3462 sive
1849 3409 2044 3462 avertit

463 3495 653 3550 faciem
685 3511 833 3550 suam
869 3496 1063 3564 abacis,
1114 3505 1169 3552 et
1217 3497 1436 3552 tradidit
1472 3512 1564 3553 eos
1592 3499 1645 3552 in
1684 3513 1841 3552 manu
1872 3499 2041 3554 haere-

464 3583 691 3639 ticorum
717 3594 771 3640 et
798 3586 1104 3641 ceciderunt
1135 3585 1346 3642 illorum
1376 3603 1632 3643 mucrone
1657 3588 1886 3644 confossi
1911 3605 2036 3660 pro-

462 3683 584 3744 pter
611 3675 977 3734 immunditias
997 3682 1053 3734 ct
1077 3679 1388 3749 iniquitates
1423 3695 1548 3736 suas
1572 3699 1590 3734 ι
1617 3696 1735 3751 qua:
1766 3696 1924 3737 causa
1951 3698 2040 3736 ex-

462 3763 571 3818 titit
592 3771 650 3819 ut
679 3764 1033 3823 absconderet
1054 3776 1110 3824 et
1137 3776 1407 3824 averteret
1442 3767 1639 3824 faciem
1669 3783 1820 3823 suam
1845 3769 1912 3823 ab
1937 3770 2034 3825 eis.

458 3854 737 3926 Expositis
791 3868 970 3913 autem
1029 3859 1325 3916 rationibus
1371 3849 1665 3918 secundum
1722 3861 1869 3926 illud,
1902 3863 2045 3931 quod

463 3947 723 4017 scriptum
753 3958 870 4004 est:
899 3969 917 4001 ι
945 3949 1169 4020 Oportet
1211 3960 1266 4006 et
1307 3951 1540 4007 haereses
1568 3966 1708 4018 esse,
1750 3960 1807 4006 ut
1835 3951 2046 4021 probati

461 4037 664 4108 quique
685 4039 953 4095 manifesti
983 4041 1111 4096 fiant
1131 4041 1183 4112 (Ι
1203 4040 1324 4095 Cor.
1347 4042 1446 4112 ιι),
1467 4062 1486 4095 ι
1513 4043 1838 4112 captivitatis
1860 4042 2042 4109 lsrael,

463 4130 715 4187 videlicet
745 4131 1018 4199 Ecclesiae,
1049 4133 1101 4187 in
1127 4149 1232 4203 qua
1260 4135 1504 4189 habitant
1545 4143 1826 4191 cernentes
1851 4135 2040 4188 Deum.

461 4219 617 4276 Nunc
659 4220 959 4292 pollicetur,
997 4224 1137 4294 quod
1187 4224 1407 4279 reducat
1433 4223 1487 4278 in
1511 4223 1792 4279 ecclesiam
1822 4223 2044 4292 captivi-

2145 3345 2200 3391 et
2215 3335 2508 3399 credimus,
2529 3332 2823 3389 auxiliante
2836 3342 2889 3386 et
2909 3331 3183 3402 aperiente
3197 3345 3260 3387 os
3277 3338 3551 3394 nostrum,
3565 3327 3727 3385 locuti

2144 3439 2350 3490 sumus,
2378 3439 2482 3479 non
2501 3421 2729 3479 aliorum
2751 3423 2796 3478 si
2820 3423 2909 3492 qui
2926 3422 3278 3492 scripserunt,
3294 3419 3380 3475 vel
3404 3418 3662 3489 deinceps
3681 3419 3726 3474 si

2143 3518 2394 3588 scripturi
2415 3525 2560 3581 sunt,
2582 3515 2904 3572 sententiam
2928 3517 3279 3578 destruentes,
3303 3512 3400 3568 sed
3419 3520 3727 3567 asserentes

2145 3608 2538 3678 qualiacunque
2565 3614 2690 3662 sunt
2709 3616 2908 3662 nostra.
2933 3605 2990 3661 In
3013 3605 3363 3660 aedificatione
3391 3609 3577 3657 autem
3602 3611 3725 3657 tem-

2141 3695 2214 3769 pli
2241 3709 2297 3755 et
2325 3700 2514 3755 ordine
2541 3699 2884 3755 sacerdotum
2914 3707 3178 3767 terraique
3212 3705 3415 3751 sancta:
3439 3695 3721 3757 divisione,

2143 3802 2197 3847 et
2225 3791 2442 3846 flumine
2493 3792 2804 3861 egrediente
2843 3791 2910 3846 de
2960 3789 3178 3859 templo,
3236 3797 3292 3843 et
3341 3787 3720 3843 arboribusu

2146 3892 2378 3952 utraque
2405 3882 2522 3952 ripa
2543 3895 2760 3951 semper
2787 3879 3105 3944 virentibus,
3129 3885 3185 3933 et
3202 3892 3298 3946 per
3317 3876 3562 3947 singulos
3582 3891 3729 3931 men-

2147 3988 2236 4027 ses
2274 3971 2640 4026 asscrentibus
2681 3969 2929 4033 fructum,
2960 3975 3009 4023 et
3048 3967 3272 4036 reliquis
3309 3975 3430 4036 qua
3458 3979 3633 4035 usque
3655 3965 3719 4019 ad

2149 4063 2306 4116 linem
2337 4060 2652 4131 prophetico
2691 4058 2961 4114 volumine
2989 4057 3352 4120 continentur,
3395 4064 3587 4125 aperte
3624 4054 3719 4109 im-

2145 4151 2396 4222 peritiam
2425 4136 2763 4214 confitemur,
2802 4147 2992 4203 melius
3019 4148 3347 4203 arbitrantes
3391 4146 3614 4202 interim
3641 4146 3719 4198 nio

2147 4241 2220 4297 hil
2247 4257 2407 4310 quam
2429 4256 2619 4310 parum
2647 4241 2846 4295 dicere.

470 4403 3704 4432 ww

1395 4555 1689 4632 LIBER
1768 4553 2216 4632 DECIMUS
2291 4549 2791 4647 QUARTUS.

1037 4785 1455 4846 PROCEMIUM.

959 4895 1027 4934 AD
1063 4895 1236 4939 REGE!
1275 4892 1536 4935 FRANCIE.

534 4970 800 5026 Preteriti
832 4969 952 5028 libri
983 4967 1143 5024 finem
1173 4969 1332 5026 dictis
1361 4969 1505 5025 beati
1549 4967 1860 5039 Hieronymi
1890 4967 2035 5021 refu—

463 5063 658 5136 gientis
700 5062 986 5132 mysticam
1055 5060 1491 5130 explanationem
1558 5060 1762 5116 ultima:
1811 5058 2034 5114 visionis

439 5153 738 5226 propheta:
789 5148 1088 5208 Ezechielis
1144 5151 1552 5221 terminavimus
1588 5167 1600 5204 :
1634 5148 1786 5218 cujus
1813 5163 2032 5204 sensum

464 5247 518 5302 in
548 5244 897 5317 responsione
915 5241 985 5298 ad
1005 5239 1355 5296 Eustochium
1378 5240 1641 5312 virginem
1665 5247 1952 5309 sequentes
1976 5238 2030 5292 in

461 5334 726 5407 principio
745 5332 1042 5405 ,msentis
1060 5330 1186 5386 libri
1216 5331 1332 5396 tibi,
1356 5329 1652 5401 Imperator
1678 5327 2030 5392 nobilissime,

463 5424 892 5498 respondendum
937 5437 1242 5486 censemus,
1299 5422 1393 5492 qui
1435 5421 1574 5476 ultra
1623 5421 1768 5497 vires
1816 5430 2033 5477 nostras

464 5517 634 5589 cogis,
661 5521 762 5574 nos
779 5524 1132 5572 memoratam
1156 5513 1420 5578 visionem
1461 5525 1629 5581 usque
1655 5513 1709 5566 in
1736 5511 1896 5567 finem
1919 5527 2033 5567 mo-

464 5608 562 5664 rali
588 5624 748 5672 sensu
794 5622 1084 5679 exponere.
1112 5607 1227 5679 Ego
1275 5606 1420 5662 enim
1469 5605 1564 5660 tibi
1599 5603 1714 5672 jam
1751 5605 1865 5660 lucc
1902 5603 2032 5659 mihi

466 5700 771 5766 suggerenti
799 5700 1072 5764 respondi,
1120 5699 1261 5768 quod
1285 5706 1506 5768 propter
1532 5697 1853 5768 imperitiam
1883 5712 2032 5752 men-

2065 4786 2116 4844 D
2144 4786 2214 4840 tis
2258 4793 2313 4838 et
2363 4782 2741 4840 inﬁrmitatem
2774 4782 3020 4853 corporis
3050 4799 3158 4838 non
3202 4798 3459 4839 auderem
3508 4795 3709 4839 tantum

2141 4891 2276 4947 opus
2303 4875 2545 4947 aggredi,
2593 4875 2734 4945 quod
2780 4876 3030 4931 doctores
3066 4877 3449 4948 sapientissimi
3481 4879 3708 4949 trepida—

2142 4969 2273 5024 bant
2301 4967 2494 5022 saltem
2522 4968 2808 5037 attingere,
2856 4968 2988 5036 quin
3036 4967 3214 5022 minus
3267 4977 3438 5023 totum
3489 4969 3712 5038 pleniter

2140 5060 2464 5132 explanare:
2503 5058 2597 5115 sed
2623 5067 2680 5113 tu
2707 5059 2847 5114 hanc
2894 5060 3299 5129 responsionem
3343 5074 3523 5115 meam
3551 5076 3708 5130 repu-

2140 5151 2270 5216 listi,
2319 5160 2373 5205 et
2423 5147 2716 5205 instantius
2763 5146 3039 5219 flagitasti,
3088 5157 3145 5203 ut
3193 5149 3336 5220 quod
3365 5151 3617 5206 hortatus
3655 5166 3710 5206 es

2137 5241 2450 5312 inciperem,
2501 5249 2558 5295 et
2600 5253 2816 5309 quoquo
2855 5239 3014 5294 modo
3045 5253 3280 5308 possem,
3335 5255 3507 5310 usque
3555 5242 3621 5296 azl
3653 5241 3708 5294 ﬁ-

2134 5345 2259 5386 nem
2281 5329 2410 5385 illud
2434 5329 2730 5400 perducere
2765 5327 3062 5383 studerem.
3095 5327 3376 5398 Obsequar
3430 5330 3595 5401 igitur
3620 5346 3707 5383 vo-

2134 5422 2328 5476 luntati
2375 5431 2500 5486 tum,
2550 5430 2606 5474 et
2647 5418 2788 5474 sicut
2834 5419 2890 5474 in
2917 5419 3190 5488 prioribus
3241 5419 3368 5484 feci,
3399 5431 3703 5484 sanctorum

2135 5513 2420 5568 doctorum
2482 5511 2714 5580 vestigia
2769 5523 3021 5578 sequens,
3064 5525 3128 5565 ea
3176 5526 3297 5581 quae
3346 5513 3593 5582 exposita
3630 5526 3711 5567 re-

2135 5602 2251 5673 peri
2298 5602 2400 5657 sub
2444 5601 2712 5655 brevitate
2750 5607 2802 5653 et
2859 5601 3139 5655 succincte
3187 5615 3401 5670 ponam.
3443 5600 3575 5668 Quae
3614 5616 3707 5654 au-

2138 5706 2248 5750 tem
2283 5693 2414 5750 mihi
2443 5692 2622 5747 divina
2663 5691 2840 5764 gratia
2891 5692 2958 5745 ad
3019 5692 3159 5746 idem
3205 5708 3338 5763 opus
3386 5695 3706 5765 explendum
