3972 6184
311 347 410 402 881

1247 339 1602 398 COMMENT.
1645 338 1712 395 lN
1749 337 2202 394 EZECHIELEM.
2239 371 2316 386 -ι
2343 342 2470 398 LIB.
2512 341 2652 398 XIV.

3461 348 3587 405 833’

313 440 535 533 insuper
575 459 938 530 inspiraverit,
987 457 1146 514 simul
1174 457 1415 513 inserere
1439 459 1662 522 curabo,
1713 465 1772 510 ut
1812 456 1892 510 le-
1918 456 1970 516 Α
1997 457 2264 512 eationem
2293 459 2346 513 in
2375 461 2589 516 ossibus
2638 461 2812 531 campi
2839 462 2940 517 sub
2991 461 3402 519 resurrectionis
3424 462 3568 518 ima-

313 564 435 611 ctor
477 559 533 605 et
559 549 823 618 majorum
867 547 1012 604 dicta
1059 561 1408 616 cognoscens,
1438 556 1492 603 et
1519 557 1710 603 nostra
1760 546 1894 600 rele—

314 662 468 716 gens,
503 658 622 713 qua:
649 641 754 697 sibi
783 641 1019 696 salubria
1054 648 1108 695 et
1132 638 1282 695 utilia
1305 639 1430 694 inde
1451 653 1574 695 esse
1596 637 1888 701 censuerit,

315 743 580 805 sequatur

948 841 1175 900 CAPUT
1214 842 1327 897 XL.

315 958 396 1012 De
419 957 768 1026 adiﬁcatione
789 955 1036 1020 civitatis,
1062 963 1110 1008 et
1134 955 1243 1026 uiro
1283 954 1372 1023 qui
1396 952 1640 1026 stabatin
1669 960 1820 1026 porta
1846 960 1897 1005 et

387 1020 726 1082 mensurabat
769 1040 977 1079 murum
1002 1020 1307 1078 exteriorem
1358 1040 1475 1076 cum
1502 1020 1718 1075 calamis
1739 1020 1847 1074 suis
1878 1038 1896 1075 :

386 1099 452 1151 de
485 1095 900 1177 Iocisqdepu‘tatia
923 1091 1304 1177 qdncuftodiarn
1335 1089 1512 1177 templi
1533 1100 1580 1144 et
1602 1089 1897 1177 unanimus

1997 548 2120 619 gine
2166 549 2554 604 demonstravit
2599 551 2724 606 :sic
2748 566 2891 606 nunc
2940 551 3387 606 instaurationem
3414 549 3568 607 urbi

1993 655 2114 708 qua:
2139 639 2438 711 Babylonio
2464 639 2641 696 fuerat
2659 650 2784 696 ante
2810 657 2980 698 annos
3005 642 3411 712 quatuordecint
3442 642 3566 710 igne

1998 728 2194 793 delata,
2246 729 2346 784 sub
2393 730 2753 801 descriptione
2791 731 2907 800 ejus
2942 733 3202 788 Dominus
3243 732 3565 802 pollicetur,

1998 826 2057 872 ut
2083 818 2224 873 sicut
2245 818 2612 888 captivitatem
2650 828 2706 874 et
2747 822 3084 876 eversionem
3133 821 3252 877 ollae
3299 835 3570 876 succensa:

1996 923 2026 962 a
2068 907 2205 964 facie
2233 909 2500 980 aquilonis
2556 919 2946 966 monstraverat
2974 919 3151 982 typus,
3184 919 3240 965 et
3275 910 3571 982 praphetite

1995 1001 2198 1056 veritas
2231 1015 2395 1071 opere
2419 1002 2767 1072 comprobata
2791 1011 2877 1058 est
2921 1021 2943 1056 :-
2965 1003 3039 1057 ita
3065 1018 3132 1057 ex
3171 1003 3569 1073 praeteritorum

1999 1092 2104 1147 ﬁde
2126 1091 2702 1148 intumasdiﬂcationis
2724 1093 2924 1147 veritas
2949 1091 3202 1148 vaticinio
3227 1093 3570 1162 probaretur.

387 1184 567 1221 mensa
586 1161 714 1218 atrii
730 1173 777 1218 et
798 1163 982 1216 altaris
996 1162 1446 1227 holocaustorum,
1465 1161 1528 1214 de
1547 1175 1794 1216 mensura
1810 1176 1897 1214 ve-

390 1184 567 1248 mensa
586 1180 710 1218 αενιι
730 1180 777 1246 et
798 1180 982 1216 auaris
996 1180 1446 1227 nowcauswrum,
1465 1180 1528 1214 ae
1547 1180 1794 1216 mensura
1810 1180 1897 1214 κ·-
1998 1180 2110 1237 Nec
2138 1183 2242 1236 hoc
2266 1182 2331 1236 de
2479 1191 2718 1253 tempore
2745 1182 2943 1238 dicitur
2966 1183 3112 1252 quod
3152 1183 3372 1254 quidam
3401 1183 3572 1252 impe-

390 1235 573 1291 sub“.
596 1233 791 1305 templ“
2000 1273 2088 1305 mh:
2121 1271 2414 1305 Inui-nanum
2443 1272 2628 1305 uni-nne
2688 1272 2901 1305 ,τινι-πει.
2923 1273 3023 1305 ειιιι
3070 1272 3367 1305 νΙΑι-ηιιηιωι
3399 1281 3450 1305 nl
3476 1274 3572 1305 εηι.

2000 1273 2090 1327 riti
2110 1271 2416 1327 Judaaorum
2443 1272 2646 1336 volunt,
2688 1272 2902 1342 quando
2923 1273 3023 1328 sub
3070 1272 3371 1328 Zorobabel
3399 1281 3454 1326 et
3475 1274 3576 1328 sub

407 1390 424 1423 ε
469 1369 526 1424 in
551 1368 811 1424 vicesimo
835 1375 890 1423 et
912 1367 1099 1438 quinto
1121 1379 1264 1421 anno
1295 1363 1788 1436 transmigrationis
1813 1377 1903 1418 no-
1999 1366 2128 1422 Jesu
2177 1365 2290 1419 tilio
2333 1363 2597 1420 Josedech
2650 1365 2931 1421 sacerdote
2977 1379 3174 1436 magno
3201 1364 3456 1434 templum
3484 1379 3578 1418 ex-

326 1478 345 1510 (
395 1468 542 1524 strze,
567 1459 619 1513 in
639 1457 861 1513 exordio
895 1457 1044 1522 anni,
1071 1456 1282 1512 decima
1325 1456 1548 1521 mensis,
1584 1461 1778 1524 quarto
1803 1453 1900 1509 de-
1961 1529 1964 1531 _
2002 1463 2267 1512 structum
2312 1464 2414 1520 est,
2465 1455 2912 1526 pr0phetantibus
2949 1454 3145 1526 Aggaao
3193 1463 3249 1510 et
3290 1453 3574 1508 Zacharia.

325 1571 345 1601 ‹
393 1550 536 1604 cimo
557 1562 697 1602 anno
718 1555 1001 1617 postquam
1027 1561 1285 1616 percussa
1307 1553 1391 1601 est
1411 1545 1623 1610 civitas,
1653 1543 1772 1614 ipsa
1798 1543 1903 1597 hac
2002 1544 2118 1600 Hoc
2146 1545 2289 1598 enim
2331 1545 2589 1614 templum
2615 1545 2758 1614 quod
2794 1560 2935 1599 nunc
2972 1543 3317 1609 describitur,
3357 1551 3413 1598 et
3441 1541 3576 1596 ordo

326 1658 344 1690 ι
393 1639 481 1692 die
507 1637 648 1694 faeta
671 1643 756 1691 est
778 1649 944 1706 super
969 1650 1056 1690 me
1101 1649 1298 1690 manus
1331 1632 1568 1700 Domini,
1599 1639 1654 1688 el
1679 1631 1904 1686 adduxit
2003 1635 2290 1692 sacerdotii
2332 1643 2598 1704 ternaque
2626 1635 2838 1700 divisio,
2876 1641 2931 1689 et
2969 1633 3242 1698 fertilitas,
3275 1632 3442 1688 multo
3487 1647 3584 1685 au-

325 1750 344 1781 ‹
391 1744 477 1783 me
510 1727 656 1782 illuc.
689 1747 710 1782 ι
748 1724 988 1799 (Gregor.
1023 1726 1076 1779 in
1108 1724 1422 1790 Comment.,
1446 1725 1531 1777 hic
1544 1733 1594 1777 et
1615 1721 1901 1793 deinceps.)
1933 1793 1973 1799 Α
2004 1725 2214 1796 gustius
2265 1731 2348 1779 est
2380 1738 2544 1793 quam
2583 1722 2686 1776 fuit
2719 1722 2861 1792 quod
2918 1720 3169 1777 Salomon
3211 1729 3572 1777 exstruxerat.

321 1819 576 1872 Dicturus
617 1793 893 1888 mystica;
916 1815 1282 1872 narrationem
1314 1815 1627 1870 ltistoricam
1665 1814 1903 1884 praemit-
1932 1793 1982 1855 Β
2003 1793 2138 1870 illud
2165 1824 2342 1870 autem
2377 1813 2520 1884 quod
2558 1811 2880 1868 aediﬁcatum
2923 1821 3008 1868 est
3041 1813 3149 1868 sub
3193 1812 3490 1868 Zorobabel
3524 1813 3577 1866 in

323 1911 411 1973 tit,
437 1919 496 1962 ut
521 1907 651 1978 ﬁgat
669 1922 736 1962 ex
761 1915 999 1978 tempore
1019 1907 1162 1976 quod
1183 1905 1440 1961 credatur
1462 1904 1516 1959 in
1548 1903 1899 1960 revelatione.

322 1997 628 2052 Notandum
650 2010 777 2050 vero
791 1995 934 2065 quod
962 1996 1017 2050 in
1054 1994 1278 2050 exordio
1307 1993 1428 2048 libri
1451 1993 1612 2063 hujus
1633 2007 1741 2062 quo
1761 2006 1904 2047 anno

319 2087 645 2158 prophetare
694 2086 879 2156 ccepit,
929 2085 1204 2141 indicavit.
1250 2085 1309 2139 in
1356 2085 1464 2140 ﬁne
1508 2099 1638 2139 vero
1675 2084 1906 2139 inseruit

321 2195 431 2249 quo
454 2186 751 2233 extremam
778 2177 1035 2231 visionem
1065 2175 1198 2231 vidit
1230 2193 1242 2229 :
1275 2175 1349 2230 ita
1369 2183 1432 2230 ut
1451 2173 1702 2245 cognosci
1729 2172 1906 2228 valeat

324 2271 376 2324 in
409 2277 542 2339 quot
587 2269 744 2323 annis
770 2268 1069 2338 prophetia:
1105 2283 1216 2322 suae
1245 2267 1444 2322 dixerit
1488 2266 1706 2322 librum.
1746 2264 1907 2321 Tem-

323 2375 424 2430 pus
457 2373 689 2427 namque
714 2373 821 2427 quo
849 2358 1174 2427 prophetare
1201 2357 1435 2426 coepitin
1472 2355 1763 2411 locutionis
1792 2369 1906 2410 sua:
1934 2347 1941 2356 ’

323 2453 480 2505 initio
500 2451 696 2520 posuit,
721 2449 940 2503 dicens:
973 2468 992 2500 ‹
1023 2447 1206 2518 Aperti
1225 2456 1348 2503 sunt
1372 2448 1512 2511 cmli,
1531 2456 1588 2502 et
1604 2448 1711 2503 vidi
1736 2447 1906 2502 visio-

325 2555 424 2594 nes
447 2539 654 2593 Domini
681 2539 734 2592 in
756 2537 944 2607 quinta
980 2539 1202 2603 mensis,
1233 2538 1348 2608 ipse
1368 2545 1452 2592 est
1485 2553 1660 2592 annus
1687 2539 1908 2608 quintus

326 2627 820 2699 transmigrationis
869 2627 1012 2697 regis
1047 2626 1313 2683 Joachim.
1349 2647 1368 2678 ι
1401 2626 1554 2683 Nunc
1577 2642 1710 2682 vero
1735 2627 1909 2698 loqui-

328 2731 436 2785 tnr,
461 2720 684 2775 dicens:
715 2737 734 2770 ι
773 2720 832 2773 ln
875 2719 1133 2774 vicesimo
1159 2727 1213 2774 et
1239 2720 1426 2789 quinto
1467 2734 1610 2774 anno
1654 2719 1905 2775 transmi-

326 2809 592 2882 grationis
617 2817 834 2864 nostra}.
869 2827 888 2861 ι
920 2808 1068 2864 lziem
1098 2824 1333 2880 namque
1362 2811 1624 2881 propheta
1650 2811 1705 2866 in
1739 2812 1909 2882 capti-

324 2902 496 2956 vitate
529 2901 699 2971 prima
728 2915 851 2956 cum
869 2899 1114 2955 Joachim
1150 2915 1274 2971 rege
1309 2899 1488 2956 fuerat
1533 2901 1589 2955 in
1615 2900 1908 2973 Babylonia

325 2991 713 3045 transductus:
746 3007 871 3045 nam
907 2992 972 3046 de
1019 2992 1254 3046 secunda
1293 2990 1754 3064 Jerosolymorum
1781 3008 1908 3064 cap-

2004 1915 2215 1963 tantum
2241 1921 2470 1976 parvum
2496 1913 2635 1971 erat,
2663 1913 2721 1960 et
2745 1906 2944 1976 prioris
2968 1907 3373 1977 comparatione
3401 1904 3572 1968 nihili,

2002 1996 2169 2066 utqui
2197 1995 2349 2065 prius
2377 1993 2636 2064 templum
2674 1993 2942 2059 viderant,
2995 2003 3049 2050 et
3085 2002 3270 2064 postea
3293 1995 3398 2050 hoc
3433 1996 3579 2064 aspi-

2003 2084 2239 2150 ciebant,
2271 2083 2537 2155 ejularent
2560 2083 2909 2154 doloremque
2937 2099 3096 2140 sutmt
3118 2084 3374 2156 lacrytnis
3416 2092 3583 2141 testa-

2005 2185 2195 2232 rentur
2237 2193 2251 2230 :
2283 2184 2343 2231 et
2406 2175 2578 2230 multo
2628 2173 2802 2244 major
2836 2184 2981 2231 esset
3021 2175 3228 2232 clamor
3267 2174 3584 2231 ululantium

2003 2284 2167 2340 quam
2210 2268 2436 2339 clangor
2483 2269 2758 2335 tubarum,
2789 2268 2907 2340 lege
2935 2269 3120 2324 Esdrae
3172 2268 3386 2324 librum.
3415 2268 3585 2324 Porro

2005 2361 2149 2431 quod
2176 2361 2393 2416 additur
2412 2369 2608 2431 quarto
2631 2360 2841 2416 decimo
2869 2374 3011 2416 anno
3033 2368 3314 2430 postquam
3329 2373 3580 2430 percussa

2006 2453 2119 2508 sive
2171 2461 2329 2522 capta
2369 2462 2454 2508 est
2495 2453 2709 2519 civitas,
2761 2453 2914 2523 juxta
2965 2451 3223 2523 mysticos
3278 2450 3583 2506 intellectus

2006 2545 2416 2615 quatuordecim
2461 2544 2729 2617 signiﬁcat
2774 2543 3170 2613 generationes,
3209 2542 3403 2610 quibus
3431 2555 3582 2596 eom-

2005 2635 2163 2706 pletis
2218 2651 2248 2690 a
2275 2634 2448 2690 David
2499 2650 2670 2705 usque
2697 2634 2766 2689 ad
2816 2634 3152 2689 nativitatem
3182 2632 3406 2696 Christi,
3434 2631 3584 2687 urbis

2007 2727 2278 2783 restitutio
2321 2727 2655 2797 promittitur
2705 2727 2774 2782 ab
2834 2741 2901 2781 eo
2937 2726 3002 2781 de
3045 2739 3152 2795 quo
3178 2725 3439 2794 scriptum
3460 2732 3581 2779 est:

2014 2839 2032 2872 ι
2077 2821 2196 2890 ipse
2225 2819 2514 2875 aedificabit
2566 2819 2840 2874 civitatem
2876 2833 3075 2884 meam,
3122 2825 3179 2873 et
3217 2816 3583 2886 captivitatem

2006 2911 2187 2983 populi
2236 2911 2342 2965 mei
2384 2911 2608 2966 reducet
2647 2910 2781 2982 (lea.
2813 2909 3077 2982 xnv,i3).
3135 2928 3157 2962 ι
3215 2907 3284 2964 Et
3339 2907 3582 2963 itemm:

2013 3029 2032 3060 ι
2075 3009 2236 3064 Venit
2279 3014 2342 3062 ut
2374 3007 2697 3076 prmdiearet
2718 3006 2946 3077 captivis
2977 3005 3374 3071 remissionem,
3403 3012 3459 3060 et
3479 3019 3584 3059 cte-

327 3082 538 3136 ῑίνίιειθ
564 3080 858 3187 subiungit.
895 3101 914 3133 ε
962 3082 1395 3195 (ξρθξιφάθείιξιο
1440 3097 1592 3188 θηηο.
1621 3093 1912 3195 ρξειςιιιίιιῐι
1933 3134 1978 3195 C
2011 3100 2089 3154 cis
2127 3099 2328 3165 visum,
2363 3098 2551 3155 dicens
2584 3097 2671 3154 his
2711 3098 2990 3168 quierant
3015 3097 3071 3152 in
3100 3096 3353 3163 vinculis,
3406 3096 3581 3159 Exite,

328 3187 580 3242 percussa
607 3183 689 3228 est
710 3175 918 3230 civitas.
941 3193 960 3226 ι
982 3175 1240 3230 Undecim
1257 3176 1454 3246 quippe
1468 3177 1624 3231 annis
1652 3175 1907 3232 Sedecias

329 3273 453 3335 post
477 3266 841 3336 captivitatem
874 3266 1128 3336 primam,
1161 3267 1214 3321 in
1237 3281 1341 3336 qua
1367 3267 1627 3336 pr0plieta
1653 3266 1904 3322 Ezechiel

329 3373 453 3412 cum
494 3354 737 3411 Joachim
777 3371 903 3426 rege
950 3357 1140 3411 ductus
1185 3365 1299 3422 est,
1341 3358 1393 3410 in
1446 3354 1905 3426 Jerosolymorum

328 3447 466 3503 urbe
489 3455 824 3518 regnaverat.
839 3449 968 3503 Post
1001 3448 1368 3518 captivitatem
1395 3462 1522 3501 vero
1545 3445 1784 3515 ejusdem
1809 3447 1906 3502 Se-

330 3539 519 3606 deciae,
549 3557 666 3610 quae
673 3540 787 3610 jam
811 3541 1043 3596 secunda
1078 3540 1359 3594 eraturbis
1385 3539 1689 3608 captivitas,
1715 3547 1906 3608 quarto

331 3633 541 3688 decimo
596 3648 734 3687 anno
770 3633 1032 3702 propheta
1075 3632 1336 3686 visionem
1387 3632 1632 3686 ultimam
1669 3631 1903 3687 videbat.

333 3721 596 3778 Undecim
643 3723 824 3791 itaque
871 3731 925 3776 et
965 3722 1370 3790 quatuordeeim
1413 3721 1572 3776 simul
1618 3722 1789 3792 juncti
1827 3721 1908 3774 fa-

331 3811 483 3864 ciunt
532 3810 717 3880 viginti
743 3818 798 3864 et
823 3810 1080 3878 quinque.
1115 3809 1174 3864 Si
1198 3810 1360 3881 igitur
1387 3810 1646 3864 visionem
1676 3810 1904 3880 primam

332 3901 524 3972 quinto
575 3901 905 3970 captivitatis
936 3901 1134 3971 prioris
1179 3916 1322 3956 anno
1380 3901 1591 3956 locutus
1619 3909 1720 3967 est,
1749 3910 1908 3970 atque

331 3992 476 4046 hanc
506 3991 746 4046 ultimam
780 3991 1040 4062 vigesimo
1074 4001 1127 4047 et
1141 3992 1328 4062 quinto
1355 4007 1496 4047 anno
1524 3990 1719 4046 factam
1744 3991 1908 4047 fuisse

332 4083 612 4149 describit,
641 4081 886 4153 profecto
910 4093 1058 4154 patet
1086 4084 1227 4154 quod
1265 4085 1318 4138 in
1355 4083 1544 4155 viginti
1575 4083 1730 4138 annis
1758 4083 1908 4139 locu-

333 4178 497 4231 tionis
541 4193 653 4232 suze
700 4193 881 4233 moras
923 4193 1092 4247 usque
1124 4179 1192 4232 ad
1228 4177 1430 4232 ultimae
1474 4178 1698 4234 visionis
1741 4179 1907 4234 verba

332 4268 642 4323 tetenderit.
668 4267 776 4323 Nec
813 4283 1030 4324 movere
1079 4267 1385 4337 quempiam
1428 4267 1588 4322 debet
1646 4269 1790 4337 quod
1848 4268 1903 4322 in

332 4361 513 4415 medio
549 4361 846 4431 prophetiae
869 4375 980 4416 suae
1017 4359 1312 4425 volumine,
1343 4375 1464 4416 cum
1487 4360 1554 4416 de
1583 4359 1874 4431 Babylonio

2010 3197 2064 3244 et
2086 3188 2178 3259 qui
2208 3195 2363 3243 erant
2402 3187 2457 3242 in
2517 3187 2776 3252 tenebris,
2811 3185 3146 3241 Revelamini
3195 3184 3524 3257 (IsaJu-x).
3565 3205 3582 3235 ι

2009 3277 2213 3350 (ϐπ-εει.)
2251 3277 2392 3345 Quid
2413 3283 2499 3332 est
2539 3276 2851 3346 enimquod
2874 3291 2972 3346 per
2996 3275 3138 3330 hanc
3163 3275 3424 3332 visionem
3463 3275 3587 3331 ulti-

2009 3382 2154 3422 mam
2203 3367 2547 3436 omnipotens
2601 3365 2744 3420 Deus
2790 3379 2854 3420 ea
2898 3365 3013 3435 ipsa
3072 3364 3166 3419 die
3205 3364 3458 3434 dignatus
3504 3380 3584 3418 est

2007 3457 2382 3527 promissionis
2410 3471 2522 3511 sua
2581 3453 3008 3510 misericordiam
3036 3453 3240 3521 facere,
3261 3468 3370 3524 qua
3404 3453 3494 3509 die
3533 3455 3585 3506 in

2009 3561 2260 3616 percussa
2311 3546 2531 3602 civitate
2564 3547 2700 3600 iram
2727 3544 2951 3616 justitim
2981 3543 3254 3614 implevit;
3310 3543 3417 3599 nisi
3445 3545 3586 3613 quod

2008 3637 2097 3692 ilia
2110 3637 2410 3692 divinitatis
2425 3636 2528 3699 vis,
2547 3650 2666 3705 quae
2688 3635 2742 3689 in
2765 3633 3092 3698 diversitate,
3110 3641 3258 3690 motu
3285 3642 3340 3690 et
3360 3633 3597 3689 mutabi-

2006 3729 2156 3784 litate
2180 3744 2285 3782 non
2309 3728 2528 3793 dicitur,
2543 3727 2828 3781 diversaea
2845 3726 2955 3796 ipsa
2976 3725 3097 3781 luce
3119 3723 3346 3794 iustitia:
3366 3722 3596 3780 atllictos

2008 3835 2071 3874 ac
2105 3819 2432 3889 pmnitentes
2451 3815 2710 3882 vivificat,
2738 3831 2856 3885 qum
2885 3814 3264 3885 superbientes
3281 3829 3345 3871 ac
3386 3814 3592 3884 rigidos

2006 3909 2272 3981 percutit?
2316 3908 2600 3964 Prmmisso
2647 3907 2831 3976 itaque
2894 3905 3117 3962 visionis
3171 3920 3284 3961 sum
3349 3913 3598 3975 tempore.

2008 3996 2285 4068 subiungit
2312 4014 2324 4050 :
2355 4015 2373 4047 ι
2406 3995 2574 4052 Facta
2615 4003 2699 4051 est
2727 4010 2890 4064 super
2911 4010 2997 4051 me
3023 4010 3215 4051 manus
3259 3995 3493 4060 Domini,
3539 4004 3589 4049 et

2007 4087 2230 4144 adduxit
2257 4101 2342 4142 me
2357 4086 2502 4142 illuc.
2527 4085 2584 4140 ln
2607 4085 2904 4141 visionibus
2930 4085 3142 4140 Domini
3174 4084 3398 4141 adduxit
3426 4100 3508 4140 me
3537 4085 3590 4138 in

2008 4187 2207 4234 terram
2231 4176 2414 4231 Israel.
2446 4195 2466 4229 ι
2498 4175 2652 4244 Quod
2692 4175 2925 4241 dixerat,
2955 4193 2974 4228 ι
2999 4175 3238 4232 Adduxit
3257 4191 3344 4231 me
3383 4175 3527 4239 illuc,
3568 4193 3586 4225 ι

2008 4268 2113 4323 hoc
2134 4266 2403 4337 replicans
2424 4265 2637 4320 subdit:
2658 4284 2676 4317 ι
2695 4265 3030 4321 Adduxitme
3047 4266 3330 4321 interr-am
3353 4265 3515 4320 lsrael
3539 4287 3585 4319 ,ι

2008 4358 2099 4412 Ait
2132 4366 2312 4413 autem
2341 4376 2353 4412 :
2393 4377 2412 4410 ‹
2443 4357 2611 4412 Facta
2638 4366 2721 4413 est
2749 4372 2913 4426 super
2931 4373 3034 4412 me-
3048 4372 3241 4412 manus
3270 4357 3504 4419 Domini,
3537 4368 3592 4412 et

335 4468 463 4523 rege
481 4453 814 4522 loqueretur,
836 4452 1078 4507 vicesimi
1103 4467 1168 4507 ac
1195 4451 1405 4522 septimi
1431 4452 1558 4505 anni
1591 4452 1906 4508 memoriam
1934 4483 1988 4542 υ
2013 4447 2237 4503 adduxit
2261 4462 2348 4503 me
2372 4446 2498 4502 illuc
2525 4447 2582 4501 in
2618 4446 2918 4501 visionibus
2943 4445 3178 4500 Domini.
3216 4464 3236 4498 ι
3284 4445 3472 4500 Manus
3507 4455 3590 4500 et-

334 4539 505 4594 facit:
538 4555 644 4610 quo
667 4540 723 4594 in
747 4539 866 4596 loco
904 4556 1025 4595 cum
1045 4539 1179 4594 nihil
1206 4539 1274 4593 de
1304 4547 1544 4608 tempore
1577 4553 1687 4594 suae
1734 4540 1908 4608 capti-

337 4631 517 4684 vitatis
561 4630 850 4694 interserit,
903 4639 1090 4700 aperte
1129 4630 1466 4684 demonstrat
1504 4629 1630 4699 quia
1663 4629 1782 4700 ejus
1830 4644 1915 4685 re-

331 4723 415 4793 gis
467 4729 712 4791 tempora
761 4720 1052 4785 describit,
1093 4721 1162 4775 de
1211 4734 1318 4790 quo
1360 4722 1681 4790 prophetare
1731 4733 1914 4790 crepe-

331 4824 438 4868 rat.
485 4811 753 4883 (meram)
801 4813 953 4880 Quod
991 4813 1037 4868 si
1062 4813 1218 4883 juxta
1258 4810 1684 4867 Theodotioncm
1721 4812 1814 4881 qui
1853 4811 1912 4868 in

330 4919 402 4959 eo
416 4903 534 4957 loco
545 4901 635 4956 ubi
660 4915 762 4957 nos
780 4901 1056 4972 posuimus
1069 4901 1124 4955 in
1147 4900 1508 4956 exordio-anni
1527 4900 1913 4969 interpretatus

331 5003 440 5058 est,
471 4996 526 5046 in
553 5007 694 5046 nono
714 5006 880 5057 anno,
909 4992 1117 5046 decima
1145 4991 1368 5046 mensis.
1399 4989 1584 5044 Nonus
1610 4998 1789 5043 autem
1811 5005 1910 5043 an-

333 5099 438 5138 nus
480 5082 620 5151 apud
660 5079 916 5136 Hebraeos
957 5090 1181 5136 vocatur
1217 5079 1419 5135 mensis
1479 5078 1761 5148 septimus,
1811 5078 1907 5148 qui

333 5177 476 5245 apud
507 5189 600 5229 eos
627 5173 947 5229 vocabulum
971 5172 1132 5226 habet
1156 5173 1309 5236 tueri,
1341 5179 1400 5226 ut
1427 5170 1680 5226 Kalendis
1709 5170 1917 5224 mensis

333 5266 552 5336 septimi
588 5266 662 5321 sit
686 5266 936 5321 tubarum
956 5263 1196 5332 clangor,
1225 5270 1280 5316 et
1306 5263 1513 5318 decima
1541 5261 1626 5317 die
1669 5259 1910 5329 ejusdem

334 5355 541 5411 mensis
561 5355 675 5410 dies
700 5354 891 5426 jejunii
913 5351 1311 5422 etplacationis.
1341 5350 1536 5418 Quinta
1553 5350 1758 5405 decima
1778 5364 1908 5405 vero

335 5446 553 5517 quando
597 5454 743 5502 totus
768 5446 908 5500 inme
944 5444 1096 5500 orbis
1130 5443 1379 5511 expletur
1407 5444 1519 5497 dies
1555 5442 1907 5512 scenopegia-

335 5551 458 5588 rum
497 5535 657 5590 datur
685 5535 933 5606 intelligi,
962 5535 1106 5604 quod
1124 5533 1332 5588 decima
1358 5532 1444 5588 die
1465 5532 1778 5601 placationis
1805 5531 1910 5586 Do~

336 5627 553 5682 minica
580 5635 938 5682 monstratum
963 5626 1139 5681 fuerat
1172 5623 1439 5680 Ezechieli
1459 5623 1746 5680 mditicium
1782 5625 1911 5679 civi-

338 5717 491 5785 tatis,
533 5726 589 5774 et
633 5717 904 5792 quomodo
940 5715 1336 5775 restitutionem
1361 5714 1565 5785 populi,
1597 5715 1705 5771 imo
1736 5715 1910 5771 viviti-

2013 4542 2158 4597 enim
2189 4542 2442 4596 virtutem
2462 4539 2764 4610 potestatis,
2797 4536 3042 4593 visiones
3064 4537 3394 4609 vero-ipsam
3427 4553 3590 4608 quam

2013 4639 2296 4701 acceperat
2345 4628 2737 4684 revelationem
2787 4626 3114 4695 signiﬁcant.
3168 4626 3356 4684 Manus
3393 4627 3600 4700 quippe.

2011 4721 2070 4777 in
2089 4720 2296 4775 visione
2315 4727 2421 4784 est,
2446 4717 2618 4772 virtus
2638 4715 2696 4770 in
2728 4715 3202 4786 contemplatione,
3243 4716 3439 4789 quibus
3463 4734 3588 4774 ver-

2011 4811 2098 4869 bis
2140 4811 2270 4880 quid
2307 4819 2494 4880 aperte
2532 4808 2756 4874 indicat,
2787 4807 2888 4864 nisi
2919 4809 3045 4879 quia
3091 4810 3246 4864 nihil
3274 4811 3342 4867 de
3370 4811 3593 4869 civitate

2013 4916 2188 4973 quam.
2209 4901 2420 4955 viderat
2440 4900 2593 4970 juxta
2617 4898 2856 4953 litteram
2886 4899 3069 4954 dicat?
3107 4899 3244 4955 Nam
3270 4899 3591 4972 spiritaliter

2013 4991 2081 5047 de
2127 5005 2190 5045 ea
2211 4989 2469 5058 loquitur,
2497 5003 2664 5058 quam
2691 4987 3003 5059 spiritaliter
3015 4989 3428 5060 contemplatur.
3464 5009 3483 5042 ‹
3521 4991 3587 5047 Ει

2015 5081 2221 5137 dimisit
2245 5095 2332 5135 me
2361 5094 2525 5150 super
2551 5088 2789 5133 montem
2836 5079 3108 5135 excelsum
3149 5080 3329 5135 nimis.
3364 5097 3383 5131 ι
3412 5080 3585 5148 Quem

2014 5188 2146 5244 ergo
2170 5172 2624 5243 significatmons
2649 5171 2900 5228 excelsus
2936 5173 3121 5239 nimis,
3167 5173 3272 5227 nisi
3329 5173 3590 5228 mediato-

2014 5278 2130 5316 rem
2180 5262 2272 5315 Dei
2320 5269 2386 5317 et.
2418 5261 2696 5316 hominum
2740 5261 3015 5318 hominem

2014 5352 2066 5424 (1
2093 5352 2228 5407 Tim.
2272 5350 2356 5423 ιι),
2393 5353 2485 5424 qui
2525 5354 2591 5410 de
2632 5365 2778 5410 terra
2814 5357 3180 5426 quidem,.sed
3217 5356 3356 5411 ultra
3386 5365 3587 5411 terram

2013 5443 2132 5498 est?
2176 5444 2301 5514 quia
2325 5458 2453 5498 caro
2479 5445 2722 5516 ejusdem
2755 5445 3126 5518 Redemptoris
3167 5448 3343 5504 nostri
3367 5446 3434 5502 de
3460 5443 3590 5499 imis

2013 5535 2486 5590 habettnateriam
2515 5537 2538 5590 ?
2573 5536 2669 5592 sed
2706 5536 2762 5591 in
2793 5539 3017 5592 summis
3060 5537 3469 5607 praeeminetvex
3500 5551 3600 5607 po—

2014 5634 2232 5692 testate,
2269 5640 2431 5696 quem
2460 5627 2637 5684 minus
2693 5635 2892 5684 eratut
2930 5627 3450 5693 excelsumdixerit,
3479 5626 3590 5684 nisi

2015 5714 2274 5785 adiecerit
2316 5716 2476 5773 nimis
2509 5735 2522 5772 :
2552 5717 2643 5788 qui
2679 5733 2785 5775 non
2809 5717 3315 5784 solumvhomo,.sed
3356 5733 3422 5774 ex
3449 5732 3587 5785 etus-

3079 5261 3357 5318 Christum
3403 5259 3586 5317 Jesutn
3692 5283 3702 5293 ι
