3972 6184
381 351 490 410 883

1027 336 1090 390 B.
1134 329 1388 388 RABANI
1421 319 1647 381 MAURI
1687 311 2004 372 ARCIHEP.
2047 304 2358 366 MOGUNT.
2399 296 2684 359 OPERUEI
2722 293 2900 351 PARS
2940 291 3003 348 ιι.

3556 289 3654 344 884

380 466 505 522 deut
546 452 900 520 humanitatis
935 445 1289 514 conceptione
1329 454 1449 511 qua:
1479 437 1548 492 ab
1575 449 1642 493 eo
1689 432 1966 496 assumpta
1997 422 2047 484 A
2077 418 2268 476 scituri
2299 423 2444 482 sunt,
2475 413 2772 470 tolerantur
2804 405 3023 479 quidem
3052 418 3082 456 a
3120 397 3440 472 majoribus,
3474 404 3534 450 ut
3576 411 3671 450 eo-

1944 514 1959 522 -
2471 521 2477 522 ,
2511 504 2523 522 ι
2563 503 2576 522 ι
2605 517 2694 522 μ--
2737 499 2925 522 ---Μέση
2956 500 3347 522 ...πηιυηκηηιηιι
3417 487 3512 522 carl
3543 503 3660 522 mnu

382 565 471 613 est
491 553 633 608 Deus
665 549 825 603 homo
857 557 966 596 non
997 537 1172 594 solum
1203 536 1366 588 homo
1388 529 1530 583 ultra
1573 521 1840 582 homines,
1867 514 1964 570 sed

382 610 548 702 homo
569 640 731 696 etiam
754 647 916 704 super
943 627 1164 698 angelos
1200 624 1394 678 factus.
1439 612 1712 691 (Ηὶενοη.)
1758 610 1848 665 Fit
1871 623 1958 663 au-

384 746 494 794 tem
525 745 686 802 super
711 741 838 782 eum
867 736 1059 777 manus
1090 714 1329 780 Domini,

384 789 656 896 Babylone
685 817 910 889 positus,
961 813 1016 867 in
1073 808 1269 878 spiritu
1323 803 1391 858 ad
1419 810 1623 856 terram
1649 795 1863 849 veniret
1896 789 1972 844 ls-

386 917 536 973 rael:
567 922 622 970 et
664 920 1004 981 nequaquam
1036 904 1090 959 in
1143 899 1379 962 visione,
1432 893 1528 949 sed
1575 891 1632 945 in
1671 882 1971 942 visionibus

387 1012 484 1069 Dei
514 1015 808 1080 poneretur
854 1015 1020 1070 super
1055 1001 1298 1052 montem
1357 986 1634 1045 excelsum

386 1117 495 1176 quo
539 1100 706 1157 Isaias
755 1104 809 1151 et
843 1093 1096 1148 Michaeas
1141 1083 1548 1141 vaticinantur:
1589 1094 1607 1126 ‹

389 1193 688 1250 cendamus
748 1188 804 1242 in
858 1190 1098 1240 montem
1140 1173 1356 1233 Domini
1406 1179 1461 1226 et
1523 1168 1591 1222 ad
1626 1167 1843 1220 domum
1881 1157 1975 1214 Dei

387 1283 558 1341 Jacob
593 1280 751 1352 (Isai.
790 1293 851 1341 ιι,
884 1273 1048 1329 Mich.
1081 1269 1180 1342 ιν).
1214 1288 1234 1321 ι
1273 1263 1376 1332 Qui
1419 1275 1576 1316 mons
1609 1255 1857 1312 excelsus
1893 1257 1979 1305 est

391 1375 559 1433 nimis
598 1373 666 1427 ad
715 1363 1175 1438 comparationem
1223 1356 1488 1413 montium
1524 1359 1865 1410 caaterorum,
1912 1342 1982 1398 de

391 1465 590 1538 quibus
631 1437 906 1531 Pr0pheta
943 1460 1194 1515 testatur,
1252 1447 1440 1503 dicens
1473 1462 1486 1498 :
1524 1462 1543 1494 ι
1617 1437 1818 1494 Levavi
1844 1450 1980 1490 ocu-

393 1558 478 1615 los
525 1569 677 1612 meos
741 1553 796 1606 in
841 1555 1078 1611 montes,
1133 1541 1276 1597 unde
1332 1536 1512 1592 veniet
1541 1532 1664 1588 auxi

421 1649 570 1704 Pral.
595 1649 743 1704 cxx).
779 1666 794 1697 ι

421 1649 469 1704 Ρ
533 1649 570 1703 Ι.
647 1665 657 1672 ·
730 1686 743 1698 .
779 1666 794 1697 ι

396 1653 416 1726 (
469 1647 860 1810 ()1uem
887 1723 1480 1800 eratquasiaediﬁcium
1508 1714 1743 1774 civitatis
1763 1725 1988 1782 vergen-

2071 526 2190 565 rum
2230 522 2412 564 mores
2459 504 2526 558 ad
2563 503 2701 557 bona
2737 499 2930 554 merita
2954 500 3364 564 componantur,
3417 487 3514 542 sed
3543 503 3663 541 cum

2069 617 2162 658 eos
2194 616 2300 657 non
2329 604 2629 667 sequuntur
2649 592 2740 662 qui
2763 606 2860 661 per
2882 588 3000 643 illos
3031 584 3341 656 proficiant,
3374 581 3554 635 nullus
3580 595 3667 634 su-

1369 671 1619 778 ut\juxta
1653 671 1876 760 carnem
1912 698 1969 752 in
2069 710 2169 765 per
2190 708 2250 748 se
2281 689 2451 744 ﬁdelis
2489 685 2710 740 fabrica:
2751 680 2865 750 jam
2898 677 3103 749 lapides
3148 682 3350 745 portat.
3382 671 3536 725 Nunc
3565 671 3667 723 ita-

2072 801 2180 857 que
2218 783 2310 838 alii
2338 786 2626 852 portautur
2659 790 2690 828 a
2721 771 2897 835 nobis,
2923 783 3022 823 nos
3071 781 3202 820 vero
3247 762 3448 834 portati
3482 776 3670 815 sumus

2076 853 2144 933 ab
2174 875 2312 930 aliis.
2337 870 2510 928 Omne
2540 875 2719 922 autem
2751 863 2962 933 pondus
2991 858 3212 912 fabrica:
3243 853 3408 907 funda
3425 861 3671 904 mentum

1690 979 1874 1041 nimis,
1908 975 1976 1031 de
2076 973 2282 1039 portat,
2314 963 2440 1035 quia
2474 973 2656 1015 mores
2683 954 2841 1011 simul
2878 951 3120 1007 omnium
3167 945 3314 1002 solus
3344 944 3677 1011 Redemptor

1640 1073 1855 1136 Venite,
1883 1083 1978 1123 .as-
2076 1035 2266 1115 uoster
2291 1053 2508 1116 tolerat,
2541 1049 2605 1104 de
2633 1061 2739 1120 quo
2769 1043 2969 1098 Paulus
3017 1041 3094 1094 ait
3129 1057 3142 1093 :
3175 1057 3193 1089 ι
3232 1035 3672 1091 Fundamentum

2080 1149 2225 1204 aliud
2255 1159 2416 1202 nemo
2459 1147 2641 1212 potest
2677 1151 2880 1207 ponere
2919 1140 3115 1205 praeter
3165 1129 3218 1184 id
3257 1125 3402 1196 quod
3442 1124 3678 1194 positum

2081 1247 2164 1297 est
2193 1237 2245 1311 (1
2281 1235 2406 1292 Cor.
2431 1232 2540 1304 ιιι).
2584 1251 2602 1283 ι
2635 1229 2706 1284 Et
2732 1226 3032 1282 notandum
3050 1220 3194 1291 quod
3219 1217 3468 1273 eamdem
3491 1215 3681 1269 civita-

2085 1340 2191 1386 tem
2218 1342 2382 1398 quam
2401 1322 2673 1393 Propheta
2695 1316 2978 1389 conspexit
3007 1315 3075 1369 ad
3100 1320 3344 1367 austrum
3360 1313 3678 1378 vergentem

2085 1397 2251 1476 vidit.
2281 1416 2481 1472 Auster
2504 1413 2651 1470 enim
2672 1417 2867 1465 ventus
2897 1406 2989 1478 qui
3021 1405 3076 1459 iu
3106 1401 3278 1458 sancti
3295 1397 3535 1467 Spiritus
3560 1404 3684 1466 typo

1669 1531 1802 1586 lium
1851 1525 1986 1582 mihi
2087 1511 2213 1582 poni
2240 1508 2430 1571 soleat,
2450 1507 2495 1562 si
2521 1504 2611 1574 qui
2652 1503 2709 1558 in
2737 1514 2894 1556 sacro
2937 1494 3151 1566 eloquio
3181 1488 3409 1547 studiosi
3436 1495 3566 1543 sunt
3590 1500 3682 1538 re-

2091 1608 2441 1676 cognoscunt.
2481 1596 2636 1652 Sicut
2679 1609 2711 1650 e
2737 1587 3010 1648 contrario
3059 1601 3157 1656 per
3198 1581 3508 1652 aquilonem
3541 1588 3686 1644 saepe

2091 1667 2339 1752 diabolus
2381 1689 2718 1760 designatur,
2773 1682 2901 1754 quia
2931 1689 2984 1735 et
3021 1678 3109 1732 ille
3135 1683 3349 1730 rctaxat
3377 1672 3433 1726 in
3481 1667 3685 1729 calore,

471 1763 490 1796 ί
513 1757 687 1810 bllpel'
700 1757 860 1807 queui
887 1757 1003 1788 erat
1019 1757 1174 1800 quam
1189 1757 1480 1780 Φυιιιυιιιιιι
1508 1757 1743 1774 vus-cun...
1775 1757 1961 1782 v--u--.
2508 1757 2524 1760 ν

398 1835 473 1891 tis
498 1833 566 1887 ad
591 1836 857 1884 austrum.
890 1843 908 1874 ι
940 1817 1144 1893 (Ct-eg.)
1169 1811 1476 1869 Notandum
1500 1805 1645 1877 quod
1670 1819 1777 1858 non
1799 1801 1998 1856 dicitur
2024 1803 2072 1862 Β
2095 1793 2153 1840 ει
2195 1780 2520 1852 constringit
2562 1779 2616 1833 in
2653 1775 2877 1844 frigore.
2905 1770 2973 1824 Et
3014 1767 3229 1824 Veritas
3271 1762 3402 1818 dicit
3430 1776 3445 1814 :
3484 1778 3502 1809 ι
3535 1757 3691 1811 Post-

2173 1891 2183 1893 -
2215 1891 2244 1893 .-
2295 1870 2582 1893 ,ιηημημ
2611 1865 2864 1893 :_:....:.....
2938 1859 3245 1893 νον-»ἱηηεροι
3283 1853 3527 1893 nimi-itas
3554 1847 3691 1893 mul-

399 1938 562 1992 super
587 1933 746 1990 quem
770 1922 890 1971 erat
919 1909 1225 1970 redilicium,
1245 1903 1341 1959 sed
1373 1919 1391 1952 ‹
1422 1899 1580 1969 quasi
1607 1894 1894 1952 aedilicium
1921 1932 1936 1957 ,
1961 1911 1979 1944 ι

400 1981 483 2067 ιιι⁸
514 1981 769 2066 videlicet
808 2003 1183 2060 ostenderetur
1211 1994 1357 2066 quod
1393 2007 1501 2046 non
1543 1985 1860 2057 corporalis,
1894 1981 1990 2038 sed

2089 1891 2254 1947 quam
2289 1847 2587 1928 abundavit
2609 1865 2888 1937 iniquitas,
2938 1859 3252 1930 refrigescet
3283 1853 3527 1910 charitas
3554 1847 3691 1904 mul-

2093 1945 2271 2024 torum
2305 1964 2524 2038 (Matth.
2553 1959 2728 2032 xxiv).
2772 1977 2790 2009 ι
2824 1955 2952 2011 Haec
2976 1967 3109 2022 ergo
3134 1949 3326 2004 civitas
3355 1945 3421 2000 ad
3443 1954 3692 1998 austmm

404 2036 463 2067 ιιι
518 2036 769 2066 νιυυιιυῠι
808 2036 1174 2060 υθιυιιυυιυιυι
1212 2036 1357 2066 vim]...
1393 2036 1501 2046 ..ν-
1547 2036 1860 2057 ---ιη-πη,
1905 2036 1944 2038 ,κ

404 2102 664 2176 spiritalis
709 2097 948 2154 civitatis
998 2092 1228 2149 aedilicio
1258 2095 1455 2143 cuncta
1512 2084 1844 2144 dicerentur,
1897 2077 1991 2148 qui

2116 2075 2320 2133 'ergere
2349 2059 2568 2121 dicitur,
2614 2069 2680 2109 ac
2699 2052 2746 2107 si
2781 2056 2970 2120 aperte
3024 2046 3318 2102 diceretur.
3359 2037 3516 2105 Quod
3541 2036 3694 2106 prior

2121 2154 2183 2176 ¹¹“
2224 2151 2410 2176 λτ-’ίηιη
2439 2159 2706 2176 "MM-Ann
2740 2143 2791 2176 ἶη
2821 2138 3126 2176 ἶηίῖιὶριῖὶιιις
3154 2135 3267 2176 cui:
3287 2133 3352 2176 ml
3381 2130 3694 2176 annilnnem

403 2195 550 2252 enim
581 2207 687 2247 non
721 2203 778 2245 se
806 2185 1111 2245 aedilicium,
1151 2181 1246 2237 sed
1296 2177 1450 2249 quasi
1479 2173 1768 2230 aediﬁcium
1794 2171 1994 2226 vidisse

408 2284 680 2357 perhibet.
741 2280 848 2336 Cor
890 2275 1221 2331 audientium
1267 2273 1334 2327 ad
1390 2267 1688 2339 spiritalem
1733 2264 1994 2319 fabricam

411 2353 613 2439 inittit,
668 2374 809 2428 sicut
880 2384 978 2440 per
1048 2365 1390 2421 Psalmistam
1443 2359 1641 2414 dicitur
1681 2371 1696 2410 :
1737 2373 1755 2406 ι
1783 2353 1998 2409 Jerusa-

406 2467 513 2523 lem
561 2480 684 2534 qum
730 2460 1030 2516 mdiﬁcatur
1057 2464 1114 2511 ut
1157 2453 1349 2511 civitas
1385 2447 1557 2522 (Psal.
1587 2445 1756 2516 cxxr).
1795 2465 1813 2496 ι
1859 2441 1996 2509 Quia

407 2557 552 2612 enim
589 2556 644 2608 in
688 2552 777 2606 illa
821 2559 1056 2605 terrena:
1097 2544 1247 2617 pacis
1278 2541 1417 2597 visio
1466 2553 1534 2594 ex
1579 2545 1891 2592 sanctorum
1917 2531 1996 2586 ci-

410 2647 560 2702 vium
613 2641 1034 2712 congregatione
1091 2633 1442 2696 construitur,
1490 2625 1794 2684 Jerusalem
1835 2621 2001 2679 caele-

413 2739 516 2794 stis
550 2745 612 2790 ut
655 2735 849 2789 civitas
891 2730 1209 2786 aediﬁcantur.
1253 2724 1391 2790 Quia
1417 2731 1601 2776 tamen
1632 2719 1686 2774 in
1717 2720 1820 2773 hac
1849 2730 2000 2786 pere-

413 2828 734 2903 grinationis
785 2833 930 2879 terra
974 2824 1102 2878 dum
1139 2817 1364 2889 flagellis
1399 2811 1726 2884 percutitur,
1781 2806 2002 2862 tribula-

416 2901 657 2978 tionibus
698 2917 964 2980 tunditur,
1023 2913 1144 2983 ejus
1191 2909 1400 2980 lapides
1434 2906 1677 2977 quotidie
1727 2901 2003 2972 quadran-

417 3025 546 3072 tur:
571 3022 628 3069 et
649 3013 763 3083 ipsa
787 3019 872 3066 est
892 3008 1112 3071 civitas,
1135 3003 1343 3060 scilicet
1369 3008 1558 3056 sancta
1597 2993 1860 3057 Ecclesia,
1885 3006 2005 3061 quae

419 3115 713 3177 regnatura
746 3103 801 3158 in
831 3099 971 3157 eicio
1023 3098 1201 3152 adhuc
1238 3093 1448 3147 laborat
1486 3090 1538 3144 in
1586 3096 1752 3150 terra,
1807 3084 1860 3138 in
1897 3096 2004 3151 qua

2100 2130 2413 2208 illavcivitas
2439 2159 2710 2220 synagoga
2740 2143 2793 2198 in
2821 2138 3126 2196 inﬁdelibus
3154 2135 3268 2191 suis
3286 2133 3355 2188 ad
3381 2130 3697 2201 aquilonem

2099 2245 2276 2308 stetit,
2305 2257 2427 2312 quae
2449 2240 2505 2294 in
2530 2237 2734 2306 frigore
2771 2231 3013 2305 perfidiae
3048 2228 3283 2284 duravit.
3311 2225 3517 2280 Sancta
3553 2237 3686 2276 vero

2098 2335 2343 2392 Ecclesia
2391 2347 2510 2402 quae
2566 2328 2888 2384 cbaritatem
2937 2323 3062 2378 ﬁdei
3109 2319 3358 2390 concepit
3412 2333 3514 2388 per
3553 2315 3698 2371 calo-

2101 2442 2215 2483 rem
2239 2426 2306 2481 ad
2350 2431 2598 2479 austrum
2631 2418 2829 2489 vergit,
2861 2424 2918 2472 et
2944 2413 3101 2484 quasi
3137 2411 3310 2468 calido
3356 2419 3520 2466 vento
3543 2409 3692 2464 inni-

2101 2521 2236 2575 titur
2281 2532 2403 2587 quae
2429 2530 2539 2570 non
2577 2513 2632 2568 in
2656 2525 2753 2567 sua
2794 2507 3012 2573 ﬁducia,
3039 2504 3134 2560 sed
3173 2504 3229 2559 in
3257 2505 3402 2559 dono
3429 2501 3700 2572 spiritalis

2102 2607 2292 2680 gratiae
2319 2605 2551 2661 lzetatur.

2173 2698 2242 2754 Et
2265 2693 2566 2752 introduxit
2613 2705 2698 2746 me
2752 2688 2899 2743 illuc.
2952 2682 3226 2758 (Ηίετοη.)
3269 2683 3337 2738 Et
3375 2680 3703 2736 subauditur

2104 2806 2298 2848 manus
2315 2789 2434 2845 Dei.
2461 2786 2592 2842 Illuc
2614 2791 2821 2849 autem,
2860 2780 2963 2836 hoc
2990 2787 3092 2842 est,
3112 2775 3268 2847 quasi
3314 2775 3384 2830 ad
3407 2773 3703 2829 aedilicium

2106 2881 2366 2947 civitatis,
2392 2887 2453 2934 ut
2481 2876 2615 2933 inibi
2661 2881 2857 2932 cuncta
2885 2886 3005 2942 quae
3031 2876 3188 2924 erant
3238 2850 3574 2922 intrinsecus
3601 2864 3700 2918 de-

2107 2979 2460 3031 monstraret.
2490 2967 2695 3042 (Greg.)
2719 2963 2968 3022 Caelestis
3019 2960 3257 3017 civitatis
3285 2956 3579 3012 aediﬁcium
3615 2954 3706 3009 ille

2110 3067 2302 3128 intrat,
2331 3061 2425 3133 qui
2454 3062 2506 3117 in
2538 3070 2728 3118 saneta
2752 3054 2996 3112 Ecclesia
3021 3053 3286 3107 bonorum
3333 3049 3453 3102 vias
3480 3046 3699 3102 imitan-

428 3138 713 3177 Ιϊῆῑιιιιυια
746 3138 801 3158 ιιι
831 3138 971 3157 νωιιυ
1023 3138 1201 3152 νιν-,νυ
1238 3138 1447 3147 ...ην-..ν
1486 3138 1538 3144 ---
1591 3138 1712 3142 -v--.
1738 3138 1751 3150 ,
1914 3138 1931 3151 ι

428 3218 447 3250 ι
500 3209 730 3267 magnus
787 3190 1046 3247 Dominus
1093 3193 1148 3240 et
1192 3178 1478 3237 laudabilis
1508 3175 1670 3232 nimis
1700 3173 1754 3230 in
1781 3171 2004 3228 civitate
2029 3151 2077 3215 (ἶ
2106 3157 2174 3212 d0
2209 3152 2524 3210 considerat
2555 3167 2570 3203 :
2598 3149 2809 3203 Intrare
2854 3144 3052 3214 quippe
3098 3149 3183 3197 est
3210 3138 3504 3195 :cdilicium
3543 3151 3702 3206 super

1757 3264 1766 3267 ‘
1865 3260 1950 3267 ’“·“
2115 3246 2306 3267 ΛΑ-ίη-
2349 3252 2549 3267 “unum
2586 3237 2843 3267 Dnnlmim
2899 3233 3132 3267 nnnlilnr
3178 3231 3231 3267 in
3276 3227 3507 3267 nlinﬁnn
3545 3225 3702 3267 nrnﬁ.

420 3290 518 3346 Dei
559 3260 728 3342 nostri
756 3284 810 3338 in
849 3288 1031 3336 monte
1059 3285 1247 3333 sancto
1267 3272 1385 3342 ejus
1411 3267 1584 3342 (Psal.
1613 3264 1831 3336 xum)»
1857 3260 2008 3334 (Hie-

423 3379 578 3450 ron.)
610 3377 678 3432 Et
715 3377 772 3430 in
819 3371 1066 3428 turribus
1093 3365 1336 3423 civitatis
1365 3363 1499 3418 isius
1543 3359 1689 3413 Deus
1725 3351 2008 3425 cognosci-

425 3481 518 3526 tur
541 3441 757 3540 quando
779 3462 1037 3532 suscipiet
1070 3474 1214 3521 eam,
1245 3458 1311 3509 de
1347 3467 1453 3522 qua
1469 3458 1526 3505 et
1556 3447 1687 3502 alibi
1714 3464 1727 3499 :
1760 3463 1778 3496 ι
1809 3441 2012 3497 Flumi-

426 3561 516 3618 nis
558 3536 792 3629 impetus
853 3555 1090 3610 laetiﬁcat
1143 3549 1416 3605 civitatem
1456 3543 1552 3597 Dei
1593 3539 1766 3612 (Psal.
1817 3536 1960 3608 va).
1986 3555 2004 3587 ι

429 3656 543 3711 Et:
582 3671 601 3705 ι
630 3651 748 3706 Non
801 3658 981 3720 potest
1023 3641 1279 3700 abscondi
1332 3638 1526 3694 civitas
1572 3649 1732 3703 super
1774 3639 2013 3685 utentem

427 3745 606 3818 posita
661 3742 877 3814 (Matth.
926 3738 1004 3811 v),
1045 3757 1062 3790 ι
1091 3751 1211 3804 qum
1241 3731 1479 3802 loquitur
1521 3727 1573 3780 in
1628 3724 1764 3778 lsaia
1795 3741 1808 3776 :
1839 3742 1856 3773 ι
1902 3721 2013 3790 Ego

430 3811 622 3891 civitas
652 3811 828 3896 ﬁrma,
855 3829 1048 3886 civitas
1081 3841 1200 3897 qua:
1224 3828 1568 3893 oppugnatur
1595 3814 1734 3887 (Iw.
1775 3811 1953 3879 xxvr).
1991 3830 2010 3861 ι

430 3925 550 3981 Νοιι
598 3923 734 3979 dixit
787 3937 904 3991 qua:
961 3925 1312 3986 expugnatur,
1343 3911 1434 3966 sed
1485 3914 2016 3978 oppugnaturzquae

431 4017 698 4074 aulilicata
729 4022 812 4068 est
847 4024 1008 4079 super
1029 4016 1261 4076 petram,
1288 4011 1342 4057 ct
1367 4001 1510 4056 nulla
1539 4004 1858 4068 tempestate
1890 4007 2019 4048 con-

434 4109 657 4166 cutitur.
698 4098 1054 4175 (Greg.)Qu:e
1086 4094 1336 4149 videlicet
1385 4091 1574 4145 civitas
1624 4089 1786 4142 habet
1829 4084 1918 4138 hic
1964 4083 2017 4136 in

435 4210 749 4260 sanctorum
781 4195 1022 4250 moribus
1069 4203 1319 4258 magtmm
1345 4185 1455 4253 jam
1501 4181 1788 4237 mdilicium
1840 4191 2016 4230 suum.

435 4297 494 4350 lu
531 4289 759 4348 aedificio
782 4286 980 4357 quippe
1002 4281 1140 4352 lapis
1164 4278 1393 4348 lapidem
1422 4281 1624 4344 portat,
1651 4271 1743 4340 qui
1775 4269 1908 4338 lapis
1933 4283 2023 4322 su-

439 4400 538 4459 per
566 4382 799 4452 lapidem
828 4377 1066 4448 ponitur,
1099 4381 1150 4427 et
1179 4369 1267 4440 qui
1293 4375 1476 4438 portat
1514 4365 1743 4418 alterum
1777 4368 2026 4432 portatur

443 4479 512 4534 ab
539 4476 711 4530 altero
743 4490 755 4524 :
790 4471 870 4526 sic
917 4469 1100 4536 itaque
1147 4463 1227 4518 sic
1255 4463 1307 4516 in
1341 4467 1530 4514 sancta
1566 4454 1829 4518 Ecclesia,
1859 4465 2026 4506 unus-

443 4570 672 4641 quisque
698 4573 753 4622 et
773 4571 957 4635 portat
985 4560 1214 4615 alterum
1233 4563 1286 4611 et
1310 4559 1558 4625 portatur
1586 4550 1654 4606 ab
1681 4547 1872 4602 altero.
1891 4541 2030 4596 Nam

444 4661 683 4718 vicissim
712 4674 771 4713 se
808 4653 1038 4726 proximi
1077 4651 1332 4712 tolerant,
1379 4653 1437 4700 ut
1475 4657 1572 4713 per
1613 4655 1708 4696 eos
1741 4635 2032 4692 aediﬁcium

450 4750 733 4812 charitatis
779 4755 984 4817 surgat.
1041 4743 1178 4798 Hinc
1225 4740 1370 4794 enim
1413 4735 1613 4790 Paulus
1657 4731 1910 4787 admonet
1954 4726 2034 4780 di-

451 4861 583 4905 cens
623 4861 636 4897 :
671 4862 689 4894 ι
725 4841 957 4896 Invicem
987 4852 1152 4892 onera
1174 4844 1359 4889 vestra
1385 4837 1620 4900 portate,
1653 4836 1708 4880 et
1752 4825 1831 4879 sic
1860 4823 2034 4877 adim-

453 4940 673 5014 plebitis
713 4935 884 5004 legem
909 4930 1110 4986 Christi
1136 4925 1279 4998 (Gal.
1317 4923 1415 4992 vi).
1453 4942 1469 4972 ι
1503 4919 1668 4988 Cujus
1712 4918 1844 4985 legis
1869 4914 2037 4969 virtu-

455 5045 565 5090 tem
625 5025 973 5088 denuntians,
1026 5021 1101 5075 ait
1146 5037 1162 5073 :
1217 5037 1234 5068 ι
1292 5014 1577 5071 Plenitudo
1620 5011 1751 5082 legis
1799 5007 2040 5064 charitas

453 5124 634 5197 (Rom.
678 5117 853 5186 ιιιι).›
899 5113 957 5168 Si
995 5111 1140 5166 enim
1177 5125 1276 5181 ego
1327 5123 1424 5161 vos
1461 5113 1679 5176 portare
1734 5099 1944 5170 neglige
1986 5095 2036 5150 in

455 5214 698 5275 moribus
717 5208 934 5276 vestris,
957 5213 1014 5260 et
1042 5219 1136 5258 vos
1168 5217 1252 5256 me
1283 5198 1576 5254 intolerare
1601 5190 1946 5250 contemnitis
1987 5187 2039 5241 in

367 5298 382 5311 '
456 5307 700 5366 moribus
739 5301 899 5357 meis.
936 5293 1232 5353 Cbaritatis
1269 5293 1410 5347 inter
1441 5304 1541 5344 nos
1570 5283 1858 5340 aedilicium
1903 5279 2044 5334 unde

455 5401 656 5472 surgit,
683 5409 822 5468 quos
842 5390 1044 5448 vicaria
1091 5386 1305 5444 dilectio
1329 5398 1427 5455 per
1449 5378 1762 5453 patientiam
1791 5388 1897 5427 non
1921 5385 2049 5425 cou-

456 5470 652 5564 juugit.
686 5486 917 5558 Lapides
941 5497 1073 5537 vero
1095 5478 1187 5551 qui
1230 5477 1283 5532 in
1336 5472 1648 5530 summitate
1675 5475 1839 5536 atque
1863 5470 2045 5517 extre-

461 5553 651 5642 mitate
677 5553 895 5636 fabrica:
925 5583 1218 5646 ponuntur,
1260 5567 1362 5640 ipsi
1397 5565 1615 5635 quidem
1650 5567 1933 5631 portantur
1979 5553 2049 5606 ab

465 5677 607 5740 aliis,
665 5675 759 5728 sed
785 5644 1284 5736 aliosvnequaquam
1331 5665 1564 5730 portant.
1598 5653 1734 5722 Quia
1767 5659 1822 5706 et
1859 5647 1912 5702 iii
1958 5644 2048 5716 qui

467 5763 528 5822 iu
554 5762 715 5820 ﬁnem
743 5760 1018 5825 Ecclesiae,
1071 5757 1124 5813 id
1155 5763 1254 5822 cst,
1289 5754 1345 5810 in
1371 5747 1715 5806 extremitate
1746 5739 1927 5798 mundi
1955 5752 2050 5792 na—

2108 3246 2310 3302 electos
2348 3252 2551 3298 sancta:
2585 3237 2844 3294 Ecclesiae
2898 3233 3132 3304 qualiter
3178 3231 3234 3284 in
3275 3227 3507 3282 Domino
3544 3225 3709 3296 proﬁ-

2109 3335 2261 3389 ciunt
2298 3329 2531 3386 amando
2556 3326 2926 3384 considerare.
2964 3319 3220 3390 Quisquis
3256 3333 3388 3388 ergo
3422 3317 3478 3370 in
3516 3321 3708 3369 sancta

2110 3423 2352 3480 Ecclesia
2393 3419 2742 3477 considerare
2794 3415 3028 3472 sollicite
3047 3412 3249 3477 studet,
3273 3418 3335 3465 ut
3363 3416 3456 3463 aut
3515 3409 3569 3461 in
3611 3407 3710 3460 bo-

2111 3530 2308 3572 norum
2331 3511 2744 3582 coniugatorum
2761 3507 2953 3572 vitam,
2969 3513 3062 3558 aut
3087 3505 3141 3558 in
3164 3517 3290 3558 arce
3311 3498 3714 3555 continentium

2114 3619 2168 3663 et
2205 3607 2390 3663 omnia
2428 3620 2550 3674 quae
2589 3610 2717 3658 sunt
2760 3599 2922 3670 hujus
2958 3595 3146 3652 mundi
3193 3591 3712 3662 derelinquentium,

2121 3709 2215 3756 aut
2259 3698 2426 3754 etiam
2499 3695 2552 3748 in
2602 3689 3019 3764 praedicatorum
3067 3685 3383 3742 summitate
3432 3681 3713 3752 proﬁciat,

2111 3790 2224 3861 jam
2280 3785 2518 3843 civitatis
2549 3784 2602 3838 in
2640 3790 2884 3838 montem
2905 3777 3093 3848 positae
3124 3772 3414 3829 adiﬁcium
3466 3769 3712 3824 intravit.

2119 3877 2256 3932 Nam
2303 3873 2394 3943 qui
2471 3869 2820 3927 considerare
2891 3863 3180 3918 meliorum
3247 3858 3418 3912 vitam
3461 3865 3521 3908 ut
3591 3869 3719 3923 pro-

2122 3967 2270 4022 ﬁciat
2305 3962 2546 4034 negligit,
2597 3959 2772 4013 adhuc
2798 3965 2951 4011 extra
2985 3949 3248 4006 fabricam
3275 3955 3384 4002 stat
3415 3963 3428 3998 :
3459 3954 3518 3998 et
3551 3945 3599 3997 si
3623 3944 3718 3997 ho-

2124 4073 2313 4116 norem
2339 4071 2498 4126 quem
2520 4052 2634 4122 jam
2658 4058 2845 4105 sancta
2869 4043 3108 4100 Ecclesia
3132 4041 3185 4095 in
3211 4036 3415 4093 mundo
3436 4034 3604 4089 habet
3630 4032 3721 4087 ad-

2124 4152 2357 4208 miratur
2385 4145 2539 4216 quasi
2569 4141 2858 4198 aedilicium
2899 4135 3033 4189 foris
3062 4129 3330 4199 conspicit
3378 4137 3433 4180 et
3464 4116 3722 4194 Obstupe-

2127 4242 2230 4298 seit
2269 4258 2281 4292 :
2311 4246 2367 4294 et
2410 4235 2536 4305 quia
2583 4228 2946 4288 exterioribus
2977 4221 3108 4278 solis
3159 4220 3402 4274 intentus
3435 4224 3543 4280 est,
3574 4214 3722 4267 intus

2129 4336 2408 4404 ingressus
2429 4345 2534 4383 non
2562 4335 2668 4382 est.

2210 4459 2228 4492 ι
2252 4440 2318 4494 Et
2338 4449 2465 4492 ecce
2485 4434 2568 4486 vir
2588 4429 2744 4500 cujus
2757 4432 2878 4483 erat
2896 4423 3108 4494 species
3117 4419 3273 4490 quasi
3294 4411 3510 4485 species
3529 4410 3676 4464 atris.
3702 4428 3719 4458 ι

2057 4503 2110 4562 D
2139 4536 2257 4606 ipse
2285 4531 2531 4601 signatur
2583 4523 2638 4577 in
2685 4521 2804 4576 viro
2850 4515 3226 4587 qniliguratur
3271 4523 3340 4562 ex
3394 4511 3582 4559 monte
3611 4501 3727 4554 :vir

2141 4589 2450 4680 autemiste
2475 4615 2652 4672 metiri
2677 4608 2963 4666 mdiﬁcium
2993 4602 3208 4660 dicitur.
3246 4597 3314 4675 Et
3357 4602 3508 4649 recte
3548 4589 3723 4645 Domi-

2144 4733 2245 4772 nus
2269 4728 2366 4785 per
2389 4711 2567 4766 virum
2619 4705 2865 4774 signatur
2917 4705 2975 4753 et
3004 4701 3242 4750 montem
3276 4686 3444 4757 :quia
3500 4691 3561 4738 ct
3617 4683 3732 4751 ipse

2143 4775 2324 4866 omnia
2354 4805 2496 4860 intra
2526 4807 2768 4856 sanctam
2799 4789 3102 4849 Ecclesiam
3138 4782 3374 4854 disponit
3411 4775 3730 4850 judicando,

2146 4908 2202 4954 et
2227 4899 2342 4968 ipse
2367 4893 2614 4949 eamdem
2659 4894 2904 4943 sanctam
2929 4877 3230 4938 Ecclesium
3258 4878 3462 4943 portat,
3490 4877 3551 4922 ct
3605 4880 3732 4935 por-

2143 4967 2306 5045 tando
2356 4987 2423 5041 ad
2469 4981 2712 5040 caelestia
2765 4975 3033 5033 sublevat.
3077 4968 3170 5023 Sic
3199 4967 3253 5020 in
3281 4969 3474 5018 sancto
3523 4971 3734 5028 quoque

2144 5078 2432 5150 Evangelio
2477 5076 2646 5129 isdem
2673 5069 3004 5135 Redemptor
3025 5067 3209 5117 noster
3238 5053 3478 5125 loquitur
3509 5050 3733 5104 dicens:

2151 5197 2168 5227 ι
2197 5175 2298 5242 Qui
2326 5173 2494 5226 intrat
2519 5182 2616 5238 per
2634 5164 2855 5225 ostium,
2871 5167 3059 5228 pastor
3077 5160 3162 5208 est
3188 5149 3373 5204 ovium
3400 5143 3588 5216 (Joau.
3612 5137 3692 5208 x).
3714 5157 3732 5186 ι

2147 5233 2242 5322 Et‘
2265 5263 2424 5335 paulo
2450 5233 2572 5330 post
2599 5275 2612 5310 :
2653 5275 2671 5306 ι
2703 5254 2814 5324 Ego
2848 5265 2969 5306 sum
3007 5245 3230 5302 ostium.
3273 5259 3293 5292 ι
3329 5238 3510 5306 Atque
3541 5233 3738 5286 iterum

2149 5326 2282 5428 post.
2315 5326 2489 5425 pauca
2543 5346 2863 5418 subiungit:
2898 5361 2917 5393 ‹
2959 5340 3070 5407 Ego
3114 5350 3235 5391 sum
3267 5338 3456 5402 pastor
3482 5326 3676 5381 bonus.
3715 5338 3734 5370 ι

2152 5421 2208 5504 Si
2241 5421 2406 5520 igiiur
2436 5447 2550 5514 ipse
2572 5448 2758 5512 pastor
2792 5443 2849 5491 et
2876 5435 2990 5504 ipse
3036 5429 3262 5490 ostium,
3292 5432 3350 5478 et
3370 5421 3738 5484 intratpastot‘

2151 5562 2248 5618 per
2288 5543 2510 5604 ostium,
2555 5551 2654 5591 cur
2686 5548 2794 5589 non
2823 5532 2929 5586 hoc
2975 5527 3029 5580 in
3073 5523 3208 5584 loco,
3239 5526 3298 5574 et
3336 5517 3456 5585 ipse
3480 5522 3636 5565 mons
3685 5509 3740 5556 el

2154 5602 2265 5710 ipse
2304 5637 2385 5689 vir
2407 5602 2724 5699 intelligitur
2751 5623 2843 5694 qui
2870 5616 3163 5676 aediﬁcium
3194 5608 3424 5665 metitur
3445 5603 3500 5658 in
3533 5602 3738 5694 monte,

2154 5684 2264 5710 ..ων
2581 5684 2610 5699 ε.
2771 5684 2782 5694 ,

2154 5731 2242 5786 ille
2275 5726 2522 5783 videlicet
2563 5722 2647 5776 vir
2689 5719 2753 5773 de
2783 5729 2890 5786 quo
2940 5708 3206 5779 scriptum
3237 5709 3360 5757 est:
3399 5714 3416 5747 I
3448 5693 3584 5750 Ecce
3631 5684 3737 5748 vir,
