3972 6184
1123 327 1126 329 Α
1217 267 1569 325 COMMENT.
1606 268 1673 324 ΙΝ
1709 266 2157 326 EZECHIELEM.
2197 294 2265 306 —-
2304 266 2432 322 LIB.
2473 265 2614 324 XIV.

3433 269 3565 326 886»

293 389 492 447 Oriens
511 397 708 442 nomen
743 383 863 452 ejus
897 379 1082 455 (Zach.
1111 378 1209 452 vi).
1267 399 1286 434 ι
1318 378 1587 454 (Hieran)
1629 378 1872 436 Habebat
1897 394 1946 454 Α
1973 379 2453 443 caementariorum,
2485 377 2580 434 sed
2613 375 2882 435 funiculus
2910 375 3084 433 lineus
3110 377 3163 433 in
3203 392 3366 432 manu
3400 376 3532 448 ejus.

295 486 480 534 autem
515 473 751 545 speciem
791 484 1129 540 nequaquam
1153 467 1366 536 electri,
1398 476 1457 524 ut
1492 470 1549 524 in
1599 468 1866 540 principio

295 569 460 639 hujus
484 565 770 621 voluminis
794 562 1026 630 dicitur;
1063 576 1236 632 neque
1281 561 1557 618 accinctus
1582 568 1703 616 erat
1730 574 1866 614 zona

296 675 487 723 aurea,
511 667 572 713 ut
595 657 650 712 in
671 653 896 710 Joannis
918 651 1240 724 Apocalypsi
1263 652 1446 724 (Apoc.
1473 651 1513 725 ι)
1537 651 1864 719 continetur,

297 752 394 807 sed
424 749 658 805 habebat
698 745 933 817 speciem
966 742 1125 812 juxta
1153 742 1468 798 bebraicum
1513 741 1667 811 quasi
1717 739 1864 796 aeris.

296 841 426 896 Hmc
452 838 596 893 enim
625 834 848 891 materia
893 833 1103 890 cunctis
1143 831 1372 887 metallis
1398 831 1638 886 vocalior
1679 839 1782 898 est,
1810 837 1870 887 et

296 930 498 985 tinnitu
539 928 696 999 longe
735 931 974 982 resonat.
1024 922 1180 981 Unde
1202 929 1259 978 et
1291 921 1348 976 in
1377 920 1562 976 Daniel
1587 920 1748 990 (Dan.
1799 916 1865 992 ιι)

293 1020 349 1074 in
379 1018 614 1089 imagine
636 1031 756 1086 qua:
801 1023 926 1072 erat
947 1028 1016 1070 ex
1058 1026 1212 1077 auro,
1254 1019 1504 1082 argento,
1529 1025 1656 1076 mre,
1686 1008 1862 1065 ferro-

291 1125 399 1181 que
440 1115 737 1178 compaeta,
767 1119 993 1176 regnum
1032 1100 1324 1158 Alexandri
1356 1109 1518 1170 atque
1555 1098 1863 1154 Graecorum

291 1202 346 1254 In
375 1200 503 1254 atris
529 1195 878 1254 similitudine
905 1194 1325 1256 demonstratur,
1353 1199 1416 1244 ut
1448 1188 1650 1244 Gnecze
1672 1187 1866 1258 lingua:

289 1288 603 1358 eloquentia
643 1286 994 1358 signaretur:
1031 1281 1137 1337 Per
1181 1294 1344 1352 quam
1388 1276 1732 1333 manifestum
1780 1280 1867 1329 est

291 1382 472 1436 adhuc
499 1394 594 1436 eos
623 1378 861 1448 indigere
892 1374 1136 1431 doctrina
1182 1372 1276 1443 qui
1332 1369 1514 1440 templi
1548 1366 1864 1438 spiritaliter

289 1467 615 1534 aedificandi,
645 1467 873 1522 necdum
915 1465 1076 1534 plena
1103 1476 1305 1518 novere
1353 1458 1631 1531 mysteria.
1669 1454 1860 1512 Cuncti

288 1569 474 1616 autem
511 1558 760 1616 novimus
801 1554 1076 1612 metallum
1103 1553 1228 1609 teris
1267 1551 1426 1607 valde
1462 1563 1584 1605 esse
1616 1545 1862 1603 durabile

289 1661 457 1722 atque
501 1645 811 1706 omnimodo
845 1659 1120 1702 sonorum.
1152 1639 1330 1712 (Greg.
1361 1638 1382 1714 )
1415 1638 1554 1707 Quid
1602 1643 1688 1694 est
1731 1649 1861 1707 ergo

1967 466 2082 524 Hoc
2108 468 2250 538 quod
2283 467 2424 540 apud
2461 483 2560 523 nos
2591 467 2792 525 certius
2817 468 3048 524 habetur
3073 479 3346 537 exponere
3379 465 3540 525 debe—

1964 572 2109 612 mus.
2134 557 2348 612 Scimus
2373 565 2553 612 autem
2581 558 2723 627 quod
2767 555 3036 612 funiculus
3081 555 3254 611 lineus
3293 553 3542 612 subtilior

1965 653 2050 703 est
2082 660 2243 716 quam
2264 645 2310 700 si
2335 644 2554 702 funiculi
2580 644 2712 701 ﬁant
2734 645 2967 702 aliunde.
2992 644 3060 701 Et
3077 645 3205 716 quid
3227 645 3280 701 in
3306 644 3561 701 funiculo

1963 736 2130 804 lineo,
2167 735 2272 792 nisi
2314 735 2645 792 subtiliorem
2672 735 3132 806 praedicationem,
3161 734 3215 790 id
3242 741 3349 799 est,
3385 735 3544 806 spiri-

1964 825 2128 882 talem
2156 827 2412 882 debemus
2442 824 2720 896 accipere?
2747 823 2985 881 Censura
3014 824 3213 880 etenim
3242 823 3377 894 legis
3402 823 3544 878 funi-

1962 914 2116 971 culus
2145 914 2261 980 fuit,
2285 913 2379 971 sed
2406 913 2580 968 lineus
2602 928 2709 968 non
2745 911 2882 967 fuit:
2910 913 3035 982 quia
3063 912 3252 966 rudem
3284 910 3540 982 pepulum

1961 1019 2071 1061 non
2112 1005 2294 1061 subtili
2321 1003 2703 1075 praedicatione
2731 1003 2990 1068 coercuit,
3031 1002 3082 1056 in
3110 1017 3217 1072 quo
3245 1016 3342 1072 per
3369 1001 3540 1072 poeni-

1961 1093 2188 1149 tentiam
2234 1107 2346 1149 non
2390 1100 2611 1166 peccata
2650 1091 3009 1162 cogitationis,
3040 1089 3133 1146 sed
3172 1090 3352 1160 operis
3391 1103 3542 1144 rese-

1961 1182 2145 1240 cavit:
2178 1190 2234 1248 at
2262 1190 2546 1254 postquam
2587 1197 2684 1254 per
2711 1182 3059 1253 semetipsum
3092 1182 3353 1237 Dominus
3375 1182 3555 1236 etiam.

1961 1271 2312 1344 cogitationes
2341 1272 2620 1327 hominum
2662 1271 3004 1343 praedicando
3033 1270 3301 1342 religavit,
3325 1277 3381 1326 et
3417 1286 3544 1341 per-

1961 1359 2161 1415 fectum
2187 1375 2311 1416 esse
2341 1369 2620 1431 peccatum
2652 1361 2816 1417 etiam
2841 1361 2896 1415 in
2925 1360 3087 1416 corde
3115 1361 3371 1427 innotuit,
3400 1359 3545 1416 funi»

1967 1450 2145 1506 culum
2179 1450 2382 1506 lineum
2409 1451 2465 1507 in
2501 1465 2670 1506 manu
2695 1450 2887 1506 tenuit.
2911 1450 3002 1505 Ait
3034 1449 3217 1505 enim:
3254 1469 3273 1503 ‹
3299 1449 3560 1506 Audistis

1961 1541 2088 1611 quia
2116 1541 2318 1596 dictum
2346 1549 2429 1597 est
2452 1541 2711 1611 antiquis,
2751 1553 2860 1596 non
2889 1539 3265 1595 mmchaberis.
3297 1539 3411 1608 Ego
3443 1553 3543 1593 au-

1963 1641 2074 1688 tem
2103 1632 2221 1688 dico
2265 1632 2457 1689 vobis:
2483 1631 2585 1700 Qui
2614 1630 2812 1687 viderit
2855 1629 3136 1686 mulierem
3179 1631 3247 1685 ad
3276 1628 3556 1700 concupi--

286 1720 438 1813 quod
489 1747 740 1810 aspectus
789 1735 1103 1793 mediatoris
1135 1735 1231 1790 Dei
1263 1741 1320 1789 et
1359 1731 1638 1787 hominum
1664 1727 1862 1798 speciei
1889 1727 1938 1788 B
1963 1721 2224 1813 scendum
2244 1737 2388 1787 eam,
2405 1721 2519 1813 jam
2549 1721 2851 1776 moechatus
2871 1729 2956 1774 est
2981 1735 3102 1775 eam
3125 1720 3179 1776 in
3201 1721 3364 1776 corde
3385 1733 3538 1774 suo.»

285 1839 639 1903 comparatur
677 1827 823 1893 aeris,
880 1825 986 1882 nisi
1030 1826 1138 1880 hoc
1179 1821 1323 1894 quod
1369 1827 1557 1890 aperte
1586 1817 1856 1883 novimus,

287 1923 418 1994 quia
451 1919 758 1992 unigenitus
802 1916 973 1972 Filius
1018 1913 1248 1980 formam
1274 1911 1415 1969 servi
1459 1908 1734 1979 accipiens
1751 1905 1863 1961 fra—

288 2023 551 2094 gilitatem
603 2018 782 2075 carnis
834 2017 1083 2072 humana:
1139 2027 1234 2083 per
1297 2006 1712 2065 resurrectionis
1753 2019 1863 2094 sua:

287 2091 518 2186 gloriam
573 2108 734 2165 vertit
769 2108 822 2162 in
849 2103 1245 2160 aeternitatem:
1272 2099 1399 2169 quia
1435 2097 1490 2153 in
1533 2110 1600 2152 eo
1627 2108 1754 2151 caro
1782 2091 1863 2148 fa-

285 2213 376 2260 cta
404 2209 492 2258 est
537 2197 649 2270 jam
694 2197 813 2254 sine
855 2194 962 2250 ﬁne
1009 2189 1266 2248 durabilis
1296 2207 1310 2243 :
1340 2187 1476 2242 Nam
1509 2205 1528 2240 ι
1563 2199 1791 2258 surgens
1829 2197 1862 2238 a

287 2291 518 2348 mortuis
535 2288 648 2360 jam
691 2300 798 2340 non
851 2281 1104 2346 moritur,
1134 2287 1190 2335 et
1215 2292 1363 2333 mors
1382 2276 1434 2332 ei
1461 2273 1605 2331 ultra
1629 2288 1736 2328 non
1761 2271 1861 2328 do-

285 2379 584 2436 minabitur
611 2375 783 2448 (Rom.
813 2371 914 2445 vi).
968 2390 989 2424 ι
1021 2370 1162 2438 Quid
1215 2376 1302 2425 est
1336 2375 1516 2422 autem
1548 2364 1694 2437 quod
1743 2363 1860 2434 ipsa

283 2470 404 2538 ejus
448 2465 750 2525 incarnatio
791 2477 926 2519 sono
965 2459 1166 2517 metalli
1191 2465 1552 2528 comparatur,
1577 2455 1683 2511 nisi
1716 2452 1861 2524 quod

284 2577 388 2632 per
413 2559 660 2616 eamdem
707 2551 1131 2625 assumptionem
1153 2547 1505 2606 humanitatis
1530 2555 1730 2602 nostra:
1773 2545 1858 2599 iu-

286 2649 471 2705 sonuit
518 2643 767 2702 omnibus
790 2641 959 2714 gloria
982 2637 1279 2711 majestatis
1299 2635 1448 2692 suae?

363 2758 382 2793 ι
409 2737 479 2812 Et
509 2734 778 2792 funiculus
803 2732 977 2787 lineus
1005 2731 1059 2784 in
1094 2744 1256 2784 manu
1279 2725 1415 2797 ejus.
1437 2745 1456 2780 ι
1489 2721 1758 2799 (Ηὶενοη.)
1797 2721 1858 2778 1η

286 2831 636 2903 Septuaginta
665 2825 1052 2898 interpretibus
1092 2820 1362 2878 funiculus
1403 2819 1579 2874 lineus
1607 2832 1711 2872 non
1755 2815 1856 2869 ha-

283 2926 464 2990 betur,
511 2921 606 2977 sed
654 2939 674 2972 (
703 2915 972 2973 funiculus
1002 2912 1486 2970 caementariorum.
1511 2927 1531 2961 ι
1562 2904 1858 2962 Funiculus

1963 1810 2257 1868 Funiculus
2282 1827 2413 1883 ergo
2461 1810 2634 1866 lineus
2670 1819 2755 1866 est
2797 1811 3108 1881 przedicatio
3138 1810 3373 1878 subtilis,
3413 1826 3555 1881 quae

1963 1898 2495 1957 mentem‘audientis
2524 1899 2684 1970 ligat,
2729 1914 2797 1954 ne
2819 1913 2879 1954 se
2901 1899 2986 1955 vel
3013 1899 3070 1954 in
3111 1900 3310 1956 misera
3339 1901 3542 1972 cogita-

1963 1991 2112 2048 tione
2135 1991 2412 2048 dissolvat.
2436 1989 2696 2060 Quodque
2717 1989 2963 2060 sequitur
2989 2008 3004 2045 :

2038 2107 2057 2142 ι
2084 2089 2151 2144 Et
2175 2087 2415 2144 calamus
2447 2101 2713 2144 mensum
2757 2088 2813 2142 in
2857 2074 3024 2143 manu.
3053 2089 3192 2161 ejus.
3213 2107 3232 2142 ι
3265 2089 3538 2164 (Hieron)

1962 2179 2209 2252 designat
2239 2179 2467 2250 gratiam
2504 2177 2893 2249 prophetalem,
2926 2179 2994 2234 de
3028 2195 3134 2250 qua
3164 2181 3427 2253 scriptum
3454 2191 3542 2238 est

1961 2273 2017 2329 in
2043 2273 2453 2346 quadragesimo
2495 2281 2688 2344 quarto
2715 2274 2959 2345 psalmo:
3002 2294 3020 2327 ι
3052 2275 3257 2348 Lingua
3285 2293 3406 2334 mea
3449 2294 3542 2335 ca-

1959 2360 2134 2417 lamus
2158 2363 2348 2418 scrihze
2369 2361 2953 2419 velociter'scrihentis.
2975 2382 2995 2416 ι
3021 2361 3224 2437 (Greg.)
3250 2365 3327 2420 De
3351 2375 3538 2422 sancta

1958 2449 2200 2506 Ecclesia
2226 2465 2326 2522 per
2364 2451 2684 2521 prophetam
2729 2450 2895 2506 alium
2938 2451 3198 2507 Dominus
3229 2453 3551 2524 pollicetur,.

1960 2541 2183 2598 dicens:
2219 2559 2238 2593 ι
2269 2540 2486 2598 Orietur
2524 2542 2579 2597 in
2607 2556 2671 2597 ea
2699 2541 2850 2597 viror
2885 2543 3077 2598 calami
3112 2552 3167 2599 et
3202 2541 3354 2612 junci
3401 2544 3545 2617 (ha.

1958 2632 2148 2704 xxxv),
2170 2652 2190 2687 ι
2221 2633 2365 2705 quod
2393 2632 2449 2689 in
2473 2632 2580 2688 alio
2607 2631 2726 2688 loco
2750 2634 3067 2703 exposuisse
3093 2649 3180 2688 me
3208 2635 3453 2701 memini,
3481 2619 3552 2691 uti

1956 2710 2074 2795 per.
2097 2724 2365 2780 calamum
2405 2725 2716 2796 scriptores,
2743 2740 2842 2796 per
2879 2724 3104 2795 juncum
3130 2740 3261 2784 vero
3306 2727 3548 2784 debeant

1957 2812 2233 2871 auditores
2267 2815 2512 2884 intelligi.
2557 2813 2665 2870 Sed
2705 2817 2832 2886 quia
2862 2816 2929 2870 ad
2957 2816 3241 2873 humorem
3272 2833 3449 2889 aquae,
3483 2826 3547 2874 et

1950 2900 2151 2972 juncus
2170 2909 2226 2958 et
2249 2903 2491 2960 calamus
2515 2905 2666 2959 nasci
2696 2905 2889 2972 solent,
2917 2914 2972 2961 et
3001 2922 3068 2962 ex
3104 2923 3210 2963 una
3241 2910 3559 2978 eademque

283 3027 502 3087 quoque
543 3017 663 3068 erat
709 3010 884 3064 lineus
924 3006 1037 3062 sive
1077 3001 1543 3061 caementariorum
1584 2999 1638 3052 in
1691 3011 1855 3051 manu
1885 3063 1930 3087 ﬂ
1959 3006 2096 3061 aqua
2125 3000 2350 3064 utraque
2375 2993 2682 3063 proficiunt,
2709 3002 2765 3050 et
2788 2995 3028 3052 calamus
3056 2997 3274 3068 quidem
3305 2998 3374 3053 ad
3407 2998 3544 3054 scri-

283 3063 677 3177 ἕεῖιῖἆεῖιὲιο
721 3063 776 3154 in
810 3063 1071 3152 zacharia
1107 3094 1364 3165 scriptum
1391 3096 1476 3146 est
1523 3086 1714 3161 (Zach.
1746 3085 1854 3156 ιι),
1883 3063 1931 3127 C
1960 3083 2197 3177 bendum
2243 3063 2559 3152 assumitur,
2586 3100 2710 3142 cum
2734 3085 2900 3158 junco
2929 3102 3060 3144 vero
3073 3063 3252 3144 scribi
3297 3104 3401 3144 non
3445 3103 3544 3159 pe-

282 3175 430 3264 quod
472 3189 768 3246 funiculum
812 3185 1061 3242 habuerit
1097 3181 1504 3255 geometricum,
1532 3185 1593 3233 ut
1618 3175 1858 3264 latitudi-

282 3260 410 3338 nem
437 3289 494 3336 et
536 3277 920 3350 longitudinem
949 3273 1099 3330 urbis
1135 3270 1433 3326 metiretur.
1476 3260 1858 3322 Caementarlo-

284 3391 408 3430 rum
441 3379 620 3426 autem
646 3368 732 3424 vel
755 3365 1065 3436 angelorum
1092 3361 1181 3434 qui
1206 3359 1302 3415 Dei
1336 3356 1560 3428 imperio
1585 3354 1859 3409 ministra-

284 3466 436 3527 bant,
465 3460 550 3516 vel
587 3459 752 3530 Moysi
778 3467 833 3512 et
865 3454 1104 3511 omnium
1131 3451 1517 3524 prophetarum
1542 3454 1705 3516 atque
1731 3459 1860 3515 apo—

285 3555 549 3610 stolorum
589 3550 681 3621 qui
710 3547 979 3604 aediﬁcant
1019 3544 1291 3598 civitatem
1334 3539 1452 3604 Dei,
1495 3545 1552 3593 et
1588 3535 1859 3606 adjutores

285 3646 371 3701 vel
403 3643 634 3699 ministri
669 3648 793 3696 sunt
823 3636 1112 3692 Dominicae
1138 3631 1450 3690 voluntatis.
1478 3628 1679 3703 (Greg.)
1720 3627 1858 3696 Quid

286 3735 433 3790 aliud
474 3730 848 3788 caementarios
888 3743 1050 3798 quam
1098 3731 1313 3780 sanctos
1357 3723 1606 3777 doctores
1645 3719 1857 3788 accepi—

285 3842 432 3890 mus,
473 3822 562 3892 qui
613 3819 877 3891 loquendo
919 3815 1178 3887 spiritalia
1208 3813 1275 3867 ad
1321 3811 1540 3867 cmleste
1573 3807 1857 3864 aedilicium

285 3916 440 3970 vivos
474 3912 701 3982 lapides,
726 3909 778 3962 id
811 3916 912 3973 est,
937 3907 1230 3962 electorum
1258 3905 1466 3958 animas
1501 3900 1858 3972 componunt?

285 4003 558 4076 Quidquid
593 4001 736 4058 enim
767 3998 974 4068 antiqui
1017 3997 1229 4062 Patres,
1273 3994 1530 4067 quidquid
1559 3993 1854 4064 prophetae,

286 4093 548 4166 quidquid
571 4089 820 4162 apostoli,
845 4086 1100 4157 quidquid
1128 4085 1490 4156 apostolorum
1516 4097 1858 4139 successores

287 4184 452 4240 locuti
490 4192 635 4248 sunt,
680 4180 806 4251 quid
851 4177 994 4232 aliud
1041 4176 1144 4231 fuit
1171 4192 1332 4247 quam
1364 4176 1680 4244 compositio
1720 4175 1855 4245 lapi-

287 4275 437 4340 dum,
475 4274 529 4328 in
571 4273 673 4328 hac
700 4285 818 4342 qua:
859 4268 1095 4340 quotidie
1129 4266 1455 4322 construitur
1499 4265 1702 4320 fabrica
1733 4280 1859 4320 san-

287 4374 520 4421 ctorum.
543 4362 604 4418 1n
630 4361 868 4417 funiculo
893 4369 1071 4414 autem
1101 4357 1428 4413 caementarii
1455 4357 1557 4411 hoc
1583 4355 1665 4427 agi
1696 4357 1854 4421 solet,

287 4465 345 4511 ut
397 4453 651 4525 cognosci
685 4453 966 4522 aequalitas
1000 4451 1084 4507 vel
1127 4451 1391 4506 rectitudo
1443 4451 1715 4520 surgentis
1761 4465 1857 4519 pa-

287 4543 440 4598 rietis
471 4543 664 4598 debeat
689 4559 703 4596 :
732 4551 786 4597 et
815 4542 858 4596 si
893 4541 1029 4612 lapis
1071 4541 1217 4595 intus
1262 4549 1363 4606 est,
1391 4539 1537 4595 foras
1565 4541 1781 4606 dicitur,
1813 4542 1859 4596 si

287 4636 533 4690 exterius
558 4634 847 4704 prominet,
892 4633 1116 4687 interius
1148 4642 1452 4686 revocatur.
1481 4631 1547 4686 Et
1575 4640 1720 4687 certe
1759 4634 1860 4688 hoc

286 4723 529 4795 quotidie
579 4723 687 4792 agit
742 4722 1050 4794 praedicatio
1096 4721 1375 4776 doctorum
1418 4731 1476 4775 ut
1522 4737 1860 4792 unaqumque

288 4814 470 4868 anima
501 4813 588 4868 cui
627 4813 902 4884 regiminis
945 4827 1109 4867 onera
1159 4811 1430 4880 suscipere
1474 4809 1701 4866 fortasse
1751 4826 1858 4866 non

286 4904 525 4974 expedit,
568 4903 776 4959 etiamsi
823 4903 968 4959 foras
1025 4916 1284 4972 apparere
1349 4909 1593 4971 appetat,
1633 4902 1860 4957 interius

287 5003 608 5050 revocetur:
641 5002 696 5049 et
715 5010 948 5049 \rursum
990 5009 1111 5064 quae
1147 4993 1316 5048 latere
1339 4993 1471 5059 vult,
1512 5001 1566 5048 et
1609 4994 1690 5048 sui
1737 5001 1857 5048 tan-

287 5084 566 5139 tummodo
595 5100 780 5139 curam
808 5099 1013 5155 gerere,
1045 5084 1090 5139 si
1119 5083 1220 5138 sibi
1256 5100 1320 5139 ac
1347 5084 1528 5139 multis
1553 5097 1672 5138 esse
1714 5083 1859 5140 utilis

284 5185 493 5247 potest,
526 5176 690 5230 etiam
715 5191 837 5230 cum
872 5174 1038 5230 latere
1069 5175 1357 5238 desiderat,
1385 5173 1623 5228 exterius
1656 5173 1859 5242 produ-

287 5276 444 5321 catur
471 5275 530 5321 ut
563 5275 853 5337 appareat:
881 5267 1064 5336 sicque
1101 5263 1160 5318 ﬁt
1190 5273 1248 5319 ut
1279 5273 1590 5320 sanctorum
1622 5263 1859 5334 lapidum

286 5357 423 5410 ordo
489 5365 752 5421 teneatur,
778 5356 904 5410 dum
948 5369 1088 5424 saepe
1141 5363 1196 5409 et
1241 5355 1426 5411 volens
1479 5355 1545 5410 ad
1599 5355 1857 5410 honorem

285 5447 472 5502 venire
503 5447 793 5518 repellitur,
841 5453 896 5502 et
942 5447 1205 5500 honorem
1248 5445 1457 5516 fugiens
1502 5445 1557 5499 in
1594 5446 1733 5501 sacri
1771 5461 1860 5502 or-

285 5541 434 5598 dinis
456 5556 580 5596 arce
602 5539 931 5596 sublevatur.
958 5536 1064 5593 Sed
1085 5538 1209 5608 quia
1232 5537 1371 5591 sicut
1390 5552 1486 5606 per
1507 5537 1855 5606 interpretem

269 5642 538 5706 nostrum
572 5631 875 5698 didicimus,
908 5628 1254 5686 Hebrazorum
1301 5627 1525 5682 historia
1557 5642 1662 5682 non
1695 5626 1856 5681 habet

1959 3181 2080 3229 test.
2105 3172 2243 3241 Quid
2272 3176 2326 3228 in
2345 3173 2511 3243 junco
2534 3183 2590 3229 et
2617 3175 2826 3231 calamo
2846 3177 3235 3247 acciperemus,
3267 3179 3370 3233 nisi
3395 3179 3539 3246 quod

1956 3277 2063 3317 una
2091 3272 2178 3318 est
2207 3263 2450 3319 doctrina
2496 3265 2743 3320 veritatis
2781 3280 2902 3334 quae
2929 3267 3129 3322 multos
3155 3267 3440 3324 auditores
3461 3269 3536 3323 ir-

1957 3353 2129 3424 rigat?
2167 3353 2261 3409 sed
2295 3353 2527 3424 irrigati,
2555 3354 2647 3409 alii
2674 3354 2741 3409 ad
2791 3355 2897 3411 hoc
2937 3370 3110 3425 usque
3155 3357 3210 3411 in
3239 3358 3409 3413 verbo
3439 3359 3535 3412 Dei

1956 3444 2268 3515 proficiunt,
2317 3452 2378 3500 ut
2409 3445 2572 3499 etiam
2618 3445 2913 3513 scriptores
2953 3445 3088 3500 fiant
3120 3445 3373 3502 videlicet
3418 3457 3554 3501 tan--

1958 3550 2118 3604 quam
2147 3534 2362 3601 calami,
2401 3533 2491 3588 alii
2535 3549 2666 3590 vero
2693 3537 2917 3590 verbum
2946 3536 3070 3590 vitae
3103 3534 3359 3602 audiunt,
3389 3537 3542 3601 bonae

1957 3627 2071 3696 spei
2121 3633 2177 3682 et
2215 3633 2487 3682 rectorum
2515 3641 2738 3696 operum
2769 3627 3056 3681 veritatem
3094 3635 3300 3693 tenent,
3330 3627 3429 3683 sed
3461 3637 3539 3683 ta-

1959 3735 2084 3775 men
2113 3720 2180 3775 ad
2211 3719 2552 3775 scribendum
2599 3719 2902 3773 nullatenus
2932 3725 3175 3788 possunt.
3217 3716 3283 3772 Hi
3317 3718 3445 3788 quid
3482 3721 3536 3774 in

1959 3828 2098 3882 aqua
2123 3811 2222 3868 Dei
2252 3812 2356 3867 nisi
2395 3812 2615 3882 quidam
2660 3821 2724 3866 ut
2763 3812 2838 3866 ita
2868 3811 3215 3878 dicamjunci
3244 3812 3408 3866 sunt?
3432 3811 3539 3879 Qui

1959 3903 2174 3973 quidem
2199 3903 2303 3957 viri
2350 3901 2608 3958 discendo
2632 3901 2941 3972 proficiunt,
2967 3901 3060 3956 sed
3107 3901 3318 3958 litteras
3355 3903 3538 3973 expri-

1957 4006 2108 4048 mere
2151 4006 2490 4062 nequaquam
2536 3991 2740 4047 valent.
2772 3991 3102 4070 Redemptor
3145 3991 3311 4063 igitur
3358 4001 3543 4048 noster

1957 4086 2084 4158 quia
2130 4085 2294 4140 verba
2334 4101 2454 4156 quae
2487 4085 2624 4141 dixit
2661 4087 2824 4141 etiam
2853 4101 2950 4157 per
2979 4086 3260 4142 doctorum
3297 4085 3560 4141 studium

1957 4175 2120 4230 scribi
2162 4175 2384 4245 largitus
2425 4184 2509 4230 est
2559 4176 2612 4230 in
2657 4189 2820 4230 manu
2863 4175 3130 4231 calamum
3179 4175 3403 4231 tenuit:
3443 4176 3559 4246 qui.

1958 4264 2197 4321 calamus
2225 4280 2494 4321 mensurae
2519 4265 2715 4321 dicitur
2739 4267 2866 4336 quia
2895 4266 3011 4336 ipsa
3036 4263 3317 4320 doctorum
3361 4266 3560 4321 studia.

1958 4358 2060 4413 sub
2094 4356 2325 4426 quadam
2355 4357 2551 4414 occulti
2572 4357 2762 4428 iudicii
2787 4355 3183 4428 dispensatione
3211 4354 3534 4420 retinentur,

1960 4455 2020 4503 ut
2042 4457 2097 4502 et
2125 4447 2244 4502 aliis
2270 4447 2568 4519 legentibus
2592 4447 2824 4516 prosint,
2854 4453 2908 4500 et
2932 4444 3054 4500 aliis
3083 4443 3384 4514 legentibus
3410 4458 3556 4513 pro-—

1959 4541 2116 4595 desse
2159 4555 2264 4595 non
2293 4540 2523 4609 possint.
2569 4536 2722 4593 Unde
2759 4537 2942 4593 sancti
2978 4535 3204 4606 apostoli
3243 4551 3366 4590 cum
3415 4552 3533 4591 ma-

1959 4629 2184 4701 gistrum
2227 4630 2518 4684 veritatem
2537 4627 2639 4683 sibi
2682 4627 2921 4697 apertius
2959 4626 3268 4695 loquentem
3296 4627 3536 4696 require-

1959 4725 2097 4782 rent,
2126 4733 2225 4772 cur
2263 4718 2432 4773 turbis
2453 4719 2507 4772 in
2541 4716 2812 4786 parabolis
2837 4716 3166 4785 loqueretur,
3199 4715 3527 4772 audierunt:

1959 4807 2096 4875 Quia
2129 4825 2148 4859 ί
2177 4807 2332 4863 vobis
2370 4809 2552 4863 datum
2577 4814 2670 4862 est
2692 4820 2853 4862 nosse
2880 4806 3197 4877 mysterium
3229 4805 3382 4876 regni
3421 4819 3536 4862 cte-

1961 4899 2156 4965 lormn,
2196 4899 2302 4955 illis
2344 4906 2521 4954 autem
2551 4912 2657 4952 non
2699 4895 2851 4970 (Lua.
2875 4895 3017 4969 vui).
3041 4915 3062 4950 ι
3098 4896 3191 4952 Vel
3218 4904 3368 4952 certe
3395 4896 3537 4952 cala-

1963 5005 2084 5045 mus
2132 5003 2397 5043 mensura:
2433 4997 2536 5054 est,
2561 4988 2686 5058 quia
2717 4989 2772 5043 in
2803 4988 2920 5058 ipso
2961 5000 3121 5059 sacro
3165 4987 3283 5058 ejus
3323 4986 3536 5056 eloquio

1962 5080 2090 5150 quid
2127 5081 2283 5135 nobis
2318 5079 2680 5152 conscriptum
2707 5086 2810 5145 est,
2838 5079 3078 5135 occultas
3105 5094 3227 5136 esse
3259 5079 3535 5149 dispensa—

1964 5173 2140 5227 tiones
2161 5172 2551 5243 cognoscimus.
2578 5168 2715 5225 Nam
2737 5185 2835 5241 per
2855 5168 3396 5242 incomprehensibile
3417 5168 3537 5238 ejus

1961 5262 2242 5333 judicium,
2270 5271 2326 5318 et
2351 5262 2488 5316 alter
2514 5263 2655 5317 intra
2684 5276 2995 5317 mensuram
3028 5260 3324 5316 electorum
3373 5257 3537 5313 mitti-

1966 5361 2069 5418 tur,
2103 5360 2159 5408 et
2186 5352 2321 5406 alter
2349 5352 2494 5408 foras
2523 5352 2862 5422 relinquitur,
2885 5359 2947 5406 ut
2975 5349 3120 5406 nullo
3147 5348 3308 5404 modo
3332 5344 3401 5402 ad
3425 5345 3537 5402 ele-

1963 5451 2174 5497 ctorum
2219 5457 2500 5498 numerum
2548 5442 2822 5512 pertinere
2861 5447 3154 5496 mereatur.
3191 5437 3366 5494 Habet
3403 5451 3551 5508 ergo-

1961 5530 2276 5598 funiculum,
2314 5531 2473 5587 habet
2514 5531 2568 5586 in
2597 5547 2760 5586 manu
2787 5532 3065 5587 calatum»
3091 5541 3395 5586 mensurae:
3426 5526 3531 5595 Qui

1960 5624 2105 5678 enim
2130 5623 2366 5678 funiculo
2389 5623 2577 5679 locum.
2594 5622 2832 5688 metitur,
2855 5619 2988 5676 alibi
3014 5617 3310 5675 funiculum
3339 5616 3545 5685 trahit,
