3972 6184
397 191 513 268 sar

1042 190 1098 241 l3.
1141 188 1390 274 ltAllANl
1435 186 1648 242 iiAUili
1690 183 2007 241 AltClIlEP.
2053 180 2362 239 MOGUNT.
2407 184 2694 241 OPERUM
2733 185 2913 242 PARS
2953 186 3017 242 ll.

3582 191 3684 249 888

410 305 628 366 aliunde
654 303 901 362 retrahit,
938 311 988 354 et
1018 302 1118 352 huc
1147 299 1314 362 ducit,
1343 277 1502 367 quem
1537 297 1753 352 aliunde
1787 296 1984 352 subdu-
2012 295 2064 355 Α
2090 302 2230 360 rent,
2263 297 2357 351 sed
2398 313 2613 352 rursum
2641 299 2947 368 passionem
2990 299 3137 355 illius
3165 303 3571 371 perpendentes
3597 303 3686 358 de-

411 400 506 450 cit.
531 391 625 448 Sic
648 391 901 447 nimirum
938 389 1016 443 sic
1046 388 1353 458 redemptor
1379 396 1562 442 noster
1591 389 1645 441 in
1671 387 1988 442 collectione

409 483 685 540 hominum
715 480 878 544 facit,
922 480 1045 534 dum
1089 478 1225 532 alios
1255 495 1285 532 a
1315 478 1429 533 suis
1459 478 1832 548 iniquitatibus
1862 479 1989 532 edu-

409 575 500 640 cit,
527 575 661 629 alios
702 575 757 628 in
796 587 892 626 sua
936 571 1219 640 iniquitate
1249 571 1593 640 derelinquit.
1621 569 1678 624 In
1721 571 1805 625 his
1842 569 1986 624 enim

408 680 542 735 quos
583 665 835 734 colligere
866 663 1115 734 dignatus
1148 671 1250 726 est,
1287 662 1514 722 occulta:
1543 678 1813 717 mensura:
1841 663 1986 716 funi-

407 759 585 813 culum
615 757 796 821 traxit,
826 765 880 810 et
907 756 976 809 ab
1005 755 1088 808 his
1117 769 1254 824 quos
1287 753 1666 822 relinquendos
1701 767 1822 807 esse
1844 751 1988 822 judi-

408 848 570 912 cavit,
598 846 728 914 quid
757 845 900 899 aliud
935 845 1036 900 nisi
1069 843 1364 898 funiculum
1393 843 1656 897 retraxit?
1683 841 1752 898 Ut
1778 851 1834 896 et
1860 841 1985 896 boni

407 941 548 994 intra
581 953 887 992 mensuram
913 937 1151 992 caelestis
1192 934 1411 990 fabrica:
1437 943 1737 999 teneantur,
1764 943 1818 989 et
1859 932 1987 988 mali

404 1038 555 1083 extra
592 1028 874 1092 fabricam,
903 1029 958 1082 in
982 1027 1180 1097 quibus
1205 1025 1344 1080 bona
1373 1040 1493 1094 quae
1515 1025 1851 1080 :estimentur
1877 1039 1985 1079 non

402 1133 547 1187 sunt,
575 1122 729 1192 quasi
759 1123 874 1176 sine
911 1134 1163 1175 mensura
1212 1127 1546 1174 remaneant.
1590 1116 1745 1171 Hunc
1775 1115 1988 1171 funicu-

402 1213 511 1267 lum
539 1223 593 1268 et
623 1227 887 1268 mensurae
927 1211 1196 1266 calamum
1233 1210 1288 1264 in
1333 1225 1498 1264 manu
1537 1225 1635 1265 sua
1677 1209 1988 1280 redemptor

401 1313 586 1359 noster
643 1303 840 1368 tenuit,
880 1317 1001 1356 cum
1051 1301 1274 1356 Paulum
1325 1300 1628 1371 apostolum
1678 1316 1774 1370 per
1821 1315 1986 1370 appa-

401 1403 607 1448 rentem
654 1393 831 1447 virum
863 1390 1212 1446 Macedonem
1272 1389 1568 1445 admonere
1607 1389 1858 1461 dignatus
1899 1397 1985 1444 est

403 1483 542 1554 (Act.
568 1483 702 1553 xvi),
727 1483 802 1536 ita
824 1492 882 1536 ut
904 1481 1045 1538 idem
1061 1479 1281 1536 Macedo
1301 1480 1384 1534 vir
1406 1479 1632 1546 diceret,
1661 1478 1985 1535 «Transieus

399 1573 588 1643 adjuva
623 1590 738 1630 nos.
767 1594 785 1626 ι
817 1574 885 1628 Et
911 1581 1090 1627 tamen
1118 1571 1363 1626 volentes
1393 1569 1668 1640 apostolos
1697 1569 1764 1624 ad
1791 1570 1983 1640 prsidi-

2093 387 2456 457 dignabantur
2483 389 2651 444 Deum
2699 392 2943 456 credere,
2991 406 3152 462 quem
3201 393 3492 448 mortalem
3536 394 3688 450 vide-

2091 477 2258 532 bant:
2289 480 2429 536 unde
2464 480 2667 535 factum
2710 490 2794 535 est
2822 490 2880 535 nt
2913 483 2978 536 de
3025 481 3144 551 ejus
3174 484 3493 553 cognitione
3538 485 3690 540 dubi-

2089 578 2286 626 tarent.
2319 571 2584 627 Videbant
2608 574 2753 627 enim
2795 573 3145 638 esurientem,
3176 576 3471 643 sitientem,
3504 594 3687 634 come-

2089 661 2336 726 dentem,
2385 663 2689 729 bibentem,
2740 664 3145 731 lassescentem,
3199 668 3596 733 dormientem,
3634 680 3686 725 et

2086 765 2282 819 purum
2329 752 2473 807 hunc
2515 753 2789 808 hominem
2837 769 2960 810 esse
3000 756 3362 812 :estimahant.
3418 759 3684 813 Videbam

2089 849 2332 897 mortuos
2381 843 2734 899 suscitantem
2755 887 2768 909 ,
2801 845 3044 915 leprosos
3088 848 3442 903 mandantem
3463 890 3479 913 ,
3512 865 3684 904 (meos

2087 931 2504 1001 illuminantem,
2532 935 2797 993 daemonia
2826 937 3160 1006 ejicientem,
3185 949 3241 996 et
3277 956 3399 998 esse
3431 945 3577 998 hunc
3608 942 3684 994 ul-

2087 1028 2177 1075 tra
2210 1022 2457 1078 homines
2488 1019 2832 1080 sentiebant:
2873 1027 2967 1082 sed
3011 1029 3126 1099 ipsa
3160 1029 3278 1099 ejus
3323 1031 3587 1086 miracula
3632 1035 3684 1088 in

2087 1128 2272 1168 eorum
2321 1116 2484 1170 corde
2529 1117 2762 1188 cogitata
2795 1119 3102 1174 humanitas
3134 1122 3508 1191 perturbabat,
3542 1123 3682 1177 unde

2089 1214 2276 1260 sancta
2305 1205 2544 1262 Ecclesia
2586 1209 2686 1262 sub
2733 1222 2946 1278 sponsa:
2989 1225 3121 1265 voce
3153 1210 3297 1266 hunc
3341 1222 3530 1282 aperte
3569 1211 3681 1280 jam

2090 1295 2272 1351 videre
2298 1297 2610 1351 desiderans
2639 1297 2755 1352 ait:
2800 1317 2819 1348 ι
2852 1298 2931 1353 En
2973 1301 3088 1369 ipse
3123 1310 3231 1356 stat
3266 1311 3390 1371 post
3418 1304 3680 1373 parietem

2087 1393 2334 1440 nostrum
2377 1383 2552 1458 (Cant.
2580 1387 2666 1458 ll).
2691 1408 2709 1439 ι
2745 1386 2847 1455 Qui
2894 1389 3041 1444 enim
3088 1391 3342 1447 humanis
3378 1394 3554 1448 oculis
3585 1395 3682 1448 hoc

2087 1477 2230 1546 quod
2258 1476 2324 1530 de
2372 1477 2585 1532 mortali
2622 1485 2818 1532 natura
2862 1481 3158 1550 assumpsit
3207 1483 3479 1548 ostendit,
3526 1494 3583 1538 et
3629 1485 3680 1538 in

2086 1566 2264 1638 seipse
2294 1567 2579 1623 invisibilis
2601 1571 2919 1640 permansit,
2949 1572 3000 1625 in
3031 1582 3218 1642 aperto
3243 1589 3303 1630 se
3325 1576 3508 1630 videre
3537 1592 3679 1646 qua:-

403 1673 626 1726 raudum
671 1672 750 1726 ire
789 1671 842 1725 in
887 1669 1094 1732 Asiam,
1140 1683 1247 1722 non
1276 1666 1524 1737 permisit
1567 1665 1788 1736 spiritus
1828 1663 1975 1720 Jesu.

2084 1657 2223 1711 renti
2256 1658 2409 1727 quasi
2435 1668 2558 1728 post
2587 1660 2852 1730 parietem
2899 1663 3050 1718 stetit
3077 1683 3089 1717 :
3123 1665 3250 1735 quia
3297 1665 3590 1721 videndum
3621 1684 3680 1723 se

397 1759 535 1825 Quid
577 1767 660 1814 est
703 1757 846 1828 quod
874 1757 1045 1812 sancti
1081 1755 1346 1825 Apostoli,
1387 1765 1444 1810 et
1480 1754 1555 1810 ibi
1583 1743 1849 1810 vocantur
1878 1754 1980 1818 ire,

398 1850 489 1905 ubi
517 1849 746 1905 fortasse
773 1865 997 1920 pergere
1031 1865 1137 1903 non
1167 1848 1496 1918 cogitabant,
1527 1854 1582 1902 et
1616 1847 1744 1902 illuc
1773 1846 1863 1902 ubi
1894 1847 1983 1902 de-

397 1940 706 1996 siderabant
747 1955 969 2009 pergere
1027 1938 1421 2008 prohibentur?
1466 1937 1567 1992 nisi
1614 1937 1743 2007 quia
1788 1935 2022 1991 occulti'

392 2027 582 2097 judieii
630 2027 930 2092 funiculus,
971 2037 1027 2082 et
1068 2043 1334 2082 mensurae
1379 2026 1617 2082 calamus
1664 2035 1879 2082 tenetur
1927 2026 1984 2082 in

398 2136 595 2186 manu,
622 2128 683 2174 ut
732 2128 790 2174 et
829 2120 921 2182 alii
949 2119 1114 2175 verba
1143 2120 1265 2174 vita:
1294 2119 1548 2184 audiant,
1587 2128 1643 2173 et
1669 2119 1762 2173 alii
1805 2119 1981 2174 nulla-

398 2221 558 2267 tenus
587 2211 774 2267 audire
802 2223 1130 2266 mereantur.
1159 2210 1345 2266 Potest
1371 2210 1538 2266 etiam
1563 2210 1806 2266 calamus
1833 2226 1983 2265 men-

395 2316 536 2356 sura:
565 2301 847 2371 Scriptura
890 2317 1046 2355 sacra
1083 2316 1180 2370 pro
1206 2315 1270 2355 eo
1313 2300 1534 2372 intelligi
1567 2301 1708 2370 quod
1737 2301 1982 2372 quisquis

395 2396 536 2450 hanc
564 2393 709 2464 legit,
750 2394 804 2447 in
836 2409 899 2447 ea
929 2393 1277 2463 semetipsum
1319 2394 1558 2457 metitur,
1590 2392 1675 2448 vel
1718 2401 1980 2463 quantum

395 2486 449 2540 in
493 2485 735 2556 spiritale
782 2485 995 2555 prolicit
1038 2488 1272 2552 virtute,
1319 2485 1402 2540 vel
1449 2495 1708 2556 quantum
1750 2500 1783 2540 a
1826 2485 1980 2540 bonis

391 2593 513 2647 qua:
537 2584 805 2646 prmcepta
835 2585 961 2631 sunt
988 2575 1143 2646 longe
1171 2575 1470 2644 disjunctus
1499 2576 1782 2640 remansit,
1813 2591 1982 2647 quan-

397 2675 510 2720 tum
559 2665 675 2735 jam
732 2673 978 2735 assurgat
1039 2665 1108 2722 ad
1163 2666 1304 2720 bona
1375 2665 1652 2731 facienda,
1711 2676 1976 2737 quantum

345 2803 348 2810 .
393 2757 571 2814 adhuc
606 2759 662 2814 in
699 2759 881 2829 pravis
927 2759 1140 2816 actibus
1187 2771 1490 2830 prostratus
1531 2763 1730 2833 jaceat.
1781 2762 1975 2833 Sequi-

397 2860 567 2906 tur:.

470 2964 490 2995 ι
525 2942 716 2998 Stabat
763 2952 943 3000 autem
986 2945 1039 3000 in
1086 2953 1260 3016 porta.
1293 2965 1311 2995 ι
1363 2944 1634 3016 (Ηὶενοη.)
1677 2944 1874 3002 Stabat
1920 2947 1972 3002 in

393 3041 574 3103 porta,
599 3035 722 3104 quia
751 3052 845 3106 per
873 3036 1047 3105 ipsum
1077 3037 1143 3091 ad
1174 3046 1381 3106 patrem
1406 3037 1756 3108 ingredimur,
1781 3047 1837 3094 et
1855 3040 1972 3096 sine

390 3123 509 3192 ipso
538 3123 814 3180 civitatem
843 3125 936 3181 Dei
965 3126 1171 3182 intrare
1210 3141 1317 3180 non
1356 3141 1664 3197 possumus:
1697 3137 1756 3183 ut
1785 3129 1975 3201 dignos

391 3216 676 3286 suscipiat,
720 3216 969 3288 indignos
1002 3218 1242 3288 abjiciat.
1286 3218 1346 3272 In
1377 3228 1530 3288 porta
1574 3236 1790 3291 quoque
1829 3223 1974 3293 judi-

389 3307 533 3362 cium
564 3317 679 3374 est;
730 3310 871 3364 unde
916 3320 974 3364 et
1020 3310 1289 3381 Propheta
1337 3311 1504 3366 dicit:
1543 3332 1561 3362 ι
1590 3311 1834 3369 Oderunt
1879 3334 1971 3371 ar-

390 3410 617 3471 guentes
664 3402 716 3456 in
763 3411 918 3472 porta
969 3403 1141 3475 (Psal.
1179 3404 1422 3473 ιινιιι);›
1452 3413 1506 3459 et
1548 3407 1600 3458 in
1662 3407 1768 3461 alio
1813 3409 1969 3465 loco:

395 3511 413 3542 ‹
445 3491 561 3546 Non
601 3491 1000 3548 confundentur
1024 3509 1147 3549 cum
1175 3493 1464 3563 loquentur
1492 3495 1726 3551 inimicis
1772 3499 1884 3554 suis
1916 3500 1970 3555 in

391 3592 564 3651 porta.
589 3601 608 3635 ι
650 3583 748 3639 Hic
783 3584 865 3638 vir
892 3585 1102 3641 loeutus
1125 3595 1211 3642 est
1249 3587 1318 3641 ad
1351 3589 1692 3657 prophetam,
1738 3590 1792 3644 in
1820 3591 1974 3662 cujus

391 3688 549 3730 manu
598 3685 716 3729 erat
765 3675 1054 3742 funiculus,
1093 3685 1150 3732 et
1194 3675 1348 3746 cujus
1396 3687 1514 3732 erat
1561 3681 1772 3748 species
1815 3683 1970 3752 quasi

386 3765 531 3830 teris,
561 3774 616 3819 et
645 3767 737 3836 qui
769 3767 1033 3822 calamum
1067 3769 1287 3824 tenebat
1313 3784 1476 3824 manu
1502 3770 1714 3826 locutus
1740 3772 1808 3826 ad
1837 3773 1972 3829 Eze-

388 3857 615 3912 chieiem
653 3872 816 3912 verus
857 3860 1187 3916 architectus
1214 3876 1377 3930 quem
1405 3862 1724 3918 imitabatur
1751 3875 1803 3919 et
1834 3865 1972 3920 Pau-

386 3944 472 3999 lus
515 3945 790 4014 apostolus
844 3946 1029 4003 dicens
1065 3965 1079 4001 :
1117 3966 1136 4000 ‹
1164 3949 1330 4015 Quasi
1378 3951 1592 4020 sapiens
1640 3954 1972 4009 architectus

387 4032 794 4089 fundamentum
839 4035 995 4105 posui
1038 4035 1092 4107 (I
1125 4033 1247 4091 Cor.
1277 4038 1384 4110 in),
1406 4058 1424 4090 ι
1455 4041 1753 4110 sapientem
1789 4056 1969 4102 autem

388 4134 550 4182 vocat
575 4125 953 4193 architectum,
975 4127 1042 4182 ad
1068 4128 1466 4186 distinctionem
1490 4133 1631 4188 illius
1655 4135 1746 4205 qui
1775 4138 1971 4195 stultus

384 4224 487 4271 est.
517 4216 585 4272 Et
617 4216 673 4272 in
713 4216 977 4273 Zacharia
1008 4217 1196 4290 (Zach.
1225 4217 1303 4291 χι)
1350 4229 1532 4291 pastor
1570 4224 1829 4294 insipiens
1870 4245 1967 4300 ap-

383 4306 636 4407 pellatur.
679 4305 881 4381 (Greg.)
921 4308 1181 4379 Quisquis
1203 4309 1259 4364 in
1295 4319 1450 4407 porta
1478 4320 1606 4378 stat,
1640 4329 1706 4370 ex
1734 4319 1966 4385 quadam
1993 4347 2047 4407 Β

381 4407 537 4468 parte
578 4398 724 4454 intus
771 4407 885 4465 est,
930 4416 996 4456 ex
1040 4402 1274 4471 quadam
1323 4400 1458 4458 foris
1495 4404 1623 4474 quia
1657 4405 1800 4461 aliud
1844 4408 1965 4478 ejus

384 4487 518 4543 foris
563 4489 846 4560 aspicitur,
885 4489 1032 4547 aliud
1071 4505 1202 4546 vero
1245 4491 1392 4547 intus
1437 4493 1807 4550 absconditur.
1855 4496 1962 4554 Re-

389 4578 639 4649 demptor
670 4581 854 4650 itaque
877 4591 1062 4638 noster
1105 4583 1417 4638 incarnatus
1450 4600 1550 4656 pro
1573 4586 1730 4642 nobis
1757 4588 1968 4644 miseri-

389 4669 630 4725 corditcr
653 4680 782 4726 ante
812 4672 1077 4729 humanos
1103 4673 1291 4730 oculos
1317 4674 1472 4744 quasi
1496 4675 1550 4730 in
1595 4686 1749 4747 porta
1791 4679 1966 4747 stetit,

384 4762 475 4833 qui
512 4770 568 4816 et
602 4775 702 4831 per
730 4763 1117 4820 humanitatem
1159 4766 1386 4822 visibilis
1427 4769 1711 4836 apparuit,
1745 4780 1800 4823 et
1844 4785 1968 4826 sese

383 4851 709 4907 invisibilem
751 4853 804 4908 in
837 4855 1115 4912 divinitate
1159 4857 1415 4912 servavit.
1443 4857 1580 4914 Hinc
1607 4859 1752 4914 enim
1793 4859 1964 4916 Judaai

383 4944 472 5012 qui
501 4944 646 4998 hunc
669 4959 735 4998 ex
762 4942 1155 5014 Prophetarum
1185 4948 1543 5016 promissione
1572 4951 1961 5015 sustinuerant,

381 5034 622 5103 perfidia:
643 5049 755 5089 sua:
779 5034 1094 5090 confusione
1126 5039 1324 5094 turbati
1349 5048 1476 5094 sunt
1500 5055 1601 5110 per
1626 5032 1770 5107 cuni,
1802 5059 1963 5111 quem

383 5126 453 5181 ad
499 5127 834 5198 ereptionem
875 5143 1028 5182 suam
1075 5129 1260 5184 venire
1288 5132 1633 5189 crediderant
1685 5135 1961 5190 mortalem

384 5220 658 5276 videbant.
685 5219 785 5288 Qui
821 5220 986 5290 igitur
1011 5220 1062 5274 in
1094 5229 1246 5290 porta
1278 5230 1404 5288 stat,
1433 5223 1574 5279 sicut
1612 5226 1859 5293 superius
1881 5225 1962 5280 di-

379 5317 526 5364 ctum
560 5319 662 5372 est,
691 5325 757 5365 ex
783 5310 1016 5380 quadam
1065 5318 1217 5380 parte
1265 5311 1420 5378 foris,
1464 5330 1528 5369 ex
1570 5316 1802 5385 quadam
1835 5332 1962 5372 vero

378 5411 536 5472 parte
579 5403 724 5458 intus
750 5402 983 5458 videtur.
1018 5402 1171 5458 Unde
1204 5419 1305 5459 nec
1347 5405 1462 5476 ipsa
1491 5405 1798 5461 Iudaeorum
1835 5423 1960 5478 per-

380 5489 507 5547 iidia
559 5493 674 5548 sive
713 5493 908 5550 divina:
945 5495 1161 5551 virtutis
1192 5504 1279 5551 est
1324 5497 1634 5553 ostensione
1678 5497 1957 5554 derelicta.

381 5580 514 5640 Nam
544 5583 798 5641 miracula
845 5585 958 5656 cjus
991 5588 1235 5645 videntes
1268 5587 1637 5653 trahebantur,
1669 5599 1725 5644 ut
1768 5588 1957 5646 crede-

2086 1751 2428 1807 manifestata
2455 1754 2740 1824 majestate
2769 1772 2875 1812 non
2909 1760 3162 1828 praebuit,
3189 1762 3346 1831 quasi
3381 1763 3530 1817 enim
3558 1771 3679 1834 post

2084 1843 2347 1912 parietem
2380 1846 2545 1908 stetit,
2576 1847 2668 1916 qui
2699 1849 3057 1905 humanitatis
3099 1859 3352 1906 naturam
3397 1868 3564 1922 quam
3595 1869 3684 1907 as-

2085 1935 2314 2004 sumpsit
2358 1937 2625 2002 ostendit,
2668 1947 2724 1993 et
2774 1939 3076 1996 divinitatis
3123 1950 3376 1998 naturam
3425 1944 3679 1998 humanis

2083 2024 2254 2081 oculis
2281 2027 2593 2082 occultavit.
2623 2027 2729 2083 Sed
2755 2029 2883 2099 quia
2909 2029 2992 2084 vir
3020 2030 3119 2086 iste
3146 2031 3200 2086 in
3232 2041 3388 2101 porta
3417 2041 3568 2088 stare
3595 2034 3679 2088 di—

2083 2117 2246 2183 citur,
2277 2119 2625 2190 quairendum
2653 2120 2807 2176 nobis
2842 2129 2928 2177 est
2955 2130 3136 2177 utrum
3178 2122 3316 2178 facie
3347 2124 3602 2192 interius,
3627 2136 3683 2182 et

2083 2214 2236 2280 tergo
2259 2209 2498 2264 exterius
2526 2210 2697 2266 stetit.
2728 2209 2849 2266 Stat
2877 2227 3007 2284 ergo
3037 2213 3282 2277 interius,
3313 2224 3369 2270 et
3402 2215 3546 2272 facie
3583 2232 3680 2272 ex-

2083 2298 2252 2355 terius
2285 2299 2457 2355 stetit.
2485 2299 2600 2368 Qua
2650 2302 2703 2356 in
2734 2317 2792 2357 re
2824 2302 2870 2358 si
2899 2318 2963 2357 ea
2992 2319 3113 2373 quae
3142 2312 3269 2359 sunt
3309 2293 3680 2374 prmmissa‘et

2083 2387 2366 2458 subjuncta
2411 2390 2774 2460 conspicimus
2807 2391 2968 2446 citius
2994 2390 3226 2462 qualiter
3253 2394 3474 2448 steterit
3521 2394 3678 2449 inve-

2083 2480 2282 2535 nimus.
2314 2481 2472 2536 Prius
2515 2482 2659 2538 enim
2707 2482 2937 2548 dicitur,
2974 2502 2992 2535 ε
3024 2483 3156 2538 Erat
3183 2485 3337 2554 quasi
3385 2486 3678 2542 aediﬁcium

2080 2571 2315 2628 civitatis
2342 2575 2614 2644 vergentis
2658 2575 2724 2628 ad
2771 2585 3034 2642 austrum,
3063 2583 3116 2630 et
3159 2577 3460 2633 introduxit
3489 2594 3581 2634 me
3607 2580 3676 2634 il-

2079 2663 2184 2730 lue,
2212 2683 2230 2716 ι
2265 2672 2320 2720 et
2346 2665 2502 2735 paulo
2529 2674 2651 2736 post
2675 2666 2740 2722 de
2766 2668 2955 2722 eodem
2985 2668 3102 2722 viro
3128 2668 3398 2735 subditur,
3428 2687 3449 2720 ι
3479 2669 3676 2725 Stabat

2078 2765 2259 2812 autem
2306 2755 2360 2811 in
2402 2766 2589 2828 porta,
2630 2779 2648 2811 ι
2693 2759 2984 2830 statimque
3024 2758 3410 2830 subjuugitur:
3445 2781 3464 2812 ι
3494 2761 3562 2816 Et
3595 2761 3680 2818 lo-

2082 2855 2235 2902 cutus
2261 2855 2344 2902 est
2372 2849 2439 2903 ad
2476 2863 2561 2904 me
2589 2849 2729 2904 idem
2758 2849 2859 2904 vir.
2886 2871 2903 2901 ι
2939 2849 3143 2922 (6ης.)
3174 2850 3276 2920 Qui
3309 2852 3457 2907 enim
3501 2853 3677 2908 intro-

2080 2938 2240 2994 ducto
2275 2940 2549 3009 prophetae
2574 2940 2627 2994 in
2659 2940 2965 3005 :edificiuin,
2995 2951 3145 2996 stans
3176 2941 3229 2995 in
3261 2952 3417 3012 porta
3462 2942 3678 2998 locutus

2079 3037 2180 3088 est,
2213 3028 2455 3098 profecto
2482 3038 2698 3085 constat
2722 3031 2846 3099 quia
2875 3031 3011 3085 faeie
3042 3032 3272 3086 interius
3295 3041 3350 3088 et
3389 3041 3546 3104 tergo
3581 3048 3676 3090 ex-

2079 3118 2245 3174 terius
2303 3120 2472 3174 stetit.
2525 3119 2632 3175 Sed
2686 3121 3027 3176 introductus
3081 3121 3353 3193 Propheta
3409 3141 3537 3180 cum
3589 3127 3678 3180 vir

2077 3218 2228 3266 stans
2253 3211 2305 3266 in
2337 3221 2488 3282 porta
2533 3211 2745 3269 locutus
2785 3223 2889 3279 est,
2933 3213 3121 3284 proetxl
3151 3215 3314 3270 dubio
3355 3213 3559 3272 faciem
3605 3217 3672 3272 ad

2075 3313 2288 3372 portam
2320 3301 2552 3365 tenebat,
2581 3305 2719 3358 unde
2744 3304 2906 3358 verba
2936 3303 3205 3376 loquentis
3227 3305 3505 3360 audiebat.
3532 3307 3677 3375 Quid

2075 3401 2156 3446 est
2192 3407 2321 3462 ergo
2352 3394 2493 3462 quod
2539 3393 2620 3446 vir
2660 3393 2885 3447 interius
2925 3394 3149 3465 aspicit,
3196 3393 3467 3466 Propheta
3495 3394 3674 3451 foris?

2076 3487 2213 3554 Quid
2254 3496 2336 3543 est
2380 3487 2520 3558 quod
2569 3486 2684 3556 ejus
2715 3487 2814 3540 viri
2853 3487 3019 3542 facies
3056 3488 3121 3541 ad
3166 3485 3493 3550 aediﬁcium,
3543 3503 3672 3556 pro-

2074 3580 2250 3648 phetze
2274 3595 2400 3631 vero
2436 3578 2577 3633 oculi
2621 3588 2748 3632 sunt
2786 3578 2852 3632 ad
2890 3585 3133 3648 portam;
3169 3579 3272 3632 nisi
3299 3579 3444 3648 quod
3483 3579 3673 3650 unige-

2075 3670 2219 3734 nitus
2244 3669 2422 3723 Patris
2463 3669 2664 3724 idcirco
2709 3669 3020 3724 incarnatus
3043 3677 3146 3732 est,
3179 3676 3236 3721 ut
3267 3683 3366 3722 nos
3411 3668 3480 3721 ad
3511 3669 3672 3738 spiri-

2075 3759 2181 3815 tale
2206 3759 2514 3825 aedificium,
2555 3760 2607 3814 id
2634 3768 2718 3814 est
2737 3801 2752 3824 ,
2790 3760 2856 3814 ad
2883 3767 3080 3814 sanctae
3109 3758 3363 3813 Ecclesiae
3394 3758 3558 3813 ﬁdem
3591 3760 3671 3812 in-

2075 3851 2425 3907 troduceret?
2467 3851 2631 3923 Cujus
2674 3851 2847 3906 oculis
2892 3851 3177 3906 aedilicium
3233 3866 3390 3904 suum
3451 3865 3673 3921 semper

2073 3943 2374 4012 aspiciunt,
2406 3943 2497 4013 qui
2527 3953 2788 4013 quantum
2817 3944 3047 4014 quisque
3084 3945 3139 3997 in
3168 3943 3466 3998 virtutibus
3499 3944 3673 4014 profi-

2073 4033 2207 4098 ciat,
2237 4033 2607 4088 indesinenter
2631 4035 2934 4089 attendunt.
2963 4034 3235 4104 Propheta
3262 4049 3393 4090 vero
3437 4049 3470 4088 a
3505 4043 3672 4107 porta

2072 4125 2142 4180 ad
2166 4133 2378 4196 portam
2422 4125 2661 4196 respicit,
2704 4127 2832 4196 quia
2860 4127 2953 4197 qui
2983 4126 3144 4181 verba
3176 4126 3272 4182 Dei
3299 4126 3454 4181 audit
3474 4168 3490 4193 ,
3529 4142 3674 4184 sem-

2072 4231 2170 4287 per
2194 4216 2382 4272 oculos
2411 4216 2590 4272 cordis
2637 4232 2837 4287 ponere
2866 4218 2933 4272 ad
2963 4217 3167 4272 exitum
3217 4217 3410 4281 debet,
3452 4225 3510 4273 et
3553 4220 3676 4275 sine

2071 4306 2376 4364 cessatione
2407 4307 2678 4373 meditari,
2717 4307 2933 4378 quando
2974 4323 3003 4361 a
3039 4308 3292 4378 praesenti
3322 4307 3435 4362 vita
3483 4318 3672 4373 exeat,

2073 4404 2236 4466 atque
2289 4397 2359 4453 ad
2421 4406 2624 4452 aeterna
2678 4397 2874 4470 gaudia
2929 4397 3223 4469 pertingat.
3275 4397 3514 4468 Propter
3568 4399 3676 4455 hoc

2073 4489 2270 4559 quippe
2297 4487 2614 4546 incarnatus
2643 4497 2728 4544 est
2771 4487 2933 4552 Deus,
2961 4495 3019 4541 ut
3047 4502 3147 4542 nos
3184 4487 3566 4543 introduceret
3605 4486 3676 4542 ad

2073 4589 2255 4655 fidem,
2279 4595 2335 4644 et
2352 4589 2608 4645 educeret
2635 4589 2702 4643 ad
2731 4589 2965 4658 speciem
2992 4589 3215 4644 visionis
3242 4604 3372 4646 suae.
3423 4588 3585 4646 Unde
3619 4588 3676 4643 in

2073 4687 2262 4735 sancto
2286 4693 2500 4749 quoque
2526 4679 2816 4749 Evangelio
2846 4678 3101 4748 loquitur,
3136 4677 3323 4732 dicens
3349 4694 3364 4734 :
3398 4696 3418 4729 ι
3449 4675 3560 4732 Per
3586 4692 3675 4731 me

2073 4772 2117 4826 si
2141 4771 2263 4840 quis
2292 4770 2579 4835 introierit,
2608 4769 2902 4825 salvabitur
2923 4787 2935 4822 :
2958 4777 3012 4823 ct
3043 4768 3396 4840 ingredietur,
3426 4778 3483 4824 et
3512 4783 3674 4840 egre-

2067 4864 2264 4928 dietur,
2300 4870 2354 4918 et
2401 4878 2598 4933 pascua
2646 4861 2884 4917 inveniet
2936 4860 3116 4931 (Joan.
3154 4860 3273 4933 ἢ.»
3322 4859 3677 4932 lngredietur

2066 4952 2316 5008 videlicet
2359 4953 2427 5006 ad
2469 4953 2650 5017 fidem,
2693 4953 3003 5023 egredietur
3046 4953 3114 5007 ad
3160 4953 3426 5023 speciem,
3461 4967 3674 5024 pascua

2067 5058 2196 5100 vero
2235 5044 2479 5100 inveniet
2517 5043 2571 5099 in
2607 5055 2814 5098 attcrna
2845 5044 3113 5101 satietate.
3145 5041 3281 5098 Hine
3305 5043 3475 5098 etiam
3517 5042 3678 5099 Psal-

2069 5133 2227 5188 mista
2262 5134 2338 5188 ait
2375 5151 2388 5189 :
2423 5152 2442 5184 ι
2475 5133 2733 5190 Dominus
2775 5133 3049 5188 custodiat
3095 5131 3377 5186 introitum
3424 5140 3581 5186 tuum
3617 5139 3675 5183 et

2068 5225 2272 5281 exitum
2305 5234 2453 5281 tuum
2497 5224 2671 5298 (Paul.
2705 5225 2854 5295 cxx).
2880 5246 2898 5278 ι
2931 5225 3180 5282 Custodit
3207 5224 3352 5278 enim
3400 5224 3673 5279 Dominus

2070 5316 2496 5389 uniuscujusque
2516 5317 2711 5371 anima:
2740 5316 3022 5371 introitum
3047 5332 3154 5387 quo
3180 5316 3348 5372 intrat
3368 5315 3437 5369 ad
3463 5314 3630 5368 fidem
3651 5352 3669 5376 ,

2069 5408 2272 5464 exitum
2302 5423 2518 5478 quoque
2543 5422 2652 5479 quo
2681 5407 2817 5461 exiit
2845 5406 2915 5462 ad
2957 5407 3219 5477 speciem,
3251 5414 3313 5461 ut
3351 5419 3529 5476 neque
3583 5403 3675 5458 in-

2071 5510 2224 5555 trans
2271 5500 2560 5556 ecclesiam
2618 5498 2897 5556 erroribus
2957 5498 3432 5570 supplantaretur,
3481 5507 3674 5562 inerme

2071 5591 2247 5646 adhuc
2299 5591 2614 5663 temporalia
2660 5591 2726 5648 ad
2773 5599 3032 5647 aeternam
3077 5589 3264 5646 exiens
3311 5586 3381 5642 ab
3427 5584 3670 5654 antiquo
