3972 6184
319 245 426 301 839

1242 243 1595 309 COMMENT.
1639 255 1704 310 IN
1745 255 2198 312 EZECHIELEM.
2242 287 2314 298 —
2349 259 2477 315 LIB.
2521 260 2659 318 XIV.

3495 270 3600 330 890

319 365 476 417 hoste
505 361 764 432 rapiatur.
801 357 894 416 Vir
927 362 1109 433 itaque
1137 365 1229 433 qui
1256 365 1505 434 apparuit
1533 367 1587 420 in
1616 375 1767 435 porta
1797 375 1903 422 ste-
1929 371 1981 430 Α
2007 384 2126 437 qua:
2153 385 2252 440 ego
2285 372 2566 427 ostendam
2611 373 2729 438 tibi,
2755 394 2772 424 ι
2805 373 3069 430 intentum
3109 373 3242 432 facit
3271 379 3592 439 auditorem.

319 456 407 520 tit,
438 463 599 524 atque
627 455 700 507 ita
745 452 959 508 loculus
993 463 1078 508 est
1104 473 1116 508 :
1147 456 1270 525 quia
1309 458 1574 512 mediator
1603 457 1697 512 Dei
1727 467 1781 513 et
1809 459 1906 514 ho-

315 545 527 600 minum
555 543 806 599 Christus
834 540 995 599 Jesns
1028 546 1080 599 in
1108 545 1226 616 ipso
1254 562 1468 618 quoque
1497 549 1765 617 passionis
1793 563 1905 602 sua:

316 645 582 706 tempore,
622 641 891 705 prtecepta
921 635 1044 689 vitze
1080 636 1359 706 discipulis
1404 637 1588 692 dedit:
1622 649 1681 692 ut
1727 639 1779 693 hi
1811 640 1902 709 qui

316 727 372 783 iu
411 727 844 798 eum‘credunt,
888 728 955 782 ad
1001 735 1214 796 portam
1258 744 1473 798 semper
1511 729 1810 798 aspiciant,
1850 740 1906 784 et

313 790 621 889 passioan
653 815 770 886 ejus
806 816 1036 872 sollicita
1067 817 1502 873 consideratione
1529 829 1840 888 pensantes,
1873 836 1903 875 a

314 925 415 963 suo
456 922 668 977 quoque
698 906 847 961 exitu
894 907 1073 962 cordis
1105 908 1293 963 oculos
1329 923 1434 962 non
1481 917 1748 963 avertant.
1795 909 1904 964 Nos

311 1012 528 1067 quoque
557 1011 678 1052 cum
697 995 810 1065 jam
846 995 1084 1052 claustra
1113 997 1296 1052 carnis
1341 997 1620 1068 despicere
1656 999 1901 1054 mortali-

315 1091 443 1146 tatis
487 1099 685 1145 nostrte
730 1091 1007 1162 angustias
1046 1106 1143 1161 per
1184 1091 1530 1148 mortalitatis
1575 1093 1902 1148 desiderium

315 1183 568 1247 transire,
618 1183 673 1236 in
717 1196 963 1251 superna:
1009 1182 1143 1238 lucis
1185 1183 1489 1238 libertatem
1541 1186 1782 1250 tendere,
1835 1187 1904 1240 ad

313 1274 553 1330 cwlestis
579 1273 768 1344 patrue
795 1273 988 1342 gaudia
1019 1274 1275 1328 anhelare
1305 1275 1648 1344 coeperimus,
1678 1277 1745 1330 ad
1775 1291 1901 1346 por-

313 1373 424 1418 tam
460 1364 646 1419 oculos
674 1372 951 1418 tenemus:
984 1365 1109 1433 quia
1151 1365 1277 1418 dum
1311 1380 1342 1417 a
1371 1364 1729 1419 sacramentis
1764 1374 1899 1420 tem-

310 1456 588 1526 poralibus
633 1456 866 1511 transire
916 1456 982 1510 ad
1027 1465 1228 1510 :eterna
1275 1457 1550 1526 cupimus,
1597 1458 1750 1525 quasi
1788 1455 1899 1526 jam

310 1545 566 1616 pnesenti
593 1545 714 1600 vita:
743 1554 887 1616 terga
917 1546 1180 1607 dedimus,
1209 1555 1264 1599 et
1290 1547 1468 1600 cordis
1498 1545 1689 1600 faciem
1720 1547 1776 1600 in
1808 1545 1902 1602 de-

310 1635 513 1691 siderio
537 1635 712 1690 exitus
739 1635 906 1690 nostri
937 1637 1218 1690 habemus.

2008 460 2162 516 Facit
2205 469 2259 517 et
2302 463 2481 517 cordis
2523 463 2694 520 oculis
2727 474 3093 535 praeparatum
3118 509 3132 531 ,
3164 476 3236 532 ut
3287 472 3602 528 memoriter

2009 559 2190 608 teneat
2217 569 2337 623 qua:
2363 554 2465 609 sibi
2493 557 2826 611 ostendenda
2863 566 3010 622 sunt,
3049 560 3174 628 quia
3214 568 3273 614 ut
3303 563 3482 616 omnia
3512 577 3603 618 os-

2007 642 2299 698 tendantur
2326 642 2444 708 tibi,
2475 646 2739 700 adductus
2782 661 2843 701 es
2872 647 2996 702 huc.
3028 649 3144 714 Quo
3191 649 3338 703 dicto
3363 653 3602 706 ostendit

2006 732 2317 803 specialiter
2360 733 2494 788 nihil
2541 735 2751 790 theoria
2801 745 2857 790 et
2901 733 3150 792 scientia.
3178 738 3390 794 dulcius
3435 756 3600 810 quam

2005 823 2266 894 propheta
2293 823 2584 888 desiderat,
2617 824 2842 880 dicens:
2877 845 2896 876 ς
2925 825 3097 882 Unam
3129 827 3257 896 petii
3289 843 3317 880 a
3349 828 3597 895 DOmino,

2005 911 2148 964 hanc
2191 911 2482 981 requiram,
2521 918 2581 965 ut
2609 913 3003 990 inhabitem'in
3041 916 3200 969 domo
3250 918 3461 972 Domini
3501 935 3600 988 per

2004 1015 2194 1057 omnes
2212 1002 2327 1057 dies
2349 1001 2472 1056 vita:
2492 1016 2625 1056 mea:
2651 1021 2663 1055 :
2688 1010 2747 1057 ut
2773 1004 2982 1058 videam
2999 1006 3329 1076 voluptatem
3360 1008 3595 1070 Domini,

2005 1099 2066 1146 ut
2092 1093 2307 1147 visitem
2347 1092 2607 1162 templum
2634 1094 2752 1164 ejus
2781 1091 2954 1166 (Psal.
2983 1095 3154 1167 xxvi).
3178 1117 3196 1147 ι
3227 1097 3380 1153 Unde
3417 1098 3595 1169 jungit

2005 1189 2059 1235 et
2088 1181 2363 1250 loquitur:
2401 1200 2419 1232 ι
2446 1183 2691 1247 Domine,
2733 1183 2897 1239 dilexi
2935 1184 3184 1240 decorem
3232 1187 3423 1242 domus
3468 1196 3592 1250 tuae,

2004 1279 2060 1324 et
2107 1271 2285 1325 locum
2317 1271 2670 1326 habitationis
2700 1272 2884 1343 gloriae
2914 1281 3018 1328 tuae
3049 1270 3222 1342 (Psal.
3251 1276 3396 1343 xxv).
3423 1298 3440 1328 ι
3479 1278 3594 1330 An-

2005 1363 2212 1430 nuntia,
2239 1363 2446 1433 inquit,
2477 1365 2658 1419 omnia
2677 1407 2692 1431 ,
2717 1381 2838 1436 quae
2869 1373 2926 1419 tu
2953 1367 3125 1432 vides,
3169 1367 3347 1421 domui
3394 1368 3558 1423 Israel
3580 1411 3592 1433 ,

2004 1463 2064 1508 ut
2109 1454 2201 1524 qui
2229 1468 2329 1525 per
2369 1468 2429 1509 se
2454 1454 2638 1510 videre
2682 1470 2789 1510 non
2837 1466 3096 1526 possunt,
3143 1472 3242 1526 per
3281 1467 3330 1512 te
3381 1457 3595 1513 discant

2003 1557 2124 1614 quaa
2157 1543 2255 1598 tibi
2307 1558 2339 1598 a
2385 1543 2612 1599 Domino
2666 1545 3125 1601 demonstrantur.
3164 1547 3354 1602 Domni
3408 1559 3589 1604 autem

2004 1631 2189 1700 lsrael,
2220 1634 2306 1688 his
2331 1634 2423 1703 qui
2469 1644 2648 1690 mente
2685 1637 3024 1707 conspiciunt
3063 1638 3255 1703 Deum,
3293 1639 3364 1696 de
3397 1640 3594 1710 quibus

391 1745 409 1777 ε
443 1725 542 1780 Fili
594 1725 846 1791 hominis,
896 1727 1017 1780 vide
1067 1727 1237 1781 oculis
1283 1727 1388 1783 tuis
1427 1737 1482 1782 et
1527 1729 1749 1785 auribus
1792 1729 1898 1786 tuis
1925 1718 1973 1778 B
2000 1731 2118 1779 erat
2142 1731 2198 1778 et
2241 1721 2561 1788 Nathanael,
2603 1725 2696 1793 qui
2753 1724 3031 1780 Christum
3073 1727 3466 1784 studiosissime
3514 1744 3593 1783 re-

316 1837 336 1870 ι
380 1819 567 1872 audi.»
596 1819 678 1873 Ad
725 1818 1092 1873 testimonium
1128 1820 1454 1888 spiritalium
1500 1836 1681 1876 rerum
1729 1822 1897 1876 dedu-

309 1919 422 1975 cto,
460 1911 588 1980 quid
631 1917 716 1964 est
759 1910 901 1978 quod
945 1910 1143 1964 dicitur
1189 1911 1310 1964 vide
1357 1911 1551 1976 oculis,
1580 1921 1634 1966 et
1681 1913 1897 1967 additur

311 2000 455 2054 tuis?
476 2008 670 2055 etcum
693 2000 970 2054 subditur:
999 2001 1123 2053 audi
1146 2001 1385 2066 auribus,
1411 2001 1724 2074 adjungitur
1753 2004 1896 2058 tuis?

308 2091 418 2146 Sed
447 2091 724 2147 sciendum
751 2092 894 2160 quod
932 2091 1074 2147 oculi
1117 2099 1281 2163 atque
1322 2107 1482 2151 aures
1522 2088 1766 2165 corporis
1801 2096 1897 2153 ad-

307 2189 440 2236 sunt
485 2181 648 2237 etiam
694 2183 1025 2245 carnalibus,
1057 2183 1244 2254 eisque
1291 2194 1418 2240 sunt
1461 2185 1516 2240 in
1562 2203 1662 2242 usu
1716 2203 1894 2244 rerum

306 2289 430 2342 qua:
475 2274 828 2342 corporaliter
867 2275 1133 2329 videntur.
1168 2274 1323 2330 Oculi
1366 2292 1494 2332 vero
1525 2287 1686 2348 atque
1735 2295 1895 2336 aures

307 2364 491 2419 cordis
539 2363 872 2419 solummodo
899 2365 1222 2436 spiritalium
1267 2375 1429 2432 sunt,
1469 2369 1561 2438 qui
1607 2369 1893 2425 invisibilia

304 2473 403 2528 per
429 2459 754 2514 intellectum
781 2461 989 2526 vident;
1015 2469 1070 2516 et
1098 2460 1312 2517 laudem
1340 2463 1438 2518 Dei
1474 2463 1591 2516 sine
1633 2477 1768 2517 sono
1797 2479 1892 2517 au-

303 2551 480 2606 diunt.
511 2551 618 2606 llas
640 2553 977 2622 omnipotens
1000 2553 1258 2609 Dominus
1282 2569 1442 2610 aures
1469 2554 1745 2624 quaerebat
1767 2571 1892 2610 cum

302 2640 556 2698 diceret:
591 2663 610 2694 ί
636 2644 736 2710 Qui
787 2645 950 2699 habet
992 2660 1154 2700 aures
1199 2643 1450 2701 audiendi
1495 2647 1678 2702 audiat
1725 2643 1888 2719 (Luc.

305 2733 448 2805 vni).
471 2754 489 2786 ι
535 2733 643 2790 Cur
672 2735 933 2806 propheta
976 2737 1228 2805 quotiens
1254 2737 1321 2792 ad
1350 2737 1577 2793 videnda
1619 2738 1886 2808 spiritalia

302 2822 552 2889 ducitur,
588 2844 605 2874 ε
637 2825 778 2880 tilius
824 2825 1058 2881 hominis
1087 2845 1106 2879 ι
1140 2825 1467 2898 appellatur,
1505 2827 1610 2882 nisi
1661 2827 1787 2897 quia
1835 2827 1888 2882 in

302 2913 409 2968 hac
439 2914 796 2984 appellatione
843 2925 1142 2971 memorata
1183 2931 1399 2986 semper
1418 2918 1561 2986 quod
1590 2925 1673 2972 est
1702 2933 1769 2972 ex
1802 2917 1891 2972 in-

1998 1815 2280 1886 quirebat,
2307 1823 2364 1870 et
2399 1815 2598 1870 meruit
2635 1815 2862 1872 audire:
2899 1834 2918 1868 ‹
2947 1817 3087 1872 Ecce
3135 1833 3297 1874 verus
3351 1818 3590 1874 Israelita

1999 1905 2189 1976 in'quo
2217 1904 2373 1960 dolus
2399 1920 2506 1960 non
2529 1911 2613 1960 cst
2642 1903 2826 1977 (Joan.
2853 1906 2914 1976 ι).
2938 1925 2957 1958 ι
2986 1907 3148 1962 Videt
3187 1909 3386 1978 quippe
3414 1919 3472 1962 ut
3500 1924 3594 1963 an-

1998 1997 2209 2052 nuntiet
2235 1997 2327 2068 qui
2359 1997 2415 2052 in
2450 2010 2516 2051 eo
2557 1997 2704 2068 quod
2745 1997 2860 2067 ipse
2889 1996 3212 2069 profecerit,
3253 1999 3418 2054 etiam
3448 2014 3590 2068 pra:-

1997 2090 2226 2148 dicando
2261 2090 2328 2148 de
2353 2089 2598 2164 profecto
2640 2090 2874 2164 proximi
2905 2107 3091 2152 curam
3137 2091 3278 2169 gerit
3305 2113 3323 2154 :
3357 2094 3509 2151 Unde
3536 2107 3592 2156 et

1996 2181 2122 2238 alibi
2151 2184 2411 2254 scriptum
2437 2191 2544 2250 est,
2571 2202 2590 2235 ι
2613 2183 2715 2252 Qui
2736 2186 2906 2254 audit,
2935 2187 3410 2250 dicat:Veni.iCni
3439 2191 3588 2244 enim

1989 2273 2102 2346 jam
2134 2290 2246 2352 _vox
2296 2276 2542 2331 vocantis
2592 2275 2688 2333 Dei
2735 2277 2968 2334 edicitur
3009 2280 3066 2334 in
3127 2283 3311 2345 corde,
3364 2295 3586 2336 necesse

1993 2374 2110 2432 est,
2143 2376 2204 2420 ut
2243 2367 2492 2436 proximo
2533 2367 2935 2437 praedicationis
2979 2369 3214 2426 oliicium
3255 2379 3506 2440 erumpat
3529 2371 3587 2426 in

1993 2467 2148 2520 voce,
2195 2462 2251 2510 et
2284 2453 2489 2511 idcirco
2526 2453 2692 2511 alium
2717 2467 2894 2525 vocet,
2933 2459 3024 2529 qui
3060 2458 3173 2530 jam
3212 2460 3327 2530 ipse
3360 2467 3586 2515 vocatus

1991 2554 2098 2602 est.

2067 2657 2085 2690 ι
2115 2637 2183 2694 Ει
2209 2654 2336 2696 ecce
2366 2656 2555 2697 murus
2584 2640 2886 2698 forinsecus
2916 2642 2970 2697 in
3004 2641 3239 2696 circuitu
3265 2643 3456 2698 domus
3484 2659 3582 2699 un-

1996 2751 2014 2783 c
2060 2731 2282 2803 dique.)
2337 2730 2541 2805 (Greg.)
2589 2725 2914 2804 Plerumque
2958 2733 3014 2786 in
3067 2747 3223 2788 sacro
3261 2733 3476 2803 eloquio
3509 2749 3580 2789 ex

1989 2824 2341 2894 protectionis
2377 2839 2490 2881 suae
2529 2825 2830 2881 munimine
2872 2839 3059 2880 murus
3097 2824 3204 2878 dici
3248 2823 3364 2894 ipse
3405 2825 3585 2880 incar-

1989 2922 2150 2969 natus
2193 2914 2452 2972 Dominus
2501 2915 2664 2982 solet,
2697 2915 2846 2970 sicut
2888 2915 2956 2971 de
3004 2924 3188 2971 sancta
3218 2915 3458 2970 Ecclesia
3485 2931 3583 2987 per

300 3001 580 3070 ﬁrmitate,
609 3019 676 3058 ne
703 3004 995 3059 extollatur
1023 3006 1089 3062 de
1117 3007 1589 3076 contemplationis
1619 3007 1888 3080 magnitu-
1920 3067 1958 3080 _
1987 3001 2317 3075 Prophetam
2355 3005 2574 3062 dicitur.
2606 3005 2847 3062 Ponetur
2870 3006 2925 3061 in
2949 3021 3013 3061 ea
3040 3021 3229 3062 murus
3251 3014 3304 3062 et
3333 3005 3582 3061 antemu-

299 3092 454 3149 dine?
473 3093 543 3148 Et
565 3067 861 3148 notandum
887 3096 1010 3164 quia
1040 3095 1252 3151 diversa
1279 3067 1405 3151 sunt
1433 3104 1491 3150 ut
1519 3067 1740 3152 dicatur
1753 3113 1885 3154 ocu-
1914 3067 1958 3129 Ο
1991 3067 2125 3153 ιτιιε⁸
2156 3097 2277 3168 ipse
2321 3099 2467 3154 enim
2509 3100 2666 3156 nobis
2694 3115 2885 3155 murus
2927 3108 3042 3167 est,
3083 3100 3174 3172 qui
3219 3116 3318 3156 nos
3343 3101 3581 3171 undique

299 3181 365 3236 lis
398 3182 505 3236 tuis
531 3182 672 3248 vide,
702 3184 922 3238 auribus
954 3186 1060 3240 tuis
1093 3186 1252 3252 audi,
1280 3194 1335 3241 et
1368 3195 1548 3242 tamen
1598 3187 1740 3242 ﬁlius
1783 3189 1886 3243 ho-

298 3279 462 3332 miuis
511 3287 749 3334 vocetur.
799 3277 908 3334 Sed
949 3295 1048 3350 per
1090 3281 1207 3335 hzec
1250 3281 1416 3336 verba
1464 3280 1593 3350 quid
1644 3279 1693 3335 ei
1741 3279 1886 3335 aliud

294 3379 486 3438 aperte
527 3369 727 3424 dicitur
765 3369 868 3426 nisi
913 3370 1178 3441 spiritalia
1209 3369 1527 3440 spiritaliter
1557 3366 1886 3440 as'piccref'Et

295 3464 478 3511 tamen
546 3457 778 3515 carnalis
831 3458 1161 3516 inﬁrmitatis
1215 3468 1322 3514 tua:
1371 3474 1691 3514 memorare.
1747 3457 1884 3514 Hinc

293 3558 379 3602 est
405 3547 569 3602 etiam
606 3548 747 3618 quod
777 3549 1116 3618 plerumque,
1159 3551 1249 3620 qui
1297 3550 1418 3620 plus
1458 3550 1514 3604 in
1545 3549 1884 3621 contempla-

294 3639 442 3692 tione
485 3638 710 3707 rapitur,
740 3639 1005 3708 contingit
1038 3648 1100 3694 ut
1129 3640 1360 3710 amplius
1388 3641 1444 3695 in
1476 3642 1774 3697 tentatione
1807 3641 1884 3696 fa-

295 3731 513 3798 tigetur.
541 3729 693 3785 Sicut
721 3731 1040 3800 quibusdam
1071 3748 1213 3803 saepe
1251 3733 1566 3805 contingere
1595 3735 1734 3790 bene
1760 3751 1885 3805 pro-

290 3822 600 3877 ticieutibus
630 3821 786 3888 solet,
816 3837 1048 3893 quorum
1077 3832 1312 3880 mentem
1341 3825 1468 3880 dum
1499 3834 1593 3880 aut
1621 3841 1882 3896 compun-

289 3917 400 3967 ctio
431 3911 611 3979 allicit,
649 3923 742 3968 aut
770 3913 1156 3984 contemplatio
1195 3930 1359 3985 super
1393 3916 1746 3985 semetipsum
1793 3932 1883 3971 ra-

290 4005 402 4074 pit,
451 4005 635 4059 statim
675 4005 840 4059 ctiam
889 4005 1116 4059 tentatio
1155 4005 1420 4074 sequitur,
1461 4019 1530 4060 ne
1571 4005 1637 4060 de
1683 4006 1768 4060 his
1811 4005 1880 4060 ad

287 4109 409 4164 quae
435 4104 589 4163 rapta
611 4104 692 4150 est
713 4094 1022 4150 extollatur.
1041 4093 1177 4148 Nam
1203 4095 1619 4164 compunctione
1636 4095 1722 4149 vel
1749 4111 1880 4150 con-

290 4187 639 4257 templatione
679 4188 745 4243 ad
789 4188 960 4243 Deum
1004 4189 1250 4260 erigitur,
1296 4189 1390 4244 sed
1419 4189 1733 4245 tentationis
1768 4205 1880 4244 sua:

285 4280 527 4350 pondere
589 4280 962 4336 reverberatus
1021 4280 1091 4335 ad
1157 4281 1548 4351 semetipsum;
1609 4291 1878 4352 quatenus

287 4371 514 4425 tentatio
555 4370 843 4442 aggravet,
896 4387 966 4427 ne
1003 4373 1386 4442 contemplatio
1432 4370 1611 4438 inflet,
1644 4382 1697 4427 et
1744 4373 1871 4428 item

282 4462 670 4532 contemplatio
703 4463 900 4529 elevet,
959 4477 1028 4518 ne
1074 4463 1300 4518 tentatio
1329 4464 1623 4536 demergat.
1667 4483 1686 4516 ‹
1714 4463 1869 4530 Vide,

283 4554 482 4622 inquit,
509 4553 678 4610 oculis
717 4553 822 4609 tuis
875 4561 930 4610 et
959 4554 1182 4608 auribus
1215 4554 1319 4609 tuis
1362 4555 1507 4610 audi.
1533 4574 1551 4606 ι
1602 4554 1872 4627 (Ηὶενοη.)

283 4645 401 4700 Non
444 4644 614 4700 oculis
641 4646 843 4710 carnis,
871 4645 966 4700 sed
995 4644 1217 4715 spiritus
1242 4663 1255 4699 :
1291 4659 1390 4700 nec
1417 4645 1640 4700 auribus
1675 4661 1870 4717 corpo-

282 4740 382 4802 ris,
410 4737 506 4792 sed
549 4737 760 4793 animae.
797 4757 815 4789 ι
841 4735 1060 4804 Levate,
1097 4737 1294 4806 inquit,
1333 4737 1518 4793 oculos
1554 4745 1788 4802 vestros,
1816 4747 1872 4794 et

279 4827 463 4882 videte
478 4827 604 4897 quia
627 4841 831 4883 messes
844 4827 955 4895 jam
978 4827 1114 4882 alba:
1129 4837 1255 4882 sunt
1275 4827 1342 4881 ad
1366 4827 1671 4882 metendum
1686 4827 1866 4899 (Joan.

280 4921 380 4988 iv).
404 4938 422 4968 ι
455 4919 519 4972 Et
547 4933 561 4972 :
594 4937 612 4968 ι
641 4919 743 4988 Qui
783 4920 944 4974 habet
979 4935 1140 4978 aures
1180 4919 1431 4974 audiendi
1480 4920 1665 4976 audiat
1708 4919 1862 4990 (Luc.

279 4998 424 5080 vni).
450 5030 468 5060 ι
501 5009 725 5065 Videtur
765 5018 944 5064 autem
972 5009 1255 5064 aedificatio
1277 5009 1535 5076 civitatis,
1567 5021 1621 5065 et
1650 5012 1868 5066 auditur

279 5101 418 5156 ordo
457 5100 933 5166 caeremoniarum,
981 5107 1035 5155 et
1069 5101 1408 5158 sacerdotum
1456 5111 1720 5171 terrteque
1770 5102 1868 5157 de-

281 5190 526 5261 scriptio.
561 5189 670 5246 Nec
689 5190 885 5246 sullicit
908 5191 1227 5264 praecepisse
1253 5199 1310 5246 ut
1329 5200 1579 5247 cerneret
1603 5191 1794 5255 oculis,
1813 5201 1870 5248 et

280 5279 497 5336 audiret
533 5282 794 5336 auribus:
827 5281 920 5337 sed
952 5280 1165 5352 adjecit,
1202 5299 1220 5332 ‹
1250 5291 1306 5336 ει
1331 5297 1470 5352 pone
1497 5296 1591 5336 cor
1617 5290 1765 5336 tuum
1809 5281 1863 5336 in

279 5372 496 5433 omnia;
527 5392 546 5426 ι
581 5373 716 5438 sive,
753 5391 773 5424 ι
799 5381 855 5428 ει
893 5388 1030 5444 pone
1069 5372 1124 5426 in
1170 5373 1332 5427 corde
1380 5382 1474 5427 tuo
1526 5373 1708 5428 omnia
1747 5387 1867 5443 quat

278 5476 388 5532 ego
429 5463 712 5520 ostendam
744 5463 903 5519 tibi.»
947 5464 1092 5519 Nihil
1132 5465 1276 5520 enim
1325 5466 1545 5535 prodest
1584 5464 1785 5520 vidisse
1812 5473 1868 5521 et

282 5553 523 5620 audisse,
548 5555 650 5610 nisi
681 5571 746 5611 ea
775 5571 896 5627 quae
927 5555 1124 5612 videris
1156 5564 1212 5612 et
1243 5556 1480 5612 audieris
1503 5557 1558 5612 in
1594 5557 1866 5613 memoria:

287 5641 594 5715 reposucris
622 5643 894 5701 thesauro.
942 5642 1165 5713 Quando
1207 5654 1386 5702 autem
1425 5645 1592 5702 dicit:
1627 5665 1644 5698 ι
1674 5643 1864 5702 Omnia

1985 3189 2343 3245 custodiendo
2371 3191 2699 3246 circumdat.
2725 3191 3078 3246 Antemurale
3104 3200 3283 3248 autem
3315 3193 3454 3248 muri
3483 3208 3580 3248 no-

1984 3279 2084 3333 stri
2127 3281 2405 3351 propheta:
2446 3295 2639 3336 omnes
2683 3279 2922 3347 fuerunt,
2954 3280 3080 3351 quia
3123 3283 3439 3351 priusquam
3475 3281 3578 3336 Do—

1983 3374 2165 3431 minus
2210 3382 2502 3446 appareret
2545 3374 2601 3429 in
2637 3389 2824 3439 carne,
2855 3374 2922 3430 ad
2951 3373 3371 3429 construendam
3416 3372 3577 3428 ﬁdem

1983 3466 2359 3537 prophetando
2383 3467 2535 3522 missi
2559 3475 2703 3522 sunt.
2735 3465 2802 3521 Et
2831 3465 3127 3520 notandum
3159 3464 3301 3536 quod
3329 3463 3432 3519 iste
3464 3479 3579 3518 mu-

1984 3574 2076 3614 rus
2102 3558 2362 3629 spiritalis
2400 3556 2615 3614 aediﬁcii
2641 3571 2761 3612 esse
2791 3555 3093 3612 forinsecus
3128 3554 3347 3610 dicitur.
3386 3553 3572 3610 Murus

1981 3647 2179 3718 quippe
2203 3648 2296 3718 qui
2341 3647 2409 3702 ad
2436 3647 2792 3702 munitionem
2834 3645 3046 3700 aedificii
3075 3644 3428 3708 construitur,
3461 3659 3569 3699 non

1981 3737 2231 3802 interius,
2261 3737 2358 3792 sed
2403 3737 2646 3792 exterius
2684 3736 2809 3806 poni
2853 3735 3011 3806 solet.
3039 3734 3178 3801 Quid
3215 3750 3346 3805 ergo
3385 3750 3572 3790 ncces-

1981 3828 2186 3884 sarium
2231 3826 2334 3882 fuit
2371 3834 2430 3881 ut
2467 3827 2738 3882 diceretur
2765 3825 3091 3895 forinsecus;
3134 3823 3264 3879 dum
3291 3840 3570 3894 nunquam

1982 3918 2109 3987 poni
2157 3932 2346 3973 murus
2389 3917 2715 3973 intrinsecus
2745 3916 2952 3980 soleat;
2998 3916 3090 3987 qui
3121 3931 3344 3973 necesse
3389 3925 3474 3972 est
3515 3925 3576 3973 ut

1980 4007 2220 4062 exterius
2248 4006 2456 4076 positus
2491 4022 2556 4062 ea
2600 4021 2721 4076 quae
2750 4007 2895 4061 intus
2921 4016 3048 4061 sunt
3076 4004 3349 4061 defendat.
3379 4005 3486 4063 Sed
3517 4008 3572 4062 in

1980 4098 2084 4153 hoc
2128 4098 2296 4153 verbo
2323 4098 2450 4166 quid
2481 4107 2664 4168 aperte
2699 4097 2802 4151 nisi
2833 4097 3112 4156 Dominica
3148 4098 3450 4153 incarnatio
3477 4099 3570 4154 tle--

1978 4189 2348 4244 monstratur?
2374 4188 2557 4243 Murus
2595 4188 2740 4244 enim
2771 4187 2928 4244 nobis
2956 4189 3101 4243 intus
3127 4196 3210 4243 est
3237 4187 3376 4243 Deus
3400 4206 3414 4241 :
3451 4205 3568 4243 mu-

1981 4295 2074 4335 rus
2104 4293 2234 4336 vero
2279 4279 2414 4336 foris
2439 4287 2542 4345 est,
2575 4279 2716 4335 Deus
2760 4278 2942 4334 homo.
2975 4277 3128 4334 Unde
3163 4279 3212 4332 ei
3258 4293 3359 4348 per
3383 4295 3572 4348 quem-

1977 4372 2100 4427 dam
2129 4372 2448 4443 prophetam
2476 4371 2712 4427 dicitur:
2749 4389 2766 4422 ι
2794 4370 2964 4426 Existi
3006 4370 3060 4424 in
3109 4369 3338 4426 salutem
3384 4371 3565 4441 populi

1983 4464 2082 4528 tui,
2110 4473 2171 4519 ut
2195 4463 2372 4519 salvos
2404 4463 2572 4518 facias
2600 4463 2836 4518 christos
2865 4470 2983 4516 tuos
3019 4460 3251 4533 (Hebae.
3281 4463 3383 4532 ut).
3408 4482 3428 4514 ι
3458 4463 3563 4518 Iste

1979 4554 2180 4611 etenim
2225 4569 2412 4608 murus
2455 4552 2773 4607 incarnatus
2798 4550 3051 4606 videlicet
3082 4551 3341 4608 Dominus
3376 4568 3564 4610 murus

1978 4646 2135 4702 nobis
2165 4662 2272 4702 non
2317 4653 2490 4710 esset,
2521 4644 2625 4698 etsi
2670 4641 2972 4698 forinsecus
3019 4660 3124 4699 non
3169 4644 3391 4712 fuisset,
3434 4647 3562 4717 quia

1976 4740 2122 4794 intus
2146 4751 2246 4792 nos
2276 4751 2380 4792 non
2405 4742 2746 4806 protegeret;
2776 4733 2821 4790 si
2849 4734 3088 4790 exterius
3112 4751 3220 4790 non
3248 4747 3560 4808 appareret.

1977 4827 2083 4884 Sed
2111 4841 2287 4896 neque
2311 4827 2414 4881 hoc
2438 4823 2770 4894 negligenter
2797 4826 3229 4894 praetereundum
3273 4837 3376 4891 est,
3415 4829 3560 4898 quod

1972 4920 2112 4976 idem
2159 4933 2344 4972 murus
2373 4915 2579 4987 positus
2620 4915 2839 4981 dicitur,
2881 4916 2936 4970 in
2970 4916 3198 4971 circuitu
3238 4917 3430 4974 domus
3458 4933 3559 4972 un-

1972 5011 2152 5080 dique.
2196 5009 2399 5063 Domus
2427 5006 2628 5076 quippe
2658 5005 2751 5061 Dei
2801 5021 2910 5061 non
2942 5006 3114 5061 solum
3143 5007 3316 5062 sancti
3356 5007 3557 5077 angeli,

1972 5105 2039 5158 de
2065 5100 2259 5172 quibus
2300 5098 2587 5154 Psalmlsta
2615 5098 2730 5153 ait:
2765 5118 2782 5149 ε
2811 5097 3060 5164 Domine,
3099 5097 3262 5153 dilexi
3307 5099 3555 5154 decorem

1972 5195 2163 5250 domus
2203 5199 2308 5247 tuae
2339 5187 2512 5260 (Psal.
2536 5194 2691 5259 xxv),
2713 5206 2732 5240 ι
2765 5195 2819 5243 et
2842 5187 3022 5243 locum
3056 5187 3390 5243 tabernaculi
3435 5187 3555 5258 glo-

1973 5283 2068 5338 riae
2104 5291 2227 5347 tute,
2256 5281 2349 5336 sed
2387 5280 2549 5335 etiam
2578 5294 2677 5335 nos
2723 5293 2928 5346 sumus,
2973 5293 3205 5350 quorum
3235 5284 3441 5332 mentes
3475 5278 3558 5330 in-

1974 5371 2219 5426 habitare
2262 5370 2533 5440 dignatur.
2579 5369 2650 5424 Et
2694 5384 2883 5424 murus
2940 5368 3178 5438 undique
3222 5367 3278 5421 in
3326 5367 3556 5425 circuitu

1973 5462 2166 5518 domus
2188 5469 2292 5525 est,
2327 5459 2452 5529 quia
2496 5459 2804 5531 unigenitus
2846 5457 3024 5513 Patris
3063 5458 3158 5528 qui
3192 5472 3408 5513 sursum
3444 5463 3551 5524 est,

1972 5551 2203 5608 ﬁrmitas
2224 5550 2559 5621 angelorum,
2587 5550 2703 5621 ipse
2737 5549 2989 5605 deorsum
3025 5545 3200 5603 factus
3225 5554 3310 5603 est
3343 5545 3555 5603 redem-

1969 5642 2083 5716 ptio
2124 5641 2401 5698 hominum
2425 5655 2435 5668 '
2463 5639 2576 5698 illis
2615 5639 2876 5697 fortitudo
2900 5655 2968 5695 ne
2997 5638 3222 5705 cadant,
3253 5637 3410 5697 nobis
3441 5637 3542 5696 ad-
