3972 6184
481 208 584 269 εει
1112 206 1174 262 Β.
1214 202 1469 260 MBAN!
1486 232 1491 237 ο
1506 202 1729 261 MAURI
1765 201 2083 258 ΑῐιειιιΕΡ.

2128 198 2438 258 HOCUNT.
2475 196 2761 256 OPERUM
2797 195 2981 253 PARS
3014 196 3077 253 ll.
3587 207 3669 263 892

481 319 749 392 jutorium
794 323 854 372 ut
884 331 1174 389 surgamus
1211 324 1336 388 post
1362 330 1567 373 casum.
1610 315 1667 371 Si
1697 330 1827 371 vero
1858 330 1954 387 per
1982 315 2075 370 do-
2103 317 2153 378 Α
2182 313 2330 369 aliud
2355 329 2518 384 quam
2547 313 2723 369 activa
2770 313 3131 384 exprimitur?
3156 315 3278 386 quia
3304 324 3443 374 sexto
3470 319 3546 376 die
3574 338 3670 393 per.

488 426 640 467 mum
668 409 766 464 Dei
787 409 891 464 hoc
914 408 1034 463 loco
1060 407 1173 463 sola
1199 407 1599 477 redemptorum
1632 405 1907 460 hominum
1938 404 2076 460 mul-

490 499 664 555 titudo
709 499 970 571 signatur,
999 498 1237 566 undique
1273 496 1430 552 nobis
1461 496 1722 552 Dominus
1749 504 1807 551 ει
1844 509 1942 567 per
1970 495 2077 552 cir—

489 590 693 645 cuitum
724 602 912 643 murus
953 595 1042 642 est
1070 604 1083 640 :
1115 586 1207 657 qui
1250 594 1309 641 ut
1338 602 1437 642 nos
1467 584 1707 657 perfecte
1745 586 2072 651 custodiret,

489 678 669 734 omnia
692 692 812 747 quae
834 675 1016 731 docuit
1035 676 1289 732 ostendit.
1319 674 1474 731 Sicut
1493 676 1756 746 scriptum
1776 684 1888 732 est:
1910 694 1928 727 ι
1948 674 2078 742 Quae

489 768 838 841 carpitJesus
864 768 1044 825 facere
1085 775 1142 824 et
1186 769 1382 824 docere
1426 767 1564 841 (Act.
1593 768 1664 840 ι).
1695 788 1713 820 ι
1764 768 1901 836 Quia
1931 768 2078 822 enim

488 872 685 915 vocare
710 875 811 914 nos
835 859 901 912 ad
935 858 1209 914 cmlestem
1234 859 1466 928 patriam
1489 858 1659 925 venit,
1695 859 1950 914 nimirum
1981 872 2078 913 nos

488 950 766 1021 despicere
807 950 945 1005 bona
992 949 1304 1005 transitoria
1349 948 1570 1015 docuit,
1600 957 1656 1006 et
1701 950 1840 1005 mala
1873 958 2079 1020 tempo—

491 1039 624 1095 ralia
668 1055 775 1094 non
802 1039 1013 1094 timere.
1044 1038 1198 1096 Unde
1225 1047 1284 1093 et
1307 1039 1600 1109 opprobria
1630 1039 1897 1110 despexit,
1944 1038 2080 1108 inju-

488 1131 604 1186 rias
628 1130 887 1201 pertulit,
920 1137 1148 1185 mortem
1187 1144 1293 1184 non
1327 1129 1534 1196 timuit,
1565 1129 1747 1184 crucis
1782 1130 2079 1201 patibulqu

491 1234 601 1274 non
628 1217 848 1290 refugit.
892 1218 1109 1272 Etcum
1157 1219 1304 1273 hunc
1332 1218 1631 1274 voluissent
1661 1233 1872 1289 rapere,
1898 1227 1953 1275 et
1990 1233 2077 1273 re-

489 1326 613 1381 gem
638 1310 991 1375 constituem,
1019 1310 1204 1365 statim
1230 1308 1396 1379 fugit;
1440 1309 1569 1379 quid
1611 1309 1770 1364 nobis
1810 1308 1955 1363 aliud
1998 1309 2081 1364 his

491 1401 757 1471 exemplis
786 1401 1040 1463 innuens.
1074 1400 1181 1456 nisi
1206 1409 1267 1455 ut
1294 1401 1589 1457 debeamus
1615 1400 1776 1471 hujus
1815 1402 2002 1457 mundi
2028 1410 2085 1458 et

490 1490 717 1545 adversa
747 1504 855 1544 non
883 1498 1144 1554 metuere,
1168 1497 1225 1545 et
1251 1504 1513 1560 prospera
1532 1490 1761 1546 -vitare?
1786 1489 1925 1557 Quia
1963 1489 2085 1560 plus

490 1579 810 1650 plerumque
834 1578 951 1648 ejus
980 1581 1122 1635 bona
1145 1587 1414 1650 occupant
1456 1580 1719 1648 animum,
1748 1596 1909 1653 quam
1943 1581 2085 1636 mala

494 1671 837 1742 perturbant.
873 1672 1017 1726 Ante
1052 1671 1362 1741 passionem
1392 1686 1522 1728 vero
1552 1688 1705 1728 suam
1736 1671 2089 1728 contumelias

495 1760 724 1827 audivit,
762 1777 863 1819 nec
896 1769 1075 1816 tamen
1100 1761 1457 1817 contumelias
1487 1761 1744 1828 reddidit,
1770 1762 2087 1817 traditorem

495 1865 657 1907 suum
689 1851 783 1906 diu
813 1851 1014 1907 tacitus
1047 1850 1287 1920 pertulit,
1320 1860 1375 1907 et
1400 1852 1527 1907 ﬁcte
1552 1852 1807 1907 salutanti
1838 1853 1969 1908 dare
2004 1868 2090 1908 os-

492 1940 676 1996 culum
698 1955 808 1995 non
850 1941 1142 1996 recusavit.
1176 1940 1427 2011 Suscepit
1454 1951 1705 2009 mortem,
1737 1959 1805 1998 ne
1842 1944 1981 1999 mori
2024 1944 2089 1998 ti-

497 2048 788 2090 meremus.
813 2032 1062 2089 Ostendit
1090 2035 1568 2101 resurrectionem,
1593 2043 1654 2088 ut
1679 2050 1778 2091 nos
1800 2047 2088 2106 resurgere

500 2138 665 2193 posse
691 2124 1058 2180 crederemus.
1106 2124 1236 2179 Post
1260 2125 1567 2196 passionem
1597 2142 1812 2197 quoque
1840 2143 1992 2182 suam
2022 2129 2090 2185 de

500 2214 587 2270 his
611 2214 706 2285 qui
730 2229 790 2269 se
818 2214 1206 2271 cruciﬂxerant
1231 2215 1299 2270 ad
1324 2215 1450 2271 ﬁdei
1478 2216 1706 2288 gratiam
1732 2217 1966 2283 vocavit,
1995 2217 2092 2273 do-

496 2320 629 2363 num
655 2321 757 2375 pro
784 2305 1071 2375 iniquitate
1114 2306 1367 2362 reddidit.
1409 2305 1513 2372 Qui
1549 2322 1679 2378 ergo
1706 2321 1806 2362 nos
1845 2307 2090 2379 exemplo

495 2408 600 2452 suo
621 2395 690 2450 de
708 2396 957 2452 omnibus
982 2395 1261 2463 instruxit,
1284 2412 1475 2452 murus
1500 2396 1657 2453 nobis
1678 2413 1778 2468 per
1800 2397 2089 2453 circuitum

499 2493 557 2541 et
580 2484 819 2556 undique
843 2484 1022 2543 factus
1045 2493 1149 2542 est.
1187 2487 1480 2558 Sequitur:

577 2593 598 2628 ι
641 2575 713 2631 Ει
736 2576 790 2632 in
820 2592 984 2632 manu
1010 2577 1115 2633 viri
1166 2577 1411 2634 calamus
1458 2592 1727 2634 mensurae
1755 2593 1853 2635 sex
1877 2580 2090 2636 cubito-

504 2684 526 2719 ι
570 2680 693 2723 rum
719 2675 776 2724 et
822 2669 1024 2738 palato.
1060 2688 1079 2721 ι
1121 2666 1393 2741 (meram)
1446 2668 1702 2727 Calamus
1729 2680 1913 2728 autem
1939 2688 2093 2730 men—

502 2770 648 2811 sura:
672 2757 766 2825 qui
796 2757 1035 2814 habebat
1058 2773 1154 2814 sex
1184 2760 1367 2815 cubita
1398 2769 1455 2816 et
1474 2761 1733 2831 palmum,
1760 2762 1894 2820 illud
1923 2764 2093 2836 signi-

503 2846 636 2903 ﬁcat
665 2856 850 2903 notam
881 2864 1004 2905 esse
1028 2850 1140 2906 Deo
1168 2853 1639 2908 conversationem
1678 2864 1946 2922 nostram,
1970 2872 2090 2926 qua:

499 2937 557 2993 in
588 2953 685 2995 sex
708 2939 918 3006 diebus,
947 2940 1004 2996 in
1029 2941 1229 3013 quibus
1264 2943 1498 2999 mundus
1522 2944 1697 3001 factus
1725 2954 1809 3001 est
1846 2949 2090 3004 contine-

502 3035 613 3093 tur,
636 3036 693 3083 et
718 3036 904 3082 notam
941 3044 1064 3085 esse
1091 3038 1149 3086 et
1176 3028 1273 3104 [ei]
1311 3032 1578 3087 rationem
1629 3048 1854 3104 cperum
1899 3037 2088 3109 singu-

500 3116 702 3184 lorum,
738 3125 798 3172 ut
821 3117 968 3176 aliud
996 3120 1067 3175 ad
1114 3135 1279 3193 opera
1327 3123 1620 3194 pertineat,
1665 3125 1810 3182 aliud
1836 3128 1905 3184 ad
1934 3144 2091 3185 men-

507 3216 637 3262 tem.
677 3207 831 3265 Unde
878 3219 934 3265 et
958 3209 1189 3268 latitudo
1221 3227 1376 3283 aequa
1432 3222 1517 3270 est
1540 3214 1831 3285 altitudini,
1858 3233 2090 3289 quorum

502 3301 733 3360 latitudo
765 3304 834 3359 ad
860 3319 1026 3375 opera
1061 3313 1123 3360 ut
1153 3306 1415 3371 diximus,
1460 3308 1689 3364 altitudo
1736 3310 1972 3366 refertur
2022 3314 2091 3369 ad

502 3393 769 3460 animum,
794 3393 887 3464 qui
909 3395 975 3450 ad
1001 3394 1111 3451 alta
1138 3395 1381 3452 festinat.
1407 3396 1544 3453 Illud
1571 3398 1753 3456 autem
1783 3400 1950 3457 semel
1976 3417 2092 3456 mo-

502 3482 689 3544 nuisse
740 3482 992 3552 sufﬁciat,
1058 3500 1218 3541 nosse
1274 3501 1362 3542 me
1393 3487 1631 3543 cubitum
1660 3497 1716 3544 ει
1744 3490 1926 3546 cubita
1960 3505 2092 3546 neu-

504 3575 630 3631 trali
659 3576 915 3648 appellari
955 3592 1172 3650 genere.
1206 3578 1311 3635 Sed
1337 3595 1436 3650 pro
1461 3580 1805 3651 simplicitate
1837 3590 1893 3636 et
1919 3580 2093 3637 facili-

504 3676 618 3725 tate
643 3667 1014 3741 intelligentiae
1053 3669 1306 3743 vulgique
1359 3674 1749 3729 consuetudine
1801 3688 2005 3744 ponere
2035 3683 2090 3731 et

500 3772 707 3836 genere
734 3760 1041 3817 masculino
1066 3779 1079 3815 :
1122 3777 1227 3818 non
1260 3762 1405 3818 enim
1434 3777 1580 3819 cura:
1608 3763 1763 3819 nobis
1788 3772 1874 3819 est
1918 3764 2093 3820 vitare

506 3869 824 3912 sermonum
849 3853 1006 3919 vitia,
1032 3854 1127 3909 sed
1153 3852 1450 3925 Scriptura:
1470 3864 1675 3911 sancta:
1698 3855 2086 3911 obscuritatem

504 3945 921 4016 quibuseunque
937 3943 1118 3999 verbis
1146 3945 1463 4001 edisserere.
1482 3944 1547 4015 (ϐ
1556 3945 1688 4018 reg.)
1717 3943 1853 4013 Quia
1881 3960 1980 4015 per
2002 3961 2094 4001 ca-

506 4038 709 4093 lamum
740 4035 1022 4105 Scriptura
1048 4050 1204 4089 sacra
1254 4036 1519 4105 signatur,
1555 4039 1829 4107 praeterita
1859 4038 2093 4094 lectione

501 4129 618 4200 jam
649 4128 908 4194 diximus,
956 4126 1085 4197 quia
1113 4127 1356 4183 calamus
1404 4144 1674 4185 mensura:
1700 4145 1822 4187 esse
1870 4131 2089 4195 dicitur,

500 4220 631 4293 quia
657 4220 711 4275 in
756 4219 931 4291 ipsam
954 4233 1175 4273 omnem
1221 4219 1344 4273 vitae
1392 4226 1595 4275 nostra:
1640 4221 1906 4275 actionem
1937 4220 2092 4276 meti-

499 4327 658 4368 mur:
690 4318 750 4366 ut
775 4309 987 4367 scilicet
1017 4308 1297 4365 videamus
1340 4309 1429 4365 vel
1454 4318 1717 4382 quantum
1745 4311 2080 4382 proficimus,

498 4402 583 4460 vel
611 4412 873 4473 quantum
904 4400 1064 4474 longe
1088 4416 1120 4457 a
1155 4400 1401 4472 profectu
1443 4402 1729 4459 distamus.
1770 4403 1906 4459 Nam
1940 4420 2082 4476 smpe

498 4485 702 4563 aliquid
730 4500 954 4564 agentes
978 4491 1092 4563 jam
1127 4490 1410 4562 cujusdam
1441 4492 1621 4547 meriti
1669 4507 1791 4549 esse
1834 4509 1934 4550 nos
1958 4509 2081 4551 cre-

482 4583 682 4649 dimus
711 4600 726 4637 :
756 4582 854 4639 sed
879 4597 1003 4638 cum
1030 4581 1100 4638 ad
1135 4582 1299 4638 verba
1326 4582 1424 4637 Dei
1474 4591 1839 4651 recurrentes,
1886 4598 2087 4654 praece-

500 4683 593 4748 pta
618 4673 871 4729 sublimia
915 4672 1189 4740 audimus,
1221 4670 1298 4728 ibi
1346 4673 1719 4743 cognoscimus
1745 4686 2006 4745 quantum
2051 4691 2083 4730 a

499 4762 837 4835 profectione
870 4764 1049 4819 minus
1091 4763 1409 4820 habeamus.
1455 4763 1709 4820 Calamus
1754 4780 1883 4836 ergo
1928 4780 2084 4821 meu-

502 4868 644 4914 surze
671 4861 758 4908 est
781 4853 873 4923 qui
913 4869 1008 4924 per
1039 4870 1232 4910 manus
1281 4855 1636 4911 scribentium
1664 4856 1778 4911 vita
1807 4870 2087 4911 mensura-

502 4955 589 5004 tur
618 4943 946 5003 auditorum.
981 4943 1085 5013 Qui
1115 4945 1359 5003 calamus
1395 4947 1449 5007 in
1480 4962 1643 5003 manu
1688 4947 1790 5003 viri
1841 4961 1963 5003 esse
1993 4946 2079 5002 di-

480 5037 667 5101 citur,
708 5034 826 5091 sive
860 5036 986 5104 quia
1015 5051 1230 5092 sacrum
1283 5036 1556 5109 eloquium
1608 5038 1663 5093 in
1709 5048 1977 5111 potestate
2002 5048 2086 5095 est

476 5124 819 5182 mediatoris
873 5124 970 5181 Dei
1015 5133 1074 5182 et
1122 5126 1403 5183 hominum
1433 5128 1668 5186 hominis
1698 5128 1901 5185 Christi
1929 5128 2081 5186 Jesu.

472 5262 477 5269 .
499 5215 609 5274 Seu
627 5224 780 5275 certe
798 5217 926 5292 quia
947 5218 1051 5275 hoc
1068 5217 1214 5289 quod
1235 5218 1404 5277 scribi
1433 5220 1603 5277 voluit
1625 5221 1902 5293 cperando
1927 5238 2081 5279 com-

496 5305 687 5377 plevit.
717 5308 866 5367 Idem
897 5324 1028 5367 vero
1071 5310 1314 5367 calamus
1351 5325 1449 5367 sex
1487 5312 1792 5369 cubitorum
1843 5328 1966 5371 esse
1991 5314 2083 5371 de-

474 5401 776 5465 scribitur.
802 5400 933 5457 Duaa
958 5402 1161 5459 etenim
1188 5401 1311 5459 vitm
1336 5411 1484 5469 sunt,
1525 5404 1580 5457 in
1614 5404 1811 5475 quibus
1841 5420 1941 5462 nos
1962 5420 2082 5461 om-

476 5487 749 5559 nipotens
776 5492 921 5550 Deus
950 5508 1047 5565 per
1091 5508 1309 5551 sacrqu
1333 5492 1606 5564 eloquium
1650 5495 1870 5557 erudit:
1902 5494 2082 5551 activa

501 5579 751 5643 Videlicet
776 5592 834 5643 et
856 5585 1291 5657 contemplativa.
1339 5585 1407 5643 Et
1458 5602 1557 5653 per
1582 5602 1678 5645 sex
1702 5585 1917 5660 cubitos
1953 5586 2082 5646 uuid

2110 4363 2162 4423 D

2177 405 2304 462 fecit
2326 408 2470 463 Deus
2491 406 2674 461 omnia
2702 421 2866 476 opera
2898 420 3013 461 sua.
3050 405 3260 463 Palmus
3293 423 3410 464 vero
3445 410 3522 480 qui
3546 428 3672 484 super

2177 512 2273 553 sex
2303 497 2519 554 cubitos
2543 513 2665 554 esse
2686 497 2907 564 dicitur,
2928 494 3041 566 jam
3065 497 3132 553 de
3153 498 3369 569 scptimo
3387 508 3479 569 est,
3502 503 3581 559 sed
3613 513 3677 559 ta.

2179 602 2303 643 men
2328 588 2543 645 cubitus
2567 604 2675 645 non
2701 597 2804 644 est.
2856 587 3043 642 Activa
3073 602 3198 659 ergo
3244 589 3345 644 vita
3372 590 3582 662 signatur
3600 611 3675 666 per

2180 693 2274 733 sex
2319 678 2555 744 cubitos,
2594 680 2651 733 et
2694 677 3108 748 contemplativa
3163 693 3259 748 per
3305 680 3534 750 palmum,
3579 685 3674 754 quia

2182 765 2327 821 illam
2361 781 2524 837 opere
2559 765 2891 837 perficimus.
2945 766 3020 821 De
3045 768 3146 822 ista
3172 783 3297 823 vero
3316 770 3464 825 etiam
3483 788 3583 827 cum
3605 790 3674 830 cor

2183 857 2472 923 tendimus,
2530 856 2621 911 vix
2677 872 2870 928 parum
2923 857 3126 927 aliquid
3177 859 3424 930 attingere
3466 861 3671 919 valemus.

2181 947 2370 1002 Activa
2416 949 2559 1003 cnim
2610 948 2721 1002 vita
2771 956 2874 1015 est,
2934 964 3129 1019 panem
3176 950 3421 1006 esurienti
3464 954 3669 1019 tribuere,

2183 1038 2349 1094 verbo
2373 1039 2650 1108 sapientia:
2671 1039 3003 1095 nescientem
3054 1039 3264 1106 docere,
3294 1050 3534 1097 errantem
3550 1044 3678 1099 curri-

2185 1142 2329 1201 gere.
2371 1129 2438 1183 ad
2471 1128 2794 1184 humilitatis
2828 1129 2972 1185 viam
3017 1130 3400 1201 superbientem
3435 1133 3677 1203 proximum

2186 1233 2463 1285 revocare,
2514 1217 2849 1274 infirmitatis
2875 1216 3064 1274 curam
3112 1235 3312 1292 gerere,
3362 1236 3468 1291 qua:
3508 1221 3680 1292 singulis

2186 1312 2489 1384 quibusque
2514 1313 2802 1383 expedient
2842 1312 3179 1383 dispensare,
3228 1323 3282 1370 et
3301 1317 3543 1371 commissi
3566 1317 3681 1372 nobis

2188 1400 2421 1472 qualiter
2448 1402 2744 1457 subsistere
2796 1400 3038 1469 valeant,
3087 1402 3379 1473 providere.
3405 1403 3681 1475 Contempla-

2190 1488 2295 1544 tiva
2334 1504 2463 1544 vero
2501 1489 2612 1544 vita
2647 1497 2750 1556 est,
2797 1490 3120 1547 charitatem
3170 1492 3376 1562 quidem
3422 1493 3684 1563 Deietpro-

2191 1581 2322 1636 ximi
2348 1589 2461 1637 tota
2493 1592 2673 1638 mente
2711 1584 2971 1650 retinere,
3014 1583 3117 1640 sed
3147 1585 3215 1640 ab
3243 1586 3488 1641 exteriore
3524 1587 3684 1643 actione

2115 1658 2164 1717 Β
2192 1671 2494 1740 quiescere,
2530 1671 2631 1727 soli
2660 1673 2932 1729 desiderio
2974 1675 3270 1731 conditoris
3295 1676 3547 1743 inhaerere,
3562 1686 3611 1733 ut
3628 1676 3687 1733 nl-

2193 1760 2397 1833 liiljam
2426 1778 2585 1835 agere
2636 1763 2820 1829 libeat,
2856 1766 2951 1820 sed
2978 1765 3204 1822 calcatis
3229 1765 3686 1823 curis'tnnnibusad

2191 1852 2476 1908 videndam
2515 1853 2711 1910 faciem
2758 1856 2842 1911 sui
2892 1856 3158 1913 creatoris
3201 1855 3402 1914 animus
3428 1856 3683 1925 inardescat,

2192 1942 2265 1998 ita
2294 1953 2355 1997 nt
2375 1941 2490 2012 jam
2537 1944 2750 1999 noverit
2802 1946 2984 2001 carnis
3024 1944 3378 2018 corruptibilis
3403 1947 3579 2017 pondus
3597 1961 3685 2001 cum

2192 2048 2428 2090 maerore
2455 2043 2692 2105 portare,
2752 2037 2989 2108 totisque
3019 2037 3305 2094 desideriis
3332 2049 3574 2111 appetere,
3609 2038 3686 2095 illis

2192 2125 2520 2196 hymnidicis
2564 2126 2877 2198 angelorum
2919 2128 3109 2184 choris
3156 2129 3423 2197 interesse,
3465 2129 3687 2185 admisceri

2192 2213 2502 2271 cmicstibus
2532 2215 2762 2283 civibus,
2793 2217 2860 2273 de
2894 2227 3101 2273 mterna
3151 2219 3206 2275 in
3231 2227 3495 2292 conspectu
3520 2220 3597 2275 Dei
3630 2219 3688 2275 in-

2193 2307 2541 2378 corruptione
2571 2310 2827 2380 gaudere.
2864 2306 2922 2364 In
2968 2309 3153 2380 palmo
3190 2309 3360 2381 itaque
3387 2325 3553 2366 manus
3568 2308 3689 2365 etdi-

2193 2398 2290 2469 giti
2320 2398 2640 2464 tenduntur,
2669 2397 2763 2453 sed
2789 2413 2981 2468 parum
3011 2398 3232 2470 quidem
3256 2399 3376 2471 quid
3405 2400 3465 2456 de
3497 2411 3688 2454 mensura

2193 2490 2357 2546 cubiti
2404 2505 2502 2561 per
2554 2490 2795 2562 palmum
2859 2491 3212 2564 contingitur,
3263 2480 3380 2562 quia
3424 2489 3691 2561 quantolibet

2192 2596 2378 2637 amore
2419 2581 2633 2636 animus
2688 2580 2899 2646 ardeat,
2954 2580 3290 2652 quantalibet
3336 2581 3513 2638 virtute
3561 2593 3610 2636 sc
3649 2580 3689 2634 in

2193 2672 2366 2727 Deum
2390 2680 2445 2728 et
2475 2673 2800 2743 cogitatione
2841 2673 3153 2739 tetenderit,
3186 2656 3412 2744 non'jam
3443 2671 3563 2742 quod
3581 2676 3691 2724 aunt

2192 2759 2433 2833 perfecte
2459 2760 2625 2826 videt,
2650 2762 2744 2816 sed
2766 2761 2941 2817 adhuc
2967 2761 3192 2817 inchoat
3218 2761 3388 2818 videre
3411 2760 3530 2831 quod
3551 2765 3689 2813 amet:

2193 2852 2320 2921 quia
2359 2850 2499 2906 sicut
2527 2849 2856 2905 fortissimus
2893 2851 3221 2920 pnedicator
3263 2849 3415 2907 dicit:
3447 2868 3463 2900 ι
3499 2849 3695 2903 Videmus

2196 2958 2337 2998 nunc
2363 2959 2461 3014 per
2489 2943 2764 3012 speculum
2796 2943 2851 2996 in
2895 2941 3202 3013 muigmate,
3253 2948 3375 2996 tunc
3407 2946 3560 2994 autem
3590 2935 3696 2991 facis

2117 3008 2162 3071 (ἶ
2197 3038 2265 3091 ad
2294 3008 2487 3091 faciem
2518 3008 2593 3107 —(I
2620 3032 2744 3089 Cor.
2802 3034 2944 3105 xm).
2981 3008 3141 3089 (Et:
3235 3032 3381 3088 Nunc
3404 3043 3696 3103 cognosces:

2194 3135 2371 3197 parte,
2412 3135 2538 3181 tunc
2573 3134 2756 3181 autem
2783 3139 3109 3196 cognoscam
3137 3123 3272 3179 sicut
3298 3132 3351 3180 et
3376 3121 3693 3195 eognitussm

2195 3215 2407 3290 (Ibid.).
2447 3236 2466 3270 ι

2272 3331 2291 3362 ί
2326 3311 2394 3364 Ει
2416 3325 2636 3365 mensus
2686 3310 3029 3366 latitudinem
3057 3310 3268 3368 :editicii
3295 3308 3487 3366 calamo
3513 3294 3695 3369 unm!!-

2200 3421 2218 3453 ‹
2260 3402 2546 3457 titudinem
2583 3416 2799 3472 quoque
2831 3400 3043 3458 calamo
3072 3416 3199 3457 uno.
3236 3421 3254 3453 ι
3287 3393 3695 3473 (Greg.)0mnipo-

2195 3504 2314 3549 tens
2335 3494 2479 3549 Deus
2505 3494 2596 3564 qui
2633 3510 2733 3549 nec
2763 3494 2819 3548 in
2866 3495 3080 3563 magnis
3106 3493 3358 3557 tenditur,
3385 3505 3473 3547 nec
3498 3489 3544 3544 in
3569 3483 3692 3541 mini-

2195 3584 2301 3639 mis
2333 3592 2658 3655 angustatur
2687 3602 2700 3638 :
2727 3585 2806 3638 sic
2831 3584 2898 3638 de
2927 3594 3039 3639 tota
3072 3583 3229 3643 simul
3249 3580 3473 3639 Ecdesia
3495 3577 3696 3648 loquitur.

2194 3690 2259 3729 ac
2283 3675 2328 3730 si
2363 3676 2428 3731 de
2456 3690 2561 3729 una
2590 3676 2771 3729 anima
2798 3673 3071 3744 loquatur.
3101 3675 3167 3730 Et
3192 3690 3330 3746 saepe
3356 3671 3484 3743 quod
3505 3670 3562 3723 ab
3582 3681 3632 3722 eo
3651 3665 3698 3719 de

2193 3783 2300 3823 una
2335 3768 2516 3823 anima
2537 3768 2753 3834 dicitur,
2783 3767 2856 3822 nil
2890 3768 3076 3824 obstat
3106 3769 3151 3822 si
3176 3767 3244 3822 de
3270 3774 3374 3821 tota
3399 3760 3541 3821 simul
3559 3756 3699 3813 Eccle-

2194 3859 2272 3914 sia
2301 3859 2651 3931 intelligatur.
2682 3857 2936 3915 Latitudo
2975 3866 3161 3929 itaque
3184 3856 3387 3914 aedilicii
3420 3854 3479 3909 ad
3515 3847 3700 3907 charita-

2195 3962 2305 4008 tem
2357 3953 2617 4024 pertinet,
2674 3952 2741 4008 de
2776 3967 2884 4022 qua
2937 3951 3228 4008 Psalmista
3276 3948 3438 4006 dicit:
3490 3964 3507 3997 ι
3553 3941 3699 3996 Latum

2196 4046 2507 4102 mandatum
2558 4052 2709 4101 tuum
2765 4044 2929 4101 nimis
2986 4042 3161 4117 (Psal.
3194 4041 3397 4114 cxvm).
3450 4033 3565 4091 »ΝἰΙ
3588 4030 3701 4086 enim

2192 4136 2353 4193 latius
2386 4153 2549 4209 quam
2576 4152 2770 4192 omnes
2799 4137 2854 4191 in
2884 4137 3005 4192 sinu
3030 4134 3234 4191 amoris
3262 4133 3505 4203 recipere.
3546 4134 3591 4181 ει
3611 4119 3702 4177 θυι·

2192 4227 2272 4283 las
2300 4229 2410 4284 odii
2437 4229 2713 4299 angustias
2742 4228 3032 4284 sustinere.
3060 4227 3369 4297 Sic‘quippe
3396 4223 3493 4277 lata
3514 4224 3582 4273 est
3602 4214 3703 4269 cha-

2193 4319 2343 4385 ritas,
2371 4328 2429 4374 ut
2459 4320 2514 4374 in
2544 4319 2897 4391 amplitudine
2931 4321 3235 4376 dilectionis
3255 4335 3362 4374 sua:
3389 4325 3559 4386 capere
3576 4307 3702 4364 etiam

2191 4410 2443 4466 inimicos
2465 4410 2656 4481 possit.
2684 4409 2838 4467 Unde
2882 4418 2936 4467 et
2965 4411 3275 4481 prmcipitur
3306 4425 3320 4464 :
3352 4426 3372 4459 ι
3406 4402 3589 4471 Diligite
3621 4392 3703 4449 ini-

2191 4502 2363 4559 micos
2409 4509 2642 4570 vestros,
2693 4509 2749 4557 et
2786 4500 3090 4557 benefacite
3142 4500 3229 4557 his
3267 4498 3355 4570 qui
3393 4510 3482 4552 vos
3522 4488 3702 4547 edent!"

2192 4593 2410 4666 (Matth.
2465 4592 2542 4667 v).
2609 4613 2628 4646 ι
2670 4592 3135 4649 Considerandum
3190 4604 3399 4663 quoque
3450 4582 3585 4641 nobis
3620 4582 3701 4639 εει,

2192 4685 2319 4755 quia
2367 4684 2595 4741 latitudo
2625 4686 2681 4740 in
2730 4683 3117 4755 aequalitatem,
3172 4681 3393 4739 altitudo
3420 4690 3537 4733 vero
3566 4673 3610 4728 in
3629 4681 3700 4721 su-

2192 4774 2514 4831 blimitatem
2545 4774 2802 4831 tenditur.
2841 4772 3095 4830 Latitudo
3120 4788 3249 4845 ergo
3280 4771 3503 4843 pertinet
3525 4763 3582 4819 ad
3604 4759 3702 4816 cha-

2190 4866 2408 4924 ritatem
2434 4866 2664 4939 proximi
2688 4908 2704 4935 ,
2735 4866 2963 4922 altitudo
2990 4865 3057 4921 ad
3084 4861 3477 4936 intelligentiam
3509 4860 3701 4913 contem-

2188 4957 2435 5031 platoris.
2469 4957 2577 5015 Sed
2606 4957 2834 5014 latitudo
2858 4964 2914 5014 et
2936 4957 3163 5012 altitudo
3188 4953 3394 5010 aedilicii
3420 4964 3517 5007 uno
3537 4943 3700 5002 calamo

2188 5055 2560 5112 mensuratur,
2585 5046 2711 5117 quia
2736 5046 2986 5103 videlicet
3009 5059 3343 5116 unaquaque
3377 5039 3539 5096 anima
3562 5042 3697 5104 quan-

2188 5146 2303 5194 tum
2330 5138 2460 5217 lata
2506 5137 2668 5194 fuerit
2712 5137 2768 5195 in
2798 5154 2985 5194 amore
3021 5136 3272 5210 proximi,
3325 5140 3518 5191 tantum
3548 5121 3699 5183 etalt:

2185 5229 2291 5284 erit
2314 5229 2368 5285 in
2419 5231 2730 5302 cognitione
2762 5230 2879 5286 Dei.
2932 5229 3068 5285 Dum
3110 5230 3255 5286 enim
3284 5243 3342 5284 se
3374 5239 3465 5297 per
3505 5222 3696 5276 amore!II

2177 5315 2335 5388 Ῑυιιει
2376 5319 2584 5388 dilatat,
2634 5335 2732 5392 per
2757 5321 3119 5393 cognitionem
3150 5317 3394 5391 superius
3446 5307 3632 5370 exaltal.
3655 5306 3696 5353 ει

2187 5418 2396 5466 tantum
2451 5426 2613 5482 super
2672 5412 3021 5483 semetipsum
3075 5409 3285 5466 excelsa
3354 5406 3430 5473 ﬁl,
3485 5402 3692 5483 quam”

2176 5496 2333 5571 Ῑυιιίι
2361 5516 2419 5556 se
2449 5501 2502 5556 in
2526 5501 2755 5572 proximi
2810 5482 3055 5559 amorem
3084 5500 3275 5556 tendit.
3304 5497 3431 5567 Quia
3458 5482 3690 5548 aediﬁcium

2185 5588 2326 5661 quod
2356 5584 2624 5646 inhabitat
2653 5589 2818 5658 Deus,
2847 5608 2911 5649 cx
2947 5589 3188 5660 angelica
3228 5582 3393 5677 simul
3420 5592 3471 5639 et
3507 5578 3696 5687 illi?“
