3972 6184
261 175 403 237 885.-

1195 168 1554 236 COMIENT.
1590 174 1659 232 IN
1693 174 2154 243 EZECBIELEM.
2190 212 2260 222 —-
2299 180 2426 240 LIB.
2469 174 2612 240 XIV.
2660 252 2665 255 τ

260 299 456 349 natura
483 286 768 361 perﬁcitur
818 301 918 360 per
970 287 1078 345 hoc
1105 293 1251 359 quod
1304 287 1548 361 anselica
1601 294 1853 345 creatura
1880 290 1934 352 Α
1957 291 2121 347 etiam
2145 292 2431 351 exaltanda
2460 302 2566 361 est,
2609 293 2726 368 iam
2782 311 2929 354 nunc
2963 306 3131 371 caput
3175 312 3335 355 suum

260 399 484 441 sursum
512 389 623 448 est,
648 388 704 437 et
730 380 967 437 humana
999 380 1180 436 adhuc
1232 379 1511 436 deorsum.
1540 379 1730 436 Potest
1760 395 1861 451 per

262 475 611 535 latitudinem
643 483 809 543 atque
863 471 1207 529 altitudinem
1236 472 1452 528 aidiﬁcii
1484 481 1716 543 utraque
1741 472 1859 527 haec

262 569 533 629 creatoris
561 566 794 641 signari,
823 565 951 637 quia
980 566 1082 622 ista
1112 566 1290 623 adhuc
1326 565 1382 621 in
1412 565 1537 621 imis
1561 565 1740 637 deget,
1768 563 1859 620 illa

264 677 394 719 vero
421 661 478 716 in
499 658 826 725 sublimibus
853 665 1141 728 permanet
1167 673 1181 710 :
1212 657 1307 712 sed
1331 671 1441 711 uno
1472 655 1679 711 calamo
1705 668 1859 708 men-

263 760 486 810 snratur
541 759 793 820 utraque,
853 749 978 818 quia
1009 747 1285 805 humilitas
1320 747 1600 802 hominum
1622 746 1861 817 quando-

263 859 371 913 que
423 842 492 897 ad
552 838 919 910 aequalitatem
970 836 1287 908 perducitur
1335 835 1670 908 angelorum,
1715 833 1858 889 unde

148 930 163 945 “
262 937 531 1007 scriptum
553 945 640 992 est
672 953 684 987 :
716 933 901 1003 Neque
933 933 1157 998 nubent,
1206 948 1383 1004 neque
1432 933 1723 997 nubentur,
1764 929 1859 985 sed

262 1035 428 1082 erunt
475 1027 619 1082 sicut
667 1024 843 1098 angeli
872 1023 925 1079 in
955 1023 1117 1079 crelo.
1148 1022 1218 1078 Et
1259 1023 1403 1078 unde
1456 1037 1555 1092 per
1591 1019 1858 1077 Joannem

263 1120 517 1180 dicitur:
559 1138 580 1171 ι
617 1117 870 1173 Mensura
909 1115 1166 1183 hominis,
1212 1130 1332 1187 qua:
1361 1124 1444 1172 cst
1466 1115 1642 1187 angeli
1670 1112 1854 1187 (Apoc.

263 1210 404 1264 uti.
436 1227 456 1260 ι
491 1207 627 1276 Quia
659 1221 829 1276 usque
857 1206 924 1261 ad
947 1205 1093 1261 illam
1121 1204 1463 1261 altitudinem
1488 1204 1673 1276 gloriae
1694 1205 1858 1260 homo

260 1297 603 1367 perducitur,
644 1297 697 1351 in
724 1311 831 1366 qua
860 1295 1121 1352 solidatos
1147 1311 1208 1353 se
1236 1295 1414 1367 angeli
1444 1295 1715 1351 laetantur.
1747 1295 1855 1351 La-

259 1387 440 1443 titudo
467 1402 599 1457 ergo
625 1386 840 1441 aediﬁcii
873 1394 1023 1440 tanta
1065 1395 1172 1449 est,
1216 1393 1419 1455 quanta
1467 1393 1524 1440 et
1572 1384 1842 1442 altitudo:

263 1479 397 1551 quia
428 1477 589 1533 electi
616 1477 819 1548 quique
849 1476 942 1545 qui
968 1475 1128 1531 modo
1156 1475 1210 1529 in
1239 1475 1363 1531 imis
1390 1474 1662 1539 laborant,
1686 1490 1857 1546 quan-

262 1572 449 1642 doque
498 1569 605 1625 illis
665 1566 996 1624 beatissimis
1051 1566 1339 1637 spiritibus
1386 1581 1496 1621 non
1529 1553 1852 1621 erunt'inai-

262 1662 477 1734 quales.

338 1772 360 1805 ι
396 1751 467 1807 Ει
492 1750 641 1806 venit
664 1749 731 1804 ad
771 1756 983 1820 portam
1008 1763 1130 1818 quae
1157 1746 1485 1818 respiciebat
1507 1746 1653 1802 viam
1675 1745 1858 1803 orien-

267 1866 287 1898 ι
325 1844 515 1909 talem,
536 1852 594 1899 et
616 1842 862 1898 ascendit
888 1857 986 1912 per
1012 1841 1213 1912 gradus
1248 1837 1386 1909 ejus,
1437 1848 1493 1895 et
1541 1856 1762 1897 mensus
1787 1839 1855 1894 li-

268 1956 287 1987 ι
325 1949 451 1989 men
480 1940 648 2005 porta:
676 1931 883 1988 calamo
929 1946 1035 1984 uno
1063 1929 1422 1995 latitudinem,
1453 1928 1506 1984 id
1554 1937 1661 1996 est,
1690 1929 1857 1985 limen

268 2047 287 2077 ι
326 2040 496 2081 unum
521 2024 729 2080 calamo
759 2038 868 2078 uno
893 2023 945 2077 in
973 2023 1277 2078 latitudine.
1316 2042 1334 2074 ι
1365 2021 1638 2096 (Ηὶενοη.)
1669 2022 1853 2096 Ingre-

263 2117 416 2170 ditur
436 2115 597 2186 igitur
637 2114 741 2178 vir,
775 2113 862 2168 cui
891 2112 1085 2169 Oriens
1123 2128 1320 2168 nomen
1361 2122 1466 2181 est,
1515 2128 1614 2185 per
1641 2121 1854 2183 portam

262 2206 610 2271 orientalem,
639 2214 698 2260 ut
723 2205 991 2260 illuminet
1018 2219 1112 2259 cos
1139 2219 1278 2274 quos
1308 2203 1363 2258 in
1399 2204 1575 2277 prima
1601 2203 1856 2259 vestibuli

263 2298 445 2354 [route
475 2296 752 2367 repererit,
784 2294 899 2349 sive
929 2295 983 2348 in
1014 2293 1130 2364 ipse
1157 2293 1380 2348 introitu
1405 2302 1591 2364 portas,
1628 2309 1735 2349 non
1758 2310 1856 2364 per

267 2405 458 2454 nisum,
486 2389 578 2445 sed
627 2402 724 2458 per
772 2378 955 2458 plures
1006 2385 1227 2456 gradus,
1259 2400 1489 2454 quorum
1527 2384 1719 2439 siletur
1747 2402 1853 2440 nu-

267 2498 471 2549 merus,
497 2490 556 2536 ut
578 2480 912 2537 ascensionis
958 2485 1218 2550 appareat
1249 2476 1558 2544 diﬁicultas,
1588 2485 1645 2533 et
1690 2485 1852 2548 quot-

260 2589 484 2645 cunque
509 2574 708 2645 gradus
759 2572 854 2627 tibi
910 2570 1282 2643 proposueris,
1320 2569 1464 2625 scias
1522 2568 1702 2624 minus
1729 2584 1852 2625 esse

266 2667 432 2725 abeo
480 2664 624 2737 quod
674 2665 893 2719 dubium
931 2662 1345 2732 derelinquitur.
1393 2658 1558 2716 Istam
1614 2660 1854 2715 arbitror

261 2766 498 2830 portam,
533 2758 598 2812 de
622 2772 727 2826 qua
754 2762 808 2811 et
833 2756 887 2810 in
918 2754 1148 2810 Psalmis
1185 2754 1400 2809 canitur
1432 2772 1444 2807 :
1486 2773 1504 2804 ι
1538 2752 1667 2809 Παιο
1694 2761 1851 2823 porta

263 2850 677 2921 Domini;iusti
730 2849 1008 2905 intrabunt
1071 2864 1167 2918 per
1216 2863 1335 2902 eam
1388 2842 1561 2918 (Psal.
1590 2844 1787 2917 cxvii).
1825 2861 1844 2895 ι

261 2940 472 3017 (στας.)
503 2942 638 3010 Quis
666 2958 794 2998 vero
824 2942 961 2997 alius
991 2951 1161 3012 porta:
1186 2940 1346 3011 huius
1379 2939 1739 3011 appellatione
1771 2938 1847 2993 si-

1969 384 2223 443 inimicos
2259 402 2390 445 suos
2417 388 2716 446 exaltatum
2743 388 2943 463 gaudet
2967 392 3023 447 in
3045 391 3225 449 caelis.
3255 389 3390 449 Cum
3426 407 3560 463 ergo

1965 472 2127 533 electi
2174 478 2377 551 quique
2421 479 2490 535 ad
2551 481 2720 539 vitam
2769 480 3112 551 perveniunt,
3143 482 3271 553 quia
3311 483 3557 540 membra

1964 564 2083 636 eius
2108 582 2205 639 per
2230 584 2355 625 eum
2386 568 2595 627 intrant
2640 572 2708 627 ad
2740 588 2891 638 eum,
2923 571 3042 641 ipse
3069 586 3168 641 per
3195 587 3254 627 se
3290 572 3460 628 intrat
3487 575 3559 630 ad

1965 674 2025 715 se
2049 677 2062 711 :
2093 660 2207 730 ipse
2231 659 2375 715 enim
2409 660 2463 715 in
2492 661 2610 718 suis
2639 662 2900 718 membris
2929 670 3035 727 est,
3068 662 3161 732 qui
3202 660 3408 717 intrat:
3432 664 3548 734 ipse

1964 760 2125 823 caput
2156 752 2223 807 ad
2252 754 2397 823 quod
2442 753 2703 809 intrantia
2751 753 2992 808 membra
3028 754 3369 825 perveniunt.
3394 755 3550 822 Quod

1961 850 2018 898 et
2041 842 2290 899 Ezechiel
2313 844 2577 915 propheta
2605 842 2979 913 multipliciter
3025 843 3288 908 insinuat,
3340 843 3431 913 qui
3461 845 3545 898 vi-

1961 948 2083 988 rum
2112 933 2328 989 venisse
2350 933 2482 989 dicit
2512 934 2579 987 ad
2607 941 2844 1005 portam,
2881 948 3002 1004 quae
3021 935 3210 989 eadem
3258 941 3413 1004 porta
3455 934 3543 999 sit,

1960 1021 2197 1078 ostendit
2222 1022 2448 1078 dicens:
2486 1041 2503 1074 ι
2547 1021 2677 1090 Quae
2713 1022 3041 1093 respiciebat
3069 1022 3137 1076 ad
3191 1022 3336 1077 viam
3366 1024 3548 1078 orien-

1961 1111 2143 1169 talem.
2182 1135 2200 1166 ι
2228 1114 2297 1170 Et
2317 1114 2433 1185 ipse
2457 1116 2604 1171 enim
2636 1115 2792 1173 nobis
2818 1124 2904 1171 est
2932 1115 3017 1171 via
3046 1116 3143 1186 qui
3171 1116 3348 1171 dixit:
3380 1136 3398 1166 ι
3436 1096 3549 1187 E‘go

1960 1220 2078 1260 sum
2118 1204 2204 1261 via
2246 1213 2304 1261 et
2329 1206 2535 1261 veritas
2585 1204 2769 1278 (Joan.
2815 1205 2951 1279 xxv).
2992 1225 3011 1258 ι
3036 1205 3157 1276 Ipse
3178 1206 3343 1261 etiam
3372 1206 3552 1261 orien-

1960 1294 2086 1350 talis
2120 1295 2206 1350 via
2249 1295 2316 1351 de
2363 1311 2471 1366 quo
2519 1295 2785 1365 scriptum
2813 1304 2899 1350 est
2929 1314 2943 1349 :
2980 1315 3001 1346 ι
3040 1295 3181 1350 Ecce
3219 1295 3322 1358 vir,
3357 1293 3551 1351 Oriens

1958 1398 2157 1440 nomen
2186 1383 2305 1454 ejus
2337 1384 2525 1458 (Zach.
2556 1383 2656 1457 vr).
2692 1404 2711 1436 ι
2744 1384 2912 1440 Porta
2958 1399 3091 1454 ergo
3136 1384 3278 1439 viam
3306 1385 3549 1439 orienta-

1957 1476 2063 1532 lem
2091 1476 2333 1549 respicit,
2359 1477 2485 1548 quia
2527 1475 2676 1533 illum
2719 1477 2920 1549 signat,
2972 1478 3064 1547 qui
3116 1476 3274 1533 nobis
3331 1477 3438 1530 iter
3478 1476 3544 1529 ad

1956 1575 2139 1623 ortum
2188 1565 2408 1623 luminis
2447 1566 2596 1626 fecit.
2660 1568 2848 1625 Potest
2886 1569 3052 1624 etiam
3099 1576 3270 1639 portae
3324 1568 3547 1624 nomine

1883 1654 1933 1723 B
1960 1657 2330 1728 unusquisque
2365 1657 2691 1729 pradicator
2722 1658 2953 1732 intelligi
2986 1660 3112 1731 quia
3141 1659 3391 1730 quisquis
3444 1674 3546 1714 no-

1958 1745 2045 1800 bis
2065 1743 2287 1814 januam
2319 1747 2469 1818 regni
2493 1748 2731 1804 cmlestis
2762 1765 2859 1804 ore
2890 1765 2989 1804 suo
3032 1750 3224 1819 aperit,
3256 1757 3413 1819 porta
3442 1758 3547 1805 est.

1961 1835 2117 1894 Unde
2144 1846 2200 1893 et
2227 1837 2509 1895 duodecim
2533 1847 2725 1909 portat,
2753 1839 2841 1895 vel
2887 1840 2942 1894 in
2969 1839 3196 1895 Joannis
3221 1840 3550 1911 Apocalypsi

1961 1928 2145 2003 (Apoc.
2176 1929 2316 2003 ιιι),
2353 1930 2433 1986 vel
2463 1930 2520 1985 in
2543 1928 2803 1986 extrema
2822 1929 2982 1999 huius
3010 1931 3291 2002 propheta:
3339 1931 3551 1987 visione

1959 2020 2360 2076 describuntur.
2393 2019 2575 2076 Potest
2603 2021 2768 2076 etiam
2798 2030 2971 2091 portae
2999 2021 3219 2077 nomine
3249 2019 3550 2092 Seripturas

1959 2123 2134 2165 sacra:
2181 2109 2411 2165 scientia
2462 2124 2571 2166 non
2621 2109 3070 2166 inconvenieuter
3129 2109 3376 2181 intelligi,
3428 2127 3551 2183 qua:

1958 2202 2087 2259 dum
2119 2202 2276 2259 nobis
2302 2202 2630 2259 intellectum
2662 2203 2856 2274 aperit,
2884 2202 3127 2260 cmlestis
3153 2203 3303 2276 regni
3322 2203 3548 2273 ianuam

1956 2294 2163 2366 pandit.
2190 2294 2486 2351 Possumus
2510 2305 2686 2367 portae
2732 2297 2953 2353 nomine
2983 2307 3041 2353 et
3069 2296 3229 2352 ﬁdem
3275 2298 3547 2367 accipere,

1957 2400 2118 2457 quam
2145 2385 2378 2456 primam
2409 2387 2798 2458 contingimus,
2824 2396 2884 2442 ut
2910 2388 2978 2442 ad
3013 2388 3280 2443 virtutum
3311 2388 3542 2444 aediﬁcia

1957 2477 2240 2534 intremus.
2297 2497 2318 2531 ¢
2370 2478 2653 2545 Ascendit,
2707 2479 2905 2551 inquit,
2964 2495 3065 2551 per
3110 2481 3313 2551 gradus
3342 2480 3481 2552 eius.
3521 2500 3541 2532 ο

1955 2566 2094 2636 Quid
2124 2568 2268 2624 enim
2296 2583 2395 2639 per
2422 2570 2620 2641 gradus
2649 2578 2775 2625 sunt
2807 2567 2968 2640 huius
2994 2580 3186 2641 portae,
3221 2570 3325 2625 nisi
3350 2570 3543 2625 merita

1955 2659 2260 2715 virtutum?
2285 2659 2401 2716 Nisi
2450 2661 2596 2716 enim
2653 2660 2708 2716 in
2753 2661 3064 2734 cognitione
3094 2662 3412 2718 mediatoris
3446 2660 3545 2720 Dei

1953 2755 2007 2804 et
2038 2748 2272 2805 hominis
2297 2749 2499 2805 Christi
2528 2748 2683 2817 Iesu,
2714 2764 2811 2806 seu
2841 2750 2897 2807 in
2941 2751 3171 2807 scientia
3215 2751 3387 2807 divini
3428 2751 3544 2807 elo-

1955 2838 2088 2908 quii.
2120 2853 2213 2894 seu
2258 2839 2312 2894 in
2362 2840 2478 2911 ipsa
2510 2840 2615 2896 ﬁde
2642 2855 2806 2910 quam
2838 2841 2907 2897 de
2938 2841 3034 2897 illo
3062 2842 3392 2913 accepimus,
3424 2842 3546 2913 qui-

1954 2928 2183 2985 busdam
2207 2931 2467 3004 gradibus
2493 2930 2560 2987 ad
2584 2930 2776 2987 altiora
2805 2931 3144 2988 incrementa
3172 2932 3537 3003 pervenimus.

261 3009 487 3112 gnatur,
534 3036 792 3107 nisiipse
853 3009 1113 3091 Dominus
1166 3049 1230 3089 ac
1258 3009 1615 3103 'Redeinptor
1643 3042 1847 3095 noster,
1879 3009 1924 3070 Ο
1957 3016 2128 3077 Nemo
2150 3021 2540 3112 enimirepente
2565 3021 2627 3112 ﬁt
2652 3037 2915 3087 summus.
2948 3023 3046 3078 sed
3068 3022 3123 3077 in
3149 3022 3292 3077 bona
3321 3036 3550 3078 conver-

261 3128 361 3201 qui
387 3128 544 3183 nobis
563 3126 729 3197 ianua
760 3125 934 3183 factus
956 3133 1039 3181 est
1075 3125 1224 3196 regni
1280 3123 1540 3189 codestis,
1570 3122 1710 3177 sicut
1738 3123 1853 3192 ipse

261 3222 344 3279 ait
375 3239 391 3276 :
425 3241 444 3273 ι
492 3219 661 3277 Nemo
698 3220 843 3275 venit
891 3220 959 3275 ad
990 3218 1207 3275 Patrem
1242 3218 1345 3272 nisi
1398 3233 1496 3288 per
1528 3202 1613 3271 me
1665 3215 1849 3287 (Joan.

260 3312 405 3380 xiv).
444 3332 465 3364 ι
508 3310 616 3368 Sed
651 3327 774 3371 cum
796 3310 1045 3368 eumdem
1083 3309 1259 3364 virum
1310 3306 1469 3362 lineis
1516 3305 1762 3361 indutum
1791 3304 1855 3359 ﬁ-

258 3418 461 3477 guram
483 3402 695 3457 Domini
731 3410 915 3457 tenere
945 3399 1260 3463 dixerimus,
1319 3396 1667 3468 quaerendum
1698 3394 1853 3450 nobis

261 3503 371 3558 est,
402 3509 508 3565 qua
554 3493 765 3547 ratione
812 3491 1099 3547 conveniat
1144 3499 1203 3544 ut
1253 3489 1394 3545 idem
1447 3488 1708 3543 Dominus
1754 3502 1854 3558 per

260 3584 445 3640 virum
483 3583 764 3654 designare
807 3583 982 3636 valeat
1009 3590 1063 3637 et
1106 3589 1343 3652 portam.
1401 3580 1538 3634 Dum
1566 3579 1649 3631 vir
1668 3577 1855 3632 veniat

258 3677 332 3733 ad
361 3685 575 3747 portam
619 3676 1004 3746 numquidnam
1044 3675 1158 3744 ipse
1182 3673 1330 3728 venit
1354 3673 1421 3727 ad
1464 3670 1854 3741 semetipsum?

263 3785 333 3830 an
364 3769 439 3824 ita
482 3777 585 3832 est,
614 3769 741 3839 quia
768 3777 824 3824 et
868 3768 920 3822 in
955 3767 1249 3838 Evangelio
1295 3768 1411 3838 ipse
1464 3774 1717 3833 testatur,
1773 3765 1854 3821 di-

261 3876 440 3918 cens:
479 3880 498 3913 ι
533 3859 635 3927 Qui
667 3875 774 3915 non
803 3860 972 3914 intrat
1020 3876 1117 3929 per
1140 3861 1338 3915 ostium
1377 3860 1431 3915 in
1477 3859 1617 3916 ovile
1645 3858 1849 3923 ovium,

264 3952 363 4007 sed
388 3951 635 4007 ascendit
686 3951 927 4015 aliunde,
983 3949 1070 4004 ille
1101 3949 1190 4004 fur
1219 3959 1384 4005 estet
1414 3950 1555 4005 latro
1586 3968 1599 4002 :
1635 3949 1728 4019 qui
1764 3964 1855 4004 au-

265 4051 378 4097 tem
411 4041 695 4110 intratper
714 4041 939 4106 ostium,
967 4050 1151 4110 pastor
1177 4048 1261 4096 est
1285 4041 1466 4095 ovium
1498 4037 1681 4111 (Joan.
1715 4040 1788 4110 Χ).
1826 4056 1844 4089 ι

263 4131 336 4187 Et
374 4132 534 4203 paulo
562 4141 685 4203 post
717 4132 960 4187 dicitur:
999 4154 1015 4185 ‹
1049 4133 1162 4205 Ego
1208 4149 1330 4188 sum
1360 4132 1581 4188 ostium.
1616 4150 1634 4183 ι
1676 4131 1852 4201 Atque

262 4221 467 4279 iterum
500 4221 820 4293 subiungit;
861 4242 878 4274 ‹
914 4222 1028 4294 Ege
1084 4240 1205 4280 sum
1253 4232 1442 4294 pastor
1503 4223 1696 4279 bonus.
1733 4242 1752 4273 ι
1792 4221 1849 4277 Si

262 4326 399 4383 ergo
446 4321 634 4383 pastor
672 4315 835 4368 intrat
880 4331 980 4384 per
1016 4316 1239 4380 ostium,
1278 4326 1333 4372 et
1357 4316 1473 4385 ipse
1513 4323 1597 4371 est
1623 4315 1844 4381 ostium,

266 4402 386 4474 ipse
434 4412 647 4473 pastor,
678 4404 790 4475 ipse
843 4406 1031 4475 procul
1071 4407 1234 4462 dubio
1286 4407 1456 4462 intrat
1514 4422 1613 4478 per
1651 4410 1871 4462 scmct-‘

262 4493 464 4562 ipsum.
492 4493 633 4548 Ecce
653 4494 778 4549 dum
801 4493 1052 4550 Ezechiel
1076 4511 1297 4551 sensum
1324 4495 1559 4553 enodare
1579 4496 1846 4567 cupimus,

261 4584 330 4638 de
363 4583 655 4655 Evangelia
677 4585 841 4639 etiam
875 4586 1228 4654 quaestionem
1281 4586 1542 4657 legamus.
1591 4586 1851 4655 Quaeren-

261 4675 395 4732 dum
427 4676 612 4745 itaque
641 4677 798 4733 nobis
826 4687 912 4734 est
967 4677 1203 4747 qualiter
1242 4687 1297 4733 et
1326 4679 1442 4749 ipse
1475 4679 1642 4736 intret
1670 4688 1726 4735 et
1753 4695 1851 4751 per

170 4758 175 4761 ⁷
263 4768 619 4837 semetipsum
668 4766 853 4823 intret.
895 4768 1156 4825 Dominus
1197 4767 1400 4824 etenim
1430 4784 1494 4823 ac
1520 4767 1851 4840 Redemptor

262 4865 456 4913 noster
474 4872 597 4913 cum
632 4867 822 4934 saneta
870 4857 1138 4924 Ecclesia,
1176 4873 1341 4928 quam
1370 4856 1600 4913 redemit
1658 4873 1849 4914 secun-

260 4940 396 5012 dum
428 4968 674 5020 carnem,
707 4970 811 5008 una
836 4954 1163 5020 substantia,
1195 4952 1363 5009 Paulo
1411 4963 1727 5018 attestautc,
1755 4956 1847 5027 qui

264 5045 345 5100 ait
375 5062 390 5100 :
427 5063 448 5097 ι
475 5043 760 5116 Adimpleo
785 5060 848 5099 ea
877 5058 999 5114 quae
1043 5041 1238 5098 desunt
1281 5044 1594 5115 passionum
1646 5043 1851 5102 Christi

265 5137 322 5191 in
365 5150 534 5191 carne
579 5152 722 5199 mea,
773 5151 873 5206 pro
900 5152 1129 5206 corpore
1157 5144 1261 5203 est,
1300 5137 1443 5207 quod
1496 5144 1581 5193 est
1610 5136 1851 5195 Ecclesia

258 5224 495 5294 (σοιοεε.
529 5226 590 5299 ι).
631 5248 649 5279 ι
682 5227 827 5283 Illius
875 5228 1069 5299 capitis
1117 5243 1315 5300 corpus
1361 5225 1605 5286 Ecclesia
1654 5239 1757 5297 est,
1795 5239 1853 5287 et

264 5321 429 5393 huius
479 5322 723 5393 corporis
770 5329 931 5392 caput
963 5319 1234 5378 Christus.
1268 5321 1345 5380 De
1398 5338 1507 5393 quo
1539 5339 1639 5380 suo
1668 5323 1852 5397 capite

262 5415 748 5487 exaltavitcorpus,
770 5416 822 5473 id
851 5425 936 5472 est
962 5425 1148 5472 sancta
1167 5415 1428 5484 Ecclesia,
1452 5430 1577 5473 cum
1599 5415 1864 5488 perPsal-

261 5506 488 5563 mistam
514 5507 681 5565 dicit:
740 5527 761 5561 t
795 5506 949 5565 Nunc
969 5515 1151 5565 autem
1176 5505 1435 5563 exaltavit
1475 5515 1637 5578 caput
1672 5523 1854 5563 meum

262 5611 432 5672 mper
458 5600 708 5660 inimicos
725 5616 899 5659 meos.
937 5622 957 5656 ι
997 5600 1134 5667 Quia
1178 5601 1325 5658 enim
1353 5599 1687 5674 quandoque
1734 5600 1855 5672 ipsa

1955 3111 2164 3164 satione
2184 3124 2216 3164 a
2237 3111 2475 3166 minimis
2495 3111 2728 3183 quisque
2757 3112 2997 3178 inchoat,
3020 3120 3080 3167 ut
3104 3112 3174 3168 ad
3194 3128 3391 3184 magna
3413 3127 3537 3184 per-

1956 3199 2161 3256 veniat.
2198 3200 2308 3254 Hos
2363 3201 2621 3255 nimirum
2674 3201 2876 3274 gradus
2902 3202 3166 3259 Dominus
3218 3203 3321 3258 sub
3349 3203 3552 3259 messis

1955 3288 2176 3344 nomine
2229 3288 2509 3353 describit,
2543 3289 2730 3345 dicens
2776 3287 2976 3360 (Marc.
3015 3288 3135 3360 tv):
3174 3309 3193 3342 ι
3231 3289 3324 3345 Sic
3352 3300 3438 3345 est
3461 3305 3553 3347 re-

1955 3395 2120 3451 gnum
2152 3376 2248 3435 Dei
2274 3395 2290 3444 ;
2322 3379 2777 3449 quemadmodum
2812 3381 2859 3437 si
2880 3378 3052 3450 iactet
3086 3382 3253 3437 homo
3273 3396 3459 3438 semen
3485 3381 3546 3438 in

1955 3480 2124 3539 terra,
2152 3481 2209 3526 et
2237 3472 2493 3538 dormiat,
2518 3479 2575 3530 et
2598 3481 2859 3545 exsurgat
2877 3480 3037 3528 nocte
3056 3487 3121 3528 ac
3149 3473 3259 3538 die,
3285 3479 3342 3528 et
3362 3488 3547 3531 semen

1956 3562 2224 3633 germinet
2254 3570 2311 3617 et
2359 3570 2596 3626 crescat,
2623 3562 2753 3618 dum
2802 3566 2980 3619 nescit
3032 3563 3142 3619 ille.
3199 3562 3355 3620 Ultro
3397 3564 3545 3620 enim

1956 3661 2099 3709 terra
2149 3651 2468 3718 fructiﬁcat,
2502 3654 2738 3724 primum
2770 3654 3017 3721 herbam,
3058 3654 3254 3710 deinde
3306 3654 3537 3725 spicam,

1955 3744 2149 3799 deinde
2168 3744 2390 3814 plenum
2418 3743 2755 3800 frumentum
2784 3745 2839 3799 in
2867 3744 3037 3816 spica.
3070 3745 3140 3800 Et
3170 3760 3294 3801 cum
3326 3761 3386 3802 se
3423 3760 3551 3816 pro-

1954 3835 2172 3891 duxerit
2197 3834 2429 3903 fructus,
2457 3836 2644 3891 statim
2666 3836 2834 3892 mittit
2860 3836 3075 3905 falcem,
3106 3838 3364 3909 quoniam
3393 3839 3551 3896 adest

1957 3934 2169 3997 tempus
2201 3927 2414 3983 messis.
2448 3947 2467 3980 ι
2498 3926 2697 3983 Semen
2726 3928 2890 3985 homo
2914 3927 3089 3999 iactat
3135 3930 3189 3985 in
3223 3939 3393 4000 terra,
3422 3947 3549 3989 cum

1954 4017 2106 4072 cordi
2131 4032 2230 4073 suo
2257 4018 2454 4073 bonam
2509 4017 2870 4075 intentionem
2920 4019 3131 4076 inserit.
3164 4020 3232 4076 Et
3259 4030 3550 4094 postquam

1955 4124 2139 4189 semen
2170 4108 2482 4178 iactaverit,
2536 4112 2756 4179 dormit,
2816 4113 2945 4185 quia
3000 4114 3115 4186 iam
3169 4115 3223 4169 in
3283 4129 3380 4186 spe
3421 4117 3550 4173 boni

1955 4201 2140 4273 operis
2168 4202 2421 4273 quiescit.
2457 4202 2626 4260 Nocte
2667 4219 2795 4260 vero
2835 4206 3077 4277 exsurgit
3115 4221 3181 4262 ac
3206 4206 3294 4263 die
3343 4207 3435 4278 qui
3464 4207 3547 4262 in-

1956 4301 2041 4348 ter
2062 4292 2285 4349 adversa
2315 4302 2369 4349 et
2404 4308 2665 4365 prospera
2696 4295 2927 4366 proﬁcit.
2963 4294 3030 4349 Et
3067 4311 3249 4352 semen
3277 4296 3549 4368 germinat

1955 4395 2012 4441 et
2030 4388 2227 4443 crescit
2250 4391 2380 4443 dum
2430 4388 2520 4443 ilic
2567 4390 2762 4455 nescit,
2811 4391 2936 4457 quia
2982 4397 3189 4444 etcum
3221 4392 3400 4448 adhuc
3428 4406 3544 4448 me-

1957 4476 2045 4531 tiri
2074 4477 2413 4533 incremcnta
2466 4493 2563 4532 sua
2591 4494 2697 4534 non
2726 4478 2890 4543 valet,
2935 4479 3100 4534 semel
3134 4488 3394 4551 concepta
3434 4481 3547 4536 vir-

1956 4578 2046 4624 tus
2074 4571 2140 4622 ad
2171 4568 2471 4640 profectum
2504 4569 2739 4623 duCitur.
2779 4568 2845 4622 Et
2877 4568 3015 4623 ultra
3047 4578 3193 4625 terra
3225 4568 3544 4638 fructiﬁcat,

1957 4665 2085 4734 quia
2134 4661 2500 4733 praeveniente
2531 4675 2589 4715 se
2636 4661 2811 4732 gratia
2846 4677 2999 4717 mens
3038 4662 3275 4718 hominis
3322 4671 3547 4736 sponta-

1959 4769 2059 4809 nea
2097 4754 2165 4809 ad
2190 4754 2426 4808 fructum
2473 4751 2600 4806 boni
2623 4751 2806 4822 operis
2836 4753 3024 4823 surgit.
3058 4752 3166 4808 Sed
3197 4755 3316 4810 hinc
3350 4754 3545 4817 eadem

1956 4854 2098 4901 terra
2130 4845 2364 4913 primum
2419 4843 2668 4907 herbam,
2703 4843 2899 4898 deinde
2927 4845 3155 4923 spicam)
3187 4844 3382 4901 deinde
3431 4846 3549 4917 ple-

1954 4955 2080 4993 num
2108 4936 2437 4992 frumentum
2461 4935 2710 5005 producit
2744 4934 2795 4990 in
2827 4935 3053 5006 spicam,
3085 4933 3322 4993 Herbam
3343 4937 3548 5014 quippe

1954 5029 2251 5099 producere
2293 5035 2380 5083 est
2407 5025 2771 5081 inchoatienis
2811 5026 2965 5081 bona:
2997 5026 3179 5082 adhuc
3221 5026 3514 5084 teneritudi

1955 5133 2080 5171 nem
2128 5116 2350 5171 habere.
2379 5114 2462 5170 Ad
2512 5115 2716 5185 spicam
2748 5129 2877 5170 vero
2908 5114 3078 5171 herba
3120 5115 3387 5185 pervenit,
3420 5130 3544 5171 cuin

1963 5209 2134 5263 virtus
2167 5208 2350 5262 animo
2405 5213 2669 5275 concepta
2718 5206 2785 5260 ad
2834 5205 3136 5276 profectum
3189 5204 3315 5259 boni
3366 5205 3549 5275 operis

1958 5298 2247 5376 pet-trahit.
2265 5299 2492 5356 Plenum
2534 5314 2663 5355 vero
2694 5299 3023 5356 frumentum
3055 5299 3109 5356 in
3140 5298 3288 5370 spica
3314 5297 3547 5354 fructiﬁ-

1959 5402 2069 5460 cat,
2096 5393 2312 5466 quando
2333 5390 2447 5463 iam
2494 5392 2547 5448 in
2578 5399 2786 5447 tantum
2836 5392 3011 5447 virtus
3051 5389 3287 5460 proﬁcit,
3332 5398 3396 5445 ut
3423 5403 3546 5446 esse

1962 5488 2167 5546 robusti
2200 5496 2253 5545 et
2280 5486 2507 5560 perfecti
2556 5486 2737 5558 operis
2794 5485 2985 5558 possit.
3013 5484 3071 5539 ιιι
3102 5498 3225 5540 cum
3257 5499 3316 5540 se
3344 5483 3545 5555 prodit-

1968 5581 2107 5637 xerit
2139 5580 2368 5648 fructus,
2416 5578 2599 5634 statim
2630 5577 2794 5632 mittit
2842 5575 3061 5642 falcem,
3113 5576 3370 5648 quoniam
3395 5575 3548 5634 adest
