3972 6184
514 263 624 328 sos

1166 264 1228 319 Β.
1271 261 1525 318 RABANI
1563 252 1783 320 MAURI
1818 258 2138 318 ARCHlEP.
2180 255 2490 318 MOGUNT.
2532 252 2820 316 OPERUSI
2857 258 3035 318 PARS
3067 260 3130 316 ll.

3608 248 3715 330 ﬁ,

514 336 733 447 tetnpus
788 377 983 432 messis
1010 394 1022 428 :
1046 374 1401 447 Omnipotens
1448 372 1595 428 enim
1649 372 1788 427 Deus
1834 371 2098 443 producto
2126 374 2175 434 Α
2203 371 2361 425 tiunt.
2396 369 2471 423 Ea
2502 385 2630 425 vero
2668 385 2790 440 quce
2817 369 3156 426 extrinsecus
3206 360 3701 441 sunt,

519 464 699 521 fructu
753 463 947 520 falcem
1000 463 1189 529 mittit,
1240 472 1296 519 et
1350 477 1580 518 messem
1627 478 1781 518 suam
1829 462 2093 518 desccat:

518 557 647 629 quia
678 571 802 610 cum
853 568 1289 624 unumquemque
1319 553 1388 608 ad
1439 568 1601 622 opera
1626 551 1867 623 perfecta
1901 552 2101 623 perdu-

520 647 679 710 xerit,
713 643 827 712 ejus
858 644 1204 714 temporalem
1238 644 1403 699 vitam
1433 660 1531 716 per
1585 645 1839 701 emissam
1884 652 2103 699 senten-

521 737 650 789 tiam
685 734 897 799 incidit,
950 743 1009 790 ut
1041 751 1271 805 granum
1331 751 1488 791 suum
1518 736 1584 791 ad
1616 736 1860 792 caelestia
1908 736 2104 792 horrea

516 825 795 893 perducat.
832 823 928 879 Vir
967 840 1098 895 ergo
1126 826 1353 880 vestitus
1397 825 1558 879 lineis
1586 825 1734 882 venit
1763 826 1829 880 ad
1869 833 2104 897 portam,

519 914 647 983 quia
698 911 960 969 Dominus
986 929 1049 968 ac
1080 913 1412 985 Redemptor
1466 922 1652 969 noster
1704 914 1963 970 membris
1991 914 2107 969 suis

516 1004 847 1059 intrantibus
867 1005 1183 1074 perducitur
1215 1007 1282 1061 ad
1321 1021 1401 1071 se,
1433 1014 1487 1061 et
1511 1007 1756 1062 ascendit
1779 1021 1876 1077 per
1906 1005 2107 1079 gradus

516 1094 654 1164 ejus,
690 1094 817 1166 quja
855 1095 1009 1150 nobis
1038 1096 1446 1165 proﬁcientibus
1476 1111 1541 1151 eo
1570 1096 1726 1152 nobis
1755 1096 1987 1166 amplius
2012 1110 2108 1150 ex-

515 1182 739 1250 altatur,
766 1200 874 1255 quo
900 1184 1042 1241 altus
1067 1195 1121 1239 et
1150 1184 1717 1257 incomprehensibilis
1755 1201 1877 1242 esse
1904 1201 2107 1257 cogno-

515 1274 706 1329 scitur.
736 1274 796 1329 In
836 1276 1095 1330 virtutum
1124 1277 1330 1347 quippe
1373 1284 1680 1332 nostrarum
1707 1277 1962 1349 gradibus
1991 1276 2107 1347 ipse

515 1366 809 1422 ascendere
850 1368 1067 1434 dicitur,
1100 1370 1228 1439 quia
1277 1376 1428 1424 tanto
1467 1370 1581 1440 ipse
1620 1369 1906 1424 sublimior
1951 1364 2108 1424 nobis

516 1456 844 1525 ostenditur,
885 1468 1088 1528 quanto
1126 1468 1312 1514 noster
1351 1459 1565 1516 animus
1608 1476 1640 1515 a
1692 1460 1854 1515 rebus
1902 1460 2108 1516 inﬁmis

515 1558 823 1618 separatur.
856 1551 924 1606 Et
965 1567 1188 1607 mensus
1237 1562 1339 1619 est,
1372 1553 1567 1624 inquit,
1617 1554 1781 1609 limen
1811 1562 1981 1624 portae
2011 1571 2106 1611 ca-

519 1636 666 1693 lamo
692 1654 800 1694 uno
840 1641 895 1696 in
924 1640 1283 1707 latitudinem,
1313 1638 1366 1698 id
1393 1651 1500 1709 est,
1540 1643 1703 1699 limen
1753 1661 1919 1700 unum
1963 1645 2106 1701 cala-

2203 460 2499 516 thalamum
2544 468 2599 515 et
2654 460 2953 516 thalamum
3007 463 3241 534 quinque
3283 467 3471 534 cubita,
3519 471 3717 528 uecduur

2202 552 2345 607 enim
2372 550 2573 607 Christi
2602 563 2812 609 secreta
2872 565 3242 625 penetrarunt,
3287 573 3381 614 nec
3420 570 3621 632 possunt
3640 564 3701 622 (Π.

2206 656 2331 696 cere
2378 659 2393 695 :
2433 661 2452 693 ι
2510 640 2816 698 introduxit
2868 658 2957 698 me
3006 659 3102 701 rex
3141 646 3195 700 in
3253 647 3529 705 cubiculum
3581 668 3717 711 Stlttltl‘

2209 730 2386 805 (Cant.
2417 732 2480 806 1).
2517 752 2535 785 ι
2570 732 2637 787 Et
2666 732 2793 789 alibi
2828 752 2842 789 :
2880 753 2899 787 ‹
2941 733 3130 791 Omnis
3161 735 3323 809 gloria
3365 739 3474 796 ﬁlia!
3499 744 3617 815 regis
3643 746 3717 801 in?

2211 823 2478 880 trinsccus
2506 820 2678 896 (Ρεαι.
2708 824 2887 898 χιιν)’;
2920 845 2938 878 ι
2981 827 3077 883 sed
3118 827 3386 899 discipulis
3407 846 3514 887 cum
3536 833 3703 893 Christo

2210 913 2356 970 domi
2384 916 2848 972 commorantibus
2880 918 3136 989 mysteria
3159 916 3273 987 ejus
3310 919 3482 978 audire
3503 939 3591 978 non
3609 941 3701 996 pos-

2209 1014 2355 1071 sunt,
2384 1014 2438 1060 et
2468 1005 2614 1062 foras
2643 1007 2712 1062 ad
2743 1022 2804 1063 se
2852 1008 3079 1080 cupiunt
3121 1009 3218 1065 Dei
3240 1011 3384 1067 exire
3426 1027 3699 1071 sermonem:

2207 1105 2264 1152 et
2290 1105 2579 1168 propterea
2620 1098 2860 1170 quinque
2888 1100 3196 1156 cubitorum
3214 1116 3466 1159 mensura
3485 1104 3532 1160 in
3552 1106 3618 1162 eis
3635 1123 3704 1178 po.

2208 1189 2377 1255 nitur,
2410 1198 2469 1243 ut
2497 1189 2566 1244 ad
2591 1205 2784 1246 sensus
2814 1191 3056 1261 quinque
3105 1191 3283 1246 omnia
3325 1192 3507 1248 referre
3529 1195 3702 1251 docean-

2209 1288 2317 1335 tur.
2351 1278 2556 1353 (Creg.)
2586 1280 3009 1338 Consideremus
3038 1280 3167 1352 quid
3208 1283 3291 1353 agi
3340 1283 3391 1338 in
3427 1282 3704 1341 thalamoso-

2206 1370 2336 1438 leat,
2366 1380 2529 1442 atque
2556 1372 2753 1428 exinde
2781 1372 2885 1428 hoc
2914 1372 3060 1444 quod
3110 1374 3165 1428 in
3191 1382 3367 1429 sancta
3392 1373 3598 1431 Ecclesia
3617 1378 3701 1448 agi-

2208 1471 2317 1528 tur,
2371 1462 2691 1534 colligamus
2735 1482 2748 1518 :
2806 1464 2863 1519 in
2914 1463 3156 1520 thalamo
3206 1465 3393 1536 quippe
3436 1481 3625 1536 sponsus
3665 1476 3702 1523 et

2207 1569 2406 1626 sponsa
2454 1553 2795 1610 lmderantur
2828 1555 3045 1626 sibique
3095 1556 3150 1610 in
3214 1571 3388 1611 amore
3430 1557 3701 1629 junguntur:

2206 1643 2337 1714 quid
2362 1656 2491 1716 ergo
2519 1653 2647 1700 sunt
2674 1644 2730 1699 in
2777 1653 2968 1700 sancta
3016 1643 3257 1701 Ecclesia
3285 1646 3510 1712 thalami,
3534 1647 3617 1702 nisi
3637 1662 3704 1703 eo.

518 1741 610 1783 mo
643 1744 752 1784 uno
783 1729 838 1784 in
875 1728 1177 1788 latitudine.
1230 1731 1504 1806 (Ηὶενοη.)
1559 1734 1882 1806 Mensusque
1909 1745 1994 1793 est
2040 1737 2104 1792 li-
2135 1714 2180 1777 Β
2208 1751 2330 1792 rum
2377 1714 2545 1793 corda
2588 1736 2643 1792 in
2669 1735 2868 1806 quibus
2921 1736 3104 1792 anima
3165 1752 3264 1807 per
3308 1752 3525 1794 amorem
3554 1754 3702 1810 sponso

517 1834 641 1874 men
668 1830 857 1891 portae,
912 1833 969 1878 ut
994 1824 1135 1880 scire
1173 1825 1449 1883 valeamus
1473 1827 1655 1883 omnia
1681 1837 1871 1900 patere
1899 1828 2105 1886 notitia:

520 1908 638 1966 Dei.
671 1912 823 1980 Quod
848 1914 1015 1971 limen
1050 1915 1105 1971 in
1135 1916 1423 1977 latitudine
1447 1920 1628 1985 ,unius
1658 1920 1857 1977 dicitur
1883 1921 2101 1990 calami,

519 2003 667 2058 etde
695 2004 980 2062 altitudine
1004 2008 1194 2065 siletur
1219 2026 1285 2066 ac
1311 2011 1651 2083 longitudine
1680 2031 1694 2067 :
1721 2013 1810 2070 via
1849 2015 1994 2071 enim
2020 2024 2106 2072 est

519 2100 575 2146 et
599 2092 852 2150 introitus
896 2110 997 2167 per
1023 2111 1169 2164 eam,
1211 2101 1279 2155 ad
1313 2101 1569 2158 interiora
1615 2100 1959 2176 pergendum
1997 2121 2101 2166 est.

520 2178 726 2254 (Greg.)
767 2183 877 2240 Cur
898 2195 1182 2258 postquam
1231 2190 1433 2247 dictum
1477 2201 1562 2249 est
1593 2193 1757 2252 limen
1785 2205 1954 2267 porta:
1990 2208 2102 2256 sta-

522 2272 617 2327 tim
646 2274 996 2349 subjungitur
1042 2279 1206 2336 limen
1259 2298 1460 2350 unum,
1491 2285 1595 2341 nisi
1627 2287 1752 2356 quia
1795 2298 1984 2359 aperte
2022 2292 2106 2347 in-

518 2365 659 2430 nuit,
691 2369 833 2454 quod
855 2370 1035 2426 adhuc
1055 2371 1284 2448 inferius
1314 2375 1477 2431 limen
1500 2376 1646 2434 aliud
1673 2379 1923 2436 dicatur:
1948 2394 2104 2454 porta

520 2461 701 2529 autem
731 2444 766 2510 εἰ
794 2456 979 2514 limine
1008 2444 1202 2531 surgit,
1238 2473 1297 2518 ut
1324 2474 1481 2535 porta
1532 2467 1621 2523 sit.
1671 2467 1729 2523 Si
1760 2470 1925 2542 igitur
1948 2444 2106 2542 porta

520 2542 799 2611 Dominus,
828 2548 950 2617 quis
979 2548 1136 2618 hujus
1163 2560 1333 2621 porta:
1384 2554 1548 2610 limen
1585 2567 1690 2624 est,
1722 2558 1826 2615 nisi
1855 2560 1933 2616 illi
1964 2562 2108 2617 anti-

521 2636 613 2704 qui
638 2644 843 2706 patres,
872 2653 939 2694 ex
971 2655 1206 2710 quorum
1255 2646 1510 2715 progenie
1538 2646 1798 2704 Dominus
1830 2651 2104 2707 incarnari

519 2725 770 2796 dignatus
805 2737 908 2795 est,
946 2732 1087 2786 sicut
1119 2748 1218 2802 per
1263 2733 1493 2792 Paulum
1521 2738 1722 2795 dicitur
1752 2758 1766 2796 :
1802 2760 1819 2793 ‹
1859 2740 2104 2809 Quorum

518 2826 705 2886 patres
731 2835 795 2875 ex
837 2820 1032 2891 quibus
1087 2822 1335 2881 Christus
1378 2830 1676 2885 secundum
1716 2848 1964 2898 carnem,
2013 2836 2106 2905 qui

520 2917 604 2964 est
627 2924 789 2979 super
814 2912 995 2968 omnia
1052 2913 1195 2971 Deus
1248 2915 1569 2975 benedictus
1602 2921 1657 2975 in
1697 2922 1892 2978 saecula
1924 2922 2102 2997 (Rom.

2207 1826 2465 1883 invisibili
2519 1828 2790 1901 jungitur,
2819 1837 2882 1883 ut
2905 1827 3025 1899 ejus
3075 1829 3341 1886 desiderio
3380 1830 3561 1898 ardeat,
3594 1832 3700 1887 nulla

2201 1916 2314 1988 jam
2344 1933 2463 1988 qua:
2492 1916 2546 1973 in
2571 1918 2771 1975 mundo
2797 1927 2924 1975 sunt
2951 1916 3315 1990 conchpiscat,
3342 1924 3588 1993 praesentis
3606 1923 3698 1978 vite

2206 2009 2622 2083 longitudinem,
2679 2024 2897 2082 ptenam
2951 2012 3196 2084 deputet,
3250 2013 3392 2070 exire
3435 2012 3628 2077 festinet,
3662 2021 3701 2068 et

2206 2104 2411 2159 amoris
2436 2102 2685 2174 amplexu
2730 2103 2783 2158 in
2815 2102 3055 2161 caelestis
3102 2106 3283 2176 sponsi
3328 2105 3514 2161 visione
3546 2104 3702 2175 requie-

2206 2195 2402 2251 scere?
2433 2193 2586 2250 Mens
2612 2194 2798 2265 itaque
2842 2210 2964 2265 quae
2984 2194 3103 2264 jam
3132 2196 3255 2252 talis
3276 2204 3373 2262 est,
3404 2195 3577 2252 nullam
3598 2211 3702 2267 pra:-

2205 2288 2376 2345 sentis
2433 2288 2558 2343 vitae
2617 2287 3045 2344 consolationem
3108 2289 3317 2361 recipit,
3371 2290 3458 2346 sed
3496 2288 3553 2345 ad
3593 2287 3702 2343 illum

2205 2394 2365 2449 quem
2416 2378 2590 2451 diligit
2628 2378 2940 2435 medullitus
2992 2380 3255 2452 suspirat,
3306 2379 3485 2446 fervet,
3519 2378 3701 2443 anhelat,

2206 2469 2478 2535 anxiatur,
2531 2468 2653 2523 vilis
2698 2469 2744 2525 ei
2782 2471 2845 2524 lit
2894 2468 3012 2540 ipsa
3043 2469 3193 2527 salus
3242 2470 3325 2526 sui
3353 2470 3585 2542 corporis,
3611 2468 3702 2538 quia

2206 2560 2466 2616 transﬁxa
2491 2568 2578 2616 est
2616 2560 2837 2618 vulnere
2888 2563 3118 2619 amoris.
3171 2562 3321 2620 Unde
3354 2563 3480 2620 etin
3519 2558 3706 2617 Canticis

2207 2652 2543 2707 canticorum
2593 2653 2770 2709 dicit:
2806 2674 2825 2707 ι
2864 2654 3164 2711 Vulnerata
3220 2655 3468 2712 charitate
3514 2666 3703 2727 egosum

2208 2740 2387 2815 (Cant.
2417 2742 2501 2817 ιι).
2533 2762 2552 2796 ι
2582 2744 2720 2800 Mala
2752 2746 2900 2802 salus
2927 2754 3014 2803 est
3047 2747 3231 2804 cordis
3265 2762 3378 2819 quae
3408 2745 3610 2802 dolorem
3628 2743 3702 2797 lm-

2200 2834 2291 2906 jus
2312 2835 2551 2892 vulneris
2589 2838 2784 2894 nescit.
2818 2838 2955 2896 Cum
2983 2854 3117 2898 vero
3160 2842 3407 2898 anhelare
3425 2839 3526 2910 jam
3560 2837 3606 2893 in
3628 2848 3708 2891 cte-

2206 2922 2343 2981 leste
2377 2925 2730 2993 desiderium,
2760 2937 2815 2984 et
2840 2929 3048 2987 sentire
3078 2929 3272 2988 vulnus
3309 2931 3492 2987 amoris
3513 2925 3706 2999 smper“,

521 2997 622 3071 rx).
658 3017 677 3051 ι
712 2998 1022 3057 Notandum
1071 3019 1202 3060 vero
1251 3016 1338 3063 est
1385 3009 1440 3063 in
1496 3010 1600 3065 hac
1641 3009 1791 3067 Pauli
1829 3015 2101 3093 sententia
2133 3077 2172 3093 Α
2205 3012 2267 3069 lit
2295 3015 2474 3070 anima
2510 3016 2780 3074 salubrior
2804 3032 2871 3074 ex
2922 3019 3188 3088 vulnere,
3218 3035 3335 3093 quae
3359 3019 3493 3092 prius
3531 2997 3710 3088 aegrota-

522 3090 667 3159 quod
691 3091 763 3146 dii
786 3100 841 3147 et
866 3094 1051 3150 caeteri
1098 3095 1349 3153 homines
1374 3108 1502 3155 sunt
1539 3103 1736 3169 vocati,
1764 3104 1906 3160 sicut
1932 3088 2103 3178 Moysi
2129 3077 2175 3140 C
2204 3108 2300 3164 bat
2326 3125 2392 3164 ex
2429 3112 2601 3166 salute
2627 3126 2641 3165 :
2697 3114 2865 3169 menti
2894 3122 3079 3171 autem
3108 3077 3359 3188 sponsum
3386 3129 3525 3172 suum
3543 3110 3710 3168 fortiter

526 3181 726 3237 dicitur
751 3197 768 3237 :
795 3202 813 3236 ι
839 3183 1044 3242 Ponam
1069 3187 1197 3243 tein
1224 3190 1383 3245 deum
1404 3190 1677 3250 Pharaoni
1703 3194 1901 3268 (Exod.
1927 3199 2047 3273 vn).
2077 3220 2098 3255 ι

527 3273 596 3328 Et
650 3289 749 3344 per
803 3275 1144 3334 Psalmistam
1196 3281 1333 3336 dicit
1370 3283 1637 3355 Dominus
1674 3303 1692 3342 :
1738 3307 1756 3340 ι
1785 3287 1899 3360 Ego
1947 3289 2101 3346 dixi:

518 3367 611 3437 Dii
663 3368 817 3425 estis.
859 3387 879 3423 ι
955 3370 1023 3428 Et
1084 3388 1304 3432 rursum
1360 3392 1378 3438 :
1430 3397 1448 3431 ι
1487 3377 1633 3438 Deus
1688 3382 1841 3439 stetit
1901 3382 1961 3438 in
2018 3399 2107 3456 sy-

522 3465 733 3525 nagoga
783 3470 968 3511 eorum
1004 3457 1177 3530 (Psal.
1232 3464 1441 3536 Lxxxt).
1481 3483 1500 3518 ι
1534 3465 1642 3523 Sed
1670 3469 1816 3527 aliud
1855 3481 1937 3529 est
1961 3491 2105 3532 nun-

519 3545 788 3612 cupative,
819 3546 964 3603 aliud
991 3550 1316 3607 naturaliter
1368 3554 1474 3611 dici
1502 3556 1692 3615 Deum.
1726 3561 1840 3618 Etsi
1891 3563 2104 3638 Moyses

526 3636 582 3690 in
609 3636 768 3693 deum
793 3639 1062 3699 Pharaoni
1085 3653 1167 3699 est
1189 3646 1417 3717 positus,
1450 3650 1544 3706 sed
1564 3651 1698 3707 deus
1726 3653 1870 3711 intra
1896 3636 2099 3729 omnia,

522 3742 631 3780 non
654 3728 787 3785 deus
812 3746 975 3802 super
1001 3735 1184 3790 omnia
1210 3737 1426 3794 dicitur.
1477 3738 1578 3809 Qui
1609 3758 1738 3800 vero
1760 3746 1923 3801 estin
1948 3728 2103 3805 utero

522 3819 747 3890 virginis
778 3821 1111 3894 incarnatus,
1139 3827 1282 3885 Deus
1307 3846 1472 3902 super
1510 3834 1691 3891 omnia
1714 3845 1961 3893 vocatur.
1988 3839 2102 3895 Ita-

522 3928 629 3982 que
656 3913 822 3968 limen
864 3927 1040 3985 porta:
1087 3929 1216 3975 sunt
1259 3909 1463 3992 patres,
1513 3925 1580 3981 de
1608 3928 1802 3997 quibus
1831 3929 1920 3984 ille
1944 3941 2103 3989 natus

520 4011 623 4068 est,
653 4004 745 4073 qui
775 4004 933 4061 nobis
962 4007 1165 4063 aditum
1191 4013 1344 4083 regni
1374 4013 1610 4072 caelestis
1644 4020 1877 4089 aperuit.
1908 4020 2099 4078 Limen

502 4103 707 4167 {autem
738 4104 907 4168 porta:
959 4114 1064 4155 uno
1093 4100 1303 4157 calamo
1329 4115 1695 4174 mensuratur,
1735 4126 1840 4180 qua
1867 4112 1968 4182 ipsi
1998 4129 2100 4170 an-

497 4184 659 4263 .tiqui
707 4194 893 4258 patres
951 4189 1043 4260 qui
1081 4198 1373 4262 potuerunt
1411 4194 1828 4269 Redemptorem
1852 4211 2098 4260 nostrum

504 4284 573 4361 :et
607 4278 1003 4351 prophetando,
1053 4290 1109 4338 et
1154 4282 1292 4341 bene
1344 4286 1580 4344 unieudo
1628 4291 1950 4361 praedicare,
1983 4304 2101 4352 tan-

504 4350 677 4444 lquam
716 4350 825 4431 sex
877 4377 1058 4433 cubita
1105 4378 1160 4434 in
1190 4379 1522 4451 perfectione
1546 4350 1726 4454 operis
1770 4392 1828 4441 et
1861 4350 2098 4456 palmum

515 4462 570 4517 in
597 4463 942 4523 inchoatione
966 4470 1441 4541 contemplationis
1467 4473 1798 4532 habuerunt.
1824 4475 1925 4545 Qui
1948 4478 2095 4535 enim

513 4570 701 4610 eorum
723 4556 891 4613 vitam
920 4559 974 4617 in
1004 4561 1208 4618 unitate
1250 4562 1400 4632 ﬁdei,
1426 4573 1483 4621 et
1510 4565 1748 4638 perlecta
1768 4569 2014 4641 Operatio
2037 4579 2097 4627 et

513 4643 763 4702 inchoata
785 4651 1170 4722 contemplatio
1211 4653 1501 4713 sublimem
1530 4658 1785 4727 reddidit,
1817 4668 1874 4718 et
1908 4662 1965 4718 in
1986 4677 2093 4719 uno

514 4731 722 4788 calamo
746 4748 999 4791 mensura
1028 4736 1232 4795 liminis
1261 4738 1383 4797 fuit.
1415 4740 1710 4814 Sequitur:

540 4894 555 4903 μ
590 4842 609 4875 ‹
638 4823 707 4879 Et
736 4824 1025 4882 thalamum
1050 4845 1157 4886 uno
1190 4831 1402 4889 calamo
1427 4834 1481 4890 in
1505 4833 1749 4907 longum,
1778 4846 1834 4892 et
1867 4852 1975 4893 uno
2002 4852 2095 4893 ca-

518 4933 537 4966 t
574 4912 716 4969 lamo
746 4915 798 4969 in
828 4914 1014 4972 latum.
1053 4939 1072 4972 ι
1107 4920 1376 4996 (Iliorum)
1404 4924 1557 4983 Licet
1605 4927 1661 4982 in
1707 4928 1811 4985 hoc
1838 4929 1957 4986 loco
1985 4928 2087 4986 Se-

513 5006 790 5076 ptuaginta
812 5006 1080 5081 superﬂue
1125 5011 1533 5085 longitudinem,
1565 5017 1709 5074 velut
1737 5021 1791 5074 in
1817 5020 2090 5094 plerisque

513 5097 790 5153 codicibus
818 5099 1144 5169 continetur,
1176 5102 1514 5165 latitudinem
1556 5109 1813 5180 dixerint,
1843 5113 2088 5171 cubicula

510 5201 691 5247 autem
741 5191 978 5249 dixerint
1023 5194 1339 5265 thalamum,
1371 5203 1786 5274 θιπαραστὸδις,
1835 5207 1927 5277 qui
1979 5215 2089 5263 tam

510 5279 563 5335 in
610 5280 828 5355 longum
878 5298 1039 5354 quam
1086 5283 1139 5340 in
1171 5286 1341 5343 altum
1392 5291 1637 5364 singulos
1680 5294 1917 5352 habeant
1935 5296 2083 5353 cala-

511 5388 647 5436 mos,
702 5374 799 5430 sed
844 5373 989 5431 inter
1034 5376 1331 5434 thalamum
1392 5390 1449 5438 et
1498 5385 1796 5443 thalamum
1845 5388 2086 5461 quinque

510 5459 617 5516 sint
644 5464 847 5531 cubita,
898 5475 959 5520 ut
1012 5466 1271 5524 interiora
1315 5470 1687 5530 cubiculorum
1730 5476 1946 5547 plenam
1979 5459 2082 5534 ha-

505 5548 670 5608 beant
717 5561 1025 5614 mensuram
1071 5559 1285 5629 calami,
1319 5561 1373 5618 id
1420 5571 1522 5630 est.
1558 5579 1656 5624 sex
1685 5568 1993 5626 cubitorum
2024 5579 2081 5628 et

506 5643 671 5711 palmi
699 5644 872 5717 unius,
914 5649 1040 5709 dum
1088 5667 1250 5724 opera
1303 5656 1510 5727 pariter
1560 5658 1805 5733 ratioque
1851 5677 2075 5720 consen-

2204 3203 2429 3272 amanti,
2459 3205 2526 3260 de
2554 3221 2705 3261 mora
2733 3206 2859 3263 vita:
2885 3211 3176 3279 praesentis
3200 3226 3305 3265 una
3340 3209 3465 3266 solet
3482 3221 3584 3264 esse
3606 3218 3708 3261 con-

2205 3293 2400 3351 solatio
2425 3312 2440 3361 ;
2469 3295 2513 3351 si
2551 3312 2650 3367 per
2676 3299 2780 3355 hoc
2809 3302 2953 3370 quod
2973 3302 3092 3373 ipsa
3122 3302 3192 3358 ab
3218 3302 3331 3373 ejus
3365 3303 3549 3359 visione
3567 3298 3707 3355 diller-

2205 3390 2315 3449 tur,
2348 3384 2577 3440 aliorum
2609 3387 2807 3444 animae
2835 3388 2954 3458 ejus
2972 3393 3146 3448 verbo
3172 3392 3463 3464 proﬁciant,
3488 3398 3535 3445 et
3555 3387 3611 3443 ad
3632 3396 3710 3441 οω-

2203 3472 2394 3530 lestem
2417 3491 2675 3547 sponsum
2706 3481 2910 3537 amoris
2933 3480 3150 3539 facibus
3194 3484 3531 3539 inardescant.
3554 3478 3708 3533 Pensa-

2203 3582 2326 3622 mus
2357 3582 2487 3639 rogo
2523 3570 2699 3639 qualis
2750 3571 3030 3629 thalamus
3060 3572 3216 3628 Pauli
3265 3587 3410 3628 mens
3455 3570 3619 3631 luerat.
3640 3562 3708 3634 qui

2204 3654 2420 3711 dicebat
2450 3676 2462 3711 :
2508 3676 2526 3709 ι
2554 3658 2691 3725 Quia
2722 3660 2851 3715 mihi
2907 3662 3094 3719 vivere
3142 3663 3380 3718 Christus
3407 3667 3499 3726 est,
3524 3666 3573 3715 et
3606 3652 3708 3711 mori

2205 3743 2418 3802 lucrum
2475 3746 2697 3822 (Philip.
2730 3749 2791 3821 l).
2828 3771 2847 3803 ι
2876 3749 3255 3823 οωιιὶροιθηιί
3277 3754 3384 3810 Deo
3411 3753 3459 3808 in
3485 3757 3709 3822 quantose

2203 3852 2389 3893 amore
2432 3840 2812 3911 conjunxerat,
2852 3844 2961 3913 qui
3004 3846 3109 3901 sibi
3145 3846 3309 3901 vitam
3344 3844 3586 3902 Christum
3609 3849 3702 3897 tan-

2205 3930 2501 3996 tummodo,
2530 3939 2584 3987 et
2605 3933 2743 3987 mori
2773 3933 2981 3990 lucrum
3026 3952 3151 3994 esse
3201 3937 3490 4008 deputabat.
3522 3934 3711 3989 Hincest

2203 4020 2346 4088 quod
2374 4020 2571 4077 iterum
2625 4023 2756 4079 dicit
2787 4041 2800 4078 :
2834 4045 2851 4079 ι
2886 4025 3225 4083 Desiderium
3286 4029 3478 4084 habens
3518 4019 3709 4085 dissolvi.

2203 4115 2405 4164 etcum
2456 4109 2674 4169 Christo
2741 4129 2861 4171 esse
2915 4117 3088 4175 multo
3137 4121 3308 4192 magis
3351 4118 3541 4174 melius.
3590 4110 3711 4167 iSed

2203 4213 2331 4255 ecce
2377 4201 2470 4271 qui
2530 4203 2750 4260 dissolvi
2790 4206 3090 4276 desideras,
3161 4226 3269 4282 quo
3302 4224 3477 4266 amore
3511 4207 3713 4276 Ιειιευειε

2200 4288 2469 4358 videmus,
2516 4294 2608 4363 qui
2659 4295 2880 4352 interim
2930 4298 3138 4356 diﬁorri
3195 4309 3249 4357 te
3282 4298 3546 4371 conspicis,
3572 4291 3708 4349 fulciri

2203 4394 2373 4449 quare
2424 4380 2648 4441 ﬁoribus
2701 4402 2809 4443 non
2862 4389 3143 4459 requiris?
3168 4391 3370 4459 Quaerit
3408 4389 3586 4462 plane;
3617 4397 3710 4438 nam

2203 4482 2478 4551 sequitur:
2511 4503 2529 4536 ι
2564 4483 2892 4544 Permanere
2912 4499 3094 4546 autem
3119 4491 3174 4547 in
3202 4507 3365 4548 carne
3383 4487 3707 4546 necessarium.

2199 4579 2421 4640 Propter
2455 4587 2575 4640 vos,
2624 4594 2644 4628 ι
2696 4584 2753 4631 et
2810 4577 3222 4649 proﬁcientibus
3276 4578 3535 4651 discipulis
3574 4573 3707 4631 dicit:

2205 4679 2223 4712 ι
2258 4659 2390 4728 Qum
2417 4670 2503 4718 est
2527 4665 2673 4720 enim
2729 4674 2916 4722 nostra
2944 4683 3088 4740 spes,
3132 4677 3226 4724 aut
3251 4670 3514 4741 gaudium,
3540 4672 3617 4724 aut
3643 4674 3709 4715 co-

2198 4766 2330 4807 rona
2353 4752 2558 4824 glorias,
2585 4769 2765 4811 nonne
2789 4772 2887 4814 vos
2915 4765 3045 4815 ante
3089 4760 3374 4815 Dominum
3416 4764 3629 4814 nostrum
3648 4748 3708 4805 le

2197 4842 2361 4896 sum?
2394 4861 2413 4895 ι
2449 4841 2589 4901 Hinc
2631 4854 2715 4901 est
2759 4846 2906 4917 quod
2961 4848 3105 4904 idem
3134 4849 3402 4905 thalamus
3425 4863 3522 4902 uno
3543 4842 3707 4900 calamo

2196 4929 2249 4985 in
2280 4930 2520 5003 longum,
2550 4941 2606 4989 et
2629 4950 2738 4992 uno
2781 4936 2991 4995 calamo
3021 4942 3073 4996 in
3106 4942 3275 4999 latum
3305 4942 3492 5000 dicitur
3514 4948 3702 4997 mensus.

2194 5020 2497 5094 Longitudo
2519 5027 2716 5099 quippe
2745 5031 2814 5085 ad
2839 5030 3303 5102 longanimitatem
3348 5026 3703 5107 ex5pectalioni5

2192 5118 2448 5187 pertinet,
2503 5128 2558 5176 et
2610 5120 2841 5181 latitudo
2899 5127 2969 5183 ad
3014 5128 3417 5199 amplitudinem
3456 5118 3701 5186 charimk

2193 5206 2426 5265 Tantum
2453 5225 2585 5283 ergo
2614 5217 2985 5288 unusquisque
3016 5219 3283 5277 thalamus
3321 5220 3475 5276 habet
3494 5218 3543 5273 in
3565 5209 3701 5282 W

2193 5301 2400 5370 tudine,
2428 5316 2690 5377 quantum
2721 5317 2778 5365 et
2802 5310 2857 5365 in
2903 5311 3190 5368 latitudine
3234 5313 3429 5369 habere
3471 5304 3698 5383 potuerit:

2188 5391 2312 5462 quia
2346 5407 2499 5450 mens
2530 5397 2739 5454 caelesti
2762 5399 3033 5458 desiderio
3061 5418 3319 5460 succensa
3340 5410 3529 5473 quanto
3549 5404 3699 5452 amore

2188 5482 2442 5540 habuerit
2471 5487 2539 5542 ad
2567 5487 2931 5558 colligendum
2962 5494 3290 5563 proximum,
3323 5501 3513 5548 tantam
3536 5496 3582 5543 et
3605 5487 3698 5539 lon-

2187 5574 2559 5637 ganimitatem
2586 5580 2809 5636 exhibet
2836 5581 2905 5637 ad
2935 5586 3350 5656 exspectandum
3371 5584 3540 5645 Deum,
3566 5585 3697 5644 ell’"

2186 5666 2383 5724 tieuter
2402 5678 2582 5740 portat
2606 5686 2791 5741 moras
2820 5673 3190 5748 longitudinis,
3226 5676 3316 5748 qui
3362 5690 3415 5732 sc
3456 5672 3505 5728 in
3548 5663 3691 5740 lima"
