3972 6184
295 336 402 394 897

1228 333 1582 390 COMMENT.
1624 335 1689 390 IN
1721 333 2188 392 ,EZECHIELEM.
2232 366 2300 374 κ-
2341 335 2468 391 LIB.
2515 336 2651 392 XIV.

3467 325 3572 388 898

297 461 448 507 ctum
496 448 726 522 proximi
759 447 948 502 dilatat
971 445 1325 515 amplitudine
1357 447 1662 502 charitatis.
1705 447 1892 502 Potest
1917 448 1968 507 Α
1995 445 2374 502 miraculorum
2423 450 2674 519 gratiam,
2735 425 2782 506 si
2837 451 2902 506 ad
2961 461 3332 523 contemptum
3383 457 3572 514 mundi

295 545 466 600 etiam
494 545 608 613 ipsa
635 541 910 613 longitudo
937 539 1394 610 louganimitatem
1425 540 1720 610 patientius,
1766 554 1889 608 quae

296 634 586 688 exhibetur
611 631 882 700 proximo,
903 631 1206 699 designare.
1252 629 1319 683 Et
1349 630 1475 699 quia
1503 629 1730 685 latitudo
1753 629 1888 684 cha-

297 722 524 790 ritatein
549 721 751 791 signat,
783 734 905 789 qua:
934 718 1113 772 sinum
1154 718 1351 772 mentis
1374 719 1570 788 aperit,
1601 727 1658 774 et
1684 718 1888 773 amicos

297 811 462 867 simul
497 820 660 881 atque
699 811 948 866 inimicos
985 809 1040 863 in
1075 823 1318 864 amorem
1350 809 1563 880 recipit,
1611 819 1760 865 tanta
1804 818 1889 870 est

296 903 578 974 longitudo
615 901 855 964 thalami,
896 907 1098 968 quanta
1151 899 1420 955 latitudo:
1451 900 1576 969 quia
1625 908 1885 969 quantum

298 995 409 1051 lata
456 1006 611 1046 mens
651 989 815 1044 fuerit
854 1004 950 1059 per
997 1003 1258 1054 amorem,
1301 997 1512 1045 tantum
1558 991 1663 1046 erit
1703 1000 1761 1045 et
1787 1006 1885 1062 pa-

301 1085 444 1138 tiens
467 1096 565 1152 per
591 1078 1055 1151 longanimitatem
1081 1095 1093 1130 :
1127 1092 1252 1132 nam
1281 1085 1486 1132 tantum
1509 1079 1738 1149 quisque
1762 1094 1889 1148 por—

301 1183 382 1229 tat
420 1171 747 1244 proximum,
786 1176 1045 1239 quantum
1079 1175 1246 1222 amat.
1283 1166 1575 1238 Sequitur:

379 1283 397 1314 ‹
428 1262 494 1316 Et
507 1262 650 1316 inter
670 1260 935 1316 thalamos
947 1259 1424 1330 quinquecubitos.
1449 1280 1467 1312 ι
1489 1258 1692 1332 (ϐπ-ιθ.)
1709 1260 1885 1316 Unum

301 1368 464 1423 supra
500 1350 797 1407 thalamum
835 1351 1062 1416 dixerat,
1111 1359 1168 1404 et
1196 1351 1536 1420 postmodum
1574 1365 1697 1409 esse
1723 1352 1884 1422 quin-

300 1458 408 1512 qz'e
472 1441 683 1498 cubitos
727 1441 868 1495 inter
922 1441 1190 1496 thalamos
1233 1451 1468 1507 narrat,
1515 1457 1578 1497 ea
1635 1443 1887 1498 videlicet

300 1533 514 1586 ratione
568 1546 672 1600 qua
730 1529 882 1583 multi
932 1529 1150 1584 thalami
1212 1545 1378 1584 unum
1439 1530 1685 1586 faciunt:
1746 1533 1885 1587 sicut

300 1621 485 1675 multae
528 1619 771 1675 ecclesia:
817 1636 922 1674 una
964 1619 1189 1675 ecclesia
1227 1628 1502 1676 vocantur.
1521 1621 1670 1677 Unde
1723 1632 1781 1677 et
1829 1623 1882 1677 in

296 1708 524 1766 Joannis
545 1709 862 1780 Apocalypsi
888 1711 1069 1782 (Apoc.
1163 1709 1202 1782 ι)
1227 1719 1432 1780 septem
1462 1710 1718 1767 Ecclesiis
1749 1712 1883 1768 seri-

1993 535 2205 605 plenius
2233 539 2657 606 exsequendum,
2687 537 2917 596 fortasse
2946 542 3183 597 minores
3215 552 3361 608 sunt,
3395 553 3574 599 tamen

1993 624 2050 678 in
2105 624 2312 680 timoris
2340 634 2397 680 et
2440 628 2644 682 amoris
2677 627 3030 686 fundamento
3057 640 3184 686 sunt
3229 631 3280 686 in
3313 648 3422 702 quo
3450 636 3578 690 soli-

1993 713 2208 780 dantur,
2239 715 2366 784 quia
2393 717 2493 771 etsi
2521 717 2643 788 igne
2668 718 2904 774 caelestis
2932 720 3183 776 desiderii
3229 739 3336 778 non
3361 725 3573 792 ardent,

1991 803 2048 858 in
2093 805 2224 874 ipsis
2255 807 2616 862 exterioribus
2640 797 2774 877 qua:
2798 823 3053 864 exemere
3074 810 3365 877 sullieiuut,
3415 829 3578 883 vapu-

1992 906 2052 948 re
2078 893 2362 948 charitatis
2387 896 2716 960 animantur,
2767 905 2822 950 et
2868 897 3009 954 inter
3037 901 3400 967 proximorum
3435 921 3576 972 prse-

1991 980 2298 1037 celleutium
2339 984 2563 1039 aedilicia
2613 985 2976 1040 continentur.
3025 987 3324 1058 Sequitur:

2066 1091 2086 1125 ι
2120 1073 2184 1126 Ει
2209 1074 2373 1129 limen
2408 1085 2581 1146 porta:
2601 1074 2756 1145 juxta
2799 1077 3121 1132 vestibulum
3165 1089 3333 1149 porta:
3375 1083 3572 1138 intrin—

1991 1177 2146 1218 secus
2195 1163 2406 1220 calamo
2445 1181 2568 1220 uno.
2611 1185 2630 1218 ι
2675 1166 2947 1237 (Ηίονοη.)
2975 1168 3162 1224 Limen
3195 1187 3408 1241 quoque
3445 1174 3578 1228 alte—

1991 1257 2104 1312 rius
2151 1267 2338 1327 portae,
2372 1258 2488 1312 sive
2537 1266 2596 1312 ut
2639 1259 2692 1312 iu
2723 1257 3072 1330 Septuaginta
3116 1263 3443 1330 continetur,
3493 1282 3579 1320 se-

1987 1351 2147 1406 cundi
2178 1350 2427 1418 vestibuli
2461 1359 2520 1406 et
2562 1351 2703 1405 tertii
2753 1350 2991 1418 ejusdem
3019 1353 3179 1408 unius
3207 1355 3398 1410 calami
3421 1370 3575 1411 men-

1987 1455 2128 1495 sur-.2
2155 1450 2256 1496 est.
2285 1441 2413 1496 Post
2453 1441 2593 1511 quod
2634 1443 2954 1497 vestibulum
2991 1443 3128 1514 ejus,
3173 1447 3276 1500 hoc
3305 1457 3386 1502 est
3413 1447 3575 1503 limen

1986 1540 2158 1602 portae
2185 1533 2466 1587 introitum
2508 1540 2630 1588 octo
2661 1541 2935 1601 ponuntur
2962 1535 3167 1600 cubita,
3219 1545 3276 1590 ut
3317 1537 3574 1594 interiora

1985 1621 2235 1676 vestibuli
2283 1637 2621 1692 nequaquam
2672 1625 3037 1693 septenarium
3071 1641 3352 1680 numerum
3401 1638 3456 1683 et
3481 1645 3575 1684 sex

1987 1712 2165 1768 cubita
2210 1720 2264 1766 et
2289 1713 2527 1782 palmum
2561 1728 2744 1777 unum,
2779 1715 2870 1768 sed
2915 1715 3248 1770 octonarium
3291 1733 3575 1772 numerum

297 1802 466 1864 hitur,
518 1816 613 1870 per
657 1815 793 1870 quas
836 1816 942 1853 una
985 1799 1250 1854 catholica
1289 1799 1620 1868 designatur.
1676 1801 1740 1856 lli
1775 1803 1879 1855 ita-
1908 1803 1957 1862 B
1987 1813 2206 1860 teneant
2233 1806 2324 1875 qui
2351 1805 2418 1859 ad
2450 1807 2865 1861 resurrectionis
2893 1816 2948 1861 et
2974 1807 3080 1862 diei
3121 1809 3410 1864 Dominicze
3453 1828 3577 1881 per-

297 1906 404 1959 que
433 1890 523 1960 qui
567 1890 620 1944 in
665 1897 848 1944 sancta
889 1889 1136 1953 ecclesia,
1179 1889 1320 1944 sicut
1351 1888 1606 1955 diximus,
1655 1889 1883 1947 ferventi

297 1997 484 2037 amore
532 1982 700 2036 Deum
747 1979 929 2036 videre
977 1982 1186 2045 sitiunt,
1231 1981 1390 2052 eique
1431 1981 1546 2050 jam
1596 1999 1693 2053 per
1737 1984 1882 2039 desi-

295 2068 509 2124 derium
556 2067 971 2142 coniunguntur,
1029 2070 1247 2125 thalami
1297 2081 1580 2127 vocantur.
1643 2071 1750 2127 Sed
1801 2081 1883 2126 ta-

296 2175 423 2215 men
472 2169 597 2214 sunt
656 2161 710 2214 in
774 2177 838 2216 ea
901 2160 1116 2230 quidam
1172 2163 1262 2232 qui
1329 2172 1616 2231 penetrare
1666 2163 1884 2219 subtilia

295 2269 406 2308 non
444 2253 706 2318 valentes,
757 2262 812 2308 et
851 2253 1088 2324 quinque
1136 2254 1312 2310 adhuc
1351 2256 1594 2325 corporis
1635 2257 1882 2312 sensibus

295 2345 561 2417 depressi,
610 2355 758 2400 tanto
798 2345 976 2400 minus
1017 2355 1204 2400 amant
1238 2360 1362 2400 eum
1401 2348 1495 2417 qui
1522 2347 1651 2402 fecit
1679 2350 1879 2414 omnia,

293 2447 501 2508 quanto
548 2437 778 2508 amplius
821 2437 874 2491 in
917 2437 1000 2491 his
1045 2452 1166 2507 qua:
1206 2436 1350 2494 facta
1397 2447 1523 2494 sunt
1567 2439 1876 2511 illigantur:

297 2538 354 2583 et
369 2526 484 2597 jam
517 2527 729 2598 quidem
755 2540 1012 2582 exercere
1048 2528 1105 2582 in
1137 2528 1328 2584 timore
1357 2528 1567 2586 Domini
1616 2538 1673 2586 et
1695 2545 1881 2588 amore

291 2617 527 2688 proximi
574 2615 792 2670 tendere
838 2617 1076 2683 student,
1124 2616 1265 2674 bona
1309 2633 1474 2688 opera
1525 2621 1882 2690 corporaliter

295 2721 480 2777 agere,
506 2705 860 2777 eleemosyuis
905 2716 1126 2776 peccata
1175 2708 1461 2774 redimere,
1511 2710 1606 2764 sed
1648 2711 1773 2779 quia
1824 2711 1879 2766 in

297 2811 486 2852 amore
552 2797 744 2851 intimo
796 2797 988 2856 ardere
1031 2798 1100 2851 ad
1143 2797 1365 2854 caeleste
1413 2799 1739 2854 desiderium
1793 2815 1882 2856 ne-

293 2888 496 2952 sciunt,
519 2889 670 2959 quasi
695 2889 870 2944 adhuc
885 2888 1378 2958 devincti-corporis
1407 2890 1654 2945 sensibus
1687 2900 1876 2946 tenen-

297 2987 405 3033 tur.
443 2977 535 3032 lsti
581 2977 762 3048 itaque
790 2977 1055 3033 thalamus
1083 2994 1189 3034 non
1217 2988 1360 3044 sunt,
1398 2981 1494 3036 sed
1520 2989 1700 3036 tamen
1735 2982 1880 3036 inter

295 3068 563 3124 thalamos
599 3068 962 3133 continentur,
1006 3068 1098 3136 qui
1142 3082 1240 3137 per
1265 3084 1455 3124 eorum
1482 3071 1757 3140 ducatum,
1783 3073 1876 3142 qui

1987 1895 2160 1950 tinent
2205 1906 2624 1950 sacramentum.
2689 1892 2952 1966 (Gregor.)
3017 1897 3155 1950 Dum
3206 1898 3366 1953 limen
3433 1903 3577 1969 quod

1985 1985 2144 2040 modo
2183 1985 2508 2040 describitur
2546 1984 2701 2054 juxta
2747 1985 3069 2039 vestibulum
3106 1996 3277 2056 portae
3321 1987 3578 2044 intrinse—

1983 2090 2082 2130 cus
2124 2090 2244 2130 esse
2271 2082 2621 2139 memoratur,
2669 2084 2854 2144 aperte
2893 2078 3215 2143 ostenditur,
3257 2081 3382 2148 quia
3412 2081 3573 2136 limen

1984 2167 2127 2236 quod
2175 2166 2325 2235 prius
2371 2166 2698 2236 descriptum
2742 2175 2847 2230 est,
2897 2169 3236 2224 extrinsecus
3287 2169 3406 2225 fuit.
3469 2170 3576 2226 Sed

1983 2258 2030 2313 si
2064 2265 2220 2328 porta
2253 2266 2338 2313 est
2375 2258 2655 2322 Dominus,
2691 2258 2834 2326 quod
2869 2258 2940 2312 sit
2982 2258 3146 2314 limen
3175 2268 3346 2330 portae
3377 2263 3574 2318 intrin-

1983 2364 2142 2405 secus
2173 2357 2230 2404 ct
2265 2349 2604 2404 extrinsecus
2632 2349 2992 2417 requiramus.
3041 2349 3144 2403 Per
3183 2350 3342 2404 limen
3372 2352 3572 2406 etenim

1979 2447 2194 2510 portam
2231 2440 2598 2508 unusquisque
2652 2439 2969 2510 ingreditur.
3022 2439 3088 2493 Et
3127 2456 3247 2509 qua:
3297 2449 3424 2504 aunt
3459 2441 3566 2495 duo

1981 2532 2098 2588 hac
2149 2532 2355 2596 limina,
2397 2532 2500 2587 nisi
2537 2542 2722 2601 patres
2763 2531 3070 2587 testamenti
3122 2533 3340 2598 veteris,
3387 2543 3437 2587 et
3466 2549 3563 2603 pa-

1985 2631 2094 2679 tres
2123 2622 2427 2678 testamenti
2461 2621 2627 2676 novi?
2675 2621 2789 2676 Non
2825 2620 3000 2676 solum
3047 2623 3241 2692 quippe
3267 2623 3322 2676 hi
3349 2624 3416 2679 de
3451 2625 3572 2694 qui-

1979 2713 2083 2770 bus
2124 2712 2384 2768 Dominus
2437 2711 2712 2765 incarnari
2760 2711 3012 2780 dignatus
3067 2721 3172 2774 est,
3229 2713 3320 2768 sed
3384 2728 3572 2769 omnes

1983 2803 2290 2860 testamenti
2319 2802 2520 2856 veteris
2542 2809 2722 2870 patres
2753 2810 2922 2870 portae
2948 2799 3107 2867 hujus
3138 2800 3299 2855 limen
3331 2801 3568 2867 fuerunt,

1980 2893 2106 2964 quia
2154 2893 2210 2948 hi
2249 2893 2342 2962 qui
2389 2906 2512 2946 eum
2550 2890 2866 2960 prmdicare,
2913 2900 2967 2944 et
3004 2891 3056 2945 in
3097 2905 3164 2945 eo
3211 2907 3430 2960 sperare
3459 2909 3574 2949 me-

1981 2991 2229 3046 ruerunt,
2290 2982 2503 3036 cunctis
2557 2983 2623 3036 ad
2670 2996 2793 3036 eum
2851 2982 3191 3037 venientibus
3245 2995 3572 3053 aperuerunt

1979 3074 2186 3128 aditum
2216 3072 2358 3138 fidei,
2389 3080 2448 3126 ut
2475 3073 2651 3127 omnis
2678 3071 2768 3143 qui
2791 3070 3084 3127 crediderit
3105 3072 3388 3127 Dominum
3409 3075 3566 3142 quasi

293 3160 555 3214 visionem
582 3157 674 3212 Dei
701 3156 938 3228 perfecte
963 3157 1210 3226 diligunt,
1255 3167 1309 3214 et
1352 3159 1454 3229 ipsi
1484 3161 1552 3215 ad
1575 3161 1873 3232 profectum
1901 3155 1948 3216 C
1969 3163 2081 3231 jam
2127 3174 2337 3234 portam
2386 3163 2546 3231 hujus
2598 3163 2799 3217 liminis
2848 3163 3095 3217 intraret.
3147 3165 3253 3218 Sed
3302 3180 3398 3218 cur
3441 3174 3567 3218 ante

291 3249 496 3304 mentis
560 3248 848 3303 ducuntur.
915 3247 1060 3301 inter
1121 3248 1384 3304 thalamos
1450 3265 1578 3320 ergo
1639 3252 1876 3321 quinque

292 3345 421 3391 sunt
459 3336 624 3392 cubiti
657 3355 668 3389 :
714 3337 838 3406 quia
881 3336 938 3391 hi
986 3337 1078 3406 qui
1119 3338 1188 3393 ab
1236 3339 1598 3395 exterioribus
1639 3342 1876 3411 quinque

291 3429 542 3484 sensibus
576 3428 747 3483 adhuc
774 3427 842 3482 ad
873 3427 1202 3484 intellectum
1236 3429 1519 3500 mysticum
1551 3444 1656 3484 non
1689 3445 1873 3484 assur-

289 3531 446 3593 gunt,
494 3521 620 3574 dum
669 3519 810 3574 inter
857 3534 951 3574 eos
995 3527 1122 3574 sunt
1160 3519 1252 3589 qui
1297 3519 1488 3589 spiritu
1533 3519 1734 3575 amoris
1774 3517 1877 3574 fer-

288 3621 438 3676 vent,
463 3610 605 3666 velut
635 3619 916 3666 manentes
943 3609 1086 3664 inter
1108 3609 1373 3664 thalamos
1402 3610 1454 3664 in
1481 3610 1602 3665 ﬁdei
1629 3620 1877 3666 constru-

289 3709 476 3763 ctione
513 3704 822 3776 prollciunt,
853 3711 909 3759 et
934 3717 967 3757 a
992 3715 1244 3756 mensura
1271 3701 1508 3756 ctelestis
1534 3701 1744 3756 aedilicii
1769 3702 1876 3756 dis-

281 3795 459 3866 juneti
498 3809 605 3849 non
647 3802 771 3849 sunt
820 3811 835 3849 :
874 3808 1000 3848 nam
1037 3799 1089 3849 et
1124 3791 1397 3864 paulisper
1428 3805 1488 3847 se
1527 3793 1595 3848 ab
1639 3793 1876 3863 appetitu

289 3886 652 3957 corporalium
698 3901 954 3942 sensuum
1001 3885 1342 3949 abstrahunt,
1388 3893 1445 3940 ct
1473 3884 1697 3942 dilatato
1726 3903 1877 3942 men-

292 3979 365 4033 tis
408 3978 582 4045 spatio
616 3977 892 4032 imitantur
941 3977 1261 4032 charitatem
1309 3991 1470 4048 quam
1515 3979 1869 4048 conspiciunt,

291 4071 418 4125 hinc
473 4069 596 4125 inde
653 4070 721 4125 ad
781 4069 1047 4125 thalamos
1098 4069 1481 4125 extenduntur.
1546 4070 1702 4138 Quod
1743 4087 1875 4144 ergo

289 4178 400 4218 non
425 4175 520 4233 per
551 4177 645 4218 sex
681 4161 912 4228 cubitos,
927 4163 1020 4216 sed
1039 4176 1136 4231 per
1170 4161 1410 4232 quinque
1439 4161 1694 4233 descripti
1724 4172 1872 4230 sunt,

288 4255 408 4324 ipsa
453 4253 629 4309 adhuc
662 4266 850 4308 eorum
886 4249 1222 4322 imperfectio
1267 4251 1620 4322 designatur:
1661 4252 1757 4308 sed
1798 4263 1878 4308 ta-

288 4360 416 4402 men
462 4359 561 4416 per
602 4344 802 4400 bonum
851 4341 1176 4397 desiderium
1216 4341 1272 4396 in
1317 4355 1572 4396 mensura
1615 4342 1874 4412 spiritalis

287 4439 504 4496 aediﬁcii
566 4453 684 4495 esse
743 4446 1113 4495 memorantur
1156 4456 1170 4491 :
1213 4439 1340 4508 quia
1379 4448 1436 4493 et
1483 4453 1616 4494 voce
1670 4449 1871 4496 sancta:

286 4530 532 4587 ecclesia:
604 4544 700 4600 per
773 4527 1112 4584 Psalmistam
1179 4527 1376 4584 dicitur
1426 4545 1440 4582 :
1491 4527 1867 4599 Imperfectum

285 4636 470 4676 meum
514 4619 758 4674 viderunt
795 4618 938 4675 oculi
991 4619 1089 4684 tui,
1153 4627 1210 4673 et
1255 4619 1310 4673 in
1348 4617 1488 4673 libro
1540 4629 1633 4674 tuo
1677 4635 1866 4676 omnes

285 4713 602 4768 scribuntur
647 4708 836 4782 (Prol.
885 4708 1170 4780 cxxxvut)
1213 4726 1229 4774 ;
1287 4708 1412 4779 quia
1473 4709 1670 4765 iterum
1717 4709 1865 4766 Psal-

281 4802 449 4857 mista
472 4799 641 4854 dicit:
679 4817 696 4849 ι
729 4797 1011 4855 Benedixit
1051 4810 1240 4853 omnes
1269 4798 1520 4852 timentes
1566 4812 1627 4855 se
1675 4798 1861 4855 Domi-

281 4903 390 4946 nus
419 4886 631 4959 pusillis
675 4902 800 4944 cum
825 4886 1138 4956 majoribus.
1173 4906 1194 4939 ι
1230 4885 1296 4941 lli
1341 4886 1522 4957 itaque
1565 4896 1621 4942 et
1661 4889 1860 4960 imper-

281 4980 414 5037 fecti
442 4987 569 5036 sunt
613 4987 670 5034 et
699 4977 872 5048 pusilli
899 4997 911 5032 :
945 4979 999 5032 in
1028 4986 1290 5048 quantum
1332 4986 1510 5034 tamen
1540 4993 1863 5049 cognoscere

280 5067 602 5142 praevalent,
647 5076 704 5121 et
744 5067 912 5122 Deum
950 5076 1004 5120 et
1049 5066 1358 5137 proximum
1407 5066 1656 5140 diligunt,
1701 5077 1864 5141 atque

283 5160 409 5217 ideo
428 5161 570 5216 bona
611 5173 730 5228 qua
758 5166 1002 5228 possunt,
1031 5172 1139 5212 non
1163 5157 1441 5228 negligunt
1468 5160 1702 5228 operari.
1726 5160 1863 5227 Quia

283 5253 387 5308 etsi
425 5251 658 5307 necdum
703 5250 773 5306 ad
822 5249 1084 5320 spiritalia
1127 5252 1268 5306 dona
1313 5250 1621 5319 proﬁciunt,
1668 5260 1730 5306 ut
1778 5253 1863 5308 vel

283 5344 353 5400 ad
397 5343 694 5415 perlectam
725 5342 1110 5413 operationem,
1152 5342 1238 5398 vel
1279 5344 1348 5398 ad
1394 5357 1707 5400 suceensam
1735 5357 1866 5399 con-

285 5435 688 5508 templationem
725 5435 965 5490 animum
1009 5449 1202 5506 capere
1241 5434 1584 5504 praevaleant,
1630 5449 1739 5490 non
1782 5450 1865 5491 re-

282 5529 484 5584 cedunt
512 5543 526 5582 :
555 5525 699 5581 unde
743 5524 806 5579 ﬁt
830 5531 892 5578 ut
935 5523 1038 5592 ipsi
1081 5538 1314 5594 quoque,
1345 5523 1452 5580 etsi
1495 5523 1694 5580 minori
1724 5523 1860 5587 loco,

280 5621 338 5675 in
383 5625 588 5674 sancte
637 5624 819 5672 tamen
862 5614 1103 5672 ecclesia:
1142 5613 1498 5672 aediﬁcatione
1537 5613 1646 5670 sint
1679 5614 1863 5685 positi,

280 5709 410 5780 quia
463 5707 567 5763 etsi
610 5707 678 5762 ad
724 5705 1052 5771 doctrinam,
1099 5706 1144 5761 si
1190 5705 1256 5760 ad
1295 5704 1653 5776 prophetiam,
1701 5705 1748 5758 si
1797 5705 1862 5761 ad

1974 3254 2134 3308 limen
2171 3254 2430 3314 exterius,
2479 3261 2533 3306 et
2560 3259 2681 3320 post
2722 3251 2883 3304 limen
2929 3252 3156 3306 interius
3198 3253 3434 3307 dicitur?
3461 3252 3564 3306 nisi

1974 3345 2099 3413 quia
2150 3344 2298 3412 prius
2342 3343 2648 3397 testamenti
2707 3343 2906 3396 veteris
2957 3353 3156 3410 patres,
3223 3344 3564 3413 postmodum

1974 3435 2098 3491 novi
2145 3433 2452 3489 testamenti
2497 3435 2745 3488 doctores
2797 3431 3032 3487 fuerunt.
3075 3421 3241 3488 Recte
3270 3443 3452 3490 autem
3498 3435 3564 3490 li-

1973 3543 2096 3582 men
2147 3526 2386 3580 exterius
2435 3524 2741 3579 testamenti
2789 3523 2988 3578 veteris
3044 3531 3227 3593 patres
3275 3526 3558 3599 designat:

1974 3621 2098 3690 quia
2127 3635 2222 3690 per
2249 3633 2438 3672 eorum
2481 3619 2918 3688 paciﬁcationem
2966 3637 3130 3692 opera
3169 3637 3422 3692 perversa
3465 3639 3563 3694 pu-

1975 3712 2086 3767 nita
2133 3720 2273 3770 sunt.
2332 3710 2592 3769 Pmdicta
2626 3730 2754 3770 vero
2807 3729 3068 3768 novorum
3113 3722 3322 3783 patrum
3372 3715 3561 3769 unius-

1975 3803 2235 3876 cujusque
2279 3805 2490 3859 animus
2545 3805 2707 3859 etiam
2772 3805 2840 3860 ab
2898 3804 3099 3859 illicitis
3145 3804 3559 3876 cogitationibus

1975 3906 2273 3961 coercetur,
2323 3894 2450 3949 dum
2503 3903 2684 3949 reatus
2727 3910 2848 3950 esse
2887 3894 3178 3964 perfectus,
3223 3902 3280 3948 et
3325 3894 3378 3949 in
3421 3894 3558 3951 deli-

1975 3987 2253 4044 bcratione
2287 3985 2464 4040 cordis
2511 3985 2830 4039 ostenditur.
2887 3985 2965 4039 llli
3007 3986 3204 4056 quippe
3250 4000 3279 4039 a
3321 3984 3559 4057 ﬂagitiis,

1975 4095 2007 4133 a
2051 4077 2474 4139 crudelitatibns,
2525 4092 2555 4130 a
2601 4077 2803 4146 rapinis
2852 4077 3156 4132 auditorum
3203 4078 3412 4133 animas
3436 4093 3564 4149 pro-

1978 4167 2166 4223 bibere
2213 4175 2573 4222 curaverunt:
2623 4168 2709 4222 isti
2757 4183 2890 4223 vero
2923 4168 3050 4222 dum
3097 4183 3204 4223 non
3242 4168 3414 4223 solum
3439 4183 3560 4239 per—

1975 4273 2132 4313 versa
2167 4270 2356 4326 opera,
2395 4257 2492 4311 sed
2531 4257 2691 4312 etiam
2759 4257 2943 4312 illicita
2977 4258 3362 4328 cogitationum
3409 4275 3558 4315 rese-

1977 4358 2120 4413 cant,
2169 4348 2298 4418 quid
2331 4348 2487 4404 nobis
2531 4347 2679 4402 aliud
2717 4349 2820 4402 nisi
2868 4348 3030 4404 limen
3070 4347 3396 4403 intrinsecus
3427 4348 3558 4406 facti

1977 4440 2147 4495 sunt?
2189 4428 2340 4496 Unde
2359 4446 2416 4494 et
2458 4438 2574 4508 ipsa
2598 4435 2809 4492 Veritas
2854 4437 3112 4506 loquitur,
3137 4437 3358 4493 dicens:
3394 4456 3412 4489 ι
3441 4441 3550 4493 Au-

1972 4530 2128 4586 distis
2170 4530 2296 4599 quia
2333 4529 2536 4583 dictum
2582 4536 2664 4582 est
2702 4527 2977 4596 antiquis:
3005 4527 3122 4582 Non
3171 4528 3386 4584 occides
3417 4546 3431 4584 :
3465 4530 3557 4601 qui

1971 4629 2155 4676 autem
2195 4617 2453 4674 occiderit
2496 4631 2621 4672 reus
2663 4617 2768 4671 erit
2811 4615 3035 4684 judicio.
3084 4616 3196 4688 Ego
3217 4625 3396 4674 autem
3437 4618 3557 4676 dico

1971 4710 2125 4764 vobis
2151 4723 2166 4762 :
2194 4709 2330 4774 Quia
2369 4707 2546 4762 omnis
2575 4707 2666 4775 qui
2694 4706 2944 4762 irascitur
2973 4705 3130 4762 fratri
3160 4722 3259 4764 suo
3281 4710 3398 4765 sine
3422 4726 3553 4765 cauo

1970 4815 2052 4867 sa,
2119 4815 2246 4854 reus
2285 4798 2390 4853 erit
2432 4796 2638 4866 judicio
2685 4795 2902 4869 (Matth.
2933 4798 3009 4869 v).
3045 4817 3066 4850 ι
3106 4799 3276 4857 Recte
3331 4817 3546 4872 quoque

1967 4891 2206 4948 exterius
2247 4889 2412 4945 limen
2450 4888 2570 4945 illos
2615 4897 2798 4958 patres
2853 4888 3118 4960 designat,
3172 4893 3263 4962 qui
3319 4895 3388 4950 ab
3435 4894 3550 4964 ipsa

1967 4979 2338 5036 incarnatione
2373 4978 2747 5047 Redemptoris
2775 4979 2947 5034 nostri
2990 4993 3088 5050 per
3114 4981 3392 5037 intervalla
3419 4992 3553 5039 tem-

1966 5086 2159 5143 porum
2206 5071 2416 5142 longius
2459 5071 2874 5127 constituerunt.
2925 5072 2992 5127 Et
3040 5073 3256 5142 quidem
3304 5075 3374 5131 ab
3417 5075 3552 5130 Abel

1967 5163 2227 5233 sanguine
2276 5163 2476 5232 passim
2513 5161 2629 5230 jam
2677 5163 2843 5232 erepit
2889 5163 3117 5220 ecclesia
3144 5205 3160 5230 ,
3203 5174 3259 5220 et
3304 5181 3411 5222 una
3463 5175 3548 5222 est

1968 5253 2194 5310 ecclesia
2223 5254 2518 5310 electorum
2543 5256 2966 5324 praecedentium
2991 5265 3154 5326 atque
3185 5259 3545 5327 sequentium,

1969 5345 2066 5400 sed
2114 5352 2293 5398 tamen
2349 5345 2476 5413 quia
2531 5343 2811 5415 discipulis
2859 5345 3056 5401 dicitur
3088 5364 3102 5400 :
3139 5364 3159 5397 ι
3195 5345 3344 5399 Multi
3388 5361 3546 5417 reges

1966 5442 2024 5488 et
2057 5433 2332 5503 prophetae
2375 5431 2658 5488 voluerunt
2703 5435 2888 5490 videre
2926 5449 3047 5504 qua:
3089 5434 3301 5499 videtis,
3337 5442 3394 5489 et
3437 5451 3544 5490 non

1965 5525 2234 5580 viderunt.
2273 5543 2293 5575 ι
2317 5524 2572 5594 Antiquis
2598 5525 2841 5594 patribus
2866 5526 3021 5596 quasi
3050 5524 3184 5581 foris
3206 5525 3421 5581 stetisse
3461 5535 3546 5581 est

1966 5615 2343 5685 Redemptoris
2369 5615 2540 5671 nostri
2571 5616 2913 5685 praesentiam
2943 5615 3296 5686 corporaliter
3322 5631 3429 5671 non
3460 5617 3544 5670 vi-

1965 5705 2128 5762 disse.
2156 5705 2406 5763 Exterius
2435 5705 2616 5775 igitur,
2644 5705 2740 5761 sed
2764 5714 2942 5760 tamen
2967 5719 3077 5760 non
3116 5703 3272 5760 divisi
3301 5720 3331 5758 ιι
3359 5713 3544 5763 sancta
