3972 6184
486 356 591 413 899

1118 348 1179 402 B.
1219 344 1469 408 RABANI
1510 342 1728 398 MAURI
1769 340 2089 397 ARCIIIEP.
2135 339 2444 397 MOGUNT.
2489 339 2773 397 OPERUM
2813 339 2992 397 PARS
3030 341 3092 398 Η.

3658 349 3765 403 900

484 462 723 520 Ecclesia
765 461 980 515 fuerunt
1013 477 1027 512 :
1057 458 1181 527 quia
1223 463 1424 520 mente,
1459 469 1641 524 opere,
1667 454 2075 523 praedicatione,
2110 457 2152 516 Λ
2183 452 2504 520 gredimur:
2549 452 2643 506 sed
2685 467 2808 506 cum
2848 460 2967 522 post
3020 453 3135 508 haec
3175 455 3242 508 ad
3287 463 3551 512 aeternam
3597 461 3765 516 vitam

483 557 582 610 ista
613 556 724 621 jam
766 552 884 604 fidei
927 555 1262 603 sacramenta
1307 554 1610 600 tenuerunt.
1665 545 1828 599 Istam
1871 555 2070 599 sancta:

481 645 738 700 Ecclesia:
781 640 1152 695 celsitudinem
1193 644 1617 707 conspexerunt,
1653 651 1814 707 quam
1838 651 1934 691 nos
1964 651 2068 691 non

482 737 656 790 adhuc
705 731 1080 802 pmstolaudo,
1128 731 1221 785 scd
1261 729 1373 800 jam
1400 728 1644 783 habendo
1675 728 2065 798 conspicimus:

483 826 623 880 sicut
669 823 811 876 enim
861 837 958 875 uos
997 821 1048 874 in
1095 819 1366 889 pneterita
1418 819 1671 888 passione
1702 819 2072 886 Redemptoris

479 912 674 976 nostri,
723 912 793 964 ita
826 910 896 963 illi
949 925 1045 978 per
1093 910 1251 964 fidem
1289 909 1342 962 in
1391 908 1580 963 eadem
1623 915 1850 961 ventura
1880 907 2071 962 salvati

486 1011 652 1057 sunt:
695 1002 764 1055 illi
796 1017 923 1071 ergo
956 1000 1085 1054 foris
1135 1015 1240 1054 non
1286 1007 1439 1054 extra
1481 999 1822 1068 mysterium,
1853 998 1947 1052 sed
1977 1012 2074 1052 ex-

496 1103 572 1147 tra
625 1102 854 1161 tempus.
907 1090 1002 1145 Sin
1053 1104 1180 1143 vero
1231 1097 1438 1158 portam
1489 1088 1813 1156 scripturam
1859 1102 2070 1140 sacram

484 1183 587 1236 hoc
611 1183 725 1235 loco
751 1180 1065 1244 accipimus,
1105 1179 1218 1248 ipsa
1249 1192 1463 1247 quoque
1488 1177 1593 1231 duo
1635 1177 1817 1230 limina
1873 1177 2068 1231 habet:

482 1282 537 1324 et
587 1272 826 1324 exterius
855 1279 908 1323 et
946 1270 1191 1328 interius,
1238 1268 1364 1336 quia
1395 1268 1449 1320 in
1498 1267 1673 1321 littera
1713 1267 1968 1321 dividitur
2019 1275 2076 1323 et

482 1362 758 1429 allegoria.
805 1361 992 1413 Limen
1043 1359 1238 1428 quippe
1287 1358 1578 1428 Scriptura:
1621 1373 1792 1413 sacrae
1833 1359 2074 1413 exterius

482 1452 678 1516 littera,
706 1452 864 1504 limen
894 1465 1022 1503 vero
1049 1449 1165 1518 ejus
1191 1448 1421 1501 interius
1445 1447 1700 1516 allegoria
1731 1465 1744 1500 :
1775 1448 1900 1517 quia
1929 1449 2074 1502 enim

483 1559 581 1612 per
616 1544 848 1597 litteram
875 1542 939 1595 ad
971 1541 1279 1610 allegoriam
1313 1539 1601 1604 tendimus,
1624 1539 1786 1609 quasi
1831 1554 1862 1593 a
1892 1539 2076 1594 limine

485 1633 624 1702 quod
669 1640 752 1685 est
787 1631 1026 1684 exterius
1055 1629 1317 1682 venimus.
1352 1628 1420 1682 Et
1459 1636 1586 1682 sunt
1626 1627 1677 1680 in
1709 1643 1772 1682 ea
1807 1628 2074 1697 permulta

483 1738 602 1791 qua:
643 1723 714 1776 ita
758 1721 909 1790 juxta
962 1721 1195 1774 litteram
1251 1727 1484 1774 mentem
1529 1718 1821 1784 aedificant,
1881 1728 1940 1774 ut
1978 1735 2078 1789 per

2172 543 2543 612 perducimur,
2602 552 2772 612 portae
2820 555 3020 598 nostrae
3067 545 3204 599 atria
3257 547 3308 600 in
3362 550 3766 609 confessionum

2175 633 2386 687 laudem
2435 634 2720 688 intramus.
2775 635 2909 700 Quia
2961 636 3031 690 ibi
3062 636 3174 705 jam
3215 641 3465 709 angustia
3513 658 3620 696 non
3666 646 3770 700 erit

2173 737 2294 775 cum
2341 737 2439 776 nos
2479 723 2660 777 lmtitia
2714 731 2928 778 atteram
2973 725 3334 782 solemnitatis
3391 735 3766 802 assumpserit.

2174 811 2400 880 Propter
2424 813 2780 868 confessionis
2804 824 3002 869 nostra
3027 817 3333 884 angustiam
3363 819 3576 875 Veritas
3602 824 3762 879 dicit:

2179 925 2199 959 ‹
2222 908 2422 962 intrate
2448 921 2546 978 per
2563 915 2843 978 angustam
2865 917 3098 978 portam.
3133 930 3150 962 ι
3172 911 3238 965 Et
3267 927 3389 966 cum
3412 914 3765 973 sePsalmista

2173 997 2341 1068 recipi
2377 999 2431 1052 in
2462 998 2745 1053 latitudine
2771 1000 2948 1070 gaudii
2994 1001 3182 1054 :eterni
3225 1014 3600 1071 praesumeret,
3628 1009 3766 1063 dice.-

2173 1090 2311 1145 bat:
2351 1089 2598 1145 Statnisti
2648 1090 2849 1145 inloco
2897 1092 3134 1162 spatioso
3184 1094 3349 1163 pedes
3398 1111 3551 1152 meos
3589 1095 3755 1167 (Psal.

2176 1181 2326 1253 xxx).
2351 1181 2430 1236 Ad
2462 1181 2659 1236 atrium
2690 1196 2819 1253 ergo
2841 1199 2940 1253 per
2973 1194 3184 1254 portam
3213 1189 3490 1243 tenditur:
3538 1192 3662 1259 quia
3705 1193 3757 1246 in

2175 1273 2456 1328 latitudine
2502 1274 2856 1330 solemnitatis
2889 1277 3216 1348 pertingitur
3266 1279 3335 1333 ab
3361 1283 3611 1351 angustia
3637 1298 3758 1337 con-

2175 1362 2445 1420 fessionis.
2524 1363 2618 1418 llla
2687 1365 2870 1434 itaque
2939 1367 3132 1437 gaudia
3205 1384 3324 1437 qua:
3381 1371 3527 1440 apud
3598 1373 3759 1427 David

2177 1451 2339 1516 atria,
2372 1452 2488 1508 haec
2514 1452 2653 1522 apud
2699 1453 3036 1510 Ezechielem
3084 1457 3405 1512 vestibulum
3437 1461 3758 1516 intrinsecus

2176 1552 2457 1596 vocantur.
2516 1542 2670 1599 Unde
2710 1553 2763 1598 et
2808 1544 2912 1598 hoc
2945 1546 3120 1614 ipsum
3147 1547 3467 1602 vestibulum
3517 1559 3641 1605 octo
3665 1567 3758 1605 cu-

2177 1631 2306 1686 bilis
2348 1631 2546 1686 dicitur
2589 1643 2961 1687 mensuratutn
2994 1675 3008 1699 ,
3067 1635 3141 1689 ibi
3200 1637 3346 1690 enim
3387 1652 3580 1692 omnes
3627 1641 3758 1695 reci-

2175 1721 2356 1789 piendi
2386 1730 2530 1785 sunt,
2580 1722 2670 1790 qui
2698 1737 2842 1776 nunc
2871 1731 2928 1778 et
2968 1724 3231 1779 exercitio
3272 1727 3452 1795 operis
3493 1727 3753 1794 laborant,

486 1814 586 1866 hoc
633 1811 776 1880 quod
828 1811 1067 1864 exterius
1111 1809 1307 1879 agitur,
1351 1807 1614 1861 audientis
1659 1821 1810 1861 mens
1849 1807 2076 1862 interius
2102 1819 2150 1878 B
2176 1819 2231 1865 et
2278 1811 2343 1864 ad
2383 1820 2583 1866 mtcrna
2631 1813 2856 1884 gaudia,
2897 1829 2996 1882 per
3023 1817 3496 1885 contemplationis
3536 1819 3754 1888 gratiam

485 1903 750 1954 trahatur.
800 1901 872 1954 lbi
903 1901 1100 1970 quippe
1146 1899 1450 1953 invenimus
1495 1897 1909 1968 praedicamenta
1947 1913 2076 1968 ope-

486 1994 580 2055 ris,
605 2002 660 2046 et
678 1993 926 2062 exempla
954 1992 1192 2045 virtutis.
1225 1990 1300 2044 lbi
1320 1990 1541 2058 jubetur
1571 1989 1699 2058 quid
1726 2004 1886 2057 agere
1909 1990 2074 2043 etiam

489 2083 843 2154 corporaliter
882 2083 1160 2136 debemus.
1213 2080 1289 2133 lbi
1327 2081 1432 2133 hoc
1475 2081 1619 2148 quod
1652 2079 1718 2133 ad
1743 2080 2076 2148 operantium

485 2173 798 2242 praccipitur
829 2172 882 2224 in
911 2179 1220 2225 sanctorum
1249 2169 1490 2222 virorum
1518 2182 1584 2222 ac
1612 2165 1830 2222 fortium
1865 2167 2079 2222 actione

487 2270 842 2318 monstratur.
893 2260 964 2316 Ut
1013 2269 1295 2330 postquam
1340 2273 1440 2313 nos
1486 2259 1756 2328 apertiora
1810 2267 2078 2330 praecepta

487 2361 650 2420 atque
715 2350 958 2420 exempla
1021 2350 1280 2404 virtutqu
1338 2349 1405 2403 ad
1453 2347 1648 2403 bonam
1705 2349 2076 2419 operationem

486 2442 782 2506 instruunt,
819 2448 948 2495 tunc
992 2440 1058 2494 ad
1101 2439 1266 2494 limen
1311 2438 1557 2502 interius,
1597 2439 1651 2493 id
1705 2448 1790 2495 est
1826 2440 1894 2494 ad
1923 2440 2079 2496 intel-

485 2531 685 2586 lectum
719 2531 1003 2602 mysticum
1042 2530 1244 2584 intimae
1268 2530 1762 2600 contemplationis,
1794 2531 2079 2588 tendamus

487 2621 532 2674 si
582 2636 868 2690 possumus
904 2621 1096 2691 pedem
1141 2621 1354 2676 mentis.
1412 2619 1715 2676 Notandum
1757 2637 1887 2678 vero
1935 2623 2079 2692 quod

488 2711 651 2766 limen
699 2721 866 2782 porta;
895 2727 1002 2768 uno
1039 2711 1248 2766 calamo
1289 2723 1656 2768 mensuratur.
1703 2713 1956 2769 Calamus
1985 2729 2078 2768 au-

493 2811 598 2856 tem
636 2801 687 2854 in
718 2815 812 2855 sex
840 2801 1034 2856 cubitis
1063 2811 1118 2855 et
1142 2802 1320 2871 palmo
1353 2803 1609 2858 tenditur.
1651 2802 1789 2870 Quia
1831 2803 2082 2860 videlicet

491 2892 546 2945 in
575 2891 850 2960 Scriptura
881 2905 1033 2944 sacra
1061 2899 1116 2945 et
1153 2892 1399 2947 doctrina
1442 2891 1699 2962 perfecta;
1727 2895 2076 2963 operationis,

495 2991 552 3035 et
592 2981 802 3034 initium
851 2996 1097 3050 superna:
1144 2981 1611 3050 contemplationis
1651 2983 1943 3038 invenitur.
1983 2984 2080 3039 Sin

492 3085 623 3125 vero
665 3079 820 3140 porta
859 3071 959 3125 hoc
997 3071 1115 3125 loco
1157 3073 1524 3142 unusquisque
1568 3075 1892 3144 prtedicator
1939 3077 2083 3132 acci-

2180 1903 2472 1973 suspirant.
2510 1901 2620 1958 Nec
2658 1904 2928 1960 immerito
2973 1921 3229 1962 mensura
3278 1909 3527 1963 vestibuli
3558 1911 3612 1965 in
3641 1923 3754 1966 octo

2181 1993 2378 2048 cubitis
2398 1994 2636 2063 ponitur,
2667 1995 2791 2062 quia
2823 2003 3028 2065 septem
3063 1995 3252 2051 diebus
3292 1998 3606 2054 universum
3631 2009 3752 2055 tem-

2180 2099 2280 2153 pus
2327 2084 2606 2139 evolvitur.
2671 2084 2898 2140 IEterna
2952 2088 3152 2141 etenim
3204 2089 3318 2144 dies
3380 2106 3503 2160 qua:
3560 2093 3754 2162 expleta

2180 2181 2382 2242 septem
2412 2174 2622 2229 dierum
2655 2175 3024 2231 vicissitudine
3054 2177 3297 2248 sequitur
3339 2181 3551 2236 scilicet
3582 2193 3755 2238 octava

2179 2275 2286 2321 est.
2327 2266 2479 2322 Unde
2523 2266 2686 2322 etiam
2717 2267 2999 2323 Psalmista
3028 2272 3445 2327 resurrectionis
3471 2274 3614 2328 diem
3641 2290 3757 2329 con-

2181 2356 2451 2421 siderans,
2487 2356 2614 2426 quia
2658 2358 2726 2412 de
2764 2360 2995 2414 extremi
3034 2360 3223 2432 judicii
3273 2371 3392 2417 erat
3430 2364 3758 2420 districtione

2183 2445 2477 2511 locuturus,
2507 2448 2772 2518 pramisit
2791 2449 3025 2516 titulum,
3042 2451 3264 2507 dicens:
3293 2471 3312 2505 ι
3335 2453 3391 2507 lu
3419 2453 3608 2520 linem,
3633 2457 3758 2526 psal-

2182 2551 2303 2592 mus
2339 2537 2507 2593 David
2548 2553 2648 2608 pro
2688 2549 2880 2595 octava
2911 2541 3085 2612 (Psal.
3128 2543 3260 2614 ιη.»
3304 2543 3378 2600 Ut
3418 2547 3566 2602 enim
3610 2564 3757 2618 quam

2181 2636 2430 2683 octavam
2465 2629 2670 2685 diceret
2694 2631 3090 2689 demonstraret
3133 2635 3275 2690 diem
3316 2636 3464 2691 illam
3505 2643 3759 2698 tremendi

2185 2723 2407 2776 terroris
2445 2722 2502 2776 in
2545 2723 2737 2792 psalmi
2789 2724 3132 2781 inchoatione
3173 2737 3389 2784 secutus
3415 2739 3521 2797 est,
3545 2732 3756 2788 dicens:

2189 2827 2208 2861 t
2242 2812 2484 2878 Domine,
2509 2827 2575 2867 ne
2603 2813 2659 2866 in
2685 2813 2763 2866 ira
2795 2824 2886 2868 tua
2913 2829 3108 2885 arguas
3133 2831 3258 2884 me;
3305 2834 3480 2890 neque
3511 2823 3566 2876 in
3594 2823 3764 2880 fumre

2183 2911 2277 2958 tuo
2301 2904 2564 2974 corripias
2593 2920 2700 2959 me.
2737 2923 2756 2957 ι
2786 2904 2944 2962 Modo
2981 2908 3125 2962 enim
3159 2909 3402 2980 quisquis
3428 2927 3526 2982 per
3566 2911 3760 2986 ﬂagella

2185 2995 2476 3066 corripitur
2503 3002 2560 3051 et
2599 2998 3030 3067 correptionibus
3055 3002 3395 3070 emendatur,
3426 3006 3481 3059 in
3517 3023 3761 3064 mansue-

2185 3087 2371 3140 tudine
2413 3088 2704 3161 corripitur
2737 3106 2842 3147 non
2877 3093 2930 3146 in
2959 3093 3060 3146 ira.
3097 3092 3153 3148 In
3185 3094 3435 3152 districto
3476 3109 3657 3155 autem
3682 3102 3762 3156 illo

494 3165 662 3235 pitur,
708 3164 871 3218 limen
917 3164 1154 3218 exterius
1201 3165 1252 3217 in
1286 3174 1441 3233 porta
1482 3174 1566 3220 est
1605 3167 1714 3220 vita
1755 3167 1955 3232 activa,
2013 3168 2077 3223 li-
2109 3179 2154 3242 ρ
2185 3180 2452 3245 examine,
2475 3182 2651 3236 omnis
2691 3183 2902 3247 argutia
2940 3191 3100 3253 atque
3121 3188 3392 3257 correptio
3417 3189 3573 3244 furor
3601 3201 3653 3246 et
3689 3193 3759 3247 ira

497 3270 619 3308 men
658 3270 784 3308 vero
825 3254 1050 3308 interius
1111 3253 1221 3306 vita
1287 3255 1721 3324 contemplativa.
1775 3255 1880 3311 Per
1932 3256 2078 3310 illam

493 3346 691 3415 quippe
719 3346 1026 3400 ambulatur
1061 3346 1112 3399 iu
1141 3345 1242 3401 fide
1271 3365 1283 3398 :
1329 3361 1426 3415 per
1466 3347 1604 3402 hanc
1641 3363 1768 3402 vero
1796 3348 2082 3404 festinatur

495 3439 563 3490 ad
589 3439 845 3506 speciem.
879 3437 969 3490 Illa
1014 3437 1255 3492 exterius
1283 3438 1431 3492 ducit
1456 3447 1515 3491 ut
1552 3440 1922 3509 unusquisque
1947 3441 2082 3496 bene

493 3525 675 3578 vivere
715 3524 1080 3578 debeat:ista
1131 3526 1357 3580 interius
1407 3526 1671 3594 perducit,
1720 3536 1780 3581 ut
1827 3541 1893 3581 ex
1943 3530 2081 3584 bona

496 3613 607 3667 vita
643 3614 710 3668 ad
760 3613 954 3683 gaudia
981 3622 1181 3667 aztcrna
1231 3615 1517 3685 pertingat.

571 3723 592 3758 ι
621 3704 688 3758 Et
709 3720 927 3760 mensus
956 3714 1040 3759 est
1066 3706 1386 3760 vestibulum
1405 3717 1713 3776 porueocto
1751 3711 2077 3776 cubitorum,

493 3803 550 3851 et
587 3794 821 3850 frontem
859 3794 978 3864 ejus
1020 3797 1229 3852 duobus
1262 3798 1474 3853 cubitis.
1526 3791 1860 3856 Vestibulum
1902 3815 2082 3858 autem

495 3899 665 3957 portze
715 3896 834 3943 erat
881 3889 1222 3945 intrinsecus.
1257 3911 1275 3942 ι
1330 3890 1548 3963 (Greg.)
1621 3895 1714 3948 Vir
1763 3896 1914 3965 cujus
1967 3907 2085 3951 erat

493 3980 705 4049 species
758 3979 912 4046 quasi
961 3982 1167 4049 species
1196 3983 1320 4035 acris
1371 3997 1589 4038 mensus
1637 3993 1720 4038 est
1761 3988 2082 4041 vestibulum

494 4079 664 4141 portze
701 4077 824 4124 octo
873 4069 1196 4135 cubitorum,
1228 4082 1284 4126 et
1311 4072 1541 4127 frontem
1590 4073 1707 4142 ejus
1741 4077 1947 4131 duobus
1986 4093 2082 4132 cu-

495 4161 654 4217 bitis:
689 4175 756 4216 ac
793 4177 863 4216 ne
894 4160 996 4216 hoc
1017 4163 1336 4217 vestibulum
1375 4175 1528 4218 extra
1571 4177 1781 4236 portam
1815 4185 1934 4224 esse
1965 4187 2083 4226 crc-

500 4254 770 4316 tleretnus,
806 4252 1053 4306 subditur
1083 4270 1095 4306 :
1135 4273 1152 4303 ι
1186 4252 1520 4308 Vestibulum
1553 4268 1730 4311 autem
1773 4275 1808 4329 p
1830 4271 1940 4314 truc
1967 4272 2086 4316 erat

497 4341 844 4398 intrinsecus.
878 4361 896 4394 ι
929 4340 1210 4414 (Hieron)
1239 4343 1304 4397 Et
1333 4345 1384 4398 in
1419 4343 1611 4410 fronte,
1629 4348 1822 4417 inquit,
1847 4352 2085 4421 ejusdem

496 4433 746 4488 vestibuli
798 4434 902 4488 duo
936 4442 1092 4487 erant
1139 4435 1342 4500 cubita,
1390 4451 1510 4505 qtae
1559 4437 1643 4492 vel
1680 4439 1746 4493 ad
1802 4450 2087 4513 utrumque

498 4525 769 4594 pertinent
789 4524 1226 4590 instrumentum,
1251 4526 1332 4580 vel
1361 4527 1428 4580 ad
1459 4527 1693 4583 litteram
1731 4540 1785 4584 et
1813 4532 2080 4600 spiritum,
2114 4523 2162 4579 ί)

500 4614 580 4668 vel
613 4614 681 4668 ad
725 4615 1036 4684 mysterium
1068 4612 1306 4684 forcipis,
1338 4631 1440 4684 qua
1475 4617 1526 4671 in
1568 4618 1704 4672 Isaia
1741 4619 1874 4690 (lsa.
1902 4622 1976 4694 vi)
2017 4624 2084 4678 de

500 4710 660 4762 altari
711 4711 875 4763 carbo
922 4711 1418 4778 comprehenditur,
1469 4720 1525 4765 et
1562 4712 1804 4768 defertur
1845 4715 1910 4768 ad
1957 4732 2082 4786 pro-

497 4801 673 4869 pheta:
703 4799 842 4853 labia
879 4800 1182 4869 purganda.
1215 4801 1281 4855 Et
1307 4809 1365 4856 ut
1411 4803 1648 4858 sciamus
1695 4806 1836 4873 quod
1886 4806 1956 4860 sit
1985 4808 2087 4860 hoc

499 4888 823 4944 vestibulum
873 4889 1014 4958 quod
1067 4897 1188 4944 octo
1233 4901 1291 4945 et
1333 4891 1542 4948 duobus
1588 4895 1784 4950 cubitis
1833 4897 2086 4951 termina-

502 4988 610 5042 tur,
669 4978 820 5048 ponit
863 4979 1203 5035 manifestius
1248 4999 1261 5035 :
1307 4982 1643 5038 Vestibulum
1690 4995 1870 5040 autem
1919 4996 2087 5055 porta:

501 5079 618 5124 erat
662 5059 985 5124 intrinsecus
1025 5084 1121 5140 per
1161 5073 1302 5140 quod
1347 5075 1688 5142 pervenimus
1733 5077 1799 5131 ad
1833 5078 2087 5146 templum

503 5160 620 5215 Dei.
675 5159 909 5234 (ϋηο.)
957 5159 1095 5227 Quid
1139 5176 1267 5231 ergo
1319 5177 1415 5232 per
1455 5165 1685 5221 interius
1735 5167 2087 5234 vestibulum,

504 5254 608 5309 nisi
657 5263 874 5310 {sternte
911 5254 1033 5307 vitae
1074 5253 1302 5309 latitudo
1349 5257 1612 5327 signatur,
1657 5274 1776 5328 qua:
1805 5261 1964 5315 modo
2003 5263 2088 5315 itt-

505 5353 589 5398 tra
640 5345 916 5415 angustias
945 5344 1066 5406 vita:
1092 5345 1373 5412 praesentis
1417 5346 1528 5415 jam
1576 5363 1673 5418 per
1722 5365 1868 5420 spem
1909 5360 2088 5408 mente

505 5433 824 5503 concipitur.
864 5433 939 5488 De
969 5449 1072 5503 qua
1097 5449 1192 5502 per
1221 5433 1560 5491 Psalmistam
1585 5440 1810 5494 dicitur:
1843 5461 1862 5492 ‹
1889 5442 2089 5499 Intrate

507 5533 692 5592 portas
730 5524 848 5593 ejus
898 5524 952 5578 in
998 5524 1355 5591 confessione,
1418 5528 1554 5583 atria
1607 5528 1723 5598 ejus
1769 5531 1822 5585 in
1879 5533 2091 5602 hymnis

509 5613 904 5670 confessionum
933 5612 1102 5685 (Psal.
1125 5617 1290 5689 sets).
1316 5637 1335 5670 ι
1362 5616 1495 5672 Cum
1511 5622 1655 5673 enim
1669 5629 1885 5689 peccata
1903 5617 2087 5678 uestra

509 5717 605 5769 per
651 5705 913 5770 lacrymas
950 5705 1292 5773 confitemur,
1331 5717 1573 5779 angustae
1610 5711 1710 5764 vite
1753 5721 1962 5779 portam
2007 5714 2088 5767 ἰη-

2181 3277 2263 3323 est
2295 3286 2307 3324 :
2339 3271 2464 3338 quia
2514 3273 2668 3327 venia
2717 3283 2840 3342 post
2879 3279 3270 3345 oorreptionem
3306 3294 3413 3334 non
3459 3291 3565 3336 est.
3609 3282 3761 3353 Hujus

2181 3360 2444 3414 octonarii
2493 3365 2700 3418 numeri
2746 3379 2907 3420 causa
2949 3358 3051 3432 est,
3107 3370 3248 3437 quod
3306 3381 3431 3438 post
3488 3373 3758 3429 sabbatum

2183 3450 2440 3508 Dominus
2482 3453 2650 3508 voluit
2718 3471 2749 3510 a
2801 3468 2973 3512 morte
3028 3476 3330 3532 resurgere.
3401 3466 3530 3522 Dies
3577 3469 3760 3540 quippe

2183 3540 2492 3599 Dominicus
2543 3546 2632 3614 qui
2695 3548 2884 3603 tertius
2940 3559 3022 3604 est
3070 3567 3100 3604 a
3150 3563 3324 3607 morte
3383 3557 3682 3624 Dominica,
3729 3578 3755 3613 a

2183 3632 2488 3687 conditione
2532 3633 2739 3688 dierum
2786 3646 3100 3693 numeratur
3142 3649 3390 3710 octavus,
3435 3647 3566 3714 quia
3605 3650 3757 3719 septi-

2186 3738 2330 3776 mum
2359 3725 2621 3794 sequitur.
2673 3725 2824 3781 Unde
2870 3738 2925 3782 et
2969 3729 3081 3799 ipsa
3122 3747 3246 3786 vera
3277 3733 3656 3806 Redemptoris
3677 3756 3760 3795 no-

2185 3813 2282 3866 stri
2332 3815 2530 3884 passio,
2580 3827 2635 3872 et
2693 3833 2740 3869 γε
2761 3833 2818 3871 ra
2872 3824 3196 3878 resurrectio
3259 3824 3513 3894 figuravit
3569 3831 3757 3901 aliquid

2183 3905 2250 3959 de
2290 3921 2389 3962 suo
2451 3923 2676 3978 corpore
2725 3910 2777 3965 in
2834 3912 3021 3968 diebus
3071 3915 3337 3983 passionis
3404 3937 3562 3974 sum:
3607 3923 3756 3980 Sexta

2184 4001 2328 4055 enim
2359 4000 2490 4055 feria
2521 4015 2711 4070 passus
2757 4012 2859 4069 est,
2895 4007 3119 4060 sabbato
3147 4010 3351 4078 quievit
3379 4010 3432 4064 in
3463 4015 3724 4082 sepulcro.

2187 4088 2465 4145 Dominico
2509 4100 2688 4146 autem
2742 4093 2827 4148 die
2870 4096 3168 4151 resurrexit
3213 4109 3242 4151 a
3279 4109 3474 4155 morte.
3526 4102 3755 4159 Praesens

2185 4179 2385 4232 etenim
2435 4179 2541 4234 vita
2585 4181 2742 4237 nobis
2785 4183 2959 4237 adhuc
3007 4195 3157 4239 sexta
3195 4197 3279 4240 est
3322 4189 3482 4254 feria,
3546 4195 3665 4264 quia
3708 4194 3756 4249 in

2185 4267 2458 4324 doloribus
2491 4270 2724 4336 ducitur,
2753 4281 2808 4326 et
2837 4274 2888 4327 in
2920 4277 3181 4345 angusdis
3208 4281 3504 4346 Cruciatur,
3532 4286 3626 4340 sed
3644 4285 3755 4338 sab-

2185 4361 2328 4425 bato,
2385 4362 2538 4429 quasi
2589 4363 2642 4417 in
2684 4367 2929 4434 sepulcro
2976 4371 3321 4439 quiescimus,
3371 4379 3496 4444 quia
3529 4378 3754 4448 requiem

2186 4454 2376 4508 animm
2415 4466 2553 4524 post
2602 4473 2796 4526 corpus
2841 4461 3156 4518 invenimus.
3201 4467 3480 4524 Dominico
3506 4484 3633 4526 vero
3657 4472 3752 4534 die,

2190 4544 2440 4599 videlicet
2492 4563 2521 4601 a
2553 4550 2799 4616 passione
2853 4552 3039 4618 tertio;
3089 4571 3119 4608 a
3171 4558 3478 4616 conditione
3527 4567 3588 4613 ut
3632 4560 3756 4614 dixi-

2188 4650 2308 4689 mus
2350 4645 2558 4701 octavo,
2603 4637 2714 4705 jam
2764 4656 2988 4711 corpore
3026 4660 3056 4698 a
3107 4654 3281 4699 morte
3317 4651 3672 4720 resurgimus,
3711 4663 3758 4706 et

2190 4727 2242 4779 in
2273 4727 2438 4796 gloria
2467 4730 2658 4784 animm
2700 4733 2864 4786 etiam
2910 4747 3029 4789 cum
3061 4751 3222 4791 carne
3268 4741 3584 4809 gaudemus.
3618 4743 3756 4811 Quod

2189 4831 2318 4885 ergo
2358 4819 2493 4873 ntirc
2540 4819 2784 4876 Salvator
2819 4834 3000 4878 noster
3036 4824 3164 4880 fecit
3212 4829 3263 4882 in
3303 4845 3380 4895 sc,
3420 4829 3526 4888 hoc
3568 4835 3760 4888 veraci-

2191 4915 2275 4962 tcr
2311 4908 2541 4977 signavit
2587 4911 2637 4963 in
2687 4913 2839 4968 nobis
2885 4931 2898 4967 :
2956 4925 3008 4969 ut
3058 4932 3155 4971 nos
3196 4927 3250 4973 et
3295 4919 3450 4974 dolor
3487 4922 3543 4975 in
3593 4931 3759 4986 sexta,

2191 5007 2246 5052 et
2281 5002 2493 5069 requies
2534 5003 2585 5055 in
2627 5005 2869 5073 septima,
2915 5017 2968 5062 et
3015 5008 3180 5080 gloria
3215 5013 3451 5082 excipiat
3475 5015 3530 5070 in
3560 5025 3755 5070 octava.

2193 5087 2328 5143 Hinc
2366 5105 2463 5159 per
2491 5091 2832 5149 Salozuoncm
2862 5099 3058 5151 dicitur
3089 5119 3101 5153 ι
3143 5120 3160 5152 ‹
3199 5103 3272 5155 Da
3316 5111 3502 5172 partes
3538 5103 3755 5176 septem.

2191 5195 2398 5237 necnon
2437 5192 2489 5238 et
2536 5194 2679 5251 octo,
2732 5187 2856 5256 quia
2917 5189 3129 5258 ignoras
3173 5193 3300 5262 quid
3358 5195 3484 5249 mali
3532 5193 3755 5251 futurum

2193 5271 2260 5326 sit
2305 5289 2467 5344 super
2495 5284 2696 5331 terram
2738 5278 2907 5349 (Εσει.
2941 5281 3040 5352 .vt).
3085 5302 3103 5334 ι
3137 5282 3348 5337 Partem
3377 5288 3575 5341 ctenim
3609 5285 3752 5342 simul

2194 5371 2396 5432 septem
2435 5373 2491 5419 et
2533 5375 2654 5422 octo
2699 5369 2887 5425 damus
2935 5372 3150 5442 quando
3192 5375 3270 5428 sic
3318 5391 3379 5429 ea
3410 5393 3530 5447 quae
3564 5383 3751 5446 septem

2193 5450 2381 5506 diebus
2435 5455 2786 5524 evolvuntur,
2834 5459 3208 5530 disponimus,
3276 5473 3334 5517 ut
3381 5477 3479 5532 per
3536 5467 3640 5520 lucc
3690 5463 3752 5515 a’d

2193 5540 2330 5595 bona
2358 5550 2558 5599 aeterna
2603 5549 2919 5604 veniamus:
2956 5559 3015 5605 ut
3036 5553 3159 5606 dum
3197 5553 3352 5607 modo
3392 5562 3547 5609 caute
3571 5553 3746 5623 agitur,

2193 5633 2529 5700 postmodum
2560 5638 2837 5693 venientes
2872 5642 3134 5696 tremendi
3155 5641 3340 5709 judicii
3371 5643 3450 5697 ira
3485 5645 3748 5699 devitetur.

2177 5718 2330 5774 *Octc
2390 5722 2569 5793 itaque
2615 5729 2810 5783 cubitis
2885 5730 3205 5785 vestibulum
3265 5736 3620 5788 mensuratur'
3675 5733 3751 5786 iu-
