3972 6184
327 292 424 345 901

1256 284 1609 341 COMMENT.
1646 284 1718 340 lN
1758 285 2214 342 EZECIHEIEM.
2255 320 2320 328 —
2358 288 2486 343 LIB.
2531 289 2665 347 XIV.

3499 299 3604 356 902

330 407 598 460 "inseetis
641 402 766 472 quia
814 417 911 473 per
963 400 1136 456 lucem
1193 417 1314 471 qua:
1369 410 1490 471 post
1547 409 1752 471 septem
1801 401 1918 455 dies
1947 408 1992 464 Α
2021 411 2076 455 et
2117 416 2179 454 ex
2218 403 2478 470 superiori
2521 411 2674 472 parte
2721 411 2901 472 patres
2941 412 3066 459 ante
3094 404 3287 476 legem,
3325 417 3508 479 patres
3547 411 3606 472 in

326 499 592 568 sequitur,
635 496 861 550 latitudo
915 495 1070 550 nobis
1125 495 1445 550 aeternitatis
1489 494 1747 562 aperitur.
1808 493 1916 548 Sed

326 606 487 644 nemo
539 590 607 644 ad
651 588 794 643 illam
834 587 978 642 venit
1027 586 1128 641 nisi
1171 587 1262 656 qui
1311 587 1400 641 hic
1443 584 1785 640 dilectionem
1820 584 1917 640 Dei

324 696 387 735 ac
422 679 654 750 proximi
699 677 892 734 devota
938 684 1120 732 mente
1163 676 1419 731 tenuerit.
1454 675 1608 731 Unde
1652 682 1706 730 et
1732 673 1906 729 subdi-

325 782 444 826 tur:
477 788 495 820 ι
527 769 593 824 Et
613 767 845 824 frontem
867 765 982 836 ejus
995 766 1202 822 duobus
1234 766 1482 821 cubitis.)
1518 765 1688 820 Frons
1714 765 1914 819 etenim

321 870 493 931 portae
555 869 640 914 est
685 859 886 914 bonum
934 857 1187 912 meritum
1231 857 1356 911 vita:
1404 855 1704 927 prmsentis.
1761 853 1916 910 Sicut

321 951 466 1006 enim
518 949 842 1005 vestibulum
891 948 1221 1003 intrinsecus
1263 955 1462 1002 atterna
1508 945 1724 1014 requies
1754 943 1915 1000 debet

321 1041 569 1112 intelligi,
610 1041 684 1095 ita
719 1055 816 1110 per
855 1038 1086 1094 frontem
1125 1046 1290 1109 portae
1332 1052 1554 1093 necesse
1607 1046 1690 1092 est
1736 1035 1912 1107 quali-

322 1141 488 1189 tatem
516 1132 896 1188 visibilisvita:
946 1131 1167 1202 signari.
1197 1131 1372 1186 Frons
1416 1145 1546 1201 ergo
1569 1136 1736 1200 porta:
1777 1129 1910 1184 duo-

321 1225 426 1279 bus
449 1224 646 1278 cubitis
679 1230 1024 1278 mensuratur
1052 1241 1064 1275 :
1094 1223 1219 1292 quia
1245 1221 1489 1291 quisquis
1531 1221 1618 1275 hic
1664 1217 1909 1275 dilectio-

319 1330 443 1370 nem
470 1315 562 1369 Dei
587 1329 649 1367 ac
663 1312 893 1383 proximi
921 1325 1138 1366 servare
1160 1311 1443 1376 studuerit,
1474 1311 1588 1379 ipse
1618 1308 1684 1362 ad
1698 1309 1912 1363 aeterni-

323 1407 449 1461 tatis
466 1406 663 1459 atrium
677 1403 952 1474 pertingit.
977 1403 1099 1457 Vita
1131 1401 1295 1472 igitur
1320 1409 1502 1454 nostra
1521 1405 1580 1452 ut
1605 1397 1815 1452 duobus
1840 1397 1911 1452 sit

319 1496 518 1552 cubitis
533 1501 860 1559 mensurata,
881 1493 1024 1548 tendi
1042 1492 1283 1562 quotidie
1310 1507 1406 1561 per
1417 1491 1739 1546 charitatem
1752 1487 1910 1545 debet

321 1591 374 1644 in
422 1604 664 1643 amorem
712 1575 808 1642 Dei
857 1585 1017 1642 simul
1064 1593 1120 1640 et
1159 1583 1410 1655 proximi.
1466 1582 1580 1636 Non
1631 1591 1715 1636 est
1760 1580 1907 1636 enim

319 1682 565 1736 charitas
622 1694 749 1734 vera
820 1677 863 1733 si
928 1677 1107 1731 minus
1151 1692 1181 1730 a
1226 1675 1432 1731 duobus
1470 1671 1668 1728 cubitis
1714 1673 1902 1727 habet.

2021 491 2159 563 lege,
2207 502 2368 561 atque
2415 495 2484 546 ad
2511 501 2813 547 extremum
2861 495 3152 564 prophetas
3198 497 3406 566 habuit,
3449 509 3506 556 et
3535 515 3606 560 ex

2018 581 2302 650 posteriori
2359 582 2542 638 ﬁdeles
2586 599 2652 638 ex
2699 583 2961 650 Hebraeis,
3017 585 3203 642 ﬁdeles
3243 604 3308 642 ex
3357 592 3607 661 gentibus

2018 687 2083 728 ac
2107 677 2449 743 postmodum
2479 674 2826 730 Hebrmorum
2857 692 3046 732 omnes
3073 679 3331 748 reliquias
3368 683 3606 754 collegit,

2016 765 2292 820 orientalis
2329 766 2413 820 via
2467 775 2578 822 tres
2616 767 2742 822 hinc
2771 776 2826 821 et
2854 774 2965 824 tres
3022 769 3147 825 inde
3192 771 3456 829 thalamos
3510 777 3607 830 ha—

2015 855 2145 911 bere
2192 864 2542 911 memoratur.
2611 855 2723 912 Sed
2779 859 2883 913 hoc
2930 869 3145 930 quoque
3199 877 3305 917 non
3352 863 3607 920 inconve-

2015 947 2237 1002 nienter.
2255 950 2586 1019 accepimus,
2616 950 2660 1004 si
2699 957 2811 1005 tres
2851 965 2972 1006 esse
3007 953 3225 1010 ordines
3254 956 3488 1012 ﬁdelium
3524 959 3606 1014 di-

2013 1054 2220 1093 camus.
2279 1038 2404 1093 Sive
2457 1054 2691 1109 namque
2721 1039 2777 1094 in
2829 1042 3020 1108 veteri,
3069 1058 3162 1099 seu
3193 1045 3246 1098 in
3276 1063 3416 1102 novo
3445 1058 3606 1104 testa-

2014 1135 2212 1182 mento.
2262 1127 2416 1182 Alius
2460 1135 2544 1182 est
2590 1129 2722 1186 ordo
2758 1131 3199 1206 prmdicantium,
3240 1135 3378 1192 alius
3424 1139 3600 1194 conti-

2016 1219 2292 1284 nentium,
2325 1226 2488 1286 atque
2517 1216 2657 1272 alius
2692 1217 2961 1272 bonorum
2990 1217 3305 1288 coniugum.
3343 1220 3492 1275 Uine
3539 1237 3592 1273 t'l.

2017 1311 2163 1366 idem
2197 1307 2464 1380 Propheta
2495 1310 2550 1365 in
2578 1311 2845 1380 superiori
2881 1321 3037 1380 parte
3081 1318 3192 1366 tres
3225 1312 3372 1366 viros
3398 1313 3600 1367 libera-

2018 1411 2102 1459 tos
2129 1401 2287 1469 vidit,
2312 1402 2449 1470 Noe,
2476 1401 2668 1460 Daniel
2700 1412 2756 1460 et
2777 1405 2880 1460 Job
2916 1404 3153 1474 (Ezech.
3183 1421 3272 1459 xw
3294 1407 3348 1476 ):
3379 1405 3433 1459 in
3475 1406 3594 1475 quia

2007 1490 2108 1547 bus
2145 1491 2396 1547 videlicet
2459 1491 2631 1546 tribus
2676 1492 3082 1563 praedicatores,
3127 1496 3469 1554 continentes
3515 1507 3600 1554 at—

2006 1597 2111 1652 que
2168 1583 2437 1654 coniugati
2485 1583 2679 1655 signati
2720 1593 2866 1639 sunt.
2926 1585 3062 1641 Nam
3133 1587 3246 1644 Noe
3320 1605 3501 1645 aream
3545 1591 3601 1647 in

2005 1675 2195 1730 undis
2232 1675 2405 1741 rexit;
2449 1684 2611 1744 atque
2654 1677 2774 1732 ideo
2831 1677 3058 1747 ﬁguram
3100 1688 3368 1736 rectorum
3412 1682 3581 1737 tenuit

390 1771 561 1826 Porro
591 1769 811 1825 thalami
842 1776 1010 1838 portae
1037 1766 1103 1820 ad
1125 1765 1267 1820 viam
1295 1762 1611 1825 Orientalem
1645 1771 1756 1815 tres
1779 1760 1906 1815 hinc
1931 1755 1980 1815 B
2008 1763 2193 1819 Daniel
2233 1772 2288 1818 et
2323 1763 2377 1818 in
2407 1763 2527 1818 aula
2568 1766 2716 1836 regia
2766 1767 3107 1823 abstinentiae
3150 1769 3362 1826 deditus
3394 1771 3510 1837 fuit,
3548 1783 3604 1828 et

318 1869 374 1915 et
417 1871 526 1915 tres
563 1859 687 1913 inde
715 1865 769 1913 et
797 1870 1053 1912 mensura
1087 1869 1192 1908 una
1222 1854 1404 1909 trium.
1439 1849 1726 1924 (meram)
1758 1851 1904 1905 Tha-

316 1951 446 2004 lami
494 1964 708 2020 quoque
755 1955 810 2003 et
843 1946 1088 2004 cubicula
1137 1960 1257 2015 quae
1285 1953 1444 2000 erant
1499 1945 1567 2000 ad
1609 1948 1748 2002 viam
1782 1963 1908 2017 por-

315 2051 386 2098 tze
411 2041 705 2104 orientalis,
737 2054 837 2110 pro
869 2039 1064 2109 quibus
1108 2035 1457 2108 Septuaginta
1491 2038 1609 2094 elau
1639 2039 1902 2106 scribunt,

313 2140 429 2186 tres
476 2138 633 2186 erant
684 2129 812 2184 hinc
858 2135 912 2184 et
950 2137 1062 2183 tres
1106 2128 1249 2193 inde,
1302 2143 1570 2183 mensurze
1616 2129 1791 2195 unius,
1851 2131 1905 2186 id

312 2231 424 2285 est,
478 2219 685 2276 calamo
726 2235 851 2284 uno,
885 2219 976 2289 qui
1012 2233 1104 2274 sex
1139 2219 1320 2273 cubita
1367 2227 1422 2273 et
1463 2235 1628 2273 unum
1666 2220 1902 2289 palmum

2009 1856 2211 1913 idcirco
2260 1857 2426 1911 vitam
2473 1857 2866 1914 continentium
2923 1859 3173 1930 signavit.
3233 1861 3335 1917 Job
3379 1877 3508 1918 vero
3546 1863 3603 1919 in

2007 1945 2256 2016 coniugio
2293 1947 2518 2016 positus,
2553 1956 2607 2002 et
2631 1961 2816 2003 curam
2846 1949 3036 2004 domus
3076 1951 3308 2021 propria:
3336 1965 3600 2009 exercens

2006 2036 2242 2107 placuit;
2279 2052 2377 2108 per
2415 2052 2575 2107 quem
2626 2039 2784 2110 digne
2835 2040 3102 2095 bonorum
3141 2042 3427 2113 coniugum
3467 2043 3603 2098 ordo

2007 2127 2289 2200 ﬁguratur.
2343 2128 2478 2198 Quia
2507 2146 2637 2201 ergo
2684 2133 2846 2186 etiam
2894 2141 3021 2188 ante
3049 2135 3362 2191 mediatoris
3402 2136 3604 2193 adven-

2007 2227 2140 2283 tum,
2165 2227 2217 2273 et
2248 2219 2651 2289 praedicatores,
2696 2230 2752 2276 et
2781 2223 3136 2288 continentes,
3189 2240 3253 2280 ac
3295 2225 3421 2281 boni
3464 2244 3602 2284 eon-

311 2313 565 2368 habebat.
613 2310 728 2366 Uno
756 2309 963 2365 calamo
1005 2309 1058 2363 in
1088 2309 1324 2379 longum,
1367 2317 1422 2365 et
1452 2325 1558 2364 uno
1600 2311 1808 2365 calamo
1849 2311 1902 2365 in
1999 2305 2194 2378 jugali,
2242 2306 2475 2372 fuerunt,
2529 2309 2617 2378 qui
2672 2310 2921 2366 eumdem
2965 2311 3079 2381 ejus
3124 2315 3413 2370 adventum
3456 2333 3599 2387 prte-

311 2403 506 2464 latum,
538 2409 592 2456 et
644 2401 785 2455 inter
827 2399 1094 2454 thalamos
1131 2399 1367 2468 quinque
1412 2399 1642 2454 cubitos.
1694 2398 1772 2453 Ne
1802 2400 1900 2471 igi-

310 2501 406 2546 tur
442 2499 756 2562 putaremus
796 2489 931 2544 duos
977 2503 1099 2544 esse
1151 2496 1360 2543 tantum
1413 2487 1670 2555 calamos,
1719 2499 1903 2547 ternos

311 2599 377 2637 ex
425 2591 654 2652 utraque
702 2587 855 2650 porta
906 2578 1124 2649 posuit,
1181 2585 1242 2631 ut
1284 2577 1556 2633 senarium
1608 2595 1897 2634 numerum

307 2673 710 2726 demonstraret
740 2687 754 2724 :
781 2668 871 2738 qui
907 2677 963 2723 et
992 2668 1044 2720 in
1073 2666 1280 2739 hydriis
1311 2667 1574 2737 evangelii
1613 2667 1900 2734 indicatur,

309 2762 367 2815 in
408 2760 603 2829 quibus
639 2773 792 2828 aqua:
820 2758 874 2812 in
896 2757 1020 2811 vina
1049 2765 1271 2811 muaataa
1305 2765 1453 2822 sunt,
1475 2765 1529 2810 et
1561 2758 1798 2826 quotidie
1820 2759 1905 2830 iu—

310 2857 455 2912 daici
482 2855 667 2910 latices
697 2862 1003 2917 vertuntur,
1044 2859 1100 2907 et
1139 2852 1323 2906 vinum
1367 2852 1509 2922 quod
1548 2850 1783 2907 laetiﬁcat
1809 2868 1904 2908 cor

313 2947 574 3013 hominis,
604 2962 671 3001 ex
701 2944 902 3001 Christi
935 2958 1130 2998 cruore
1155 2943 1215 2996 ﬁt
1266 2943 1494 2998 dulcius.
1514 2940 1690 3014 (σι-ες.
1718 2942 1736 3016 )
1764 2942 1903 3011 Quid

311 3038 558 3104 thalami,
602 3036 732 3106 quid
774 3036 857 3089 via
889 3035 1169 3090 orientalis
1209 3035 1471 3105 designet.
1507 3034 1619 3105 iam
1655 3035 1902 3106 superius

306 3130 569 3194 diximus,
620 3144 722 3184 nec
758 3129 1022 3198 replicare
1053 3142 1118 3183 ea
1148 3128 1309 3183 latius
1345 3128 1706 3183 necessarium
1745 3137 1902 3200 puta-

305 3233 454 3277 mus.
505 3219 612 3276 Sed
666 3219 1015 3288 qumrendum
1065 3219 1221 3273 nobis
1279 3226 1402 3273 est:
1446 3216 1572 3286 quid
1622 3225 1704 3272 est
1760 3218 1903 3286 quod

305 3314 534 3380 dicitur,
572 3329 591 3364 ι
623 3320 732 3367 tres
759 3312 886 3366 hinc
924 3317 980 3366 et
1025 3319 1136 3365 tres
1175 3309 1334 3364 inde?
1364 3328 1382 3360 ι
1418 3307 1665 3362 Thalami
1704 3307 1902 3378 quippe

304 3402 463 3473 iuxta
517 3401 662 3455 viam
711 3400 1052 3465 orientalem,
1087 3407 1211 3455 sunt
1261 3399 1422 3455 corda
1468 3396 1796 3453 ferventium
1847 3399 1902 3452 in

322 3509 514 3549 amore
545 3492 662 3548 Dei.
686 3493 750 3547 Et
777 3493 888 3547 sive
915 3493 967 3547 hi
995 3493 1083 3562 qui
1106 3492 1262 3548 electi
1305 3495 1356 3547 in
1384 3501 1709 3548 testamento
1733 3493 1902 3548 veteri

305 3584 552 3650 fuerunt,
591 3584 706 3638 sive
731 3583 789 3637 bi
818 3582 908 3652 qui
939 3583 989 3636 in
1026 3591 1346 3638 testamento
1376 3598 1513 3638 novo
1557 3583 1725 3638 secuti
1754 3591 1898 3637 sunt.

309 3672 578 3727 Nimirum
627 3680 840 3727 constat
885 3672 1008 3741 quia
1053 3687 1240 3726 omnes
1290 3687 1356 3726 ex
1401 3686 1585 3725 amore
1623 3671 1902 3726 Trinitatis

310 3761 534 3815 accensi
587 3768 732 3814 sunt.
791 3759 974 3828 Neque
1008 3759 1151 3814 enim
1199 3775 1327 3814 vere
1372 3759 1540 3814 Deum
1592 3759 1897 3829 diligerent,

307 3851 356 3906 si
403 3848 643 3917 eiusdem
689 3849 971 3904 Trinitatis
1009 3864 1130 3918 quze
1177 3849 1316 3903 Deus
1358 3857 1459 3913 est,
1513 3848 1740 3919 gratiam
1791 3863 1900 3903 non

307 3941 667 4009 accepissent.
703 3939 860 3994 Juxta
892 3940 1036 3993 viam
1077 3955 1207 4010 ergo
1243 3939 1561 3995 orientalem
1594 3948 1705 3996 tres
1751 3941 1898 4006 hinc,

307 4041 366 4088 et
395 4041 504 4087 tres
547 4031 671 4087 inde
717 4040 842 4086 sunt
881 4030 1140 4086 thalami:
1176 4032 1300 4100 quia
1345 4031 1472 4084 dum
1518 4031 1662 4087 inter
1687 4041 1900 4088 veteres

305 4133 366 4177 et
411 4137 580 4177 novos
636 4132 818 4192 patres
867 4121 1127 4177 Dominus
1171 4121 1442 4175 inearnari
1493 4121 1744 4193 dignatus
1794 4131 1898 4188 est,

308 4213 466 4283 quasi
511 4213 566 4266 in
595 4212 774 4268 medio
805 4211 1162 4267 thalamorum
1198 4213 1283 4266 via
1312 4211 1593 4267 orientalis
1633 4212 1896 4283 apparuit,

309 4300 436 4370 quia
469 4299 691 4355 thalami
723 4299 793 4354 ad
837 4314 1018 4354 veram
1059 4301 1292 4370 speciem
1323 4317 1388 4356 ex
1448 4301 1730 4356 Trinitatis
1776 4310 1901 4358 sunt

309 4389 617 4458 wgnitione
641 4389 901 4444 decorati.
936 4387 1030 4443 Sin
1065 4403 1192 4444 vero
1233 4391 1299 4444 ad
1326 4391 1555 4446 virtutes
1578 4392 1896 4458 electorum,

304 4479 561 4532 etnndem
601 4495 884 4534 numerum
934 4478 1254 4547 referamus,
1288 4489 1399 4534 tres
1453 4489 1578 4535 sunt
1634 4481 1896 4548 virtutes,

304 4569 428 4621 sine
458 4566 655 4635 quibus
701 4569 748 4622 is
792 4569 885 4638 qui
933 4569 1137 4639 aliquid
1166 4571 1378 4639 operari
1423 4571 1533 4640 iam
1563 4581 1761 4641 potest,
1793 4572 1900 4628 sal-

299 4661 420 4709 vari
472 4672 578 4712 non
627 4666 820 4728 potest,
866 4659 1131 4723 videlicet,
1172 4659 1324 4724 ﬁdes,
1361 4676 1501 4730 spes,
1541 4663 1796 4719 charitas.
1829 4665 1898 4719 Et

303 4745 433 4813 quia
477 4746 668 4801 eadem
702 4762 849 4816 spes,
881 4747 1013 4802 ﬁdes
1039 4759 1095 4803 et
1142 4750 1343 4805 caritas
1382 4752 1432 4804 in
1465 4753 1699 4823 antiquis
1732 4754 1899 4824 patri-

302 4834 408 4888 bus
454 4848 575 4904 qua:
600 4835 654 4889 in
697 4837 852 4892 novis
893 4837 1205 4894 doctoribus
1243 4837 1363 4904 fuit,
1394 4841 1546 4912 iuxta
1577 4843 1894 4898 orientalem

303 4925 451 4980 viam
503 4934 616 4980 tres
644 4927 768 4982 hinc
810 4937 865 4983 et
895 4937 1008 4983 tres
1052 4930 1178 4985 inde
1222 4931 1443 4986 thalami
1473 4932 1888 4988 describuntur:

300 5014 390 5068 vel
439 5024 587 5071 certe
622 5017 749 5087 quia
803 5026 914 5075 tres
963 5028 1180 5090 patrum
1230 5031 1472 5078 veterum
1518 5025 1894 5081 distinctiones

301 5105 546 5171 ﬁtP-ﬂint,
593 5115 702 5162 tres
745 5123 961 5180 quoque
1002 5127 1264 5167 novorum
1301 5113 1403 5168 sub
1443 5115 1612 5185 gratia
1659 5129 1894 5185 sequun-

212 5185 229 5196 ’
302 5207 412 5250 tur.
457 5197 624 5253 Vetus
647 5199 842 5270 quippe
864 5201 1098 5271 populus
1128 5205 1318 5259 habuit
1357 5214 1541 5274 patres
1563 5206 1888 5277 ante-legem

300 5301 371 5340 ac
397 5287 593 5343 deinde
635 5290 690 5344 in
719 5289 858 5360 lege,
886 5300 942 5346 et
968 5295 1307 5362 postmodum
1343 5295 1634 5365 prophetas
1661 5310 1676 5348 :
1709 5296 1762 5350 in
1794 5313 1890 5351 no-

301 5395 372 5434 vo
401 5390 584 5437 autem
611 5384 809 5454 populo
850 5385 1001 5454 prius
1045 5385 1396 5443 Hebraeorum
1437 5389 1689 5458 primitiae
1719 5389 1894 5444 credi-

300 5470 526 5538 derunt,
570 5475 910 5542 postmodum
945 5475 1224 5546 plenitudo
1259 5477 1496 5547 gentium
1526 5477 1578 5531 in
1610 5476 1716 5532 ﬁde
1742 5491 1898 5532 secu-

303 5569 360 5613 ta
388 5570 494 5628 est,
523 5577 587 5617 ac
616 5564 810 5622 deinde
846 5565 900 5620 in
929 5565 1035 5620 ﬁne
1069 5567 1250 5622 saeculi
1283 5565 1629 5623 Hebraeorum
1656 5567 1897 5637 reliquiae

303 5653 608 5711 salvantur.
641 5657 820 5724 (Rom.
847 5659 948 5725 xi).
976 5658 1113 5725 Quia
1159 5673 1289 5727 ergo
1325 5658 1630 5714 incarna‘tio
1661 5660 1894 5726 Domini,

2005 2398 2348 2465 stolarentur,
2405 2406 2458 2453 et
2510 2414 2704 2472 magna
2767 2401 2911 2456 hunc
2961 2402 3051 2457 siti
3103 2403 3356 2459 desiderii
3414 2406 3602 2461 videre

2006 2498 2289 2560 cuperent,
2330 2499 2384 2546 et
2415 2491 2758 2561 postmodum
2799 2493 3205 2564 praedicatores,
3258 2497 3603 2553 continentes

2007 2595 2070 2636 ac
2106 2580 2275 2637 bonos
2300 2581 2614 2654 coniugatos
2639 2585 2913 2644 cernimus
2948 2588 3204 2654 existere,
3241 2591 3332 2661 qui
3367 2589 3600 2647 Redem-

2005 2682 2215 2743 ptorem
2266 2683 2510 2731 nostrum
2536 2693 2641 2732 non
2677 2677 2789 2748 iam
2838 2679 3152 2734 desiderant
3183 2681 3597 2750 inearnandum,

2006 2767 2099 2822 sed
2130 2769 2180 2820 in
2209 2766 2513 2836 maiestatis
2540 2785 2650 2825 sua:
2674 2771 2844 2842 gloria
2873 2773 3342 2843 contemplandum
3371 2792 3384 2828 :
3412 2774 3597 2830 orien—

2007 2859 2130 2914 talis
2181 2861 2268 2914 via
2315 2869 2424 2916 tres
2482 2861 2610 2918 hinc
2659 2871 2714 2919 et
2755 2873 2868 2920 tres
2920 2865 3042 2920 inde
3093 2867 3361 2923 thalamos
3409 2868 3600 2927 habet.

1999 2953 2153 3023 juxta
2201 2953 2505 3011 Psalmistze
2560 2971 2769 3022 vocem,
2818 2958 2909 3027 qui
2958 2959 3023 3014 de
3061 2958 3251 3015 eadem
3298 2960 3407 3024 via,
3451 2959 3600 3015 vide-

2005 3046 2132 3102 licet
2152 3055 2340 3104 nostro
2355 3048 2738 3120 Redemptore,
2774 3051 2905 3108 dicit
2933 3070 2960 3109 ε,
2983 3070 3002 3103 α
3031 3050 3088 3107 In
3122 3052 3352 3108 circuitu
3371 3049 3486 3122 eius
3512 3062 3598 3108 ta-

1930 3106 1975 3168 C
2006 3143 2292 3197 bernacula
2316 3142 2430 3212 eius
2461 3106 2632 3216 (Psnl.
2670 3106 3022 3218 xvn).'rscd
3066 3106 3415 3216 pensandum.
3438 3106 3595 3202 nobis

2003 3239 2086 3284 est
2112 3231 2339 3286 sollicita
2374 3231 2673 3289 intentione
2717 3236 2858 3303 quod
2907 3233 3124 3302 dicitur,
3178 3237 3303 3305 quia
3343 3249 3596 3291 mensura

2001 3337 2108 3376 una
2149 3305 2347 3377 'trium.
2396 3323 2530 3380 Cum
2578 3324 2722 3380 enim
2768 3325 2924 3396 longe
2967 3325 3037 3379 sit
3096 3341 3128 3380 a
3191 3327 3594 3384 continentibus

2002 3421 2058 3466 et
2094 3413 2398 3470 tacentibus
2441 3415 2759 3470 excellentia
2794 3415 3231 3486 pr:etlicatornm,
3270 3427 3324 3472 et
3357 3417 3512 3475 valde
3561 3433 3592 3475 a

2002 3505 2305 3577 coniugatis
2336 3507 2499 3562 distet
2541 3508 2832 3563 eminentia
2869 3508 3258 3564 continentium
3287 3529 3299 3565 :
3329 3511 3457 3582 quid
3485 3522 3591 3578 est,

2002 3601 2141 3668 quod
2168 3615 2270 3653 una
2302 3615 2553 3654 mensura
2590 3597 2786 3654 dicitur
2829 3598 2993 3655 trium
3020 3599 3343 3674 ?Coniugati
3373 3605 3594 3677 quippe,

2002 3690 2248 3760 quamvis
2278 3699 2333 3744 et
2360 3690 2496 3744 bene
2541 3698 2721 3761 agant,
2759 3699 2815 3744 et
2851 3690 3275 3762 omnipotentem
3317 3694 3485 3752 Deum
3512 3698 3595 3753 vi-

2003 3779 2129 3834 dere
2169 3778 2494 3844 desiderent,
2545 3778 2857 3836 domesticis
2905 3790 3084 3836 tamen
3128 3783 3277 3839 curis
3322 3800 3595 3858 occupat.-

2001 3879 2107 3936 tur,
2151 3880 2206 3927 et
2235 3871 2556 3926 necessitate
2603 3881 2831 3942 cogente
2881 3873 2934 3928 in
2964 3882 3197 3945 utroque
3226 3886 3462 3933 mentem
3511 3879 3595 3936 dl-

2000 3962 2202 4018 videut.
2247 3954 2403 4016 Conti
2445 3970 2600 4017 entes
2626 3971 2807 4018 autem
2841 3963 2908 4019 ab
2945 3960 3249 4032 huiusmodi
3277 3967 3488 4025 actione
3507 3984 3594 4025 rc-

2000 4055 2132 4109 moti
2160 4063 2305 4119 sunt,
2337 4063 2390 4109 et
2434 4055 2762 4126 voluptatem
2809 4057 2990 4112 carnis
3023 4057 3186 4112 etiam
3213 4072 3243 4112 a
3283 4057 3430 4116 licito
3456 4075 3594 4118 eon-

1995 4147 2144 4219 iugio
2186 4145 2508 4218 refringunt,
2557 4148 2702 4202 nulla
2733 4148 2998 4221 coniugis,
3051 4148 3196 4204 nulla
3237 4147 3469 4208 ﬁliorum
3499 4169 3593 4211 cu-

2001 4254 2085 4303 ra,
2125 4239 2284 4294 nullis
2331 4239 2506 4294 noxiis
2537 4255 2600 4295 ac
2629 4238 2932 4296 dilﬁcilibns
2959 4240 3034 4294 rei
3073 4239 3356 4296 familiaris
3389 4242 3594 4314 cogita-

2004 4331 2238 4386 tionibus
2280 4331 2643 4403 implicantur.
2688 4331 3082 4387 Prtedicatores
3109 4347 3240 4386 vero
3281 4348 3389 4386 non
3416 4333 3588 4388 solum

2002 4436 2062 4477 se
2103 4436 2131 4474 a
2165 4422 2310 4476 vitiis
2355 4430 2625 4486 coercent,
2666 4421 2760 4476 sed
2810 4420 2969 4476 etiam
3014 4435 3243 4490 peccare
3290 4420 3425 4478 alios
3465 4437 3591 4492 pro-

2005 4512 2212 4576 hibent,
2253 4513 2321 4568 ad
2353 4511 2512 4567 ﬁdem
2543 4511 2762 4574 ducunt,
2811 4510 2862 4564 in
2893 4510 3073 4566 studio
3109 4511 3266 4568 bonae
3300 4528 3592 4571 conversa-

2005 4607 2167 4661 tionis
2217 4606 2508 4659 instruunt.
2568 4603 2846 4670 Quomodo
2889 4618 3016 4674 ergo
3064 4620 3168 4660 una
3207 4620 3395 4662 eorum
3434 4623 3590 4665 men-

2003 4713 2131 4754 sura
2168 4705 2270 4761 est,
2327 4710 2558 4765 quorum
2602 4694 2724 4749 vitae
2768 4694 3000 4764 qualitas
3049 4711 3156 4751 una
3189 4713 3298 4753 non
3332 4707 3435 4766 est,
3490 4702 3587 4758 sed

2001 4803 2256 4844 mensura
2283 4801 2388 4841 una
2421 4785 2582 4839 trium
2617 4793 2726 4850 est,
2764 4788 2888 4856 quia
2927 4787 3030 4870 etsi
3074 4787 3130 4843 in
3161 4788 3240 4846 eis
3266 4791 3584 4848 meritorum

2002 4895 2195 4950 magna
2227 4885 2310 4933 est
2339 4877 2641 4942 diversitas,
2674 4885 2852 4930 tamen
2883 4876 3140 4934 distantia
3182 4879 3239 4934 in
3268 4879 3373 4935 ﬁde
3397 4881 3454 4936 in
3475 4896 3582 4953 qua

2001 4969 2314 5032 tenduntur,
2359 4983 2467 5021 non
2507 4976 2608 5022 est.
2641 4965 2774 5019 Nam
2816 4967 3006 5022 eadem
3034 4968 3168 5025 ﬁdes
3195 4985 3315 5040 quae
3340 4971 3471 5027 istos
3496 4985 3584 5026 so-

1997 5061 2129 5117 lidat
2171 5062 2223 5116 in
2255 5060 2524 5126 maximis,
2577 5059 2788 5114 illorum
2840 5059 3207 5116 inlirmitatem
3246 5062 3488 5117 continet
3527 5061 3582 5117 in

1995 5151 2195 5222 parvis.
2242 5151 2381 5206 Vere
2429 5159 2576 5205 certe
2637 5149 2798 5202 trium
2846 5163 2952 5203 una
3005 5165 3255 5205 mensura
3298 5157 3404 5215 est,
3453 5148 3581 5220 quia

1995 5249 2050 5304 in
2074 5245 2424 5301 retributione
2438 5243 2645 5309 ultima,
2673 5242 2918 5312 quamvis
2943 5242 3131 5297 eadem
3160 5242 3391 5313 dignitas
3407 5241 3584 5297 omni-

1995 5339 2097 5394 bus
2119 5355 2224 5394 non
2255 5341 2346 5406 sit,
2361 5353 2468 5393 una
2483 5346 2662 5392 tamen
2683 5333 3053 5390 eritomnibus
3072 5335 3182 5388 vita
3205 5331 3578 5390 beatitudinis.

2000 5427 2152 5486 Unde
2167 5437 2220 5483 et
2231 5443 2328 5498 per
2344 5427 2634 5496 semetipso
2645 5445 2698 5484 m
2717 5427 2978 5486 Dominus
2991 5425 3141 5484 dicit:
3159 5423 3216 5478 ln
3231 5424 3390 5479 domo
3401 5420 3582 5478 Patris

1997 5519 2105 5575 mei
2140 5519 2446 5575 mansiones
2489 5521 2672 5578 multa;
2728 5530 2855 5578 sunt
2882 5520 3065 5593 (Joan.
3090 5515 3230 5586 xxv);
3263 5515 3358 5571 sed
3399 5523 3581 5571 tamen

1998 5610 2122 5680 quia
2149 5611 2201 5665 in
2228 5611 2380 5667 vinea
2395 5612 2539 5668 ducti
2564 5620 2711 5678 sunt,
2732 5613 2980 5682 quamvis
3004 5609 3231 5666 diversis
3251 5607 3400 5664 noris
3421 5619 3585 5661 vene-

1999 5703 2108 5757 rint
2179 5720 2342 5758 unnm
2367 5704 2649 5760 denarium
2689 5711 3065 5776 perceperunt.
3118 5701 3234 5768 Qua
3270 5700 3452 5771 itaque
3491 5711 3583 5753 ra-
