3972 6184
471 338 576 393 μοῖς

1109 335 1168 388 Β.
1215 331 1463 388 ΜΒΑΜ
1507 330 1722 386 Μλυω
1763 331 2084 386 Αῐὶαιηιςιδ.
2129 330 2434 386 ΜΟΕιῘΧΤ.
2478 330 2762 388 ΟΡΕῐὶυΜ
2801 331 2981 385 PARS
3020 331 3082 386 ll.

3635 339 3737 392 εὶηὸ

472 466 622 510 tione
644 450 970 508 conveniant
999 447 1306 501 mansiones
1334 444 1515 499 multae
1541 460 1665 498 cum
1691 460 1796 497 uno
1809 443 2054 506 denario,
2084 449 2130 505 Α
2162 458 2302 505 rum,
2331 439 2483 509 cujus
2523 440 2798 511 longitudo
2829 441 3063 496 habebat
3093 443 3348 498 tredecim
3372 445 3608 504 cubitus.
3644 457 3740 510 [ια.

471 544 577 599 nisi
609 542 734 612 quia
755 540 980 595 diversa:
1016 535 1230 604 quidem
1273 535 1555 588 beatorum
1583 533 1780 586 civium
1819 532 2049 602 dignita—

472 640 558 688 tes
585 630 776 688 erunt?
798 630 893 684 sed
942 636 1120 681 tamen
1151 640 1257 680 una
1287 625 1442 695 quies
1478 633 1694 679 aeterna:
1745 623 2052 679 retributio-

473 723 594 776 nis:
621 735 742 774 nam
771 719 875 774 etsi
907 718 1090 787 dispar
1128 717 1234 772 erit
1269 715 1520 770 meritum
1549 714 1901 786 singulorum,
1943 729 2051 768 non

471 810 880 866 eritdiversitas
913 808 1266 878 gaudiorum:
1292 807 1416 876 quia
1456 806 1559 860 etsi
1589 805 1728 861 alter
1757 806 1936 861 minus
1971 814 2054 860 at-

471 919 576 972 que
602 900 738 955 alius
778 900 1006 969 amplius
1031 898 1256 964 exultat,
1285 909 1473 952 omnes
1502 904 1682 950 tamen
1708 909 1875 949 unum
1914 909 2049 962 gau-

472 996 639 1056 dium,
673 992 738 1046 de
780 991 1077 1046 conditoris
1105 989 1186 1045 sui
1225 988 1435 1043 visione
1473 987 1738 1042 laetiﬁcat.
1762 986 1877 1042 Hoc
1909 1002 2050 1056 quo-

470 1098 573 1152 que
596 1091 680 1136 est
702 1081 816 1135 sive
841 1081 906 1134 de
930 1079 1200 1134 veteribus
1224 1092 1318 1132 seu
1359 1077 1514 1131 novis
1540 1077 1784 1148 patribus
1807 1076 2048 1130 sentien-

471 1173 594 1226 dum
621 1188 634 1224 :
663 1170 800 1241 quia
836 1169 1117 1225 orientalis
1145 1169 1227 1222 via
1253 1183 1375 1224 cum
1404 1175 1514 1222 tres
1544 1167 1669 1222 hinc
1697 1175 1753 1221 et
1787 1176 1898 1221 tres
1927 1167 2051 1222 inde

472 1260 738 1316 thalamos
767 1259 985 1324 habeat,
1017 1273 1268 1313 mensura
1313 1273 1420 1312 una
1464 1256 1627 1310 trium
1658 1265 1762 1320 est,
1792 1256 2049 1325 quoniam

472 1351 588 1420 ipsa
614 1350 748 1405 fides
780 1359 944 1420 atque
971 1349 1147 1419 ipsum
1177 1347 1430 1402 meritum
1459 1346 1632 1402 tenuit
1660 1346 1822 1400 corda
1848 1361 2050 1414 praece-

473 1439 736 1504 dentium,
760 1454 879 1510 quze
916 1437 1141 1507 replevit
1161 1436 1324 1492 corda
1354 1445 1713 1506 sequentium,
1742 1436 1842 1489 sub
1865 1435 2051 1488 Testa-

474 1543 653 1589 mento
681 1533 832 1590 Novo
858 1531 1155 1604 positorum
1183 1529 1320 1582 sicut
1349 1538 1402 1582 et
1428 1542 1527 1598 per
1556 1527 1780 1581 Paulum
1815 1527 2046 1582 dicitur:

476 1647 492 1675 ι
531 1628 798 1683 Habentes
817 1638 996 1683 autem
1023 1625 1268 1683 eumdem
1311 1622 1562 1696 spiritum
1592 1620 1710 1676 ﬁdei
1742 1621 1880 1675 sicut
1914 1621 2051 1676 scri-

471 1729 618 1787 ptum
647 1728 750 1784 est,
777 1719 979 1775 credidi
1007 1728 1227 1789 propter
1251 1719 1395 1789 quod
1432 1713 1642 1773 locutus
1681 1728 1824 1772 sum.
1854 1713 1920 1766 Et
1950 1729 2051 1768 nos

2156 539 2258 586 test
2285 541 2464 585 autem
2494 539 2648 599 porta
2676 529 2901 595 liminis,
2933 531 2983 584 in
3015 545 3122 601 quo
3152 543 3397 587 sacratus
3433 544 3519 589 est
3555 553 3736 590 nume-

2152 637 2246 676 rus
2285 622 2486 676 veteris
2519 631 2576 676 et
2621 622 2744 676 novi
2791 622 3160 686 instrumenti,
3209 626 3293 680 vcl
3335 628 3452 696 ipse
3481 627 3736 687 Dominus

2154 710 2377 781 intelligi
2418 712 2509 782 qui
2550 712 2722 767 dicit:
2753 702 2914 784 (Ego
2958 729 3077 768 sum
3130 716 3328 770 ostium
3369 717 3554 787 (Joan.
3601 719 3678 786 χ).
3709 740 3730 774 ι

2153 802 2248 856 Vel
2275 813 2422 857 certe
2449 818 2639 858 omnes
2665 804 2838 858 sancti
2873 819 2972 874 per
3000 820 3139 874 quos
3164 808 3504 879 ingredimur
3527 812 3597 865 ad
3639 829 3734 869 no-

2152 893 2326 947 titiam
2369 894 2485 960 Dei,
2519 910 2749 964 quorum
2800 898 3078 967 apostolus
3120 899 3319 956 Paulus
3369 901 3728 972 loquebatur:

2157 1006 2175 1036 ‹
2209 985 2282 1041 Os
2323 1002 2502 1042 meum
2542 997 2691 1057 patet
2719 989 2787 1045 ad
2816 1006 2935 1055 vos,
2967 1007 3000 1047 ο
3023 991 3312 1061 Corinthii,
3346 997 3650 1055 dilatamini
3683 1009 3733 1056 et

2151 1091 2248 1130 vos
2273 1075 2358 1145 (II
2391 1075 2514 1130 Cor.
2542 1078 2638 1150 vi).
2675 1098 2692 1130 ι
2725 1079 3006 1136 Tredecim
3032 1093 3212 1140 antezn
3249 1087 3417 1142 cubiti
3445 1100 3570 1159 post
3598 1101 3732 1148 oclo-

2151 1166 2363 1220 narium
2403 1183 2685 1222 numerum
2734 1169 2998 1226 librorum
3039 1173 3208 1245 Moysi
3242 1179 3522 1234 continent
3561 1197 3730 1235 saera-

2153 1264 2416 1320 mentum,
2444 1256 2536 1326 qui
2563 1269 2617 1311 et
2657 1258 2710 1312 in
2737 1260 2976 1330 quinque
3007 1272 3378 1321 monstrantur
3399 1270 3658 1337 panibus,
3680 1284 3728 1326 et

2151 1340 2207 1395 in
2255 1341 2596 1399 Samaritana
2637 1345 2910 1416 Evangelii
2955 1348 3139 1422 (Joan.
3187 1355 3285 1425 tv),
3328 1371 3451 1427 qua:
3493 1361 3729 1431 arguitur

2151 1433 2294 1502 qttod
2318 1435 2558 1504 quinque
2593 1435 2846 1492 habuerit
2869 1441 3016 1496 viros
3055 1451 3110 1497 et
3135 1455 3344 1500 sextum
3371 1464 3535 1518 quem
3574 1461 3726 1521 puta-

2153 1520 2245 1574 bat
2286 1522 2487 1578 habere
2513 1540 2620 1579 non
2669 1526 2888 1581 habeat.
2944 1529 3010 1584 Et
3042 1541 3224 1588 tamen
3257 1545 3314 1590 et
3339 1520 3654 1595 octonarius
3679 1551 3730 1597 et

2154 1612 2435 1678 quinarius
2460 1630 2718 1671 numerus
2744 1616 2798 1671 in
2824 1634 2933 1675 uno
2965 1621 3168 1688 cubito,
3195 1624 3247 1678 id
3270 1634 3354 1680 est
3384 1628 3599 1684 decimo
3629 1642 3732 1687 ter-

2155 1702 2229 1755 tio
2261 1713 2614 1758 consumatur
2642 1721 2760 1774 qum
2803 1708 2854 1761 in
2908 1709 3125 1766 Christo
3165 1717 3596 1786 recapitulantur
3620 1736 3728 1776 om-

469 1810 760 1875 credimus,
788 1818 1005 1880 propter
1042 1811 1184 1880 quod
1235 1818 1290 1865 et
1335 1809 1706 1881 loquimur(ll
1742 1803 1864 1864 Cor.
1896 1804 1990 1885 tv);
2024 1832 2042 1863 ι
2076 1799 2122 1866 Β
2151 1796 2258 1862 nia.
2300 1797 2444 1858 unde
2485 1797 2705 1862 dicitur,
2745 1809 2799 1853 et
2844 1803 3058 1859 cubitus
3108 1822 3248 1862 unus
3285 1809 3408 1864 linis
3446 1821 3730 1884 utrumque

471 1902 752 1970 Spiritales
789 1903 986 1973 quippe
1025 1903 1099 1957 illi
1142 1911 1324 1973 patres
1373 1903 1801 1972 omnipotentem
1852 1905 2043 1969 Deum,

470 1991 788 2047 Trinitatem
822 1994 897 2048 ita
921 2008 1041 2048 esse
1068 1993 1430 2055 crediderunt,
1475 1993 1616 2048 sicut
1641 1992 1893 2048 eamdem
1925 1993 2048 2048 Tri-

471 2081 692 2142 nitatem
719 2081 842 2135 novi
863 2089 1044 2156 patres
1083 2089 1271 2152 aperte
1304 2081 1472 2136 locuti
1508 2088 1655 2136 sunt.
1699 2080 1866 2135 Isaias
1895 2095 2048 2135 nam-

471 2185 577 2240 que
619 2171 824 2226 audivit
868 2170 1110 2242 angelica
1161 2172 1374 2242 agmina
1435 2172 1487 2225 in
1530 2170 1669 2226 cmlo
1717 2169 2046 2226 clamantia:

474 2278 493 2311 ι
526 2259 780 2328 Sanctus,
801 2270 1042 2330 sanctus,
1083 2271 1304 2317 sanctus
1343 2262 1602 2317 Dominus
1641 2261 1786 2318 Deus
1822 2263 2048 2319 sabaoth

467 2351 603 2424 (Ita.
641 2352 738 2426 vt).
768 2371 788 2405 ι
821 2352 894 2410 Ut
912 2354 1056 2410 enim
1085 2368 1442 2424 personarum
1470 2353 1685 2408 trinitas
1709 2363 2047 2411 monstrare-

470 2452 574 2509 tur,
609 2444 770 2500 tertio
799 2453 1022 2501 sanctus
1047 2444 1263 2511 dicitur,
1309 2444 1404 2499 sed
1426 2457 1535 2499 una
1578 2458 1702 2499 esse
1746 2444 2048 2502 substantia

469 2535 724 2591 trinitatis
763 2545 1022 2608 appareat
1063 2551 1170 2591 non
1201 2535 1415 2592 Domini
1452 2534 1702 2604 sabaoth,
1741 2537 1837 2594 sed
1862 2537 2049 2594 Domi-

469 2643 570 2681 nus
593 2628 820 2682 sabaoth
855 2641 980 2683 esse
1008 2627 1344 2699 perhibetur.
1373 2625 1524 2695 Quod
1547 2627 1715 2683 David
1743 2643 1957 2700 quoque
1977 2630 2050 2685 si-

471 2720 670 2774 militer
695 2722 950 2786 sentiens,
981 2722 1057 2776 ait
1082 2741 1096 2777 :
1124 2741 1141 2772 α
1168 2721 1464 2778 Benedicat
1488 2739 1588 2780 nos
1607 2723 1752 2780 Deus
1780 2725 1924 2781 Deus
1954 2740 2050 2782 no-

468 2818 599 2873 ster,
650 2810 933 2884 benedicat
971 2827 1072 2867 nos
1117 2813 1260 2868 Deus
1293 2811 1468 2882 (Ρωι.
1511 2812 1678 2886 vat).
1713 2833 1732 2864 ι
1779 2813 1880 2880 Qui
1925 2829 2046 2870 cum

468 2903 627 2956 tertio
656 2902 880 2958 dixisset
907 2903 1102 2970 Deum,
1129 2913 1190 2958 ut
1215 2921 1379 2960 unum
1405 2906 1550 2961 hunc
1572 2922 1692 2962 esse
1719 2909 2045 2974 ostenderet,

478 3009 493 3038 ι
528 2999 584 3043 et
610 2998 852 3045 metuant
889 3006 1012 3047 eum
1039 3007 1228 3048 omnes
1265 2993 1400 3048 fines
1432 3005 1608 3051 terrae.
1648 3015 1664 3047 ι
1697 2996 1892 3053 Paulus
1915 3014 2048 3068 quo.

469 3095 576 3148 que
617 3079 871 3151 loquitur,
928 3081 1112 3137 dicens
1146 3101 1159 3136 :
1191 3103 1209 3134 ‹
1236 3083 1500 3150 Quoniam
1569 3099 1633 3139 ex
1688 3087 1804 3156 ipso
1848 3097 1904 3142 et
1948 3104 2045 3158 per

2152 1893 2276 1946 dunt
2307 1902 2362 1947 et
2392 1895 2558 1950 Vetus
2599 1905 2652 1950 et
2700 1888 2904 1950 Soram
2947 1893 3351 1952 Testamentum
3383 1917 3489 1954 una
3536 1902 3728 1959 Christi

2151 1997 2403 2037 mensura
2457 1985 2851 2054 complectitur.
2906 1981 3110 2058 (ϐυ-εει.)
3171 1987 3333 2044 Multa
3381 1996 3634 2064 superius
3667 1999 3728 2056 de

2151 2083 2319 2142 porta:
2360 2076 2753 2146 significatione
2779 2079 2893 2150 jam
2925 2079 3180 2146 diximus,
3214 2083 3309 2137 sed
3347 2101 3516 2141 unum
3549 2096 3728 2145 tenere

2151 2165 2352 2236 aliquid
2399 2171 2674 2238 debemus,
2703 2184 2758 2228 et
2800 2176 2940 2243 quod
2975 2174 3149 2246 possit
3179 2183 3236 2228 et
3277 2185 3471 2230 caetera
3512 2177 3728 2234 lectoris

2149 2257 2432 2324 prudentia
2476 2270 2765 2329 penetrare
2790 2282 2802 2317 :
2827 2263 3037 2320 Dictum
3078 2263 3280 2336 quippe
3328 2273 3433 2330 est,
3471 2281 3572 2336 per
3609 2283 3730 2337 por-

2153 2355 2264 2401 tam
2289 2362 2499 2404 sacram
2528 2350 2868 2421 Scripturam
2894 2370 3054 2424 posse
3096 2354 3340 2427 (igurari.
3369 2356 3476 2415 Sed
3509 2359 3616 2412 hoc
3639 2375 3730 2413 no-

2149 2436 2235 2492 bis
2271 2438 2432 2494 modo
2475 2438 2745 2498 laboriose
2784 2445 3176 2503 discutiendum
3216 2460 3318 2518 est,
3361 2468 3464 2507 cur
3497 2449 3728 2510 latitudo

2150 2525 2351 2581 liminis
2379 2537 2548 2597 portae
2576 2533 2761 2588 decem
2792 2535 3008 2600 cubitis,
3045 2547 3099 2591 et
3143 2539 3420 2610 longitudo
3471 2544 3726 2600 tredecim

2150 2627 2513 2673 mensuratur.
2553 2620 2666 2675 Hoc
2705 2630 2885 2678 autem
2933 2625 3052 2681 loco
3094 2627 3368 2698 longitudo
3393 2644 3570 2700 porta:
3613 2634 3731 2689 alti-

2149 2707 2277 2762 tudo
2301 2708 2516 2762 dicitur.
2545 2708 2696 2766 Sicut
2723 2728 2821 2768 nos
2848 2714 3018 2785 longa:
3047 2721 3266 2772 statura:
3285 2721 3537 2787 dicimus,
3567 2739 3726 2792 quem

2149 2797 2316 2852 altttm
2342 2797 2606 2854 videmus.
2640 2800 2772 2856 Nam
2813 2803 3091 2875 longitudo
3126 2816 3297 2876 portat
3325 2810 3430 2864 dici
3472 2810 3525 2865 in
3556 2822 3728 2868 trans-

2149 2901 2363 2942 versum
2390 2903 2496 2943 non
2529 2900 2729 2960 potest,
2757 2892 2910 2962 cujus
2935 2895 3162 2952 latitudo
3188 2913 3287 2970 per
3311 2899 3500 2956 decem
3541 2905 3721 2960 cubita

2148 2978 2573 3036 demonstratur.
2603 2982 2741 3048 Quid
2767 3000 2897 3056 ergo
2920 2986 3143 3044 latitudo
3175 2989 3375 3047 liminis
3397 3003 3590 3064 portae,
3622 2996 3727 3053 nisi

2147 3069 2230 3124 lcx
2263 3069 2591 3126 Testamenti
2627 3075 2832 3130 Veteris
2865 3076 2994 3144 fuit;
3031 3088 3084 3132 et
3112 3080 3386 3152 longitudo
3417 3093 3591 3154 portae
3623 3088 3726 3144 nisi

474 3168 647 3238 ipsum
675 3176 730 3222 et
758 3169 812 3223 in
861 3170 980 3239 ipso
1023 3180 1152 3226 sum
1192 3173 1372 3227 omnia
1402 3171 1574 3244 (Rom.
1611 3175 1707 3246 Μ),
1740 3196 1756 3226 ,
1793 3193 1855 3231 ex
1905 3178 2043 3248 ipso,
2073 3164 2116 3225 ρ
2148 3161 2322 3229 gratia
2355 3160 2688 3218 Testamenti
2711 3163 2878 3232 Novi;
2907 3169 3307 3237 quia_\'idelicet
3331 3171 3618 3246 Scriptura
3639 3193 3729 3236 sa-

473 3259 724 3315 vidclicet
752 3275 818 3315 ex
849 3268 1032 3331 patre;
1061 3279 1160 3333 per
1185 3263 1380 3334 ipsum,
1404 3264 1507 3320 hoc
1531 3275 1616 3321 est
1633 3282 1731 3337 per
1759 3267 1958 3332 tilium;
1990 3270 2042 3324 in

471 3352 588 3420 ipso
616 3360 815 3418 autem,
863 3352 967 3407 hoc
1001 3361 1086 3408 est
1132 3353 1185 3408 in
1216 3354 1421 3425 Spiritu
1462 3366 1667 3432 sancto.
1715 3357 1884 3424 Quem
1913 3375 2044 3430 ergo

469 3442 642 3511 ipsqu
676 3441 892 3496 tertium
919 3442 1166 3508 dixisset,
1212 3445 1478 3514 adjunxit,
1520 3447 1620 3517 ipsi
1651 3448 1818 3516 gloria
1848 3449 1900 3502 in
1939 3466 2041 3504 sa:-

467 3531 586 3586 cula
611 3533 1136 3589 szeculorunuamen.
1180 3533 1282 3602 Qui
1310 3537 1454 3590 enim
1483 3552 1586 3592 non
1612 3537 1744 3592 dicit
1769 3540 1916 3608 ipsis,
1950 3543 2042 3594 sed

467 3623 591 3692 ipsi,
616 3623 842 3679 dicendo
884 3632 966 3679 ter
1004 3625 1203 3694 ipsum,
1228 3627 1474 3682 distinxit
1503 3644 1796 3698 personas:
1823 3641 1875 3686 et
1915 3634 2042 3688 sub-

465 3713 736 3785 iungendo
778 3713 877 3784 ipsi
907 3714 1098 3785 gloria,
1135 3731 1246 3769 non
1279 3715 1461 3772 divisit
1499 3719 1872 3774 substantiam.
1906 3721 2040 3786 Quia

469 3804 647 3874 itaque
672 3819 776 3858 una
806 3812 889 3859 est
923 3813 1168 3860 veterum
1215 3820 1279 3860 ac
1324 3821 1585 3862 novorum
1631 3818 1842 3879 patrum
1884 3810 2038 3877 ﬁdes,

466 3905 611 3949 recte
649 3896 1005 3950 thalamorum
1053 3896 1377 3952 describitur
1408 3914 1666 3955 mensura
1705 3919 1810 3960 una
1854 3905 2034 3966 trittut.

467 3983 608 4053 quod
634 3982 813 4037 verbis
835 3989 955 4042 aliis
979 3989 1293 4060 mplicatur,
1331 4007 1456 4054 cum
1487 3999 1760 4059 subditur:

543 4101 559 4130 ε
592 4079 658 4134 Ει
703 4097 952 4136 mensura
999 4100 1102 4138 una
1145 4084 1400 4142 frontium
1432 4105 1496 4144 ex
1543 4100 1772 4162 utraque
1812 4103 1982 4163 parte.
2014 4115 2031 4146 ι

468 4165 670 4240 (Greg.)
702 4171 780 4225 Ex
811 4180 1036 4242 utraque
1067 4175 1265 4230 etenim
1296 4188 1448 4248 parte
1476 4190 1564 4235 est
1606 4197 1855 4238 mensura
1898 4185 2038 4238 fron-

467 4259 597 4313 tium
623 4276 637 4324 ;
673 4261 796 4330 quia
823 4271 1006 4333 patres
1027 4264 1194 4319 nostri
1212 4265 1291 4320 vel
1313 4267 1465 4337 prius
1488 4267 1712 4324 aVetcri
1733 4273 1816 4326 vel
1845 4289 1984 4328 nunc
2005 4290 2033 4328 a

464 4345 612 4403 Novo
653 4349 998 4407 Testamento
1035 4354 1313 4411 venientes
1359 4357 1412 4411 in
1440 4374 1545 4413 una
1594 4363 1902 4418 mediatoris
1930 4366 2033 4420 ﬁde

461 4443 808 4509 conveniunt,
839 4444 962 4514 quia
990 4459 1088 4517 pro
1128 4461 1194 4500 eo
1243 4449 1384 4517 quod
1417 4450 1684 4506 cbaritate
1713 4453 1851 4523 pleni
1883 4463 2030 4521 sunt,

461 4546 677 4586 carnem
703 4534 1026 4589 abstinentia
1058 4535 1299 4603 domant,
1338 4541 1500 4594 corda
1529 4543 1860 4598 audientium
1899 4562 2035 4615 prac—

2147 3266 2240 3304 cra
2287 3250 2414 3305 dum
2445 3267 2541 3321 per
2573 3253 2974 3312 Testamentum
3021 3257 3188 3316 Vetus
3231 3262 3458 3318 crimina
3499 3281 3725 3338 operum

2146 3341 2498 3408 compescuit,
2527 3342 2644 3396 dari
2686 3345 2923 3400 decimas
2948 3350 3220 3420 przeeepit,
3251 3355 3404 3420 quasi
3433 3368 3534 3424 per
3576 3373 3725 3412 man-

2148 3430 2273 3483 data
2306 3430 2526 3484 humilia
2574 3432 2627 3486 in
2673 3434 3199 3496 liminislatitudiue
3220 3441 3408 3510 jacuit.
3456 3445 3566 3501 Sed
3600 3450 3724 3502 dum

2145 3534 2240 3587 per
2270 3519 2670 3576 Testamentum
2712 3523 2919 3581 Novum
2955 3531 3310 3598 cogitationes
3343 3550 3543 3604 pravas
3572 3554 3722 3594 coet-

2145 3611 2276 3676 cuit,
2327 3611 2625 3682 derelinqui
2673 3619 2854 3673 omnia
2883 3628 2937 3674 et
2987 3637 3085 3691 pro
3129 3624 3238 3679 Deo
3267 3626 3432 3681 vitam
3483 3633 3723 3700 corporis

2137 3699 2299 3767 jussit
2336 3717 2457 3756 cum
2483 3707 2734 3772 praesenti
2766 3709 2961 3764 seculo
2995 3713 3217 3782 despici,
3260 3718 3412 3785 quasi
3442 3699 3600 3787 porta
3629 3736 3719 3775 uo-

2142 3798 2253 3842 stra
2314 3790 2366 3844 in
2431 3791 2778 3863 longitudinis
2847 3799 3131 3857 altitudine
3189 3809 3444 3860 surrexit.
3517 3809 3716 3864 Minora

2139 3895 2338 3964 quippe
2374 3896 2647 3967 [magna
2689 3889 2978 3949 lsraelitico
3025 3906 3218 3966 populo
3253 3913 3350 3967 per
3394 3900 3568 3971 legem
3597 3905 3717 3957 data

2143 3995 2306 4040 sunt:
2335 3987 2473 4041 unde
2501 3999 2554 4044 et
2585 3990 2758 4045 eidem
2800 3995 2995 4062 popqu
3026 3994 3233 4066 Moyses
3259 3993 3310 4044 in
3351 4007 3546 4067 campo
3575 3994 3720 4050 locu-

2143 4092 2229 4136 tus
2263 4091 2368 4138 est.
2407 4083 2614 4140 Altiora
2658 4086 2920 4144 Dominus
2972 4092 3175 4146 sanctis
3230 4093 3489 4161 apostolis
3529 4093 3714 4148 dedit:

2141 4171 2280 4226 unde
2333 4182 2388 4228 et
2429 4175 2649 4229 eosdem
2701 4178 2968 4232 mandatis
3026 4180 3148 4235 vitae
3189 4181 3245 4237 in
3301 4191 3487 4236 monte
3538 4183 3716 4238 docuit

2143 4263 2356 4334 (Matth.
2382 4267 2458 4336 v).
2491 4267 2628 4321 Dum
2655 4284 2786 4323 vero
2834 4270 3162 4342 Redemptor
3182 4282 3364 4329 noster
3400 4290 3501 4345 per
3543 4276 3716 4331 Evam

2140 4356 2336 4426 gelium
2386 4359 2560 4413 dicit:
2589 4377 2608 4409 ι
2647 4358 2820 4416 Nolite
2851 4372 3041 4432 putare
3077 4367 3330 4434 quoniam
3359 4367 3482 4420 veni
3512 4368 3715 4423 solvere

2140 4445 2309 4514 legem
2350 4456 2442 4500 aut
2471 4449 2793 4517 prophetas,
2843 4467 2948 4505 non
2975 4454 3095 4508 veni
3141 4455 3370 4520 solvere,
3416 4458 3512 4511 sed
3552 4458 3716 4511 aditu-

2139 4533 2284 4602 plere
2313 4535 2522 4609 (lbid.).
2556 4557 2574 4588 ι
2619 4539 2924 4610 Adimplere
2969 4543 3139 4612 legem
3174 4556 3392 4600 venerat
3445 4548 3538 4617 qui
3586 4549 3713 4618 legis

463 4620 748 4676 dicationis
777 4623 977 4678 lumine
1023 4623 1316 4692 illustrant,
1356 4628 1508 4700 signa
1551 4629 1774 4699 faciunt,
1807 4634 2036 4689 virtutes

2146 4623 2356 4687 iustitiae
2401 4628 2632 4696 gratiam
2679 4630 2931 4685 addidit:
2969 4642 3027 4686 ut
3067 4636 3210 4703 quod
3261 4635 3347 4689 illa
3384 4638 3615 4706 iubebat
3660 4641 3711 4692 iu

461 4719 771 4778 operantur.
799 4711 904 4767 Per
922 4713 1026 4769 hoc
1051 4717 1194 4787 quod
1223 4731 1411 4773 eorum
1434 4719 1570 4773 bona
1607 4722 1761 4777 nobis
1784 4721 1932 4778 foras
1954 4726 2034 4778 in—

463 4806 784 4868 notescunt,
841 4817 946 4857 non
995 4804 1266 4862 immerito
1332 4807 1495 4878 hujus
1539 4811 1777 4867 cmlestis
1821 4813 2032 4868 aedilicii

461 4885 669 4942 frontes
708 4899 971 4944 vocantur
998 4912 1007 4944 ;
1033 4909 1194 4949 omne
1223 4896 1366 4950 enim
1399 4899 1540 4966 quod
1567 4915 1709 4954 nunc
1756 4902 1808 4955 in
1847 4913 2034 4972 aperto

463 4977 765 5032 ostenditur
791 4977 940 5034 frons
977 4990 1077 5047 est,
1115 4993 1174 5038 ut
1212 4985 1339 5040 illud
1368 4987 1439 5042 sit
1468 4989 1788 5044 vestibulum
1817 4993 2026 5048 aedilicii

465 5069 607 5141 quod
640 5069 795 5125 nobis
817 5070 1040 5129 interius
1061 5086 1391 5133 reservatur.
1418 5078 1672 5150 Sequitur
1697 5100 1709 5136 :

539 5183 556 5215 ι
593 5163 658 5218 Et
687 5178 903 5220 mensus
929 5175 1013 5221 est
1041 5167 1376 5225 latitudinem
1419 5171 1620 5226 liminis
1647 5184 1817 5246 porta:
1843 5176 2026 5231 decem

469 5271 486 5302 ι
526 5255 850 5320 cubitorum,
892 5265 948 5310 et
983 5256 1369 5327 longitudinem
1408 5269 1577 5329 porta:
1605 5263 1858 5318 tredecim
1885 5263 2030 5317 cubi-

466 5365 484 5394 ο
521 5356 716 5402 torum.
753 5365 772 5398 ι
804 5345 1070 5419 (Ηίενοη.)
1105 5346 1317 5404 Mensus
1337 5359 1421 5404 est
1456 5366 1668 5420 quoque
1697 5353 2028 5408 latitudinem

461 5433 660 5490 liminis
705 5445 874 5505 portae
920 5436 1104 5492 decem
1144 5438 1446 5492 cubitorum
1497 5441 1586 5509 qui
1629 5441 1899 5510 perfectus
1949 5453 2033 5498 est

463 5541 738 5592 numerus,
780 5537 834 5582 et
862 5529 948 5582 vel
1002 5528 1256 5598 decalogo
1289 5529 1649 5596 continuentur,
1679 5532 1764 5585 vel
1801 5547 2031 5603 evange-

459 5613 652 5669 liorum
705 5626 938 5684 quatuor
976 5625 1317 5673 sacramento
1364 5619 1455 5687 qui
1500 5620 1568 5674 ab
1616 5635 1724 5675 uno
1771 5622 2031 5691 incipiens

463 5705 533 5761 ita
561 5709 626 5760 ad
660 5718 888 5778 quatuor
908 5710 1154 5780 pervenit
1177 5719 1238 5765 ut
1279 5711 1562 5766 denarium
1593 5714 1812 5783 impleat
1846 5732 2029 5772 nume-

2141 4715 2398 4780 miuitnis,
2428 4718 2541 4786 ipse
2569 4720 2755 4787 perlici
2791 4723 3072 4793 adjuvaret
3105 4727 3159 4780 in
3203 4729 3467 4784 summis:
3492 4740 3548 4784 ct
3578 4732 3712 4799 quod

2141 4805 2226 4859 illa
2255 4809 2544 4864 coercebat
2581 4813 2650 4864 ab
2681 4827 2863 4882 opere,
2909 4817 3022 4886 ipse
3050 4833 3316 4876 msecaret
3343 4836 3376 4875 a
3403 4825 3589 4878 corde.
3636 4824 3714 4878 lo-

2140 4903 2349 4959 tcllccta
2377 4919 2509 4975 ergo
2552 4907 2638 4964 lex
2665 4922 2786 4978 quae
2817 4908 2871 4962 in
2912 4909 3194 4966 latitudine
3228 4912 3422 4982 jacuit,
3453 4915 3510 4970 in
3539 4916 3720 4971 altitu-

2138 4994 2262 5047 dine
2299 4997 2553 5050 surrexit.
2601 4999 2718 5067 Ipsa
2747 4999 2890 5052 enim
2931 4998 3027 5054 Dei
3055 5002 3291 5071 cognitio
3315 5017 3438 5072 qua
3475 5005 3622 5075 apud
3654 5003 3719 5059 ii-

2137 5084 2243 5138 lam
2274 5085 2326 5138 in
2353 5088 2684 5154 spiritalibus
2712 5091 2964 5159 patribus
2983 5090 3102 5158 fuit,
3129 5105 3256 5146 nota
3287 5095 3436 5150 omni
3467 5093 3716 5152 IIem-reo-

2139 5190 2257 5227 rum
2303 5176 2500 5244 populo
2541 5195 2644 5233 non
2695 5179 2797 5233 fuit
2835 5197 2849 5232 :
2882 5196 3005 5234 nam
3055 5183 3484 5252 omnipotentem
3526 5183 3711 5246 Dum.
3781 5249 3792 5258 .

2138 5273 2382 5318 sanctam
2413 5267 2661 5322 videlicet
2691 5268 3029 5333 Trinitatem,
3061 5285 3184 5326 cum
3213 5273 3496 5342 prophetae
3519 5272 3712 5344 pradi-

2138 5365 2345 5419 carent,
2385 5358 2617 5425 populus
2665 5359 2946 5428 ignorabat
2971 5379 2982 5414 :
3006 5361 3178 5417 solum
3214 5363 3542 5436 Decalogun
3573 5373 3713 5419 tene-

2138 5445 2230 5497 bat
2253 5446 2303 5498 in
2336 5445 2526 5515 legem,
2569 5447 2727 5503 ﬁdem
2758 5449 3039 5505 Trinitatis
3066 5453 3334 5508 nesciens.
3377 5453 3715 5508 leuaretur

2135 5550 2264 5603 ergo
2291 5535 2520 5591 latitudo
2559 5538 2758 5592 liminis
2782 5550 2951 5608 porta:
2993 5541 3182 5597 decem
3219 5543 3442 5608 cubitis,-
3469 5545 3596 5613 quia
3623 5542 3714 5598 dl-

2137 5644 2228 5683 rus
2261 5629 2348 5682 ille
2373 5631 2598 5699 populus
2639 5634 2990 5688 subtilitatem
3033 5633 3156 5689 ﬁdei
3187 5636 3466 5706 ignorans,
3491 5634 3712 5690 uia-da-

2137 5720 2202 5777 tis
2254 5723 2520 5775 serviebat
2569 5724 2826 5794 decalogi.
2884 5726 3227 5780 .ilcnsutetur
3268 5740 3401 5782 vero
3444 5725 3713 5796 longitudo
