3972 6184
1111 347 1465 406 ΕΟΜΜεΝἶἻ.
1503 345 1569 402 ιΝ
1606 344 2064 402 EZECHIELEH.
2105 372 2169 388 δ-
2213 346 2341 403 UB.
2384 346 2521 403 XIV.

3357 349 3461 409 963

186 467 361 529 portre
392 456 652 514 tredecim
680 454 900 523 cubitis,
933 456 1061 527 quia
1091 471 1188 528 per
1213 457 1619 513 Testamentum
1670 452 1766 508 No-
1809 456 1851 513 Λ
1886 456 2014 510 tiam
2035 458 2441 528 apprehendere
2458 467 2769 528 potuerunt.
2801 458 2962 515 Certe
2982 460 3267 518 Psalmista
3294 465 3460 520 dicit:

191 566 319 603 vum
348 550 402 604 in
440 548 601 604 corde
636 548 809 603 ﬁdelis
832 548 1013 618 populi
1043 563 1207 618 super
1246 547 1505 602 mandata
1536 545 1779 615 decalogi

190 655 317 710 quae
346 640 529 695 verius
544 639 787 694 custodit
829 638 1066 710 cognitio
1108 638 1390 693 Trinitatis
1410 638 1605 702 crevit,
1631 645 1689 691 et
1708 653 1780 690 eo

194 728 449 787 immittat
493 729 627 799 legis
660 729 906 799 perrexit,
949 745 1056 797 quo
1098 728 1417 783 Trinitatem
1459 743 1579 783 esse
1606 728 1781 781 muni-

194 827 472 890 potcotctn
497 820 783 875 Dominum
808 818 1061 873 credidit.
1096 817 1195 874 Ubi
1222 828 1278 871 et
1302 818 1451 873 credi
1494 819 1781 872 ratitutahi-

192 910 319 965 liter
364 919 576 980 potest,
626 926 725 963 cur
769 910 931 964 istam
982 909 1319 963 latitudinem
1365 909 1567 963 liminis
1611 918 1781 978 porta:

194 1016 359 1071 quam
388 1016 551 1072 supra
585 1002 816 1063 (literal,
846 1016 953 1055 om»
978 1000 1188 1054 calamo
1224 999 1528 1054 Incusurari
1556 998 1781 1053 inferius

192 1090 474 1158 sulijunxit
494 1093 638 1162 quod
657 1091 845 1146 decem
881 1091 1083 1146 cubitis
1100 1098 1462 1155 incusaretur,
1489 1106 1553 1145 ac
1587 1090 1784 1145 deinde

194 1186 449 1245 subditur
473 1224 490 1251 ,
545 1184 686 1255 quod
729 1185 1006 1255 longitudo
1043 1193 1215 1254 porta:
1275 1185 1529 1239 tredecim
1584 1184 1784 1241 cubitis

192 1286 563 1333 utensttretur.
608 1277 759 1333 Unus
803 1277 1003 1331 etenim
1041 1276 1284 1332 calamus
1320 1276 1434 1346 jam
1465 1278 1607 1331 sicut
1638 1292 1782 1348 stupe

196 1372 403 1426 dictum
443 1379 547 1435 est,
594 1387 686 1426 sex
718 1372 946 1437 cubitus,
985 1381 1044 1426 et
1087 1373 1320 1442 palmum
1362 1374 1563 1429 habet:
1594 1374 1782 1429 decem

195 1477 330 1516 vero
356 1459 651 1529 cubitijam
681 1478 983 1516 mensuram
1027 1479 1178 1517 suam
1221 1478 1381 1533 super
1405 1463 1673 1518 ealanmm
1705 1472 1783 1519 te-

197 1556 364 1618 nent;
395 1553 652 1607 tredecim
682 1568 809 1607 vero
827 1553 1061 1622 amplius
1084 1568 1247 1621 quam
1280 1554 1490 1607 decem.
1523 1551 1661 1620 Quid
1701 1560 1783 1605 est

194 1659 328 1714 ergo
362 1645 506 1713 quod
534 1645 686 1713 prius
730 1645 787 1698 in
815 1660 921 1699 uno
962 1645 1174 1699 calamo
1203 1644 1367 1699 limen
1400 1653 1588 1715 portat,
1628 1653 1779 1714 post-

196 1735 421 1789 modum
450 1733 678 1789 latitudo
718 1732 833 1802 ejus
879 1735 1063 1788 decem
1107 1734 1321 1799 cubitis,
1364 1735 1435 1789 ad
1479 1743 1781 1789 extremum

194 1840 423 1894 quoque
460 1824 737 1895 longitudo
774 1834 944 1894 porta:
983 1826 1241 1879 tredecim
1285 1834 1650 1890 mensuratur,
1683 1826 1785 1880 nisi

100 1922 109 1931 ’
196 1913 343 1984 quod
395 1916 565 1970 sancti
616 1925 797 1986 patres
845 1932 980 1986 quos
1028 1929 1124 1986 per
1179 1932 1388 1971 sacram
1449 1916 1785 1987 Scriptorum

196 2017 326 2063 ante
356 2007 528 2079 legem
556 2007 720 2064 fuisse
754 2009 1151 2079 cognoscimus,
1182 2024 1349 2062 unum
1373 2008 1597 2078 quidem
1613 2009 1788 2062 omni-

196 2106 478 2168 potentem
509 2100 698 2164 Deum,
747 2108 989 2154 sanctam
1039 2099 1289 2153 videlicet
1316 2099 1634 2153 Trinitatem
1660 2114 1786 2153 esse

200 2190 513 2243 noverunt?
552 2190 645 2244 sed
674 2190 915 2245 eamdem
959 2190 1277 2245 Trinitatem
1330 2205 1497 2260 quam
1524 2203 1797 2261 cognoro--

200 2292 348 2346 rant,
383 2290 570 2351 aperte
596 2282 819 2337 minime
848 2283 1296 2352 przcdicavcrunt,
1322 2282 1415 2353 qui
1444 2283 1567 2353 eius
1589 2281 1790 2350 jussio-

200 2371 364 2426 nibus
396 2371 730 2437 obedientes,
778 2382 833 2427 et
863 2371 989 2425 vitm
1022 2372 1348 2425 mollitiam
1372 2381 1787 2437 conservantes,

198 2462 358 2532 quasi
391 2462 447 2516 in
472 2476 566 2517 sex
602 2461 806 2516 cubitis
845 2461 1036 2517 calami
1070 2462 1377 2516 habuerunt
1402 2461 1791 2530 perfectionem

198 2553 411 2622 operis,
434 2560 491 2608 et
517 2566 658 2623 saepe
685 2552 903 2623 angelos
930 2553 1171 2608 videntes
1214 2554 1520 2607 habuerunt
1552 2553 1789 2622 palmum

199 2640 699 2711 contemplationis.
739 2642 872 2696 Data
903 2651 1085 2696 autem
1123 2642 1273 2695 rudis
1321 2641 1410 2695 ille
1439 2641 1790 2697 Hebraeorum

199 2732 436 2804 populus
465 2733 716 2787 mandata
754 2731 996 2803 deculogi
1028 2745 1249 2787 scrvare
1285 2742 1519 2803 conatus
1534 2740 1650 2797 est,
1693 2733 1790 2787 sed

202 2832 390 2879 tamen
420 2822 487 2878 de
509 2822 821 2895 cognitione
854 2830 1057 2878 sancta:
1090 2823 1372 2878 Trinitatis
1411 2823 1658 2880 eruditus
1683 2837 1789 2880 non

202 2923 308 2972 est.
360 2915 430 2970 Et
449 2915 696 2985 quamvis
726 2915 868 2970 hanc
908 2913 1179 2984 spiritales
1216 2923 1401 2984 patres
1427 2914 1669 2984 perfecte
1702 2930 1793 2972 co-

199 3007 543 3079 gnovissent,
583 3006 873 3063 multitudo
920 3015 1098 3061 tamen
1145 3022 1336 3078 magna
1362 3022 1647 3079 synagoga:
1693 3023 1794 3064 nec

202 3099 453 3156 invenire
493 3098 810 3170 mysterium
856 3097 1140 3153 Trinitatis
1175 3098 1371 3167 potuit,
1423 3113 1524 3153 nec
1551 3114 1794 3169 quaerere

203 3189 385 3245 scivit.
415 3188 839 3260 Superveniente
863 3196 1045 3242 autem
1066 3186 1237 3258 gratia
1266 3201 1363 3256 per
1384 3186 1794 3243 Testamentum

205 3280 419 3337 Novum
458 3281 636 3337 omnis
680 3280 853 3335 ﬁdelis
882 3279 1110 3350 populus
1141 3295 1305 3334 unum
1351 3280 1519 3333 Deum
1553 3279 1793 3335 Trinita-

206 3383 319 3428 tem
350 3388 472 3428 esse
501 3372 772 3444 cognovit,
801 3380 857 3426 et
876 3372 1126 3425 virtutem
1153 3370 1393 3441 decalogi
1419 3371 1472 3425 in
1497 3369 1615 3440 ejus
1638 3373 1794 3443 agni-

208 3466 361 3520 tione
390 3464 697 3534 complevit.
728 3463 884 3518 Prius
902 3478 1033 3533 ergo
1064 3463 1226 3517 limen
1253 3472 1422 3532 portae
1451 3473 1797 3520 mensuretur

205 3558 425 3612 calamo
455 3573 583 3620 uno,
610 3555 957 3626 postmodum
1005 3556 1233 3610 latitudo
1272 3555 1389 3626 ejus
1419 3555 1603 3610 decem
1642 3557 1794 3611 cubi-

209 3651 306 3713 tis,
331 3657 493 3716 autne
522 3646 589 3700 ad
631 3654 935 3701 extremum
962 3645 1241 3715 longitudo
1268 3651 1438 3714 portat
1465 3645 1665 3700 cubitis
1690 3653 1797 3700 tre-

210 3739 392 3802 decim
419 3756 432 3791 :
456 3738 579 3807 quia
596 3745 652 3791 et
690 3738 897 3791 sanctis
925 3737 1169 3806 patribus
1195 3744 1322 3791 ante
1345 3736 1515 3807 legem
1539 3738 1716 3792 activa
1741 3746 1798 3792 et

207 3829 631 3900 contemplativa
663 3829 771 3882 vita
801 3842 907 3882 non
934 3826 1124 3891 defuit,
1159 3836 1214 3883 et
1250 3828 1353 3883 sub
1381 3828 1515 3899 legis
1544 3829 1801 3900 deealogo

210 3923 452 3994 populus,
493 3922 687 3977 divina:
727 3921 1046 3977 substantiae
1091 3922 1406 3992 mysterium
1450 3923 1702 3978 nesciens
1743 3923 1799 3976 in

213 4014 593 4069 ntamlatorum
618 4012 900 4067 latitudine
927 4011 1188 4076 servivit;
1221 4020 1279 4067 et
1326 4027 1469 4066 nullo
1498 4014 1601 4068 sub
1628 4013 1801 4084 gratia

213 4103 500 4160 custoditis
530 4102 718 4157 verius
762 4102 1001 4173 deealogi
1052 4103 1358 4172 praiceptis,
1389 4103 1567 4158 omnis
1595 4103 1687 4172 qui
1733 4103 1803 4158 ad

214 4194 381 4251 ﬁdem
414 4194 642 4258 venerit,
679 4200 883 4248 sanctis
913 4192 1195 4247 Trinitatis
1237 4201 1577 4248 sacramenta
1606 4207 1806 4264 cogno-

213 4286 341 4342 scit.
371 4284 490 4353 Qua
520 4284 575 4338 in
602 4299 663 4356 re,
686 4285 791 4338 hoc
814 4297 1027 4352 quoque
1050 4282 1205 4337 nobis
1230 4282 1509 4338 sciendum
1532 4291 1638 4350 est,
1660 4285 1805 4353 quod

215 4376 679 4447 periucromenta
699 4381 1002 4442 temporum
1029 4373 1198 4428 erevit
1229 4373 1453 4428 scientia
1479 4374 1805 4444 spiritalium

1823 3160 1869 3220 C

1888 567 1904 597 ο
1944 533 2222 613 ριῖοηιοᾱο
2259 548 2420 603 dilexi
2466 549 2638 619 legem
2685 557 2856 616 tuam,
2916 551 3160 617 Domine,
3209 560 3319 607 tota
3376 556 3465 607 die

1882 641 2159 694 meditatio
2187 656 2304 695 mea
2332 650 2416 695 est
2448 639 2620 711 (Psal.
2646 643 2866 712 cxvm);
2902 664 2919 694 ι
2962 651 3122 713 atque
3146 644 3420 716 subjungii
3450 655 3470 692 ς

1889 750 1905 780 ‹
1935 732 2313 800 Superomnes
2328 732 2586 786 decernes
2610 735 2975 799 meintellexi,
3004 737 3129 804 quia
3157 737 3463 791 testimonia

1884 832 1972 877 tua
2004 822 2281 878 meditatio
2312 841 2428 878 mea
2467 835 2549 878 est
2577 867 2589 887 ,
2620 845 2639 875 i
2674 834 2729 880 et
2757 828 2950 881 iterum
2976 846 2987 880 :
3019 847 3038 877 ‹
3074 826 3249 897 Super
3282 829 3460 882 senio-

1883 930 1970 968 res
2002 915 2260 970 intellexi.
2292 935 2310 965 ν
2344 916 2447 982 Qui
2489 933 2618 986 ergo
2656 919 2824 987 legem
2873 921 3120 976 meditari
3168 900 3227 976 se
3257 937 3464 976 memn-

1885 1014 1987 1069 rnt,
2010 1013 2065 1059 et
2088 1020 2254 1076 super
2273 1021 2464 1061 omnes
2498 1008 2756 1064 docentes
2796 1025 2917 1065 esse
2949 1026 3011 1066 ac
3042 1012 3288 1067 seniores
3311 1012 3467 1068 intel-

1884 1094 2081 1150 lexisse
2119 1104 2368 1161 testatur,
2398 1098 2523 1165 quia
2573 1099 2813 1153 divinam
2860 1103 3143 1157 scientiam
3181 1103 3464 1174 plusquam

1883 1185 2095 1257 Moyses
2110 1195 2397 1256 acceperat
2419 1188 2751 1244 manifestat.
2776 1190 3060 1257 Quomodo
3084 1202 3264 1247 autem
3285 1203 3468 1249 esten-

1883 1275 2003 1331 suri
2050 1292 2244 1333 sumus
2289 1278 2417 1348 quia
2467 1278 2587 1347 plus
2636 1280 2806 1334 sancti
2848 1281 3079 1355 apostoli
3124 1283 3303 1337 edocti
3338 1291 3469 1337 sunt

1885 1382 2045 1437 quam
2073 1368 2382 1438 prophetae?
2416 1370 2575 1423 Certe
2617 1370 2829 1425 Veritas
2877 1370 3049 1425 dicit:
3080 1391 3098 1422 ι
3134 1371 3282 1426 Multi
3312 1387 3469 1443 reges

1884 1467 1941 1514 et
1965 1459 2240 1536 prophece
2263 1460 2550 1515 voluerunt
2584 1460 2770 1515 videre
2795 1472 2916 1531 quae
2941 1461 3156 1528 videtis,
3180 1466 3367 1517 ctndn
3384 1463 3472 1517 Vi-

1886 1550 2122 1604 derunt:
2167 1558 2222 1604 et
2267 1550 2454 1605 audire
2495 1566 2614 1621 quae
2652 1551 2875 1616 auditis,
2924 1560 2979 1606 et
3030 1564 3137 1608 nun
3180 1551 3470 1608 audierunt

1888 1639 2039 1709 (Luc.
2065 1641 2144 1708 κ).
2178 1659 2198 1690 ι
2233 1639 2356 1693 Plus
2386 1656 2516 1711 ergo
2545 1656 2715 1710 quam
2756 1643 3032 1711 prophetae
3060 1642 3245 1698 divina
3292 1644 3469 1699 scien-

1894 1733 1963 1787 tia
2009 1740 2294 1786 noverunt.
2325 1732 2458 1799 Quia
2499 1732 2643 1801 quod
2670 1733 2759 1787 illi
2803 1733 2917 1787 solo
2962 1733 3157 1804 Spiritu
3190 1734 3465 1802 viderunt,

1819 1810 1873 1868 Β
1894 1821 1992 1890 ipsi
2018 1823 2179 1876 etiam
2210 1825 2566 1894 mrporaliter
2595 1826 2868 1880 videbant.
2908 1826 3129 1896 impleta
3160 1835 3244 1881 est
3289 1827 3473 1899 itaque

1892 1928 1954 1967 ea
1976 1930 2096 1983 qum
2128 1915 2380 1984 superius
2406 1915 2661 1981 diximus,
2698 1916 2931 1970 Dauiclis
2972 1917 3261 1982 sententia,
3296 1936 3317 1968 ι
3345 1917 3473 1987 quia

1890 2004 2296 2072 pertransibunt
2324 2005 2564 2075 plurimi,
2606 2015 2661 2061 et
2711 2004 2989 2075 multiplex
3027 2005 3135 2059 erit
3166 2005 3414 2060 scientia.
3442 2025 3467 2057 1

1891 2095 2138 2150 Mensura
2187 2111 2316 2166 ergo
2369 2097 2562 2150 calami
2601 2098 2692 2166 qui
2739 2104 2822 2151 est
2871 2110 2965 2151 sex
3019 2096 3366 2162 cubitorum,
3419 2104 3477 2152 et

1890 2184 2071 2255 palmo
2097 2186 2327 2240 ducatur
2342 2186 2415 2240 ad
2448 2187 2663 2241 cubitus
2691 2188 2901 2252 decem,
2928 2195 2984 2242 et
3004 2198 3263 2242 mensura
3284 2188 3473 2243 decem

1891 2276 2195 2329 cubitorum
2236 2278 2303 2330 ad
2353 2284 2658 2331 extremum
2702 2289 2890 2348 surgat
2918 2279 2973 2332 in
3011 2275 3313 2333 tredecim:
3346 2277 3474 2348 quia

1890 2373 2095 2434 minuto
2136 2367 2368 2421 mundus
2397 2366 2465 2420 ad
2492 2367 2891 2422 extremitatem
2918 2367 3153 2434 ducitur,
3196 2376 3348 2423 tanto
3371 2382 3473 2423 no-

1891 2459 1977 2513 bis
2002 2468 2222 2513 :eternze
2254 2459 2434 2514 aditus
2462 2459 2665 2530 largius
2684 2460 2956 2531 ‘aperitur.
2980 2457 3245 2531 Sequitur
3264 2479 3282 2514 ηε

1967 2568 1988 2601 ι
2027 2550 2093 2605 Et
2139 2551 2441 2622 marginem
2502 2560 2628 2607 ante
2682 2536 2969 2607 thalamos
3001 2552 3169 2609 cubiti
3234 2553 3413 2608 unius.
3450 2573 3471 2606 ι

1894 2640 2097 2713 (δτεθι)
2127 2641 2281 2697 Sicut
2324 2656 2470 2713 stepe
2509 2643 3030 2705 diximus-thalami
3082 2644 3245 2699 corda
3279 2636 3499 2700 electo?

1857 2770 1864 2776 .
1895 2746 2014 2786 rum
2059 2738 2209 2799 sunt,
2242 2732 2632 2803 omnipotentis
2660 2732 2753 2785 Dei
2800 2746 2986 2786 amore
3027 2730 3310 2788 let-tentia.
3337 2724 3497 2801 Quid

1894 2839 1991 2893 per
2019 2825 2318 2894 marginem
2356 2833 2483 2881 ante
2514 2822 2781 2879 thalamos
2823 2823 2928 2879 nisi
2955 2823 3087 2879 ﬁdes
3115 2825 3438 2893 exprimitur
3456 2825 3482 2879 ?

1895 2917 2019 2986 quia
2055 2917 2159 2972 nisi
2192 2917 2344 2988 prius
2374 2918 2491 2987 ipsa
2524 2925 2792 2980 teneatur,
2818 2915 2964 2970 nullo
2989 2917 3148 2972 modo
3168 2917 3236 2973 ad
3261 2917 3483 2989 spirita-

1896 3008 2000 3063 lem
2026 3023 2265 3064 antorem
2300 3008 2652 3080 pet-tingitur.
2703 3008 2819 3062 Non
2855 3008 2999 3062 enim
3029 3009 3268 3064 charitas
3294 3008 3482 3077 ﬁdem,

1900 3103 1995 3158 sed
2042 3102 2175 3157 ﬁdes
2215 3102 2535 3157 charitatem
2588 3100 2882 3171 praecedit:
2910 3115 3070 3156 nemo
3105 3101 3249 3156 enim
3301 3110 3487 3173 potest

1897 3206 2086 3246 amare
2110 3192 2251 3260 quod
2289 3206 2399 3245 non
2431 3190 2740 3245 crediderit.
2782 3190 2965 3260 Μωυεο
2995 3192 3179 3262 itaque
3224 3200 3309 3248 est
3357 3202 3484 3250 ante

1900 3282 2186 3347 thalamos,
2216 3282 2348 3336 ﬁdes
2390 3289 2516 3336 ante
2564 3282 2812 3337 ardorem
2836 3282 3147 3345 charitatis,
3168 3283 3301 3354 quia
3338 3283 3515 3355 sicut,

1898 3374 2100 3429 dictum
2138 3380 2241 3437 est,
2273 3372 2376 3426 nisi
2418 3388 2482 3426 ea
2523 3384 2643 3442 que
2678 3372 2835 3425 audis
2878 3372 3198 3437 credideris,
3236 3374 3305 3427 ad
3336 3380 3488 3431 amo-

1856 3506 1859 3509 .
1900 3479 2015 3519 rem
2070 3478 2258 3518 eorum
2300 3477 2421 3532 quae
2469 3460 2707 3516 audieris
2761 3460 3070 3516 nullatenus
3104 3460 3484 3520 inﬂammaris.

1901 3553 2007 3609 Sed
2050 3568 2239 3623 margo
2282 3560 2410 3607 ante
2452 3551 2721 3606 thalamos
2769 3550 2935 3606 cubiti
2965 3552 3123 3606 unius
3153 3550 3317 3622 :quia
3356 3560 3488 3609 tunc

1898 3645 2036 3709 ﬁdes
2095 3644 2257 3699 corda
2315 3643 2650 3698 audientium
2719 3643 2829 3696 Deo
2882 3642 2935 3696 in
2994 3656 3179 3697 amore
3227 3643 3486 3714 copulat,

1901 3736 2116 3806 quando
2140 3749 2238 3805 per
2267 3748 2485 3789 errores
2513 3742 2569 3789 et
2595 3733 2886 3788 schismata
2913 3732 3082 3787 divisa
3123 3749 3230 3787 non
3266 3722 3371 3801 est,
3394 3739 3490 3791 sed

1901 3826 1956 3880 in
1985 3825 2194 3880 unitate
2220 3824 2500 3894 perdurat,
2531 3831 2591 3877 ut
2619 3821 2870 3877 videlicet
2914 3836 3100 3894 margo
3138 3824 3298 3880 unius
3320 3816 3489 3880 cubiti

1902 3915 2174 3971 audientis
2198 3914 2438 3969 animum
2464 3914 2531 3968 ad
2566 3912 2863 3968 thalamum
2892 3912 3154 3983 perducat
3178 3931 3191 3967 :
3221 3915 3348 3985 quia
3376 3932 3491 3972 coe-

1902 4006 2054 4061 lestis
2093 4006 2275 4076 sponsi
2314 4003 2548 4073 speciem
2592 4019 2755 4075 quam
2799 4003 2891 4060 hic
2933 4005 3209 4075 praedicat,
3252 4015 3493 4077 postmo-

1904 4100 2031 4155 dum
2073 4099 2127 4153 in
2176 4097 2493 4153 crelestibus
2537 4096 2895 4153 demonstrat.
2925 4096 3080 4153 Unde
3113 4084 3168 4153 et
3198 4096 3334 4153 bene
3364 4101 3489 4156 sub-

1906 4191 2051 4246 ditur
2086 4207 2101 4243 :
2576 4226 2599 4233 ».
3198 4184 3199 4187 “

1981 4303 2001 4335 ι
2028 4281 2096 4337 Et
2143 4281 2357 4337 cubitus
2405 4296 2552 4336 illius
2607 4279 2733 4335 ﬁnis
2790 4289 3100 4350 utrumque.
3133 4297 3151 4329 ι
3188 4277 3492 4352 Utrumque

1907 4381 2087 4428 autem
2113 4372 2311 4427 dicitur
2339 4385 2404 4425 ac
2433 4370 2479 4425 si
2518 4370 2731 4425 dicatur
2770 4378 3140 4439 utrorumque.
3174 4366 3278 4422 Per
3308 4368 3493 4424 latitu-

214 4474 436 4536 patrum
467 4462 628 4533 :plus
655 4476 888 4531 namque
910 4461 1123 4532 Moyses
1151 4476 1313 4531 quam
1353 4463 1651 4528 Abraham,
1685 4463 1807 4533 plus
1836 4497 1883 4556 ο
1910 4464 2090 4518 dinem
2130 4462 2330 4532 quippe
2360 4459 2562 4515 liminis
2602 4470 2656 4514 et
2693 4457 3080 4556 longitudinem
3109 4456 3497 4556 por-laudans

212 4556 499 4626 propheta:
519 4569 681 4624 quam
711 4552 941 4625 Moyses,
973 4552 1095 4623 plus
1123 4553 1355 4622 apostoli
1383 4568 1547 4622 quam
1574 4555 1805 4624 prophe-

216 4653 288 4698 tae
317 4643 375 4698 in
409 4642 796 4713 omnipotentis
818 4642 917 4698 Dei
938 4642 1166 4698 scientia
1203 4643 1400 4697 eruditi
1423 4652 1569 4698 sunt.
1602 4643 1804 4710 Fallor,

214 4734 264 4790 si
298 4734 421 4789 hac
466 4733 582 4803 ipsa
609 4732 889 4804 Scriptura
916 4750 1025 4788 non
1054 4733 1296 4803 loquitur
1322 4733 1487 4805 (Dan.
1530 4735 1652 4807 xu),
1683 4752 1806 4807 per-

217 4823 545 4880 transibunt.
570 4823 789 4894 plurimi
821 4832 885 4879 et
927 4823 1208 4893 multiplex
1254 4825 1362 4878 erit
1404 4826 1656 4880 scientia.
1699 4826 1807 4883 Sed

215 4916 340 4972 hate
364 4915 553 4971 eadem
583 4930 703 4984 quae
733 4915 799 4970 de
824 4914 1123 4980 Abraham,
1158 4922 1214 4970 et
1256 4915 1558 4985 prophetis,
1586 4929 1643 4972 et
1679 4934 1809 4988 apo-

216 5004 378 5060 stolis
404 5004 661 5070 diximns,
690 5019 758 5060 ex
794 5002 1035 5072 ejusdem
1061 5004 1357 5075 Scriptura:
1386 5007 1564 5063 verbis
1590 5009 1642 5063 si
1683 5025 1810 5079 pos-

215 5111 412 5153 sumus
452 5096 817 5152 ostendamus.
851 5096 983 5164 Quis
1031 5096 1178 5151 enim
1225 5098 1434 5153 nomint
1471 5100 1598 5169 quia
1637 5100 1814 5156 Abra-

218 5190 350 5247 ham
395 5203 520 5243 cum
554 5188 671 5243 Deo
708 5187 926 5248 locutus
971 5188 1094 5244 est?
1154 5198 1211 5244 et
1254 5197 1435 5245 tamen
1482 5191 1550 5246 ad
1593 5191 1810 5263 Moysen

219 5277 486 5337 Dominus
543 5278 709 5335 dicit:
742 5296 761 5329 ι
789 5278 904 5349 Ego
951 5293 1071 5333 sum
1126 5279 1271 5335 Deus
1316 5281 1611 5350 Abraham,
1667 5284 1819 5339 Deus

221 5371 393 5437 Isaac,
422 5381 477 5428 et
516 5373 661 5429 Deus
692 5371 883 5437 Iacob,
910 5381 967 5429 et
988 5388 1185 5429 nomen
1214 5389 1395 5429 meum
1432 5375 1662 5444 Adonai,
1700 5393 1808 5433 non

192 5466 463 5527 iudicavi
510 5467 592 5523 eis
629 5466 832 5538 (Exod.
874 5467 972 5537 vi).
1007 5488 1025 5520 ι
1078 5468 1218 5523 Ecce
1258 5468 1379 5539 plus
1426 5469 1596 5541 Moysi
1642 5487 1807 5542 quam

222 5560 461 5619 Abrahae
494 5562 827 5626 innotuerat,
863 5562 955 5631 qui
1001 5561 1128 5615 illud
1166 5562 1334 5616 dese
1364 5561 1532 5634 Moysi
1584 5565 1808 5631 indicat,

224 5653 370 5724 quod
396 5667 459 5711 se
487 5652 719 5708 Abrahae
762 5667 868 5707 non
900 5653 1169 5709 indicasse
1208 5654 1487 5709 narrabat.
1530 5654 1587 5711 Si
1629 5656 1811 5711 videa-

225 5757 349 5799 mus
378 5744 425 5799 si
465 5743 743 5815 propheta:
768 5743 893 5813 plus
926 5758 1088 5812 quam
1115 5743 1327 5814 Moyses
1354 5745 1591 5800 divinam
1633 5746 1811 5805 scien-

557 5839 833 5899 Ρηιιοι..
881 5836 1016 5901 CX.

1909 4571 1975 4611 ac
1999 4553 2206 4610 Novum
2246 4551 2654 4607 Testamentum
2691 4551 2925 4605 diximus
2952 4548 3245 4620 designari.
3288 4549 3370 4607 Ad
3400 4566 3495 4607 ex-

1860 4678 1869 4687 ν
1911 4657 2144 4703 tremum
2183 4659 2310 4700 vero
2357 4644 2577 4698 additur
2614 4641 2758 4711 quod
2802 4641 3020 4696 cubitus
3059 4656 3199 4698 uitus
3245 4642 3316 4699 sit
3369 4642 3493 4701 ﬁnis

1914 4747 2201 4807 utrumque
2225 4753 2237 4790 :
2260 4734 2387 4805 quia
2413 4732 2661 4789 videlicet
2681 4732 3088 4788 Testamentum
3114 4734 3302 4801 Vetus,
3326 4753 3497 4795 unum

1913 4829 2073 4884 nobis
2111 4826 2462 4881 mediatorem
2490 4822 2586 4878 Dei
2610 4832 2668 4877 et
2693 4822 2972 4877 hominum
2996 4825 3286 4893 nuntiavit,
3313 4836 3367 4882 et
3394 4827 3497 4884 Te-

1913 4926 2240 4975 stamentum
2270 4915 2478 4970 Novum
2503 4914 2751 4970 eumdem
2783 4913 2938 4969 nobis
2963 4916 3178 4971 nuntiat
3205 4916 3260 4971 in
3293 4925 3497 4973 mterna

1916 5014 2163 5071 claritate
2187 5018 2494 5074 venturum,
2516 5021 2675 5079 quem
2697 5004 2810 5075 jam
2838 5022 2935 5077 pro
2965 5006 3121 5063 nobis
3146 5000 3499 5079 cognovimus

1916 5104 2279 5163 incarn'atum.
2310 5101 2537 5157 Cubitus
2574 5114 2705 5171 ergo
2734 5115 2874 5155 unus
2896 5099 3034 5173 ,ﬁnis
3055 5106 3346 5172 utrumque
3368 5112 3452 5158 est
3478 5121 3495 5159 :

1916 5200 2045 5271 quia
2071 5206 2127 5254 et
2168 5209 2330 5268 quem
2376 5194 2465 5250 lex
2501 5192 2753 5261 praedixit
2799 5192 2854 5247 in
2903 5206 3067 5246 carne
3111 5191 3401 5262 apparuit:
3445 5201 3501 5249 et

1920 5291 2035 5360 ipse
2061 5301 2222 5358 quem
2257 5298 2405 5340 nunc
2444 5283 2853 5338 Testamentum
2900 5276 3109 5337 Novum
3158 5282 3397 5353 loquitur
3441 5282 3498 5338 in

1920 5379 2091 5452 gloria
2129 5373 2431 5446 maiestatis
2458 5373 2773 5445 apparebit:
2805 5380 2861 5440 et
2905 5380 3034 5428 tunc
3058 5381 3348 5444 utrumque
3374 5371 3501 5427 ﬁnis

1918 5472 2026 5527 erit
2050 5486 2172 5527 cum
2198 5469 2346 5525 visus
2375 5469 2429 5523 in
2455 5466 2751 5523 divinitatis
2773 5481 2883 5523 sure
2901 5466 3141 5538 potentia
3168 5467 3349 5527 omnia
3378 5481 3500 5536 quae

1919 5569 2046 5617 sunt
2082 5560 2342 5631 praedicta
2370 5558 2741 5630 compleverit.
2791 5556 3066 5628 Scriptum
3110 5571 3344 5628 namque
3374 5566 3494 5613 est:

1925 5674 1943 5707 α
1973 5654 2125 5709 Finis
2168 5652 2304 5723 legis
2351 5651 2601 5708 Christus
2641 5651 2708 5707 ad
2750 5649 3017 5721 justitiam
3066 5650 3211 5705 omni
3258 5650 3500 5707 credenti

1920 5746 2095 5818 (Rom.
2130 5746 2224 5819 x);
2255 5765 2273 5799 ›
2317 5743 2441 5801 ﬁnis
2479 5743 2731 5804 videlicet
2785 5758 2891 5799 non
2935 5742 3028 5811 qui
3074 5740 3363 5809 consumit,
3405 5740 3503 5797 sed

2944 5834 3025 5894 29
