3972 6184
501 302 604 356 titt'l

1133 299 1190 351 Β.
1233 294 1485 350 ιιΑΒΑΝι
1524 291 1743 347 ΜᾹΗΒΙ
1781 286 2067 343 ARCIIIEF

2175 283 2447 341 IOCUNT.
2489 283 2775 339 OPERUM
2816 281 2993 336 PARS
3035 282 3098 337 ll.

3656 281 3759 336 908

496 416 587 480 qui
614 412 841 482 perﬁcit.
876 410 1023 464 ’l'uue
1055 408 1251 462 etenim
1294 407 1462 476 legem
1495 404 1744 475 perfecit,
1775 417 1896 456 cum
1931 400 2072 453 sicut
2103 405 2143 460 Α
2174 398 2315 457 bilis,
2371 398 2423 450 itt
2474 405 2665 450 natura
2712 405 2892 450 nostra
2933 394 3318 464 comprehendi
3360 393 3617 463 dignatus
3657 402 3762 458 est,

497 505 577 557 lex
617 502 937 571 pratdixct‘at
980 499 1293 551 incarnatus
1342 496 1610 564 apparuit.
1664 493 1772 546 Sed
1804 492 1975 545 adhuc
2006 491 2072 542 de

493 593 610 659 ejus
635 589 839 658 judicio
871 587 1052 659 multa
1106 585 1311 639 Novum
1361 585 1766 638 'l‘cstantentnm
1814 581 2067 648 loquitur.

495 683 682 735 Adhuc
724 679 890 733 multa
935 678 1000 731 de
1045 692 1208 746 regno
1251 676 1395 729 illius
1441 682 1800 740 narrat,th
1843 671 2070 725 necdum

494 773 737 824 videmus
761 768 996 837 impleta.
1034 767 1170 820 Ecce
1203 766 1443 834 quotidie
1472 763 1818 832 Evangelium
1856 761 2070 830 legitur,

503 871 721 916 ventura
750 860 856 912 vita
891 859 1233 928 praedicatur.
1274 856 1422 909 Tune
1449 871 1578 924 ergo
1599 855 1704 908 erit
1726 861 1780 906 et
1811 852 1941 906 Novi
1965 852 2070 904 Te-

493 953 745 1008 stamenti
775 953 916 1015 ﬁnis,
951 967 1071 1004 cum
1094 964 1154 1002 ea
1182 965 1300 1018 qua!
1326 949 1392 1002 de
1418 964 1474 1001 se
1515 946 1782 1017 promisit,
1814 943 2071 1012 impleve-

493 1044 583 1098 rit.
621 1043 832 1096 Finitur
855 1055 985 1094 vero
1015 1039 1415 1092 Testamentum
1451 1036 1654 1090 Novum
1686 1035 1829 1104 quod
1856 1034 2071 1102 perlici-

495 1144 584 1187 tur
615 1152 625 1186 :
655 1149 776 1187 nam
825 1146 948 1186 cum
995 1129 1107 1198 ipse
1142 1129 1207 1182 de
1255 1143 1360 1195 quo
1416 1127 1652 1195 loquitur
1697 1125 1847 1178 visus
1886 1121 2072 1183 fuerit,

491 1224 730 1292 ejusdem
757 1221 1089 1276 Tcstamcuti
1120 1219 1277 1272 verba
1309 1219 1614 1272 cessabunt.
1645 1217 1862 1269 Dicatur
1893 1214 2074 1281 itaque

487 1315 561 1366 de
609 1313 794 1364 limine
820 1319 876 1363 et
917 1318 1091 1378 porta,
1125 1327 1142 1357 ι
1176 1316 1231 1360 ct
1271 1307 1484 1361 cubitus
1523 1321 1661 1360 unus
1701 1304 1824 1357 linis
1861 1311 2072 1356 utrum-

487 1419 614 1473 que.
649 1423 666 1455 ι
699 1402 833 1468 Quia
875 1416 996 1455 cmn
1041 1419 1059 1450 ι
1091 1415 1230 1452 unus
1259 1397 1522 1454 mediator
1561 1395 1652 1451 Dei
1701 1403 1753 1449 et
1795 1393 2072 1448 hominum

491 1496 651 1550 homo
687 1492 844 1546 Jesus
891 1489 1142 1545 Christus
1164 1489 1212 1560 (Ι
1243 1488 1374 1542 Tim.
1406 1488 1465 1558 ιι)
1497 1509 1514 1539 ι
1552 1488 1604 1541 in
1648 1479 1931 1554 majestate
1974 1499 2073 1540 sua

492 1583 820 1656 apparuerit,
852 1580 1032 1636 ontnia
1069 1580 1348 1648 utriusque
1378 1577 1708 1633 Tcstamenti
1737 1591 1858 1645 quae
1881 1575 2074 1645 prtedi—

492 1686 577 1728 cta
613 1683 667 1727 et
709 1673 973 1742 promissa
1009 1679 1137 1725 sunt
1181 1669 1486 1739 complevit.
1537 1667 1632 1723 Sitt
1681 1683 1809 1722 vero
1845 1675 2074 1734 utraque

2176 506 2238 542 ac.
2270 487 2526 556 flagellari
2555 501 2573 536 :
2599 488 2723 555 quia
2778 487 2882 541 nisi
2931 487 3021 554 qui
3052 495 3171 540 erat
3198 486 3565 555 omnipotens,
3615 484 3760 539 infir—

2176 580 2377 646 mitatis
2408 587 2606 632 nostra!
2635 586 2880 630 naturam
2908 577 3232 646 susciperet,
3261 592 3538 646 nunquam
3567 592 3667 629 nos
3697 577 3764 630 ad

2175 684 2284 719 sua:
2310 666 2640 720 fortitudinis
2668 667 2961 734 potentiam
2989 667 3316 720 sublevaret.
3353 666 3422 721 Ut
3449 681 3580 736 ergo
3603 666 3762 721 faciat

2173 774 2308 826 opus
2334 773 2514 821 suum,
2541 758 2776 811 alienum
2799 771 2935 825 opus
2958 757 3097 824 ejus,
3145 765 3200 809 et
3247 765 3305 809 ut
3345 767 3602 824 operetur
3629 773 3764 824 opus

2175 865 2354 913 suum,
2379 849 2722 919 peregrinum
2745 856 2829 902 est
2855 863 2992 917 opus
3037 848 3154 916 ejus
3181 849 3249 901 ab
3297 864 3382 911 eo,
3411 849 3541 916 quia
3582 848 3758 901 incar-

2176 949 2338 994 natus
2361 940 2502 994 Deus
2532 949 2594 992 ut
2622 955 2721 993 nos
2765 939 2831 992 ad
2865 955 3020 993 suam
3044 938 3315 1006 justitiam
3344 939 3645 1008 colligeret.
3677 941 3755 992 di-

2175 1039 2370 1097 gnatus
2389 1045 2487 1098 pro
2517 1030 2673 1083 nobis
2700 1039 2784 1082 est
2825 1037 3079 1098 tatuptam
3110 1040 3366 1098 peccator
3393 1030 3562 1083 homo
3593 1046 3760 1098 vapu-

2177 1119 2298 1181 lari,
2335 1128 2391 1172 ct
2438 1118 2672 1172 alienum
2722 1133 2858 1188 opus
2898 1118 3047 1184 fecit,
3096 1129 3154 1172 ut
3204 1119 3410 1174 faceret.
3442 1121 3756 1188 proprium:

2175 1211 2300 1279 quia
2332 1225 2429 1277 per
2451 1209 2552 1262 hoc
2579 1209 2724 1276 quod
2755 1209 3036 1262 intirmans
3069 1209 3209 1263 mala
3259 1219 3446 1263 nostra
3485 1211 3757 1268 sustinuit.

2178 1315 2275 1353 nos
2295 1299 2386 1367 qui
2428 1307 2676 1352 creatura
2730 1297 2872 1352 illius
2917 1313 3126 1362 sumus,
3175 1300 3243 1353 ad
3287 1299 3627 1354 fortitudinis
3655 1315 3760 1353 sua:

2175 1393 2403 1463 gloriam
2428 1393 2699 1462 perduxit.

2252 1502 2270 1534 ι
2303 1483 2547 1538 Thalami
2596 1490 2776 1537 autem
2833 1497 2929 1537 sex
2977 1483 3287 1538 cubitorum
3331 1492 3492 1537 erant
3536 1484 3668 1538 hinc
3709 1495 3764 1538 et

2181 1593 2199 1624 ι
2238 1573 2360 1628 inde
2413 1591 2430 1623 ι
2468 1571 2740 1642 (Hier-ou.)
2767 1571 2874 1627 Sex
2903 1573 3214 1627 cubitorum
3245 1582 3402 1627 erant
3429 1589 3498 1628 ex
3537 1585 3762 1642 utraque

2178 1669 2329 1730 parte
2359 1660 2501 1740 quod
2537 1660 2734 1714 dicitur
2769 1661 2894 1716 hinc
2921 1669 2976 1715 et
3005 1661 3128 1715 inde
3153 1679 3165 1714 :
3192 1670 3248 1716 et
3293 1677 3638 1731 nequaquam
3666 1664 3759 1716 ba-

493 1769 593 1822 hoc
619 1767 736 1822 loco
761 1766 1058 1837 marginem
1088 1780 1151 1819 ac
1176 1763 1439 1818 thalamos
1465 1769 1746 1825 memorat,
1774 1775 1947 1829 neque
1970 1760 2067 1814 hoc

2175 1750 2374 1803 hebant
2399 1750 2636 1818 palmum
2667 1765 2768 1804 nec
2791 1751 3078 1815 rationein,
3102 1752 3335 1821 desuper
3353 1753 3618 1816 additam,
3643 1771 3760 1821 qua:

492 1859 560 1913 ab
593 1859 697 1916 hac
746 1858 1011 1912 sententia
1058 1857 1335 1911 abhorret.
1365 1855 1501 1922 Quia
1531 1871 1654 1908 cum
1685 1869 1878 1923 magna
1909 1852 2076 1921 maje-

491 1957 604 2004 stas
633 1944 1008 2015 Redemptoris
1036 1945 1211 1999 nostri
1247 1944 1403 1998 nobis
1434 1943 1595 1998 fuerit
1621 1951 1859 2007 ostensa,
1891 1943 2077 1996 linitur

492 2037 646 2090 ﬁdes.
677 2035 810 2090 Cum
830 2033 944 2104 jam
981 2035 1204 2104 cmperit
1231 2034 1416 2090 videre
1446 2035 1610 2090 homo
1636 2034 1779 2103 quod
1823 2035 2070 2099 credidit,

489 2134 546 2180 et
577 2125 644 2178 ad
683 2124 843 2179 tinent
891 2138 1044 2177 suum
1073 2123 1397 2192 perveniunt
1445 2122 1693 2189 thalami,
1749 2123 1875 2192 quia
1909 2124 2073 2178 corda

495 2212 732 2268 ﬁdelium
765 2211 1258 2282 incomparabiliter
1304 2211 1460 2282 longe
1511 2225 1674 2280 quam
1723 2212 1882 2266 modo
1923 2222 2071 2277 sunt,

493 2302 544 2355 in
576 2317 762 2356 amore
788 2301 929 2355 illius
965 2301 1334 2370 perﬁciuntur.
1367 2299 1592 2356 Cubitus
1620 2315 1748 2372 ergo
1774 2318 1913 2358 unus
1952 2302 2075 2358 linis

493 2404 783 2472 utrumque
811 2403 914 2458 est,
944 2394 1073 2464 quia
1105 2394 1264 2449 unius
1294 2393 1505 2449 Domini
1535 2402 1590 2449 et
1617 2394 1912 2450 Salvatoris
1937 2396 2072 2451 visio

490 2486 546 2539 in
585 2469 770 2538 electis
811 2483 923 2538 suis
968 2482 1126 2538 ﬁdem
1179 2483 1319 2549 linit,
1367 2492 1421 2540 et
1465 2484 1788 2540 charitatem
1839 2484 2069 2557 perﬁcit.

489 2574 847 2650 Considerare
881 2573 1012 2629 libet
1057 2574 1150 2645 qui
1197 2589 1297 2631 nos
1345 2589 1532 2631 sumus
1556 2577 1682 2648 quia
1725 2578 1829 2634 ista
1867 2586 2068 2634 tracta-

492 2679 629 2718 mus.
662 2662 820 2719 Certe
867 2678 934 2720 ex
981 2664 1274 2734 gentilibus
1301 2665 1573 2733 venimus,
1623 2677 1771 2724 certe
1816 2678 2072 2738 parentes

489 2753 656 2830 nostri
687 2753 951 2823 lignorum
983 2769 1047 2809 ac
1089 2753 1325 2825 lapidum
1356 2754 1592 2812 cultores
1640 2755 1876 2812 fuerunt.
1920 2757 2070 2813 Unde

489 2861 617 2915 ergo
645 2845 746 2901 hoc
796 2845 949 2899 nobis
990 2854 1049 2899 ut
1080 2861 1144 2900 ea
1181 2860 1304 2916 quae
1337 2863 1482 2904 nunc
1509 2865 1678 2920 usque
1724 2849 1934 2905 Hebrmi
1978 2866 2070 2906 nc-

485 2937 685 3000 sciunt,
737 2935 1035 2990 Ezechielis
1081 2937 1352 3006 prophetat
1386 2945 1496 2992 tam
1551 2939 1814 3009 profunda
1864 2952 2070 3012 myste—

488 3027 568 3081 ria
617 3027 911 3080 rimamur?
943 3026 1180 3097 Agamus
1204 3043 1332 3098 ergo
1359 3030 1564 3099 gratias
1605 3031 1697 3086 uni
1735 3033 1827 3101 qui
1876 3043 2068 3088 cuncta

2178 1849 2499 1908 praesentem
2521 1842 2986 1897 conversationem
3018 1843 3084 1896 ad
3104 1843 3342 1898 futuram
3375 1843 3759 1897 beatitudinem

2179 1943 2523 2000 provocarat,
2554 1930 2648 1986 sed
2677 1941 2884 1986 tantum
2927 1948 3023 1988 sex
3051 1935 3254 1988 cubita.
3291 1935 3447 1989 Unde
3473 1935 3755 2002 sequitur:

2253 2045 2272 2076 ι
2312 2025 2379 2080 Et
2409 2040 2627 2080 mensus
2653 2034 2733 2080 est
2767 2035 2978 2094 portam
3004 2043 3035 2080 a
3067 2037 3210 2082 tecto
3248 2027 3471 2081 thalami
3502 2042 3675 2096 usque
3696 2028 3758 2078 ad

2182 2136 2201 2170 ι
2237 2126 2437 2172 tectum
2470 2118 2586 2173 sive
2614 2119 2880 2187 parietem
2905 2119 3044 2189 ejus.
3077 2139 3099 2172 ι
3135 2119 3202 2173 Ει
3229 2120 3439 2174 invenit
3466 2119 3760 2172 latitudinis

2177 2208 2370 2277 viginti
2399 2216 2455 2262 ct
2481 2208 2721 2278 quinque
2763 2209 2942 2264 cubita
2969 2209 3060 2278 qui
3086 2219 3140 2264 et
3169 2209 3284 2279 ipse
3321 2224 3607 2274 numerus,
3638 2209 3756 2262 licet

2176 2298 2414 2368 quadrus
2445 2298 2532 2360 sit,
2571 2305 2750 2352 tamen
2782 2297 3016 2353 refertur
3045 2300 3118 2377 ad
3141 2315 3353 2355 sensus.
3394 2299 3454 2353 Si
3477 2299 3622 2352 enim
3643 2298 3760 2368 qui-

2175 2403 2274 2443 nos
2300 2387 2511 2442 cubitus
2544 2396 2734 2442 contra
2764 2402 2822 2442 se
2847 2387 3135 2458 quinquies
3173 2387 3541 2452 ordinaveris,
3574 2387 3761 2442 vicesi-

2176 2497 2323 2536 mum
2351 2481 2598 2550 quintum
2627 2495 2940 2536 .numerum
2976 2479 3195 2545 efﬁcies,
3226 2482 3318 2550 qui
3366 2489 3452 2535 est
3502 2478 3646 2536 inter
3687 2491 3756 2534 te

2174 2582 2322 2625 ctum
2353 2571 2715 2628 thalamorum
2741 2579 2798 2626 et
2827 2579 3032 2626 tectum
3057 2585 3072 2626 :
3099 2580 3154 2624 et
3199 2580 3378 2625 tamen
3404 2581 3701 2640 utrumque
3727 2585 3758 2625 e

2175 2665 2397 2735 regione
2423 2664 2505 2718 sui
2536 2663 2772 2734 positqu
2795 2680 2824 2718 a
2851 2663 3078 2718 summis
3099 2663 3346 2732 partibus
3373 2663 3538 2716 habet
3560 2663 3756 2717 ostium

2175 2767 2368 2811 contra
2395 2757 2616 2810 ostium.
2660 2755 2786 2811 [huc
2830 2772 2938 2812 non
2985 2756 3173 2811 frivola
3205 2758 3494 2811 videantur
3519 2770 3642 2810 esse
3683 2755 3757 2808 le-

2175 2847 2337 2911 ctori,
2382 2847 2508 2901 licet
2535 2856 2590 2901 et
2625 2847 2757 2901 mihi
2801 2847 2901 2916 ipsi
2947 2848 3093 2904 dicta
3134 2848 3478 2918 displiceant,
3516 2847 3758 2902 sentiens

2174 2950 2261 2989 me
2291 2936 2536 2990 clausam
2562 2937 2777 3004 pulsare
2807 2936 3034 3004 januam
3059 2956 3071 2990 :
3098 2939 3192 2993 sed
3224 2939 3449 3008 legenda
3503 2953 3626 2992 cum
3665 2953 3755 2993 ve—

2173 3027 2263 3080 nia
2311 3035 2472 3088 sunt;
2531 3026 2768 3096 alioquin
2823 3028 2971 3097 potui
3021 3028 3338 3098 simpliciter
3391 3031 3754 3099 ignorantiam

487 3132 607 3186 qua:
635 3116 700 3172 de
725 3132 789 3172 eo
819 3117 873 3172 in
904 3132 1061 3173 sacro
1104 3117 1317 3188 eloquio
1358 3121 1556 3190 scripta
1591 3134 1735 3187 sunt,
1763 3138 1926 3194 opere
1961 3125 2065 3179 im-
2094 3135 2139 3196 ο
2173 3115 2452 3180 confiteri,
2498 3124 2552 3170 et
2601 3131 2764 3170 omne
2811 3116 3177 3174 studiosorum
3221 3128 3506 3187 amputare
3548 3118 3754 3173 deside-

486 3207 673 3276 plevit,
712 3217 773 3262 ut
811 3223 930 3278 qua:
962 3207 1181 3280 intelligi
1229 3210 1410 3264 audita
1454 3227 1558 3266 non
1585 3221 1897 3283 potuerunt,
1949 3217 2062 3271 visa

485 3298 872 3367 pattderentur.
900 3299 972 3354 lbi
1001 3299 1198 3370 quippe
1253 3301 1577 3369 incarnatio,
1629 3303 1703 3358 ibi
1748 3306 1949 3374 passio,
1993 3308 2066 3363 ibi

487 3404 651 3454 mors,
685 3388 757 3443 ibi
787 3390 1134 3456 resurrectio,
1175 3392 1245 3446 ibi
1284 3397 1532 3451 ascensio
1561 3398 1703 3454 illius
1735 3401 2063 3456 continetur.

488 3477 596 3532 Sed
624 3478 743 3548 quis
771 3487 1011 3534 nostrum
1042 3481 1158 3536 haec
1181 3482 1361 3538 audita
1387 3487 1649 3552 crederet,
1683 3489 1784 3544 nisi
1811 3490 1952 3548 facta
1977 3508 2066 3546 co-

486 3570 778 3640 gnovisset.
832 3571 1114 3641 Signatum
1159 3587 1288 3644 ergo
1335 3575 1530 3631 librum
1574 3577 1712 3633 sicut
1741 3579 1797 3633 in
1845 3579 2068 3638 Joannis

489 3660 802 3732 Apocalypsi
836 3661 1030 3733 legitur
1052 3663 1236 3736 (Apoc.
1268 3664 1345 3737 v),
1376 3681 1536 3736 quem
1561 3669 1774 3738 aperire
1804 3679 1860 3724 et
1887 3671 2066 3742 legere

487 3749 670 3805 nullus
697 3759 930 3820 poterat,
974 3752 1055 3807 leo
1080 3754 1144 3808 de
1177 3755 1316 3809 tribu
1337 3753 1474 3814 Juda
1504 3760 1735 3829 aperuit,
1763 3761 1854 3829 qui
1883 3762 2064 3816 omnia

485 3841 602 3910 ejus
626 3843 779 3897 nobis
812 3845 1064 3912 mysteria
1092 3845 1144 3899 in
1171 3861 1266 3900 sua
1304 3851 1701 3907 resurrectione
1727 3867 1792 3906 ac
1816 3853 2066 3922 passione

486 3933 736 4004 patefecit
764 3953 774 3986 :
802 3943 856 3987 ct
886 3951 979 4002 per
1016 3935 1118 3990 hoc
1152 3938 1295 4006 quod
1340 3939 1667 3996 inﬁrmitatis
1696 3951 1894 3997 nostra:
1925 3943 2064 3997 mala

485 4023 726 4094 pertulit,
759 4038 869 4077 suae
896 4025 1048 4078 nobis
1072 4027 1324 4093 potentiae
1353 4044 1416 4083 ac
1446 4029 1707 4086 claritatis
1742 4034 1881 4086 bona
1915 4049 2066 4088 mou-

487 4115 700 4170 stravit.
733 4114 872 4169 Caro
913 4114 1058 4169 enim
1107 4116 1282 4172 factus
1321 4128 1381 4172 ut
1411 4136 1512 4174 nos
1553 4123 1823 4191 spiritales
1863 4124 2067 4179 faceret

481 4207 716 4277 benigne
753 4206 1044 4262 inclinatus
1089 4216 1260 4263 estut
1298 4211 1521 4276 levaret,
1561 4214 1694 4268 exiit
1727 4224 1786 4268 ut
1819 4215 2062 4272 introdu-

483 4311 656 4360 ceret.
692 4300 931 4359 V’isibilis
974 4303 1249 4374 apparuit,
1281 4311 1340 4358 ut
1381 4304 1672 4360 invisibilia
1715 4318 2062 4363 monstraret.

483 4394 718 4467 :Flagclla
741 4393 983 4466 pertulit,
1011 4403 1070 4450 ut
1113 4404 1352 4451 sanaret.
1379 4396 1674 4466 Opprobria
1703 4406 1756 4452 ct
1788 4399 2066 4456 irrisiones

2170 3206 2331 3260 rium.
2361 3205 2512 3260 Sicut
2548 3207 2694 3261 enim
2720 3222 2749 3260 a
2783 3208 3020 3276 perfecta
3056 3209 3279 3280 scientia
3317 3210 3507 3280 procul
3545 3225 3749 3272 sumus,

2169 3297 2392 3352 lenioris
2421 3297 2591 3366 culpae
2622 3296 2953 3352 arbitramur
2992 3299 3182 3354 saltem
3221 3314 3410 3368 parum
3440 3315 3606 3369 quam
3645 3314 3751 3354 out-

2171 3387 2296 3440 uino
2326 3385 2461 3440 nihil
2491 3387 2688 3440 dicere.
2722 3385 2925 3457 (Greg.)
2965 3388 3274 3444 Memoratis
3300 3390 3556 3458 superius
3594 3390 3750 3444 thalao

2169 3480 2272 3534 mis
2318 3479 2578 3548 propheta
2623 3480 2896 3552 subjungit
2921 3499 2935 3534 :
2965 3499 2983 3532 ι
3017 3481 3261 3536 Thalami
3307 3498 3400 3536 sex
3443 3483 3747 3537 cubitorum

2167 3582 2326 3628 erant
2349 3574 2476 3629 hinc
2503 3582 2558 3626 et
2589 3573 2731 3628 inde.
2767 3594 2785 3626 ι
2818 3574 2932 3641 Qua
2959 3575 3012 3629 in
3039 3590 3096 3629 re
3121 3590 3310 3646 magna
3337 3575 3497 3629 nobis
3523 3576 3747 3646 quzestio

2168 3677 2475 3735 generatur,
2504 3681 2603 3721 cur
2633 3667 2882 3734 superius
2914 3666 3205 3720 thalamum
3235 3682 3342 3720 uno
3367 3667 3582 3721 calamo
3611 3681 3746 3720 meu-

2168 3767 2412 3812 suratum
2443 3758 2582 3812 dixit
2616 3773 2816 3826 :quem
2852 3759 3102 3814 videlicet
3145 3759 3415 3814 calamum
3466 3776 3561 3814 sex
3599 3759 3742 3813 cubi-

2170 3859 2274 3915 tos,
2325 3860 2380 3905 ct
2420 3845 2659 3920 p'almum
2714 3850 2916 3904 habere
2959 3851 3252 3920 perhibuit,
3303 3860 3469 3921 atque
3523 3852 3745 3905 inferius

2171 3940 2440 3996 thalamus
2491 3956 2586 3995 sex
2639 3940 2978 3996 solummodo
3019 3943 3148 3996 dicit
3176 3942 3372 3997 cubitis
3421 3944 3739 3997 mensor-ari.

2169 4031 2226 4084 Si
2256 4030 2399 4085 enim
2447 4046 2554 4084 non
2601 4030 2831 4095 calamo,
2869 4032 2963 4086 sed
3011 4047 3103 4087 sex
3159 4033 3356 4088 cubitis
3401 4042 3746 4088 tnensuratnr

2167 4121 2398 4190 palmus,
2431 4123 2582 4177 deest
2605 4123 2698 4191 qui
2726 4124 2972 4193 superius
3012 4125 3065 4179 in
3097 4141 3347 4179 mensura
3378 4127 3579 4181 calami
3612 4127 3746 4181 dice-

2168 4215 2330 4267 batur
2357 4213 2566 4269 adesse.
2605 4214 2712 4268 Sed
2755 4214 2801 4268 si
2832 4214 3052 4269 thalami
3083 4223 3209 4270 sunt
3241 4231 3434 4271 sensus
3471 4226 3637 4287 atque
3658 4232 3744 4272 co-

2168 4303 2464 4373 gitationes
2495 4303 2732 4358 ﬁdelium
2765 4305 2817 4358 in
2846 4305 3043 4375 quibus
3063 4313 3229 4361 casta:
3253 4307 3451 4360 animat
3479 4308 3743 4362 conditori

2171 4411 2270 4450 suo
2301 4395 2354 4449 in
2386 4410 2571 4451 amore
2590 4397 2908 4467 junguntur,
2937 4406 2992 4452 et
3021 4413 3119 4465 per
3145 4413 3238 4454 sex
3260 4398 3480 4454 euliitos
3509 4401 3741 4468 perfecta

486 4485 758 4547 sustinuit,
789 4495 849 4540 ut
875 4484 942 4540 ab
973 4485 1261 4556 opprobrio
1289 4496 1494 4542 azterno
1524 4487 1795 4555 liberaret,
1823 4499 2066 4546 mortuus
2094 4481 2143 4539 Ι)
2169 4488 2431 4557 operatio,
2453 4503 2549 4557 per
2569 4489 2803 4558 palmum
2825 4505 2954 4545 vero
2977 4491 3247 4545 inchoatio
3274 4492 3743 4561 contemplationis

486 4585 588 4642 est,
621 4585 680 4630 ut
703 4575 1019 4631 viviﬁcaret.
1052 4577 1290 4647 Agamus
1313 4593 1442 4651 ergo
1471 4579 1672 4650 gratias
1697 4580 1988 4636 viviﬁcauti
2011 4593 2066 4636 et

487 4673 718 4727 mortuo,
770 4675 824 4720 et
871 4664 991 4720 ideo
1039 4666 1269 4736 amplius
1305 4667 1598 4724 viviﬁcanti
1645 4670 1770 4739 quia
1831 4681 2061 4727 mortuo.

487 4749 642 4806 Unde
675 4759 729 4804 et
768 4751 906 4808 bene
953 4753 1184 4809 salutem
1211 4764 1452 4812 nostram
1494 4767 1548 4812 et
1585 4760 1892 4829 passionem
1922 4763 2065 4818 illius

487 4838 654 4893 Isaias
683 4840 1074 4911 contemplatus
1102 4844 1209 4898 ait:
1239 4863 1257 4894 ι
1290 4843 1358 4900 Ut
1386 4844 1548 4902 faciat
1567 4863 1701 4918 Opus
1729 4865 1907 4916 suum,
1942 4851 2067 4907 alie-

490 4945 618 4985 num
640 4945 774 5000 opus
803 4929 919 5000 ejus
950 4949 964 4985 :
989 4943 1046 4988 ut
1074 4944 1325 5004 operetur
1345 4953 1480 5008 opus
1505 4955 1682 5004 suum,
1717 4942 2063 5011 peregrinum

487 5028 570 5077 est
598 5035 733 5090 opus
761 5017 876 5090 ejus
901 5022 967 5077 ab
996 5038 1061 5077 eo
1089 5023 1224 5095 (Ita.
1266 5026 1476 5098 xxvtn).
1509 5048 1527 5081 ι
1561 5028 1706 5098 Opus
1727 5032 1926 5086 etenim
1968 5031 2064 5087 Dei

487 5119 589 5175 est,
623 5109 828 5165 animas
853 5127 988 5181 quas
1024 5113 1227 5169 ereavit
1251 5116 1526 5190 colligere,
1575 5120 1644 5178 ad
1687 5131 1903 5177 aeterna:
1933 5121 2064 5178 lucis

487 5203 680 5286 gaudia
710 5219 985 5260 revocare.
1034 5204 1314 5276 Flagellari
1340 5219 1520 5268 autem
1549 5222 1712 5282 atque
1753 5215 1925 5282 sputis
1959 5215 2063 5269 illi-

414 5371 416 5375 ,
489 5291 616 5360 uiri,
644 5293 908 5366 cruciﬁgi,
943 5295 1077 5349 mori
1107 5311 1170 5350 ac
1195 5297 1430 5366 sepeliri,
1457 5315 1563 5355 non
1595 5301 1696 5358 hoc
1727 5302 1781 5356 in
1812 5319 1908 5358 sua
1933 5304 2062 5358 sub-

488 5383 686 5437 stantia
710 5399 846 5454 opus
891 5382 982 5439 Dei
1031 5393 1133 5452 est,
1166 5387 1259 5441 sed
1297 5402 1432 5457 opus
1478 5389 1712 5447 hominis
1739 5395 2060 5463 peccatoris,

489 5475 580 5544 qui
608 5476 721 5530 haec
747 5477 927 5531 omnia
977 5477 1172 5533 meruit
1201 5493 1298 5549 per
1338 5490 1639 5549 peccatum,
1676 5503 1692 5534 ι
1723 5485 1815 5539 sed
1841 5495 2063 5554 peccata

492 5574 672 5620 nostra
704 5566 817 5636 ipse
841 5567 1063 5637 pertulit
1107 5569 1161 5624 in
1196 5585 1422 5639 corpore
1451 5588 1548 5627 suo
1575 5588 1734 5642 super
1771 5575 1970 5644 lignum
2000 5594 2012 5629 :
2039 5596 2057 5627 ι

493 5662 546 5704 et
572 5657 660 5708 nui
691 5658 744 5710 in
774 5669 969 5712 natura
1000 5674 1096 5713 sua
1130 5669 1310 5715 manet
1345 5676 1562 5731 semper
1607 5664 2061 5733 incomprehensi-

2166 4578 2516 4647 exprimitur,
2563 4589 2762 4634 sanctae
2817 4579 3139 4635 universalis
3188 4580 3445 4635 Ecclesia:
3490 4583 3746 4636 debemus

2168 4671 2407 4724 membra
2439 4670 2784 4738 conspicere;
2827 4679 2882 4725 et
2919 4671 3081 4726 citius
3119 4671 3423 4726 invenimus
3445 4673 3578 4742 quia
3627 4684 3744 4729 sunt

2168 4758 2222 4811 in
2252 4774 2314 4813 ea
2349 4759 2568 4814 thalami
2605 4775 2712 4814 uno
2740 4760 2950 4816 calamo
2976 4779 2990 4814 :
3016 4771 3072 4816 et
3100 4771 3225 4816 sunt
3255 4763 3346 4816 alii
3393 4779 3486 4818 sex
3515 4773 3746 4819 tantum-

2168 4847 2326 4903 modo
2351 4849 2551 4904 cubitis
2591 4852 2908 4906 mcnsurati.
2939 4852 3075 4907 Nam
3105 4854 3286 4909 ﬁdeles
3313 4855 3536 4924 quidam
3572 4860 3744 4912 omni-

2165 4949 2441 5009 potentem
2489 4943 2657 4997 Deunt
2690 4943 2764 4997 ita
2798 4954 3005 5010 amant,
3048 4954 3108 5000 ιιι
3150 4955 3205 5002 et
3235 4947 3286 5001 in
3319 4963 3484 5017 opere
3524 4951 3746 5019 perfecti

2168 5032 2294 5097 sint,
2326 5042 2382 5088 et
2419 5035 2867 5104 contemplatione
2906 5039 3174 5106 suspensi.
3219 5039 3283 5094 Hi
3313 5040 3561 5110 profecto
3605 5043 3748 5097 cala-

2170 5143 2316 5181 mum
2359 5127 2412 5182 in
2477 5142 2726 5183 mensura
2783 5130 2983 5184 habent
3030 5148 3044 5184 :
3097 5131 3224 5201 quia
3275 5142 3332 5186 et
3395 5147 3493 5186 sex
3539 5134 3746 5188 cubitus

2167 5219 2496 5288 operationis
2529 5260 2545 5285 ,
2599 5231 2653 5274 et
2723 5220 2959 5289 palmum
3033 5223 3509 5292 contemplationis
3580 5227 3748 5295 poSsi-

2167 5308 2316 5362 dent.
2378 5309 2606 5375 Quidam
2654 5325 2784 5364 vero
2833 5312 3257 5381 omnipotentem
3309 5314 3529 5383 quidem
3585 5315 3744 5368 Deum

2167 5399 2433 5470 diligunt,
2499 5407 2554 5454 ct
2609 5399 2831 5470 perfecti
2912 5400 2964 5455 in
3043 5402 3201 5457 bonis
3263 5403 3522 5472 operibus
3595 5417 3746 5458 exer—

2166 5503 2358 5546 centur
2383 5532 2398 5555 ,
2456 5491 2551 5546 sed
2610 5501 2786 5547 tamen
2841 5493 3193 5561 contemplari
3255 5494 3370 5564 ejus
3425 5493 3745 5565 magnitudi—

2169 5595 2290 5634 nem
2340 5581 2604 5635 subtiliori
2651 5581 2921 5636 intrilcctu
2965 5582 3234 5642 nesciunt.
3289 5584 3491 5637 Amant
3538 5591 3742 5648 autem,

2168 5669 2261 5722 sed
2299 5669 2609 5740 investigari
2653 5672 2841 5742 gaudia
2887 5671 3005 5740 ejus
3046 5671 3307 5728 claritatis
3362 5674 3634 5744 ignorant.
3681 5671 3744 5728 lli
