3972 6184
289 348 394 403 309

1208 338 1563 405 COMMENT.
1605 348 1674 402 ΙΝ
1714 340 2167 403 ΕῑΕΟΙίἰΕιΕΜ.
2207 375 2272 385 --
2312 344 2442 399 LIB.
2487 344 2602 399 XV.

3447 352 3550 402 εξτεὶ

286 464 468 534 itaque
497 477 590 517 sex
635 461 846 519 cubitos
879 463 1105 530 habent,
1142 471 1197 518 et
1231 463 1469 533 palmum
1516 477 1623 519 non
1651 462 1870 525 habent,
1902 464 1949 521 Λ
1975 457 2233 514 Judaicus
2258 457 2748 528 populus,secutus
2774 465 2859 514 est
2879 456 3195 530 gentilis.Et
3216 457 3341 528 quia
3368 473 3562 514 omnes

286 555 416 626 quia
444 553 492 609 ei
517 552 633 623 jam
659 559 756 623 per
778 566 1019 608 amorem
1034 552 1207 623 juncti
1237 561 1380 616 sunt,
1407 552 1499 607 sed
1526 567 1591 606 ex
1622 558 1870 605 contem-

287 632 524 717 platione
550 640 824 710 disjuncti.
850 643 1163 710 Qni‘tamen
1205 641 1448 705 thalami,
1489 647 1609 710 post
1638 656 1875 695 comme—

286 734 649 792 morationem
685 732 852 787 cubili
882 733 1041 787 unius
1072 731 1198 786 hinc
1225 741 1279 785 ct
1309 732 1432 787 inde
1480 747 1601 785 esse
1630 729 1874 785 referun-

288 838 398 891 tur,
422 824 547 895 quia
582 823 832 878 videlicet
855 824 906 876 in
930 838 1114 876 amore
1141 819 1389 875 Auctoris
1418 836 1479 874 ac
1502 818 1874 888 Redemptoris

285 916 456 973 nostri
492 915 679 971 ﬁdeles
719 915 913 968 anima:
941 928 1006 966 ex
1035 912 1256 968 Iudaico
1304 911 1497 982 populo
1534 920 1587 965 ct
1633 929 1697 967 ex
1748 928 1874 983 gen-

287 1009 483 1063 tilitate
502 1013 886 1061 convenerunt.
914 1004 1065 1059 Unde
1093 1004 1299 1057 etidem
1333 1003 1871 1073 Redi-.mptornostcr,

284 1114 410 1153 cum
438 1096 603 1153 asello
643 1096 857 1159 sedens,
892 1093 1190 1148 Jerusalem
1223 1094 1484 1161 tenderet,
1532 1093 1670 1149 sicut
1698 1093 1874 1147 Evan-

283 1188 476 1260 gelista
508 1194 777 1242 testatur:
816 1202 834 1236 ‹
870 1183 1019 1238 Multi
1065 1184 1384 1239 vestimenta
1428 1199 1524 1238 sua
1565 1192 1873 1239 straverunt

285 1279 341 1333 in
366 1278 475 1343 via,
504 1276 594 1331 alii
621 1283 803 1331 autem
850 1274 1066 1330 frondes
1090 1274 1370 1329 credebant
1402 1274 1467 1329 de
1497 1273 1782 1329 arboribus
1818 1282 1873 1327 et

284 1368 603 1424 sternebant
627 1367 681 1420 in
710 1367 794 1420 via
837 1384 851 1420 :
884 1373 938 1420 et
966 1365 1055 1434 qui
1081 1365 1342 1434 pneibant
1370 1372 1426 1420 et
1453 1364 1543 1435 qui
1572 1365 1871 1435 sequeban-

285 1468 399 1525 tur,
440 1458 771 1522 clamabant,
808 1457 1047 1511 dicentes
1077 1473 1089 1510 :
1115 1455 1382 1518 Hosanna,
1420 1450 1737 1510 benedictus
1777 1454 1868 1523 qui

283 1549 439 1604 venit
486 1547 540 1602 in
580 1546 804 1602 nomine
848 1545 1058 1600 Domini
1112 1543 1329 1616 (Matth.
1376 1544 1524 1615 XXI).
1563 1562 1581 1596 ι
1619 1541 1870 1599 Salvator

284 1640 488 1696 etenim
537 1644 724 1693 noster
777 1635 943 1692 asello
998 1635 1227 1701 sedens,
1298 1632 1596 1689 Jerusalem
1656 1634 1867 1700 tendit,

284 1730 506 1801 quando
536 1726 956 1797 uniuscuiusque
984 1726 1155 1781 fldelis
1176 1726 1411 1780 animam
1439 1740 1651 1797 regens,
1681 1725 1869 1781 videli-

1971 549 2152 613 clccti,
2168 549 2383 618 sirequi
2402 549 2459 603 in
2484 547 2663 604 Judtea
2688 564 2807 604 esse
2828 556 3136 618 potuerunt,
3155 549 3269 603 sive
3295 548 3383 619 qui
3414 566 3559 604 nunc

1974 641 2026 693 in
2047 639 2280 693 Ecclesia
2300 640 2561 702 existunt,
2582 639 2930 695 mediatorem
2950 639 3042 693 Dei
3063 648 3118 694 et
3143 639 3417 695 hominum
3433 656 3557 696 crc-

1972 731 2246 796 didcrunt,
2277 739 2331 784 et
2360 730 2587 784 credunt
2616 731 2706 801 qui
2743 740 3004 801 prteeunt,
3041 740 3095 791 et
3118 730 3207 799 qui
3235 741 3559 800 sequuntur.

1974 821 2224 876 llnsanna
2251 822 2557 875 clamalmnt
2589 840 2599 875 :
2633 822 2883 877 llosanna
2933 830 3110 877 autem
3148 821 3310 876 latina
3355 822 3555 893 lingua,

1973 916 2254 967 Salra'nos
2285 913 2501 966 tilt'illli‘.
2534 913 2614 965 Ab
2660 913 2775 982 ipso
2816 913 2959 967 enim
3003 912 3230 966 salutem
3265 921 3318 966 et
3352 913 3558 982 priores

1972 1007 2321 1075 qtmsiet‘unl,
2339 1014 2393 1061 ct
2418 1013 2712 1075 praesentes
2732 1014 3001 1073 qtuerunt,
3026 1014 3079 1058 ct
3103 1005 3439 1060 benedictum
3463 1006 3553 1076 qui

1973 1098 2115 1150 vetuit
2156 1097 2207 1151 in
2240 1096 2458 1151 nomine
2493 1096 2704 1151 Domini
2734 1096 3080 1150 confitentur.
3131 1096 3375 1151 Thalami
3427 1112 3559 1166 ergo

1971 1185 2091 1255 ejus
2134 1185 2258 1240 hinc
2286 1194 2342 1239 et
2369 1185 2491 1239 inde
2521 1193 2646 1239 sunt
2676 1203 2687 1237 :
2723 1183 2845 1253 quia
2876 1186 3037 1238 corda
3070 1186 3365 1237 amantium
3399 1185 3555 1237 (idem

1970 1292 2089 1346 qum
2113 1277 2166 1331 in
2195 1275 2285 1330 illo
2314 1285 2417 1338 est,
2449 1284 2504 1330 et
2531 1291 2558 1329 a
2586 1276 2764 1343 priore
2790 1284 2943 1345 parte
2966 1275 3173 1339 Samnii,
3198 1285 3251 1329 et
3282 1275 3349 1331 ab
3374 1274 3559 1328 ultima

1970 1372 2405 1443 Complectuntur
2437 1390 2449 1424 :
2485 1389 2503 1421 ι
2551 1372 2616 1424 Ει
2648 1385 2868 1426 mensus
2898 1378 3002 1433 est,
3046 1368 3239 1439 inquit,
3286 1377 3491 1437 partem
3527 1382 3560 1421 ι

1973 1471 2115 1516 tecto
2153 1461 2373 1517 thalami
2405 1476 2575 1530 usque
2597 1461 2664 1515 ad
2691 1467 2889 1516 tectum
2919 1459 3034 1528 eius
3062 1458 3343 1513 latitudine
3372 1456 3559 1527 viginti

1970 1559 2027 1604 et
2053 1551 2294 1622 quinque
2322 1549 2649 1605 cubitorum.
2693 1568 2711 1601 ι
2749 1547 2905 1618 δειξρο
2926 1548 3040 1617 jam
3079 1547 3312 1602 diximus
3337 1557 3557 1617 portant

1972 1641 2152 1707 fidem,
2184 1651 2239 1696 et
2283 1656 2381 1710 per
2415 1640 2659 1695 eamdem
2710 1639 2871 1692 ﬁdem
2921 1638 3095 1708 ipsum
3123 1646 3422 1692 creatorem
3462 1651 3561 1691 ne-

1970 1740 2145 1786 strum
2175 1731 2529 1786 mediatorem
2557 1729 2652 1784 Dei
2692 1739 2747 1785 et
2773 1729 3047 1785 hominum
3070 1725 3252 1781 Jesum
3284 1725 3558 1782 Christum

284 1830 373 1875 cet
396 1820 699 1890 jumentum
728 1832 903 1880 suum,
935 1816 1001 1871 ad
1025 1815 1173 1888 pacis
1207 1816 1409 1871 intimae
1428 1815 1690 1871 visionem
1719 1816 1865 1871 dutit
1895 1823 1939 1883 Β
1968 1837 2126 1894 posse
2150 1821 2374 1893 signari,
2393 1822 2517 1891 quia
2557 1836 2653 1891 per
2677 1820 2834 1874 ﬁdem
2857 1834 2976 1889 quae
3000 1819 3050 1872 in
3082 1833 3147 1872 eo
3176 1825 3282 1881 est,
3307 1817 3561 1871 introitus

282 1910 614 1981 iumentum;
639 1907 788 1964 sedet
806 1907 991 1973 etiam,
1026 1924 1147 1963 cum
1170 1914 1368 1962 sancta:
1391 1906 1640 1961 Ecclesia:
1660 1906 1871 1961 κτήνει·-

286 2000 479 2055 saliter
503 1997 1017 2071 prtesidet,eamque
1035 1996 1088 2051 in
1111 2011 1355 2067 supernae
1376 1996 1523 2066 pacis
1546 1996 1871 2051 desiderium

287 2093 556 2148 accendit.
574 2090 721 2146 Multi
745 2098 925 2145 antem
939 2087 1260 2145 vestimenta
1284 2101 1380 2143 sua
1415 2086 1471 2140 in
1491 2085 1578 2141 via
1602 2095 1867 2149 sternunt,

291 2184 420 2257 quia
462 2196 687 2251 corpora
726 2195 822 2234 sua
864 2194 961 2249 per
993 2178 1373 2234 abstinentiam
1417 2174 1691 2242 edomant,
1734 2182 1796 2230 ut
1818 2172 1872 2231 ei

293 2278 401 2331 iter
422 2275 493 2329 ad
528 2281 759 2327 mentem
786 2278 999 2341 parent,
1035 2269 1119 2324 vel
1150 2268 1397 2339 exempla
1426 2268 1565 2323 bona
1595 2266 1869 2338 sequenti-

291 2367 398 2423 bus
421 2364 716 2436 praebeant.
750 2360 855 2416 Alii
895 2368 1076 2425 autem
1103 2357 1321 2413 frondes
1354 2357 1437 2411 vel
1482 2372 1662 2411 ramos
1687 2356 1753 2411 de
1776 2372 1868 2410 ar-

292 2456 517 2513 boribus
541 2452 753 2511 euadunt
777 2459 831 2506 et
870 2456 1119 2506 sternunt
1148 2450 1203 2503 in
1228 2449 1311 2503 via
1336 2465 1348 2500 :
1393 2447 1519 2517 quia
1551 2448 1604 2502 in
1629 2447 1874 2503 doctrina

291 2546 541 2604 veritatis
566 2544 730 2600 verba
774 2551 937 2612 atque
987 2539 1284 2596 sententias
1320 2539 1542 2593 Patrum
1579 2553 1648 2592 ex
1685 2553 1874 2594 eorum

291 2636 512 2707 eloquio
537 2640 853 2703 excerpunt,
878 2624 1060 2687 etbtec
1078 2630 1130 2684 in
1156 2629 1242 2683 via
1266 2628 1359 2684 Dei
1390 2629 1457 2684 ad
1476 2628 1737 2682 auditoris
1758 2626 1876 2682 ani-

292 2742 444 2783 mum
459 2723 733 2781 venientis
745 2720 930 2777 humili
946 2718 1326 2790 prtedicatione
1347 2719 1700 2775 submittunt:
1728 2718 1871 2788 quod

293 2819 504 2899 indigni
530 2830 743 2888 quoque
779 2823 833 2871 et
858 2826 959 2870 nos
988 2812 1148 2868 niodo
1180 2811 1421 2867 facimus.
1453 2810 1587 2866 Nam
1618 2828 1740 2867 cum
1766 2811 1870 2866 Pa-

293 2917 438 2965 trum
451 2907 744 2963 sententias
763 2905 817 2959 in
839 2919 1089 2960 sermone
1110 2901 1504 2959 exhortationis
1519 2903 1866 2967 assumimus,

291 2998 518 3056 frondes
540 2997 608 3053 de
640 2997 923 3052 arboribus
956 2994 1233 3059 credimus,
1262 3002 1322 3049 ut
1350 2993 1452 3049 has
1497 2994 1549 3048 in
1582 2992 1668 3047 via
1694 2991 1869 3047 omni-

289 3092 530 3167 potentis
554 3089 768 3147 Domini
789 3099 1113 3145 sternamus.
1147 3084 1256 3141 Sed
1286 3085 1377 3157 qui
1406 3084 1674 3156 prreibant
1698 3092 1755 3138 et
1775 3083 1868 3154 qui

1974 1916 2041 1969 ad
2062 1916 2228 1969 vitam
2257 1921 2424 1983 patet.
2470 1913 2577 1968 Sed
2612 1913 2774 1967 etiam
2823 1910 3158 1979 Scripturam
3189 1896 3402 1964 sacram
3439 1922 3559 1975 qua:

1975 2005 2129 2060 nobis
2166 2004 2414 2059 eamdem
2467 2004 2638 2072 ipsam
2698 2001 2856 2056 ﬁdem
2887 1999 2941 2053 in
2974 1996 3356 2067 Redemptoris
3389 1995 3560 2050 nostri

1974 2094 2301 2150 intellectum
2332 2093 2526 2164 aperit,
2560 2107 2666 2147 non
2689 2089 2963 2145 immerito
2990 2096 3200 2158 portam
3232 2084 3558 2154 accepimus.

1973 2186 2110 2254 Quia
2152 2201 2217 2242 ea
2244 2194 2304 2240 ut
2321 2168 2543 2256 oportet
2567 2184 2808 2255 cognita.
2836 2182 2907 2237 ad
2936 2180 3283 2251 intelligenda
3328 2175 3563 2232 visibilia

1972 2277 2238 2332 intramus
2275 2295 2288 2332 :
2330 2276 2494 2333 Porta
2527 2291 2763 2346 quoque,
2807 2275 2858 2329 id
2888 2283 2994 2340 est,
3041 2287 3257 2329 sacrum
3287 2269 3559 2340 eloquium

1972 2368 2137 2423 habet
2167 2377 2387 2434 tectum,
2420 2367 2547 2437 quia
2594 2366 2825 2421 necdum
2867 2363 3050 2419 omnia
3077 2371 3367 2433 penetrare
3405 2359 3562 2415 intel-

1971 2454 2112 2512 lectu
2141 2472 2430 2524 possumus
2452 2458 2518 2511 de
2548 2455 2860 2510 carleatibus
2880 2454 3152 2509 audimus.
3202 2450 3391 2519 Restat
3405 2464 3560 2521 ergo,

1972 2548 2110 2604 utin
2137 2534 2221 2604 his
2245 2564 2365 2620 qua:
2399 2536 2771 2618 intelligimus,
2810 2546 2863 2600 in
2888 2545 3137 2615 profectu
3165 2541 3562 2612 quotidieeba—

1973 2640 2149 2697 ritatis
2179 2640 2537 2698 ambulemus.
2571 2639 2638 2695 Et
2657 2638 2906 2709 quamvis
2935 2636 2988 2691 in
3026 2634 3181 2691 nobis
3204 2631 3435 2705 proximi
3464 2646 3563 2686 no-

1970 2733 2073 2789 stri
2116 2749 2222 2788 non
2270 2731 2488 2787 videant
2512 2738 2772 2802 quantum
2800 2727 3092 2800 diligantur
3117 2742 3148 2780 a
3179 2726 3367 2790 nobis,
3395 2732 3564 2795 atque

1971 2824 2027 2879 in
2052 2838 2211 2879 sacro
2235 2822 2479 2892 eloquio,
2523 2838 2586 2877 ca
2615 2836 2737 2893 qum
2770 2821 3001 2877 necdum
3028 2817 3411 2889 intelligimus,
3458 2815 3560 2871 ltu-

1968 2914 2175 2971 tniliter
2213 2929 2556 2977 veneramur,
2585 2913 2638 2967 in
2666 2912 2753 2967 his
2779 2919 2957 2967 tamen
2984 2909 3049 2965 ad
3071 2925 3193 2981 qum
3220 2906 3565 2977 intelligendo

1969 3004 2318 3075 pervenimus
2340 3044 2356 3070 ,
2387 3002 2617 3061 dilatare
2662 3017 2762 3073 per
2799 3001 2997 3057 bonam
3051 2999 3420 3070 operatur
3470 2997 3567 3052 de.

1972 3095 2165 3151 bemus
2199 3112 2212 3148 :
2246 3092 2321 3148 De
2363 3107 2472 3163 quo
2511 3093 2565 3147 in
2603 3091 2851 3162 sequenti
2890 3091 3032 3147 libro
3070 3089 3283 3161 plenius
3325 3087 3561 3143 dissere-

290 3184 680 3256 sequebantur,
702 3181 1012 3238 clamabant
1042 3178 1326 3234 Hosanna.
1359 3174 1643 3230 Praecessit
1671 3173 1870 3244 quippe
1899 3172 1947 3235 C
1979 3200 2120 3242 mus,

301 3350 2347 3380 ’-—-—--—————-——---—-——---—u-—-——-———---—-

3141 3349 3548 3365 *η’-*τ

1217 3497 1527 3582 LIBER
1598 3502 2054 3584 DECIMUS
2125 3500 2620 3594 QUINTUS.

688 3724 1041 3795 SEQUITUR
1084 3722 1313 3780 CAPUT
1363 3722 1479 3776 Χίλ·
1974 3739 2121 3795 enim
2145 3739 2264 3794 ideo
2285 3736 2543 3809 indigenti
2571 3735 2700 3790 dare
2722 3748 2920 3806 panem
2949 3735 3164 3801 metuit,
3187 3753 3255 3792 ne
3272 3737 3377 3793 sibi
3400 3738 3559 3806 desit,

306 3866 311 3867 ν
373 3840 397 3874 ε
425 3819 496 3877 Et
520 3834 739 3876 mensus
765 3826 848 3874 est
873 3827 1086 3889 portam
1125 3832 1156 3870 a
1190 3825 1333 3871 tecto
1358 3815 1579 3870 thalami
1610 3828 1782 3884 usque
1807 3812 1873 3867 ad

1977 3828 2155 3885 adhuc
2180 3828 2236 3883 in
2267 3827 2515 3896 angustia
2547 3826 2758 3881 timoris
2791 3834 2893 3881 est.
2939 3825 3197 3896 Quisquis
3243 3828 3364 3884 ideo
3391 3831 3558 3886 vesti-

298 3934 323 3967 ‹
352 3921 555 3968 tectum
582 3909 698 3978 ejus
724 3909 1059 3964 latitudinem
1095 3906 1282 3977 viginti
1312 3914 1366 3960 et
1390 3903 1628 3974 quinque
1668 3903 1873 3959 cubito-

1977 3926 2217 3974 mentum
2245 3917 2445 3986 algenti
2470 3932 2578 3971 non
2606 3916 2859 3987 porrigit,
2890 3916 3015 3985 quia
3050 3917 3154 3974 hoc
3189 3917 3335 3974 solus
3360 3919 3562 3976 habere

299 4024 323 4057 ι
355 4018 499 4058 rum.
523 4022 542 4054 ›
567 4000 770 4073 (Gr-eg.)
786 4000 1032 4070 Quinque
1049 3999 1193 4054 enim
1209 3999 1388 4054 carnis
1401 3997 1648 4053 sensibus
1669 3995 1873 4066 praediti

1974 4010 2326 4080 concupiscit,
2358 4009 2537 4063 adhuc
2566 4008 2789 4063 tenacia:
2819 4023 2930 4062 sua:
2951 4008 3205 4080 angustia
3233 4017 3559 4066 coarctatur.

298 4108 507 4157 sumus,
530 4091 798 4154 videlicet,
819 4092 956 4153 visu,
996 4099 1175 4160 gustu,
1210 4087 1432 4153 olfactu,
1472 4088 1682 4152 auditu,
1718 4094 1873 4155 atque

1975 4104 2230 4174 Quisquis
2270 4102 2392 4159 ideo
2430 4102 2632 4157 bonum
2660 4117 2768 4157 non
2814 4103 2957 4174 agit;
3006 4104 3135 4173 quia
3164 4112 3357 4175 tepore
3395 4105 3559 4161 animi

298 4190 470 4237 tactu.
516 4182 662 4238 idem
689 4196 822 4235 vero
861 4180 1139 4250 quinarius
1183 4194 1280 4248 per
1314 4178 1663 4249 semetipsum
1696 4176 1879 4231 multi-
1976 4193 2254 4265 νίετελςοίι,
2288 4193 2403 4262 ipse
2430 4193 2481 4249 ei
2507 4208 2639 4249 suns
2679 4202 2836 4264 mpm.
2858 4196 3110 4267 angustia
3136 4204 3239 4251 es“
3269 4196 3562 4265 Respice",

298 4273 553 4343 plicatus,
584 4273 652 4328 ad
675 4272 986 4327 vicesimum
1015 4279 1069 4325 et
1096 4271 1341 4341 quintum
1368 4286 1652 4327 numerum
1683 4270 1874 4342 surgit.
1979 4293 2160 4339 autem
2209 4284 2444 4355 inopem,
2502 4285 2762 4341 exaudire
2816 4300 3054 4355 precem,
3106 4285 3292 4356 largiri
3340 4286 3558 4356 stipem,

295 4361 525 4432 Oper-ari
560 4370 739 4418 autem
772 4360 1026 4431 quiddam
1066 4363 1310 4417 exterius
1353 4361 1419 4417 de
1450 4362 1719 4418 mandatis
1759 4377 1873 4418 ete-

1984 4376 2225 4445 praebere
2252 4375 2645 4443 defensionem,
2669 4386 2833 4447 atque
2853 4392 2952 4446 pro
2980 4376 3222 4446 ejusdem
3251 4375 3562 4433 defensione

297 4453 663 4539 ἕθεῑίδυῧὲῖνθ
681 4454 803 4510 “iis
825 4453 1102 4539 θοφονθξε
1118 4454 1357 4525 (ιιιῑηίιιιο
1380 4455 1631 4511 εθηδίδιιε
1656 4470 1766 4510 ηοιὶ
1786 4470 1880 4510 "3'
1905 4444 1953 4501 θ
1980 4444 2246 4539 pauperis,
2283 4470 2626 4526 adversantis
2680 4444 2967 4536 cuiuslibet
3011 4444 3329 4522 inimicitias
3355 4481 3462 4522 non
3495 4470 3560 4522 ti-

300 4537 493 4593 lemus.
519 4537 616 4592 llis
637 4539 834 4608 quippe
860 4536 1057 4597 ofﬁciis
1082 4542 1194 4597 suis
1216 4543 1379 4612 judex
1410 4546 1623 4602 animus
1650 4548 1878 4604 interius

296 4628 573 4702 praesidet,
600 4638 656 4684 et
681 4630 809 4700 quid
835 4632 1078 4689 exterius
1106 4647 1269 4703 agere
1290 4633 1436 4703 juste
1462 4634 1541 4690 vel
1570 4638 1879 4694 misericor-

298 4724 443 4779 diter
463 4722 668 4793 possit,
700 4724 853 4793 quasi
886 4724 1092 4780 eisdem
1130 4724 1324 4782 ciliciis
1350 4729 1786 4787 renuntiantibus
1814 4747 1878 4787 ac

297 4811 725 4868 deservientibus
753 4814 1016 4881 agnoscit.
1064 4814 1197 4870 Cum
1228 4831 1357 4888 ergo
1398 4818 1594 4873 timore
1634 4822 1878 4892 omnipo—

299 4901 467 4957 tentis
496 4900 705 4955 Domini
727 4902 941 4957 animus
971 4903 1245 4974 impletur,
1283 4921 1501 4961 necesse
1530 4919 1614 4962 est
1643 4916 1698 4961 ut
1722 4910 1879 4979 quin-

295 5006 408 5062 que
462 4993 631 5047 nostri
677 5007 870 5047 sensus
921 4995 1076 5049 nobis
1124 4997 1269 5051 velut
1317 4999 1560 5068 subjecta
1606 5000 1780 5056 otiieia
1822 5002 1876 5056 in

296 5082 501 5139 bonam
535 5083 904 5152 operationem
947 5084 1272 5154 deserviant,
1324 5105 1421 5158 per
1447 5105 1584 5159 quos
1628 5107 1749 5145 cum
1785 5093 1878 5147 ali-

296 5172 430 5242 quid
457 5186 613 5243 agere
642 5173 1067 5230 misericorditer
1090 5178 1435 5247 emperimus,
1467 5179 1587 5250 plus
1614 5196 1672 5236 se
1700 5182 1873 5251 quoti-

297 5265 388 5321 die
415 5265 529 5335 ipsa
556 5266 924 5323 misericordia
950 5270 1144 5338 aperit,
1164 5278 1221 5325 et
1245 5273 1395 5341 quasi
1423 5274 1576 5328 sinus
1599 5273 1724 5328 boni
1745 5290 1874 5345 ope-

250 5426 261 5435 .
297 5356 378 5411 ris
402 5357 677 5427 expandit.
710 5355 958 5429 Quinque
1010 5361 1174 5431 igitur
1214 5378 1406 5418 sensus
1453 5365 1879 5434 multiplicantur

296 5448 355 5504 in
392 5463 474 5515 se,
499 5449 623 5505 dum
654 5451 755 5507 hoc
784 5454 925 5522 quod
950 5468 1047 5523 per
1080 5454 1223 5522 ipsos
1248 5455 1445 5525 agitur,
1479 5456 1531 5510 in
1561 5457 1705 5513 bono
1744 5472 1877 5527 quo-

294 5540 432 5595 tidie
465 5554 627 5611 opere
656 5557 754 5612 per
777 5542 1078 5612 profectum
1101 5544 1504 5614 multiplicatur.
1540 5546 1693 5603 Unde
1720 5560 1776 5603 et
1801 5548 1877 5601 la-

295 5632 476 5687 titudo
507 5647 629 5689 esae
671 5633 862 5705 viginti
903 5642 960 5689 et
982 5635 1242 5706 .quinque
1279 5637 1583 5693 cubitorum
1638 5639 1874 5694 dicitur:

301 5723 425 5795 quia
460 5723 623 5779 timor
651 5726 874 5781 tenacize
895 5734 948 5780 ct
981 5726 1190 5796 pigrido
1216 5736 1442 5797 angusta
1485 5736 1588 5783 est.
1621 5727 1878 5800 Quisquis

1978 4574 2156 4625 mere,
2205 4576 2399 4632 magna
2433 4561 2630 4616 mentis
2661 4558 2888 4614 latitudo
2924 4568 3026 4614 est.
3062 4557 3403 4613 Mensuretur
3428 4573 3559 4629 ergo

1976 4647 2118 4702 inter
2143 4648 2439 4704 thalamum
2467 4657 2522 4704 et
2547 4655 2762 4718 portam
2780 4662 2845 4702 ea
2886 4662 3006 4716 qua:
3029 4643 3312 4714 interiacet
3330 4646 3559 4712 latitudo

1976 4737 2175 4794 cubitis
2225 4738 2415 4808 viginti
2456 4745 2511 4792 et
2552 4736 2821 4806 quinque;
2860 4736 2986 4806 quia
3030 4736 3085 4791 in
3124 4736 3397 4793 exteriore
3429 4752 3561 4794 sen-

1975 4842 2130 4881 suum
2154 4827 2471 4897 eperatione
2497 4828 2758 4897 probatur
2798 4835 2854 4882 et
2896 4827 3242 4897 cognoscitur
3269 4826 3390 4898 qua:
3421 4829 3562 4885 invi-

1977 4919 2152 4975 sibilia
2175 4919 2524 4974 instruamus.
2555 4917 2614 4973 Si
2641 4918 2806 4989 igitur
2828 4918 2930 4974 hoc
2959 4919 3013 4974 in
3055 4919 3194 4986 loco,
3221 4928 3280 4975 ut
3307 4922 3562 4991 przedixi-

1975 5023 2115 5073 mus,
2170 5015 2324 5077 porta
2369 5006 2650 5078 Scriptura
2683 5022 2839 5064 sacra
2887 5010 3170 5082 accipitur,
3208 5012 3557 5082 quaerendum

1976 5106 2061 5152 est
2085 5098 2215 5167 quid
2239 5112 2335 5166 per
2376 5106 2578 5154 tectum
2612 5098 2854 5165 thalami,
2883 5100 3009 5170 quid
3037 5115 3133 5172 per
3161 5109 3362 5157 tectum
3389 5109 3561 5172 porttn

1976 5187 2239 5258 signetur.
2273 5186 2379 5243 Sed
2408 5189 2571 5244 habet
2609 5189 2881 5246 thalamus
2927 5200 3128 5248 tectum
3156 5206 3171 5246 :
3213 5191 3337 5261 quia
3371 5199 3561 5262 operta

1974 5286 2059 5333 est
2081 5291 2230 5332 mens
2265 5278 2583 5345 amantium,
2612 5287 2668 5333 et
2695 5281 2763 5334 ad
2793 5281 2897 5335 hoc
2927 5280 3107 5335 fervor
3136 5281 3339 5336 amoris
3364 5280 3421 5334 in
3465 5293 3561 5334 oc-

1974 5371 2122 5426 culto
2149 5382 2253 5427 est.
2286 5371 2463 5427 liabet
2487 5388 2705 5443 quoque
2731 5383 2788 5429 et
2814 5384 2972 5444 porta
3010 5382 3230 5439 tectum,
3260 5373 3387 5444 quia
3413 5371 3561 5426 Scri-

1978 5471 2099 5516 tura
2134 5477 2289 5518 sacra
2320 5471 2431 5519 tota
2468 5463 2685 5533 quidem
2714 5472 2936 5532 propter
2973 5478 3072 5517 nos
3097 5464 3299 5531 scripta
3324 5471 3426 5526 est,
3453 5462 3557 5517 sed

1977 5567 2083 5606 non
2117 5561 2226 5608 tota
2255 5552 2573 5624 intelligitur
2606 5568 2637 5606 a
2677 5552 2856 5608 nobis.
2880 5551 3043 5606 Multa
3074 5551 3269 5622 quippe
3288 5551 3342 5606 in
3373 5550 3460 5606 illa
3485 5549 3560 5604 ita

1978 5652 2165 5712 aperta
2197 5652 2356 5711 sunt,
2405 5650 2465 5698 ut
2514 5650 2742 5714 pascant
2791 5638 3066 5713 parvulos.
3123 5640 3379 5708 Qumdam
3429 5655 3559 5695 vero

1977 5733 2382 5791 obscurioribus
2405 5735 2712 5801 sententiis,
2744 5743 2804 5789 ut
2829 5742 3122 5790 exerceant
3148 5731 3335 5802 fortes,
3370 5742 3556 5805 quate-
