3972 6184
465 266 561 320 9.1

1100 261 1159 314 Β.
1202 257 1451 314 ΠΑΒᾹΜ
1493 254 1705 310 MAURI
1746 251 2058 308 ARClliEl‘.
2105 240 2386 307 MOGUXT
2451 249 2734 306 OPERUM
2773 247 2952 302 PARS
2990 247 3054 302 ll.

3607 249 3710 307 9!!

468 388 570 430 nus
598 387 722 430 cum
752 371 931 426 labore
960 369 1228 424 intellecta
1273 369 1390 438 plus
1415 376 1568 438 grata
1614 367 1742 420 sint.
1771 364 2036 419 Nonnulla
2064 369 2110 423 Λ
2142 363 2242 417 mel
2269 364 2321 417 in
2355 364 2462 417 Deo
2486 371 2539 414 et
2565 361 2808 432 proximo
2835 361 3204 431 concupimns,
3230 377 3400 432 usque
3419 364 3490 420 ad
3511 363 3716 436 ingres-

465 474 646 518 antem
680 463 752 518 ita
796 463 847 516 in
893 475 955 514 ea
1003 459 1181 513 clausa
1218 466 1381 522 sunt,
1437 465 1496 510 ut
1541 457 1669 510 dum
1719 469 1782 510 ca
1817 471 1923 508 non
1955 455 2034 508 iu-

466 554 759 621 tclligimus
805 558 1157 621 agnoscentes
1213 546 1423 601 infirma
1479 554 1678 601 nostrze
1735 544 2032 607 etecitatis,

467 644 534 695 ad
592 638 954 695 humilitatem
1013 638 1185 706 magis
1261 651 1424 706 quam
1497 635 1565 688 ad
1630 633 2034 702 intelligentiam

465 731 824 805 proﬁciamus.
871 727 1010 782 Sunt
1057 728 1200 781 enim
1261 727 1504 795 quaedam
1546 740 1666 794 qua:
1702 725 1772 779 ita
1811 724 1878 778 de
1925 737 2037 778 cm-

463 822 687 877 lestibus
710 820 1018 889 loquuntur,
1060 826 1120 871 ut
1149 817 1276 870 solis
1314 817 1417 871 illis
1458 815 1702 884 supernis
1743 813 1950 869 civibus
1983 813 2035 866 in

462 911 634 984 patria
677 923 770 964 sua
798 907 1208 978 persistentibus
1233 913 1486 975 pateant:
1522 904 1856 972 necdumque
1884 902 2037 956 nobis

457 997 928 1070 peregrinantibus
979 1003 1304 1050 reserantur.
1357 991 1488 1047 Nam
1515 993 1559 1048 si
1598 993 1720 1062 quis
1745 992 1812 1047 ad
1848 992 2036 1046 urbem

456 1089 791 1159 incognitam
823 1101 1050 1158 pergens
1071 1085 1237 1138 multa
1266 1086 1330 1139 de
1356 1083 1444 1138 illa
1468 1084 1520 1138 in
1553 1083 1638 1137 via
1667 1083 1868 1148 audiat,
1891 1097 2038 1152 qua:-

465 1180 587 1233 dam
627 1177 840 1247 quidem
867 1187 932 1228 ex
963 1176 1171 1228 ratione
1199 1173 1420 1245 colligit,
1458 1173 1701 1242 qumdam
1741 1188 1869 1227 vero
1911 1171 2035 1228 unia

463 1268 688 1323 necdum
712 1265 878 1330 videt,
905 1263 1050 1318 nullo
1074 1265 1232 1318 modo
1259 1262 1538 1333 cognoscit
1563 1281 1576 1316 :
1599 1261 1697 1332 ipsi
1721 1277 1867 1324 vero,
1891 1263 2038 1316 cives

461 1358 557 1426 qui
584 1357 638 1410 in
667 1371 730 1410 ca
779 1362 924 1418 sunt,
956 1361 1012 1408 et
1043 1367 1162 1422 qua:
1210 1353 1276 1407 de
1306 1353 1395 1407 illa
1439 1361 1704 1416 tacentur,
1730 1352 1935 1415 vident,
1981 1357 2036 1404 et

465 1462 586 1516 quae
607 1446 673 1500 de
699 1443 784 1498 illa
811 1443 1062 1507 dicuntur
1091 1442 1412 1513 intelligunt.
1447 1442 1556 1497 Nos
1591 1443 1756 1513 igitur
1779 1443 1953 1496 adhue.
1978 1444 2032 1497 in

465 1536 552 1588 via
582 1549 790 1598 smnus,
823 1532 991 1587 multa
1051 1532 1118 1586 de
1163 1531 1250 1586 illa
1298 1532 1502 1587 cwlesti
1543 1533 1715 1602 patria
1767 1532 2032 1594 audimus,

465 1631 564 1685 alia
587 1630 697 1700 jam
720 1642 818 1698 per
852 1627 1096 1698 spiritum
1127 1635 1182 1681 et
1209 1625 1472 1680 rationem
1499 1623 1868 1693 intelligimus,
1891 1638 2037 1692 qum-

2138 469 2255 506 smn
2307 451 2456 522 regni
2485 453 2740 506 debemus
2785 467 2945 506 ontne
2971 453 3114 522 quo]
3145 468 3429 522 possumus
3461 457 3716 526 multipli-

2139 543 2276 595 (ἦρεν
2305 550 2464 611 atque
2503 541 2836 596 incessanter
2859 543 3097 611 operari.
3123 543 3166 596 Δ
3205 552 3346 600 tecto
3377 545 3564 616 itaque
3591 549 3714 604 tha-

2137 631 2286 694 lami,
2321 646 2490 700 usque
2521 631 2589 684 ad
2637 638 2834 684 tet-tum
2865 639 3054 700 portat,
3095 646 3289 700 magna
3331 633 3564 690 latitudo
3590 648 3711 695 est:

2135 721 2262 789 quia
2301 736 2366 774 ex
2395 720 2568 790 gratia
2595 734 2699 788 qua
2728 719 3044 774 inchoamus
3083 720 3250 776 Deum
3277 723 3523 794 diligere,
3548 742 3714 796 usque

2137 811 2204 865 ad
2229 811 2401 879 ipsam
2427 809 2788 874 dilectionem,
2813 825 2935 880 quae
2959 811 3114 866 nobis
3143 813 3345 868 aditum
3369 813 3610 870 cmlestis
3627 833 3710 870 re-

2136 901 2226 969 gni
2251 899 2442 968 aperit,
2469 899 2726 953 debemus
2751 901 3108 972 nosmetipsos
3137 901 3190 956 in
3225 918 3422 971 magna
3447 905 3708 961 bonorum

2135 1004 2356 1059 operum
2391 990 2602 1044 actione
2623 989 2874 1054 dilatare,
2923 989 3149 1046 adversa
3187 995 3458 1062 patienter
3481 999 3708 1067 perpeti,

2137 1080 2366 1150 benigne
2410 1080 2638 1134 libenter
2669 1081 3006 1150 impendere,
3058 1081 3203 1153 ipsos
3245 1085 3412 1140 etiam
3452 1101 3590 1158 quos
3621 1103 3708 1157 pa-

2138 1169 2302 1224 timur
2327 1185 2530 1234 amaro,
2561 1169 2740 1224 habita
2773 1169 3031 1237 tribuere,
3078 1188 3186 1228 non
3232 1173 3419 1230 habita
3464 1192 3573 1232 non
3601 1195 3710 1232 aui-

2137 1259 2252 1316 bire
2285 1278 2297 1312 :
2333 1261 2612 1332 proximos
2641 1261 2784 1316 sicut
2835 1271 3192 1334 nosmetipsos
3219 1265 3444 1336 diligere
3481 1285 3494 1320 :
3525 1283 3710 1324 corum

2137 1351 2302 1416 bona,
2348 1361 2533 1405 nostra
2585 1351 2842 1416 credere;
2880 1366 3069 1408 eorum
3118 1354 3258 1408 mala
3307 1351 3707 1432 quasipropria

2137 1441 2352 1497 deﬂere.
2393 1443 2447 1496 lu
2494 1439 2590 1496 tali
2620 1457 2750 1512 ergo
2793 1451 2972 1497 mente
3019 1460 3213 1516 magna
3241 1445 3474 1502 latitudo
3508 1458 3614 1513 est,
3655 1450 3708 1503 in

2137 1548 2241 1601 qua
2271 1532 2514 1602 angustia
2541 1533 2784 1588 odiorum
2813 1550 2918 1588 non
2957 1542 3042 1588 est
3069 1551 3083 1588 :
3117 1549 3276 1604 quam
3305 1534 3552 1605 profecto
3587 1537 3706 1593 lati-

2139 1621 2374 1676 tudinem
2405 1637 2470 1676 ex
2508 1621 2603 1676 Dei
2633 1630 2688 1676 et
2725 1623 2955 1692 proximi
2984 1639 3169 1680 amore
3216 1627 3584 1697 concepimus,
3617 1643 3709 1698 per

464 1723 587 1776 dam
609 1737 737 1776 vero
767 1735 871 1774 non
909 1717 1178 1773 intellecta
1206 1729 1546 1770 veneramur.
1578 1714 1730 1769 Unde
1752 1721 1807 1767 et
1844 1714 1908 1768 de
1935 1728 2031 1765 co-
2065 1718 2106 1775 l}
2135 1727 2288 1766 saera
2321 1712 2574 1766 mandata
2600 1711 2970 1782 cognovimus.
3003 1711 3139 1767 Nam
3167 1723 3222 1768 et
3254 1715 3401 1783 ipsos
3429 1715 3707 1772 latitudine

461 1811 582 1863 dem
613 1823 766 1864 sacro
791 1805 1004 1875 eloquio
1028 1804 1287 1874 scriptum
1309 1811 1427 1858 est:
1459 1821 1477 1853 ι
1509 1802 1814 1856 Extendens
1837 1800 2031 1856 caelum

465 1897 604 1951 sicut
629 1895 846 1966 pellem,
873 1894 965 1962 qui
1000 1879 1135 1963 tegis
1161 1891 1215 1946 in
1245 1891 1398 1960 aquis
1424 1891 1700 1959 superiora
1721 1888 1838 1957 ejus
1861 1888 2030 1960 (Ρεηι.

465 1987 601 2055 cru).
634 2006 652 2038 ι
677 1985 884 2040 Caelum
933 1983 1131 2052 quippe
1171 1981 1314 2036 sicut
1346 1980 1502 2052 pellis
1527 1979 1834 2035 extenditur
1867 1997 1880 2031 :
1909 1977 2032 2046 quia

464 2093 563 2148 per
589 2091 682 2130 ora
712 2073 1018 2130 mertalium
1051 2071 1331 2142 Scriptura
1357 2085 1513 2126 sacra
1556 2070 1708 2124 nobis
1731 2067 2030 2139 expositio-

405 2193 414 2199 -
465 2169 622 2223 nibus
651 2165 969 2235 explicatur.
993 2163 1098 2219 Sed
1127 2172 1252 2216 sunt
1272 2177 1424 2232 aqum
1446 2162 1500 2215 in
1539 2161 1700 2225 emlo,
1727 2160 2034 2230 superiores

461 2257 713 2312 videlicet
747 2253 1147 2317 multitudines,
1199 2253 1254 2306 id
1293 2259 1397 2316 est,
1443 2251 1752 2322 angelorum
1795 2250 2032 2321 agmina,

459 2350 520 2402 in
549 2347 744 2418 quibus
771 2344 1006 2414 ejusdem
1029 2343 1150 2399 ereti
1177 2349 1428 2414 teguntur
1459 2342 1758 2412 superiora.
1785 2342 1918 2409 Quia
1945 2355 2030 2405 ea,

457 2454 579 2509 qua:
601 2439 653 2493 in
685 2451 842 2492 sacro
865 2435 1080 2504 eloquio
1103 2435 1294 2489 altiora
1324 2442 1379 2488 et
1402 2433 1716 2488 obscuriora
1761 2440 1908 2495 sunt,
1939 2447 2033 2485 an-

461 2529 646 2600 gelicis
665 2526 1000 2582 solummodo
1033 2524 1313 2594 spiritibus
1341 2530 1557 2592 patent,
1592 2531 1650 2578 et
1676 2522 1829 2577 nobis
1859 2521 2033 2575 adhuc

461 2620 734 2692 incognita
765 2618 1082 2690 perdurant.
1115 2615 1285 2671 liabet
1311 2631 1441 2688 ergo
1489 2615 1760 2672 thalamus
1809 2623 2028 2679 tectum,

462 2713 586 2782 quia
632 2713 806 2768 nescit
857 2711 1032 2767 adhuc
1078 2711 1356 2780 proximus
1421 2719 1682 2780 quantmn
1739 2721 1952 2764 amatur
2001 2725 2030 2764 a

447 2805 726 2874 proximo.
767 2802 928 2858 Porta
983 2815 1194 2871 quoque
1214 2841 1230 2869 ,
1259 2802 1313 2856 id
1367 2810 1482 2866 est,
1517 2815 1730 2856 sacrum
1760 2801 2031 2870 eloquium

459 2895 626 2949 habet
663 2897 882 2956 tectum,
913 2891 1039 2960 quia
1071 2891 1294 2946 necdum
1323 2891 1504 2945 omnia
1555 2899 1838 2960 penetrare
1875 2891 2032 2944 intel-

462 2984 602 3038 lectu
624 2995 907 3052 possumus
921 2995 1040 3050 quae
1061 2980 1390 3034 intrinsecus
1414 2979 1636 3050 largitas
1659 2980 1914 3037 bonitatis
1940 2981 2034 3036 ha-

2135 1801 2324 1872 viginti
2363 1811 2414 1856 ρ’.
2441 1803 2681 1871 quinque
2705 1803 2916 1858 cubitus
2957 1817 3063 1857 non
3093 1803 3534 1860 ineonvenienter
3561 1806 3709 1860 intel-

2134 1892 2368 1964 ligimus,
2397 1895 2444 1950 s':
2470 1911 2562 1948 eos
2581 1892 2733 1962 juxta
2763 1911 2977 1950 sacrum
3004 1895 3274 1966 eloquium
3314 1897 3589 1953 discutere
3617 1915 3703 1952 ve-

2131 1985 2310 2039 limus.
2344 1985 2448 2040 Sex
2473 1987 2618 2040 enim
2651 1986 2853 2042 cubitis
2903 1995 3243 2042 mensuratos
3277 1987 3544 2043 thalamos
3573 1989 3706 2043 dixe-

2133 2084 2248 2141 rat;
2279 2084 2332 2130 et
2358 2085 2510 2131 sexto
2555 2076 2642 2130 die
2677 2077 2840 2131 homo
2883 2085 2967 2132 est
2995 2078 3263 2153 conditus,
3293 2093 3469 2149 coque
3497 2079 3585 2133 die
3613 2079 3706 2133 Do-

2132 2172 2310 2224 minus
2339 2169 2628 2239 perfecisse
2647 2184 2810 2238 opera
2855 2183 2950 2224 sua
2981 2169 3322 2225 describitur.
3353 2168 3514 2224 Unde
3544 2171 3704 2225 etiam

2131 2276 2230 2330 pro
2258 2258 2589 2330 perfectione
2627 2260 2750 2330 poni
2803 2260 3048 2314 senarius
3078 2259 3234 2327 solet,
3273 2270 3328 2314 ct
3348 2261 3476 2331 quia
3499 2275 3710 2316 omnem

2131 2350 2497 2421 Operationem
2528 2351 2724 2405 bonam
2753 2363 2850 2420 per
2874 2333 3113 2420 quatqu
3134 2351 3306 2405 sancti
3336 2350 3617 2423 Evangelii
3645 2351 3710 2406 li-

2134 2442 2260 2497 bros
2307 2442 2660 2512 agnovimus:
2693 2437 2737 2496 si
2769 2456 2862 2496 sex
2892 2451 3085 2510 quater
3125 2439 3393 2506 ducimus,
3423 2442 3492 2496 ad
3529 2442 3710 2512 viginti

2131 2541 2186 2587 et
2235 2543 2468 2603 quatuor
2513 2535 2876 2602 pervenimus.
2921 2531 3020 2586 Cui
3065 2547 3258 2588 monas
3307 2532 3549 2598 additur,
3590 2533 3709 2603 quia

2134 2640 2274 2678 unus
2324 2632 2409 2680 est
2460 2639 2556 2694 per
2605 2639 2780 2698 quem‘
2817 2638 3006 2678 omnes
3058 2623 3198 2678 bene
3249 2633 3567 2694 operantur.
3623 2623 3710 2679 Vi-

2132 2713 2269 2785 ginti
2293 2730 2423 2784 ergo
2470 2721 2524 2767 et
2579 2715 2816 2786 quinque
2862 2715 3058 2770 cubitis
3109 2715 3337 2770 latitudo
3384 2715 3500 2770 tunc
3545 2714 3714 2788 expli-

2131 2804 2244 2859 cari
2271 2805 2458 2860 debuit
2489 2823 2502 2859 :
2547 2805 2671 2876 quia
2698 2806 2874 2859 omnis
2907 2807 3043 2860 bona
3086 2807 3328 2876 operatio
3351 2823 3450 2876 per
3482 2815 3714 2876 quatuor

2133 2897 2308 2952 sancti
2327 2895 2628 2966 Evangelii,
2655 2906 2715 2951 ut
2735 2897 2986 2960 diximus,
3013 2897 3178 2952 libros
3202 2899 3534 2968 agnoscitur,
3577 2908 3632 2952 et
3659 2899 3722 2974 in

2135 2988 2292 3042 unius
2316 2985 2411 3042 Dei
2440 2986 2746 3057 cognitione
2785 2995 2838 3042 ct
2868 2987 3207 3043 confessione
3253 2988 3576 3059 completur.
3609 2989 3707 3046 Sc-

462 3075 668 3128 beatur.
696 3071 827 3126 Nam
855 3070 1112 3140 quidquid
1133 3068 1244 3137 jam
1265 3069 1331 3123 de
1357 3069 1635 3140 Scriptura
1661 3085 1818 3126 sacra
1837 3071 2036 3126 didiee-
2063 3065 2106 3129 C
2139 3082 2325 3153 quitur
2355 3100 2368 3134 :

465 3165 558 3227 ris,
571 3171 626 3216 et
641 3177 800 3231 quam
822 3161 1122 3231 proximum
1143 3159 1336 3216 tacitus
1354 3175 1522 3224 ames,
1536 3161 1589 3215 in
1614 3161 1892 3217 latitudine
1906 3161 2032 3216 boni

461 3255 640 3327 operis
687 3253 945 3308 ostendis.
997 3241 1186 3308 l‘ateat
1226 3253 1412 3324 itaque
1455 3253 1644 3324 viginti
1689 3263 1745 3310 et
1797 3255 2035 3325 quinque

461 3346 659 3401 cubitis
679 3343 902 3398 latitudo
926 3343 1067 3398 inter
1089 3343 1380 3398 thalamum
1405 3351 1460 3398 et
1487 3353 1698 3414 portam
1745 3363 1757 3399 :
1785 3346 1924 3414 quia
1956 3347 2035 3399 in-

464 3451 546 3497 ter
564 3441 883 3496 cbaritatem
905 3445 958 3494 et
996 3439 1295 3503 scientiam,
1325 3441 1477 3504 testis
1499 3447 1584 3494 est
1607 3440 1748 3494 bona
1769 3439 2030 3508 operatio.

463 3533 592 3599 Quae
621 3531 666 3586 si
696 3529 926 3585 fortasse
947 3528 1201 3592 defuerit,
1245 3527 1486 3598 profectu
1531 3537 1737 3584 certum
1774 3536 1888 3592 est,
1936 3543 2036 3581 nec

462 3621 782 3693 cognovisse
801 3627 856 3674 te
885 3621 1070 3682 Deum,
1101 3634 1201 3676 nec
1231 3618 1455 3689 diligere
1496 3618 1820 3689 proximum,
1851 3617 1901 3672 id
1931 3626 2032 3682 est,

461 3727 562 3767 nec
583 3719 792 3782 portam
818 3711 962 3766 sacri
992 3709 1214 3780 eloquii,
1245 3724 1346 3765 nec
1392 3709 1594 3763 amoris
1619 3707 1914 3763 thalamum
1939 3709 2037 3763 ha-

465 3804 609 3857 bere.
643 3802 711 3856 Et
740 3801 1030 3856 notandum
1071 3803 1210 3871 quod
1239 3816 1270 3856 a
1303 3808 1448 3856 tecto
1479 3800 1721 3865 thalami,
1766 3815 1938 3872 usque
1969 3801 2036 3854 ad

462 3901 661 3948 tectum
685 3901 854 3961 porta:
876 3893 1073 3946 dicitur
1095 3901 1457 3948 mensuratum
1483 3907 1498 3946 :
1525 3908 1626 3964 per
1657 3907 1721 3948 ea
1742 3891 1885 3946 enim
1918 3906 2038 3963 quae

463 3983 618 4037 nobis
631 3983 696 4035 .in
717 3995 874 4036 sacra
895 3980 1175 4050 Scriptura
1201 3991 1452 4050 cooperta
1481 3991 1626 4047 sunt,
1648 3989 1834 4038 nostra
1855 3982 2036 4038 humi-

463 4073 588 4127 litas
607 4072 957 4142 approbatur.
994 4071 1128 4137 Quia
1157 4073 1414 4142 quidquid
1440 4073 1495 4132 in
1528 4073 1618 4128 illa
1645 4087 1751 4128 non
1781 4073 2035 4142 intelligi-

462 4177 602 4230 mus,
626 4177 734 4217 nou
757 4159 987 4231 superbe
1007 4162 1424 4230 reprehendere,
1455 4163 1551 4218 sed
1577 4163 1828 4218 venerari
1855 4163 2036 4217 humi-

460 4250 586 4307 liter
610 4251 886 4312 debemus.
908 4249 954 4305 Α
977 4256 1120 4306 tecto
1146 4264 1274 4320 ergo
1299 4249 1519 4305 thalami
1545 4265 1718 4321 usque
1740 4252 1814 4307 ad
1838 4259 2034 4307 tectum

460 4351 628 4414 porte
651 4342 724 4398 sit
745 4355 938 4412 magna
964 4337 1222 4406 latitudo;
1255 4348 1312 4394 et
1335 4339 1401 4394 ab
1423 4339 1649 4396 occultis
1678 4347 1876 4395 nostra:
1899 4341 2031 4394 cha-

462 4436 642 4491 ritatis
707 4442 930 4506 propter
983 4433 1292 4504 proximum
1339 4447 1512 4503 usque
1561 4432 1630 4488 ad
1679 4433 2034 4490 humilitatem

461 4527 702 4586 scientiae
742 4535 962 4598 propter
999 4527 1192 4592 Deum,
1221 4525 1276 4582 in
1305 4534 1566 4596 quantum
1609 4525 1956 4596 intelligimus
1985 4533 2038 4579 et

461 4616 703 4672 valemus
731 4615 870 4670 bene
897 4630 1110 4686 semper
1139 4629 1446 4685 operemur.
1485 4613 1671 4671 Potest
1695 4615 1858 4670 etiam
1881 4623 2036 4686 porta

456 4707 579 4778 ipsa
601 4707 715 4778 jam
765 4707 942 4762 aditus
981 4707 1131 4779 regni
1169 4708 1408 4764 caelestis
1449 4707 1675 4778 intelligi
1707 4723 1724 4762 :
1770 4716 1825 4763 et
1873 4705 2038 4761 habet

463 4813 610 4852 nunc
637 4795 903 4852 thalamus
933 4807 1152 4864 tectum,
1191 4799 1353 4854 habet
1376 4809 1532 4869 porta
1562 4807 1782 4856 tectum.
1821 4797 1957 4866 Quia
1982 4805 2037 4852 et

462 4895 665 4960 quanta
697 4887 767 4941 sit
791 4897 974 4943 nostra
995 4889 1234 4946 charitas
1263 4891 1317 4945 in
1341 4890 1451 4947 Deo
1471 4900 1528 4947 et
1545 4893 1792 4962 proximo
1815 4907 1922 4946 non
1946 4909 2036 4947 eo-

460 4977 742 5051 gnoscitur
775 4993 788 5029 :
819 4985 875 5031 ct
893 4979 1112 5046 quando
1146 4980 1212 5034 de
1240 4981 1342 5036 hoc
1370 4982 1566 5039 saeculo
1594 4985 1661 5039 ad
1681 4991 1895 5038 aeterna:
1914 4985 2036 5038 vitae

462 5067 706 5137 requiem
727 5066 1132 5123 introducemur
1155 5069 1450 5139 ignoratur.
1469 5072 1692 5144 Semper
1717 5075 1859 5128 enim
1884 5075 2036 5130 nobis

461 5160 722 5220 Conditor
747 5169 930 5216 noster
955 5160 1096 5215 diem
1139 5163 1330 5217 mortis
1357 5172 1554 5220 nostra:
1582 5165 1910 5236 incognitum
1941 5180 2033 5221 ro-

463 5251 599 5308 luit:
633 5259 690 5308 ut
717 5252 844 5308 dum
887 5267 1099 5323 semper
1129 5253 1423 5325 ignoratur,
1447 5271 1660 5328 semper
1698 5273 1817 5313 esse
1849 5259 2034 5328 prosi-

362 5399 370 5407 ,
465 5358 586 5398 mus
622 5342 920 5398 credatur:
961 5350 1018 5398 et
1067 5351 1216 5398 tanto
1263 5343 1492 5415 quisque
1541 5347 1835 5402 ferventior
1876 5348 1946 5401 sit
1983 5347 2034 5401 in

464 5431 815 5500 operatione,
865 5441 1068 5502 quanto
1109 5442 1164 5488 et
1215 5433 1456 5490 incertus
1501 5443 1586 5490 est
1625 5435 1690 5490 de
1729 5435 2032 5490 vocatione.

463 5519 504 5573 1)
521 5521 624 5576 nde
651 5531 706 5577 et
725 5523 951 5579 latitudo
977 5523 1168 5596 viginti
1199 5533 1252 5580 et
1275 5523 1510 5595 quinque
1531 5527 1834 5582 cubitorum
1863 5542 1894 5580 a
1919 5526 2036 5580 tha-

463 5606 609 5664 lamo
630 5613 925 5682 adportam
954 5616 1189 5671 tenditur
1213 5633 1226 5670 :
1251 5615 1375 5685 quia
1405 5617 1726 5672 cbaritatem
1749 5631 1910 5686 quam
1945 5631 2032 5672 sc-

2211 3211 2229 3244 ι
2266 3193 2332 3248 Et
2374 3193 2572 3248 ostium
2619 3201 2807 3248 contra
2857 3193 3075 3248 ostium.
3111 3211 3130 3244 ›
3164 3193 3276 3250 lioc
3314 3193 3459 3259 loco,
3499 3203 3707 3261 contra,

2137 3299 2242 3338 non
2283 3282 2352 3338 ad
2384 3283 2766 3338 adversitatem
2789 3283 3029 3354 ponitur,
3076 3285 3170 3339 sed
3207 3285 3276 3339 ad
3309 3285 3706 3340 rectitudinem.

2135 3375 2342 3434 Ostium
2389 3376 2532 3430 enim
2571 3383 2760 3429 contra
2795 3375 2990 3429 ostium
3021 3385 3146 3430 est:
3182 3391 3305 3430 eum
3333 3385 3489 3431 recto
3519 3377 3709 3432 itinere

2133 3465 2204 3520 ab
2223 3464 2494 3519 exteriore
2517 3464 2584 3518 ad
2607 3463 2918 3518 interion
2948 3465 3150 3519 aditum
3173 3463 3507 3534 pervenitur.
3532 3463 3592 3519 In
3617 3481 3707 3520 εο-

2135 3554 2372 3627 gnitione
2394 3569 2521 3609 vero
2554 3554 2938 3622 omnipotentis
2979 3555 3073 3610 Dei
3109 3555 3344 3627 primum
3380 3554 3585 3610 ostium
3613 3571 3706 3610 no-

2135 3656 2326 3712 strum,
2359 3645 2492 3700 fides
2536 3654 2638 3701 est.
2684 3643 2992 3715 Secundum
3032 3661 3184 3712 vero,
3218 3648 3428 3718 species
3474 3647 3619 3702 illius
3645 3647 3709 3700 ad

2134 3750 2296 3804 quam
2350 3749 2448 3806 per
2501 3734 2659 3789 ﬁdem
2710 3735 3034 3790 ambulando
3093 3735 3458 3805 pervenimus.
3508 3735 3566 3790 in
3611 3737 3706 3792 hac

2135 3827 2332 3882 ctenim
2359 3827 2471 3880 vita
2513 3826 2653 3882 hanc
2689 3827 3040 3899 ingredimur,
3090 3835 3150 3880 ut
3175 3827 3244 3881 ad
3273 3827 3418 3881 illam
3469 3835 3704 3896 postmo—

2135 3917 2260 3972 dum
2291 3917 2669 3987 perducamur.
2701 3916 2910 3972 Ostium
2957 3931 3086 3987 ergo
3130 3924 3316 3970 eontra
3363 3915 3566 3970 ostium
3607 3926 3704 3976 est.

2135 4006 2258 4074 quia
2287 4021 2384 4074 per
2405 4005 2610 4060 aditum
2641 4005 2764 4061 ﬁdei
2795 4005 3036 4074 aperitur
3061 4003 3238 4058 aditus
3258 4003 3485 4058 visionis
3511 4005 3624 4059 Dei.
3647 4003 3704 4059 Si

2135 4095 2256 4164 quis
2282 4111 2413 4150 vero
2450 4105 2677 4165 utraque
2715 4095 2833 4150 inec
2863 4096 3001 4150 ostia
3030 4095 3083 4150 in
3132 4096 3234 4149 bac
3262 4096 3372 4150 vita
3399 4095 3529 4150 velit
3567 4094 3703 4150 acci-

2133 4200 2282 4254 pere,
2304 4201 2478 4256 neque
2499 4187 2602 4242 hoc
2627 4201 2656 4240 a
2679 4185 2878 4242 salubri
2901 4185 3248 4258 intelligentia
3273 4187 3553 4242 abhorret.
3577 4185 3702 4240 Nam

2135 4293 2275 4347 Stepe
2305 4277 2552 4332 volumus
2571 4276 2958 4346 omnipotentis
2983 4276 3076 4330 Dei
3103 4284 3348 4332 naturam
3387 4276 3706 4331 invisibilem

2062 4407 2115 4468 Β
2137 4368 2504 4432 considerare,
2549 4366 2644 4422 sed
2674 4381 3016 4436 nequaquam
3063 4367 3304 4424 valemus
3331 4384 3346 4421 :
3377 4375 3542 4436 atque
3585 4367 3708 4436 ipsis

2143 4457 2542 4512 difﬁcultatibus
2569 4456 2790 4527 fatigata
2827 4455 3005 4510 anima
3027 4457 3093 4512 ad
3120 4455 3465 4526 semetipsum
3489 4455 3706 4518 recedit,

2143 4547 2352 4615 sibique
2375 4546 2442 4600 de
2464 4560 2520 4600 se
2559 4545 2671 4615 ipsa
2709 4545 2909 4614 gradus
2932 4545 3302 4601 ascensionem
3341 4543 3494 4609 facit,
3523 4554 3576 4598 ut
3605 4543 3710 4612 pri—

2143 4651 2290 4689 mum
2327 4635 2672 4704 semetipsum
2702 4634 2746 4688 si
2775 4633 2918 4687 valet
2957 4634 3280 4696 consideret.
3315 4643 3369 4688 et
3398 4642 3530 4688 tunc
3571 4633 3708 4688 illam

2142 4731 2390 4778 naturam
2411 4739 2530 4794 quae
2553 4738 2714 4793 super
2751 4723 2922 4792 ipsam
2949 4732 3052 4788 est,
3073 4723 3128 4778 iu
3154 4736 3415 4792 quantum
3453 4722 3706 4792 potueiit,

2139 4814 2446 4884 investiget.
2477 4812 2583 4869 Sed
2611 4827 2762 4868 meus
2799 4821 3001 4880 nostra,
3028 4813 3072 4868 si
3107 4814 3158 4868 in
3185 4813 3492 4868 carnalibus
3528 4814 3710 4884 imagic

2141 4905 2298 4959 nibus
2325 4903 2486 4958 fuerit
2509 4919 2715 4972 sparsa,
2739 4918 3076 4973 nequaquam
3101 4903 3185 4958 vel
3215 4919 3276 4960 sc
3299 4903 3379 4958 vel
3403 4905 3601 4960 auium:
3617 4919 3708 4959 na-

2141 5003 2316 5049 turam
2339 4994 2683 5049 considerare
2709 4993 2905 5050 suillcit
2941 5010 2955 5048 :
2980 4995 3102 5065 quia
3142 5010 3239 5064 per
3259 5003 3392 5065 quot
3425 4997 3704 5067 cogitatio-

2141 5099 2238 5140 nes
2269 5084 2502 5146 ducitur,
2531 5084 2684 5152 quasi
2715 5099 2810 5153 per
2857 5092 2936 5138 tot
2977 5084 3254 5140 obstacula
3295 5093 3550 5142 cmeatur.
3593 5085 3702 5142 Pri.

2141 5191 2260 5229 mus
2281 5189 2410 5244 ergo
2438 5174 2632 5244 gradus
2671 5184 2773 5240 est,
2803 5185 2862 5228 ut
2889 5190 2947 5230 se
2972 5175 3040 5228 ad
3063 5191 3122 5230 se
3149 5175 3382 5246 colligat.
3411 5174 3702 5243 Secundus,

2140 5268 2198 5312 ut
2228 5259 2405 5312 videat
2429 5256 2607 5326 qualis
2635 5266 2716 5312 est
2741 5258 2882 5326 quod
2928 5257 3160 5328 colligat.
3187 5257 3420 5324 Tertius,
3447 5268 3508 5313 ut
3553 5275 3708 5330 super

2141 5346 2483 5414 semetipsam
2531 5353 2743 5415 surgat,
2775 5360 2839 5400 ac
2887 5361 2946 5400 sc
2999 5346 3437 5414 contemplationi
3479 5347 3706 5403 auctoris

2142 5433 2422 5488 invisibilis
2467 5433 2790 5488 intendenth
2837 5433 3105 5502 subjiciat,
3147 5433 3238 5488 sed
3279 5449 3337 5489 se
3365 5434 3432 5488 ad
3461 5449 3522 5489 se
3569 5435 3706 5492 nullo

2142 5523 2300 5578 modo
2335 5521 2554 5592 colligit.
2589 5521 2690 5576 nisi
2741 5521 2988 5578 didicerit
3037 5532 3570 5596 terrenarumatque
3597 5538 3702 5578 coe-

2143 5615 2352 5666 lestinm
2381 5613 2671 5681 imaginum
2694 5614 3065 5683 phantasmata
3088 5614 3156 5667 ab
3177 5615 3330 5670 oculo
3351 5616 3547 5670 utentis
3570 5631 3704 5671 cetu-
