3972 6184
273 338 381 394 9l3

1196 335 1542 393 COMMEN'I‘.
1584 340 1648 393 IN
1687 337 2134 394 EZECHIELEM.
2174 369 2237 377 η-
2280 338 2405 393 LIB.
2449 338 2562 392 XV.

3413 343 3533 396 ξιιμ

272 464 498 521 pesccre
554 468 565 502 :
603 448 860 518 quidquid
908 449 974 503 de
1028 450 1165 514 visu,
1223 449 1484 521 quidquid
1522 451 1587 504 de
1639 450 1843 513 auditu,
1877 455 1920 509 Α
1950 445 2128 499 calore
2159 446 2328 499 lutum
2350 446 2506 500 durat
2533 452 2585 500 et
2611 460 2791 500 ceram
2814 446 3000 514 liquat.
3031 447 3135 501 Sed
3166 444 3393 501 fortasse
3417 449 3523 502 hoe

273 539 535 610 quidquid
568 539 635 595 de
680 539 932 603 odoratu,
976 538 1232 607 quidquid
1280 539 1348 593 de
1394 548 1542 593 tactu
1595 546 1650 592 et
1686 547 1845 608 gustu

271 645 536 705 corpqreo
570 628 883 700 cogitationi
921 627 1036 697 ejus
1056 630 1374 692 occurrerit,
1402 644 1657 698 respuere
1686 638 1848 697 atque

274 721 516 786 calcare,
548 729 814 790 quatenus
842 721 998 775 talem
1021 736 1080 775 se
1108 729 1314 790 quaerat
1342 722 1507 785 intus,
1537 721 1712 790 qualis
1731 721 1848 777 sine

276 812 394 866 istis
412 820 516 866 est.
554 811 687 865 Nam
724 811 838 866 haec
864 811 1080 881 quando
1125 812 1354 882 cogitat,
1402 813 1556 882 quasi
1585 813 1845 881 quasdam

273 901 497 954 umbras
527 915 814 969 corporum
851 900 1118 955 introrsus
1167 909 1374 955 versat.
1410 899 1686 970 Abigenda
1717 916 1848 970 ergo

273 1000 399 1047 sunt
427 992 608 1046 omnia
637 1006 796 1047 manu
826 990 1165 1047 discretionis
1190 992 1258 1045 ab
1284 991 1455 1045 oculis
1476 992 1689 1057 mentis,
1716 1006 1848 1061 qua-

275 1093 430 1135 tenus
465 1081 621 1136 talem
644 1095 704 1135 se
723 1080 901 1134 anima
921 1080 1247 1145 consideret,
1270 1081 1445 1150 qualis
1468 1081 1568 1135 sub
1599 1081 1729 1147 Deo,
1752 1098 1843 1135 su-

270 1188 369 1241 per
388 1188 583 1241 corpus
605 1180 788 1227 creata
825 1181 942 1237 est;
971 1180 1030 1227 ut
1054 1187 1083 1226 a
1110 1172 1387 1242 superiore
1409 1172 1694 1235 vivificata,
1718 1174 1849 1227 vivi-

273 1264 398 1315 ticet
429 1262 655 1316 inferius
695 1263 837 1329 quod
883 1262 1264 1317 administrat:
1293 1277 1416 1332 qua:
1459 1271 1516 1315 et
1540 1263 1621 1317 sic
1669 1262 1845 1318 infusa

269 1364 375 1418 est,
409 1363 469 1407 ut
508 1368 613 1406 non
642 1369 740 1422 per
770 1353 1134 1407 membrorum
1177 1362 1363 1422 partes
1402 1352 1644 1422 partibus
1671 1354 1743 1407 sit
1766 1353 1848 1407 di-

270 1446 417 1511 visa;
451 1460 574 1499 nam
603 1444 656 1497 in
695 1443 934 1513 quolibet
958 1444 1075 1499 loco
1102 1460 1225 1514 pars
1250 1446 1494 1515 corporis
1522 1446 1569 1500 si
1613 1446 1848 1514 percuti-

270 1543 382 1599 tur,
411 1542 521 1587 tota
559 1531 720 1588 dolet.
751 1533 885 1600 Miro
918 1534 1097 1588 autem
1126 1535 1285 1589 modo
1312 1550 1415 1589 una
1451 1536 1744 1605 eademque
1771 1536 1847 1589 vi-

270 1622 579 1676 vilicatione
608 1621 865 1677 membris
898 1622 1212 1693 praesidens,
1253 1639 1374 1679 cum
1405 1625 1519 1693 ipsa
1557 1641 1653 1695 per
1697 1632 1847 1679 natu-

272 1728 386 1765 ram
415 1728 521 1767 non
545 1712 756 1767 diversa
799 1712 888 1778 sit,
910 1730 1008 1783 per
1034 1728 1229 1783 corpus
1254 1721 1432 1769 tamen
1472 1715 1584 1786 agit
1609 1716 1840 1771 diversa.

1948 537 1999 590 in
2051 544 2238 590 natura
2279 537 2376 590 luti
2402 537 2486 591 vel
2530 553 2669 592 certe
2695 544 2801 602 est,
2838 554 2945 592 non
2990 538 3043 593 in
3086 538 3197 607 ipsa
3236 538 3368 593 solis
3397 539 3518 594 sub-

1946 626 2163 690 stantia,
2193 641 2313 694 qua:
2334 627 2386 679 in
2416 627 2624 680 naturis
2642 626 2891 691 diversis,
2919 628 3131 682 diversa
3154 628 3369 685 videtur
3388 642 3517 698 ope-

1948 716 2075 769 rari.
2133 715 2482 786 Omnipotens
2513 725 2693 770 autem
2736 717 2876 772 Deus
2919 718 2977 771 in
3019 719 3309 789 semetipso
3354 720 3519 774 habet

1946 807 2061 861 sine
2091 800 2462 862 immutatione
2501 809 2778 863 mutabilia
2819 810 3121 879 disponere,
3149 810 3264 865 sive
3293 810 3513 865 diversi-

1949 907 2058 952 tate
2075 898 2158 952 sui
2188 898 2398 952 diversa
2443 912 2623 968 agere,
2656 900 2770 953 sive
2815 901 3201 970 cogitationum
3247 902 3519 956 vicissitu-

1943 990 2069 1045 dine
2095 991 2374 1044 dissimilia
2422 991 2656 1046 formare
2687 992 2841 1061 longe
2865 993 3214 1056 dissimiliter,
3259 999 3517 1061 operatur

1945 1079 2225 1134 dissimilia
2270 1095 2541 1149 nunquam
2567 1080 2669 1135 sibi
2712 1081 2988 1136 dissimilis
3016 1082 3157 1135 Deus
3193 1081 3284 1151 qui
3315 1089 3372 1135 et
3400 1082 3515 1135 ubi-

1946 1184 2050 1237 que
2076 1178 2179 1231 cst,
2195 1177 2251 1223 et
2268 1170 2465 1238 ubique
2488 1178 2632 1224 totus
2660 1179 2765 1225 est.
2797 1171 2886 1224 Ait
2911 1171 3087 1226 enim:
3110 1187 3129 1221 ‹
3149 1170 3355 1225 Coalqu
3384 1171 3517 1225 mihi

1945 1257 2099 1312 sedes
2133 1268 2234 1321 est,
2267 1267 2409 1313 terra
2460 1267 2641 1315 autem
2695 1260 2985 1315 scabellum
3025 1261 3215 1329 pedum
3273 1274 3517 1314 meorum

1946 1348 2082 1418 (Isa.
2117 1349 2281 1418 cxvl).
2314 1349 2378 1403 Et
2404 1350 2470 1404 de
2517 1351 2634 1420 ipso
2661 1351 2918 1419 scriptum
2972 1360 3057 1405 est
3109 1350 3233 1419 quia
3265 1369 3283 1401 ι
3320 1350 3514 1403 ctelum

1947 1440 2165 1495 metitur
2198 1439 2403 1507 palmo,
2449 1448 2504 1493 et
2558 1449 2759 1494 terram
2809 1440 3008 1509 pugillo
3049 1440 3323 1495 concludit
3364 1438 3512 1509 (lsa.

1946 1529 2067 1597 xc).
2105 1550 2122 1581 ι
2160 1530 2234 1582 Ex
2261 1546 2366 1584 una
2413 1546 2472 1585 re
2521 1531 2860 1585 considerare
2910 1545 3130 1586 necesse
3152 1539 3256 1593 est,
3306 1531 3430 1598 quia
3471 1528 3519 1583 is

1946 1618 2037 1686 qui
2073 1634 2140 1672 ca
2162 1618 2212 1671 lo
2238 1618 2382 1672 velut
2415 1619 2529 1673 sedi
2556 1621 2826 1689 przesidet,
2857 1634 3018 1688 super
3038 1628 3093 1674 et
3122 1620 3266 1673 intus
3293 1627 3377 1673 est
3418 1635 3430 1670 :
3463 1626 3525 1673 et

1947 1709 2038 1778 qui
2061 1710 2255 1764 coelum
2276 1711 2476 1779 palmo,
2506 1720 2562 1765 et
2587 1720 2783 1765 terram
2816 1711 3017 1781 pugillo
3044 1710 3334 1773 concludit,
3365 1717 3518 1764 exte-

268 1803 386 1872 lpsa
412 1801 609 1871 quippe
636 1810 719 1856 est
749 1817 868 1871 quae
907 1819 1004 1873 per
1024 1803 1210 1858 oculos
1238 1804 1390 1869 vidit,
1423 1820 1517 1874 per
1544 1820 1704 1859 aures
1747 1820 1842 1859 au.-
1869 1794 1916 1852 Β
1947 1800 2079 1865 rius,
2107 1801 2356 1869 superius
2377 1809 2433 1855 et
2467 1800 2688 1856 inferius
2714 1809 2817 1857 est.
2852 1802 2923 1858 Ut
2949 1817 3078 1872 ergo
3107 1802 3370 1856 indicaret
3402 1815 3519 1853 om-

266 1892 368 1955 dit,
400 1905 495 1959 per
528 1908 687 1945 nares
727 1892 1002 1958 odoratur,
1027 1909 1124 1962 per
1150 1909 1212 1948 os
1237 1903 1447 1965 gustat,
1480 1911 1576 1965 per
1605 1898 1846 1951 membra

265 1983 448 2034 omnia
476 1982 645 2053 tangit
667 1998 680 2035 :
702 1992 758 2038 et
786 1985 1069 2055 tangendo,
1095 1985 1213 2040 lene
1232 1987 1301 2041 ab
1324 2003 1517 2057 aspero
1540 1970 1798 2043 discernit
1826 2007 1839 2042 :

266 2084 318 2126 et
347 2090 470 2127 cum
505 2083 612 2127 tam
669 2075 881 2130 diversa
919 2085 1174 2146 operatur
1216 2094 1311 2148 per
1339 2096 1549 2145 sensus,
1593 2096 1700 2135 non
1731 2083 1846 2136 hcce

265 2165 503 2227 diversa,
527 2163 621 2216 sed
651 2180 754 2218 una
776 2164 863 2218 illa
892 2165 945 2219 in
970 2181 1074 2235 qua
1101 2175 1281 2222 creata
1308 2177 1392 2223 est
1418 2170 1628 2224 ratione
1670 2171 1848 2239 dispo-

267 2258 364 2310 nit.
391 2258 524 2311 Cum
567 2273 695 2327 ergo
717 2258 948 2327 seipsam
993 2259 1105 2314 sive
1135 2260 1457 2331 imaginibus
1485 2263 1729 2332 corporis
1755 2278 1845 2317 co-

265 2348 421 2417 gitat,
439 2346 618 2400 anima
636 2346 748 2414 jam
775 2348 1004 2416 primum
1026 2349 1223 2403 ostium
1248 2350 1496 2416 intravit;
1527 2352 1620 2405 sed
1648 2352 1717 2405 ab
1744 2352 1843 2406 hoc

265 2437 410 2492 ostio
442 2437 510 2490 ad
547 2437 692 2492 aliud
748 2437 1003 2504 tenditur,
1035 2448 1094 2493 ut
1123 2440 1189 2494 de
1236 2451 1428 2495 natura
1458 2442 1843 2510 omnipotentis

266 2526 363 2579 Dei
395 2525 597 2594 aliquid
644 2527 1057 2595 contempletur.
1089 2528 1281 2583 Anima
1314 2530 1493 2598 itaque
1522 2531 1574 2584 in
1617 2546 1846 2601 corpore

267 2618 378 2671 vita
410 2626 493 2671 est
528 2620 728 2673 carnis.
764 2620 904 2673 Deus
947 2634 1077 2674 vero
1102 2621 1191 2690 qui
1243 2622 1477 2675 vivificat
1505 2624 1684 2676 omnia
1732 2624 1841 2679 vita

266 2718 353 2761 est
380 2708 703 2762 animarum.
740 2708 795 2763 Si
836 2710 1000 2780 igitur
1030 2720 1192 2767 tanta:
1227 2721 1311 2767 est
1355 2715 1758 2785 magnitudinis,
1786 2727 1846 2772 ut

264 2797 650 2866 comprehendi
690 2814 793 2852 non
836 2800 1003 2869 possit
1026 2801 1134 2855 vita
1162 2802 1451 2869 vivificata,
1483 2804 1605 2873 quis
1634 2806 1842 2861 intelle-

267 2899 358 2942 ctu
384 2890 838 2959 comprehendere
864 2891 1057 2960 valeat,
1075 2903 1289 2962 quantm
1316 2895 1615 2964 majestatis
1641 2899 1713 2954 sit
1735 2900 1843 2953 vita

266 2979 569 3033 vivificaris.
608 2978 713 3033 Sed
738 2981 840 3036 hoe
882 2982 1053 3052 ipsum
1084 2986 1423 3042 considerare
1453 2996 1614 3059 atque
1645 2991 1846 3046 discer-

267 3083 400 3120 nere
418 3066 532 3134 jam
560 3077 641 3125 est
674 3070 1009 3139 aliquatenus
1051 3073 1272 3128 intrare.
1296 3076 1432 3143 Quia
1454 3094 1520 3134 ex
1557 3094 1655 3135 sua
1699 3081 1845 3135 aesti-

266 3158 507 3211 matione
532 3159 712 3212 anima
761 3160 962 3231 colligit
990 3164 1116 3232 quid
1149 3164 1216 3219 de
1244 3166 1709 3238 incircumscripto
1737 3170 1845 3239 spi-

268 3250 376 3302 .itu
429 3249 657 3312 sentiat,
704 3266 822 3320 qua:
865 3252 1475 3322 incomprehensibiliter
1522 3258 1679 3327 regit,
1726 3274 1845 3327 quae

267 3340 884 3408 iucomprcbensibilitcr
903 3344 1124 3397 creavit.
1156 3344 1412 3400 Conditor
1433 3348 1631 3401 etenim
1663 3355 1847 3403 noster

266 3426 427 3496 longe
471 3426 962 3497 incomparabiliter
1005 3440 1269 3486 creatura:
1311 3448 1423 3489 suae
1471 3435 1740 3505 praesidet,
1792 3446 1848 3491 et

266 3516 516 3585 quaedam
531 3526 784 3589 operatur
806 3528 865 3572 ut
884 3520 1015 3580 sint.
1031 3536 1130 3576 nec
1152 3530 1329 3577 tamen
1351 3524 1555 3578 vivant.
1589 3524 1846 3592 Qumdam

268 3625 405 3663 vero
434 3619 494 3662 ut
514 3610 622 3663 sint
651 3618 705 3664 et
726 3611 937 3676 vivant,
975 3626 1073 3665 nec
1105 3621 1280 3668 tamen
1311 3615 1616 3671 disternere
1646 3617 1846 3688 aliquid

269 3699 338 3752 de
382 3701 488 3753 vita
516 3699 745 3753 valeant.
770 3699 1024 3766 Quaedam
1045 3710 1223 3757 autem
1256 3711 1315 3758 ut
1340 3706 1450 3760 sint
1477 3706 1658 3761 vivant
1685 3717 1849 3779 atque

271 3791 603 3845 discernunt.
631 3791 697 3844 Et
721 3800 975 3862 operatus
1004 3809 1142 3848 unus
1166 3796 1371 3863 omnia,
1401 3798 1496 3852 sed
1526 3799 1578 3852 in
1602 3799 1849 3855 omnibus

271 3897 380 3934 non
411 3881 614 3935 divisus
646 3900 659 3935 z
689 3893 772 3936 est
815 3884 959 3938 enim
1002 3900 1128 3940 vere
1163 3902 1426 3955 summus,
1473 3897 1528 3944 et
1574 3906 1847 3960 nunquam

271 3975 377 4029 sibi
405 3976 700 4030 dissimilis.
750 3977 941 4033 Anima
968 3981 1067 4034 etsi
1110 3997 1208 4050 per
1248 3991 1494 4037 naturam
1533 3984 1849 4055 sibimetipsi

272 4068 485 4121 diversa
515 4078 743 4133 nonest,
775 4086 871 4139 per
896 4072 1274 4140 cogitationem
1306 4083 1483 4128 tamen
1506 4076 1717 4130 diversa
1744 4086 1846 4131 est.

274 4158 351 4211 Eo
376 4158 521 4213 enim
565 4162 818 4215 momenti
848 4162 955 4216 ictu
984 4179 1090 4232 quo
1130 4164 1196 4219 de
1244 4166 1359 4219 visu
1389 4167 1610 4237 cogitat,
1647 4168 1712 4224 de
1757 4185 1845 4224 au-

271 4249 389 4302 ditu
416 4249 652 4319 cogitare
673 4251 1008 4306 obliviscitur
1035 4268 1048 4305 :
1072 4262 1213 4308 eteo
1234 4257 1489 4310 momenti
1521 4257 1626 4311 ictu
1650 4273 1757 4326 quo
1783 4259 1850 4313 de

273 4338 458 4390 auditu
487 4337 568 4390 vel
595 4349 748 4409 gustu
799 4341 1017 4410 cogitat,
1048 4342 1114 4396 de
1146 4345 1371 4398 odoratu
1400 4344 1479 4398 vel
1516 4354 1659 4401 tactu
1700 4348 1847 4418 cogi-

1947 1889 2195 1957 nipotens
2254 1890 2396 1946 Deus
2446 1892 2754 1947 interiorem
2813 1907 2872 1946 se
2904 1907 3054 1956 esse,
3094 1901 3150 1946 et
3184 1891 3515 1960 superiorem

1946 1976 2215 2042 omnibus,
2245 1978 2442 2032 coelum
2470 1979 2573 2032 sibi
2594 1979 2708 2033 sedi
2728 1995 2850 2034 esse
2873 1980 3143 2049 perhibuit
3174 2000 3186 2033 :
3219 1987 3277 2033 ut
3300 1993 3432 2032 vero
3457 1993 3517 2031 se

1946 2068 2255 2123 ostenderet
2280 2069 2458 2122 omnia
2488 2068 2855 2134 circumdare,
2887 2071 3081 2125 cadum
3113 2070 3289 2125 metiri
3319 2069 3515 2138 palmo,

1944 2165 2000 2209 et
2030 2165 2227 2211 terram
2251 2173 2308 2211 se
2333 2158 2526 2213 asserit
2554 2158 2754 2228 pugillo
2780 2159 3120 2214 concludere.
3147 2159 3265 2229 Ipse
3282 2168 3518 2228 estergo

1948 2247 2169 2302 interior
2195 2257 2252 2303 et
2285 2251 2543 2315 exterior,
2588 2252 2700 2320 ipse
2749 2251 2974 2306 inferior
3014 2260 3070 2307 et
3114 2252 3360 2320 superior
3389 2270 3402 2305 ε
3435 2266 3521 2306 re-

1946 2339 2117 2406 gendo
2140 2341 2406 2408 superior,
2430 2342 2692 2408 portando
2715 2340 2967 2407 inferior;
2994 2342 3246 2411 replendo
3268 2342 3516 2407 interior,

1945 2426 2329 2483 circumdando
2356 2429 2608 2484 exterior.
2638 2430 2834 2499 Sicque
2857 2440 2942 2485 est
2968 2430 3132 2495 intus,
3151 2439 3210 2484 ut
3233 2439 3388 2512 extra
3407 2430 3478 2484 sit
3501 2450 3513 2485 :

1945 2522 2024 2575 sic
2054 2520 2354 2575 circumdat
2401 2531 2459 2576 ut
2488 2532 2747 2593 penetret.
2783 2524 2874 2579 Sic
2919 2509 3170 2594 praesidet
3209 2509 3514 2594 ut'portet:

1944 2613 2021 2666 sic
2043 2620 2221 2681 portat
2249 2620 2308 2666 ut
2349 2613 2650 2681 praesideat.
2696 2613 2828 2668 Cum
2854 2629 2982 2684 ergo
3010 2614 3284 2669 sublevata
3320 2616 3387 2670 ad
3429 2631 3518 2672 se-

1944 2702 2114 2771 ipsam
2142 2702 2318 2755 anima
2369 2717 2524 2756 suum
2556 2703 2826 2758 modulum
2859 2712 2912 2759 et
2960 2704 3244 2775 intelligit,
3294 2712 3350 2759 et
3390 2706 3518 2774 quia

1943 2792 2242 2862 corporalia
2275 2793 2457 2846 omnia
2488 2793 2831 2848 transcendat
2865 2794 3126 2864 agnoscit,
3158 2803 3321 2864 atque
3345 2796 3413 2850 ab
3436 2795 3519 2849 in!-

1946 2883 2164 2939 tellectu
2190 2898 2289 2937 suo
2324 2898 2381 2937 se
2407 2883 2472 2938 ad
2519 2885 2757 2939 auctoris
2798 2884 3124 2939 intellectum
3163 2885 3350 2949 tendit,
3389 2886 3517 2953 quid

1936 2975 2049 3044 jam
2072 2977 2187 3031 haec
2213 2977 2317 3032 nisi
2343 2978 2565 3044 ostium,
2585 2977 2728 3047 quod
2753 2987 2835 3034 est
2856 2987 3044 3034 contra
3065 2979 3261 3036 ostium
3293 2979 3522 3048 aspicit?

1952 3065 2101 3121 Unde
2131 3076 2186 3121 et
2209 3068 2415 3122 auctori
2437 3069 2679 3124 omnium
2710 3068 2976 3139 Propheta
3003 3071 3135 3126 dicit
3160 3089 3170 3123 :
3207 3089 3227 3122 ι
3267 3069 3525 3125 Mirabilis

1873 3137 1917 3197 (ἶ
1950 3157 2091 3212 facta
2114 3170 2196 3213 est
2225 3160 2448 3213 scientia
2479 3169 2570 3214 tua
2597 3174 2661 3215 ex
2692 3175 2779 3217 me
2805 3137 2975 3231 (Paul.
3018 3161 3300 3233 cxxxvtu).
3341 3181 3359 3212 ι
3384 3161 3521 3229 Quia

1949 3247 2341 3315 quantumlibet
2367 3247 2677 3313 intenderit,
2699 3264 2797 3305 nec
2819 3251 3164 3319 semetipsam
3194 3252 3372 3307 anima
3402 3269 3523 3322 per~

1951 3335 2088 3391 fecte
2117 3335 2310 3390 sutIicit
2340 3346 2622 3407 penetrare
2654 3357 2665 3392 :
2696 3348 2896 3408 quanto
2924 3341 3093 3408 magis
3135 3340 3279 3395 illius
3310 3344 3521 3411 magni-

1951 3427 2190 3482 tudinem
2220 3428 2312 3499 qui
2358 3430 2530 3499 potuit
2553 3439 2609 3485 et
2650 3430 2884 3485 animam
2909 3430 3175 3487 condere!
3196 3432 3438 3502 Cumque
3467 3434 3520 3487 in

1950 3517 2188 3571 scientia:
2217 3519 2310 3573 Dei
2357 3520 2628 3575 intellectu
2660 3521 2929 3576 laboraret
2969 3521 3271 3577 lassescens
3299 3538 3363 3577 ac
3390 3522 3520 3577 deii-

1950 3605 2099 3661 ciens
2147 3607 2754 3670 subdidit:Confortata
2799 3620 2881 3666 est
2918 3625 3018 3666 nec
3065 3619 3254 3680 potero
3283 3612 3348 3667 ad
3375 3626 3516 3666 eam.

1952 3697 2062 3753 Sed
2086 3715 2209 3754 cum
2238 3710 2494 3755 conantes
2533 3711 2693 3771 atque
2722 3702 3000 3757 tendentes
3033 3702 3289 3772 quiddam
3310 3702 3424 3774 jam
3454 3703 3523 3758 de

1951 3788 2205 3843 invisibili
2229 3800 2419 3844 natura
2446 3790 2755 3861 conspicere
2780 3791 3062 3858 lassamur,
3086 3794 3518 3857 reverberamur,

1952 3877 2263 3947 repellimur
2293 3894 2307 3932 :
2340 3880 2441 3933 etsi
2490 3880 2744 3935 interiora
2774 3890 3058 3950 penetrare
3080 3898 3185 3937 non
3212 3898 3520 3952 possumus,

1954 3980 2128 4025 tamen
2144 3970 2256 4039 jam
2274 3973 2341 4025 ab
2362 3972 2617 4028 exteriori
2636 3975 2776 4030 ostio
2799 3976 3027 4031 interius
3045 3976 3241 4032 ostium
3258 3978 3519 4033 videmus.

1951 4063 2065 4132 Ipse
2093 4065 2234 4117 enim
2261 4064 2875 4120 considerationislabor
2897 4068 3092 4121 ostium
3116 4076 3196 4123 est
3229 4070 3320 4138 qui
3345 4078 3524 4123 osten-

1952 4152 2029 4205 dit
2052 4152 2250 4221 aliqttid
2277 4168 2344 4207 ex
2372 4168 2438 4208 eo
2464 4155 2607 4223 quod
2634 4155 2780 4209 intus
2804 4164 2909 4219 est,
2934 4156 3035 4211 etsi
3066 4158 3241 4211 adhuc
3281 4157 3420 4226 quod
3444 4158 3525 4211 in-

1952 4241 2224 4309 grediendi
2250 4251 2492 4309 potestas
2520 4260 2623 4298 non
2657 4254 2758 4299 est.

2029 4373 2048 4405 ι
2081 4355 2148 4409 Et
2197 4356 2325 4411 fecit
2380 4357 2586 4412 frontes
2631 4374 2727 4428 per
2750 4359 3024 4428 sexaginta
3076 4350 3320 4422 cubitos,
3373 4368 3427 4412 et
3455 4360 3525 4413 ad

272 4439 390 4482 tare
417 4444 521 4481 non
546 4430 801 4499 prmvalet
843 4444 856 4483 :
885 4433 1008 4499 quia
1035 4448 1131 4501 per
1157 4434 1507 4490 intentionem
1529 4444 1586 4491 et
1626 4438 1850 4493 oblivio-
1882 4477 1930 4535 Β
1961 4464 1977 4495 ι
2015 4436 2244 4499 frontem
2291 4446 2489 4500 atrium
2537 4456 2706 4515 portae
2743 4448 2977 4516 undique
3016 4462 3111 4515 per
3135 4448 3442 4511 circuitum,
3467 4459 3530 4503 et

272 4536 397 4574 nem
443 4520 503 4574 ﬁt
532 4536 743 4592 semper
784 4524 1102 4597 sibimetipsi
1133 4525 1429 4593 dissimilis,
1459 4536 1518 4582 ut
1558 4546 1699 4586 nunc
1725 4533 1848 4596 hoc,

272 4626 415 4666 nunc
436 4611 563 4666 illud
584 4614 909 4683 cogitatione
933 4624 1133 4671 teneat.
1149 4614 1499 4685 Omnipotens
1513 4627 1692 4674 autem
1710 4622 1851 4676 Deus

268 4704 399 4773 quia
429 4703 746 4773 sibimetipsi
776 4707 1051 4763 dissimilis
1074 4724 1182 4764 non
1221 4718 1323 4772 est,
1369 4724 1435 4763 ea
1463 4710 1662 4765 virtute
1686 4712 1848 4779 videt,

270 4810 378 4864 qua
402 4795 555 4849 audit
577 4796 755 4850 omnia
780 4814 794 4861 ;
822 4812 887 4852 ea
912 4800 1110 4854 virtute
1131 4809 1300 4865 creat,
1336 4815 1440 4871 qua
1473 4802 1676 4857 indicat
1702 4818 1852 4859 crea-

272 4895 453 4939 turam
468 4883 601 4954 ejus.
620 4887 758 4959 Ergo
786 4899 841 4943 et
860 4889 1042 4945 videre
1060 4890 1218 4945 simul
1247 4892 1451 4957 omnia,
1468 4892 1852 4948 administrare

269 4984 355 5028 est
400 4990 417 5028 :
459 4986 514 5029 et
558 4978 935 5035 administrare
981 4983 1311 5051 conspicere.
1365 4985 1480 5038 Alia
1531 4985 1854 5055 cogitatione

272 5076 444 5132 iustos
489 5067 742 5137 adjuvat,
802 5079 963 5140 atque
1016 5072 1119 5126 alia
1166 5075 1391 5145 injustos
1451 5076 1694 5130 damnat.
1747 5075 1853 5132 Sed

272 5172 378 5209 una
408 5155 596 5211 eadem
626 5174 719 5211 sex
760 5168 965 5215 naturae
1003 5163 1288 5231 singularis
1318 5165 1418 5218 sibi
1449 5180 1661 5234 semper
1685 5165 1851 5220 indis-

271 5248 468 5302 similis
496 5247 772 5303 dissimilia
801 5252 1055 5322 disponit.
1084 5254 1193 5308 Cur
1227 5264 1406 5311 autem
1430 5259 1533 5312 hoc
1568 5257 1634 5312 de
1667 5269 1853 5327 poten-

272 5338 345 5391 tia
369 5338 634 5393 creatoris
668 5339 1017 5408 admiremur,
1050 5344 1175 5413 quia
1204 5345 1419 5401 virtutis
1444 5348 1561 5417 ejus
1605 5348 1851 5418 vestigia,

273 5442 327 5485 et
360 5432 416 5485 in
447 5438 694 5486 creatura
738 5433 1118 5504 conSpicimus.
1171 5436 1374 5492 Natura
1423 5440 1620 5509 quippe
1656 5440 1753 5494 luti
1798 5448 1855 5495 et

273 5539 411 5578 θυαε
435 5523 648 5578 diversa
681 5534 763 5580 est
795 5545 807 5578 :
836 5527 964 5582 solis
985 5543 1114 5583 vero
1138 5530 1318 5584 radius
1347 5547 1452 5585 non
1476 5539 1560 5586 est
1583 5531 1849 5587 diversus.

274 5614 335 5666 Et
358 5623 539 5668 tamen
570 5630 692 5669 cum
717 5617 962 5673 diversus
996 5636 1101 5672 non
1136 5621 1225 5684 sit,
1261 5621 1472 5676 diversa
1498 5630 1626 5676 sunt
1646 5638 1766 5692 quae
1796 5622 1849 5677 in

268 5713 387 5758 tuto
415 5714 694 5773 operatur,
727 5717 780 5762 et
832 5724 953 5763 cera
998 5711 1167 5778 :quia
1214 5727 1318 5765 uno
1367 5712 1554 5766 eodem
1600 5713 1679 5766 sui
1714 5712 1851 5781 ignis

1961 4552 1979 4584 ε
2015 4542 2140 4588 ante
2168 4534 2358 4589 faciem
2406 4544 2574 4604 porta:
2602 4552 2722 4605 qua:
2768 4535 3103 4605 pertingebat
3149 4552 3317 4607 usque
3344 4539 3411 4591 ad
3444 4540 3525 4593 fa-

1961 4643 1977 4674 ι
2014 4623 2153 4678 ciem
2180 4625 2425 4680 vestibuli
2455 4635 2622 4695 portae
2649 4625 2923 4681 interioris
2946 4628 3335 4697 quinquaginta
3366 4630 3520 4684 cubi-

1962 4731 1979 4762 σ
2016 4722 2120 4778 tos,
2152 4724 2207 4769 et
2226 4713 2490 4769 fenestras
2515 4715 2760 4784 obliquas
2790 4714 2843 4768 in
2876 4716 3144 4779 thalamis,
3174 4726 3230 4772 et
3252 4719 3304 4772 in
3334 4718 3525 4774 fronti-

1961 4822 1980 4853 α
2016 4806 2114 4858 bus
2163 4818 2349 4858 eorum
2372 4819 2490 4872 qua:
2537 4812 2690 4858 erant
2741 4805 2881 4860 intra
2925 4816 3135 4876 portam
3171 4810 3403 4879 undique
3427 4826 3527 4880 per

1961 4914 1981 4946 ι
2017 4895 2321 4948 circuitum.
2381 4893 2639 4949 Similiter
2662 4904 2838 4951 autem
2862 4906 3020 4953 erant
3060 4908 3116 4953 et
3149 4900 3204 4952 in
3242 4902 3523 4958 vestibulis

1960 5004 1978 5035 ς
2018 4984 2267 5039 fenestrae
2293 5002 2389 5055 per
2416 4999 2605 5055 gyrum
2656 4987 2999 5054 intrinsecus,
3049 4999 3105 5044 et
3158 5000 3283 5046 ante
3316 4991 3521 5050 frontes

1960 5094 1978 5126 ι
2016 5075 2222 5144 pictura
2266 5077 2584 5143 palmarum.
2622 5095 2640 5126 ι
2673 5075 2941 5150 (Ηίενοη.)
2973 5078 3112 5135 Ρυιο
3154 5090 3332 5135 autem
3381 5084 3525 5138 inter

1955 5179 2167 5217 murum
2214 5164 2392 5234 templi
2432 5165 2767 5221 extrinsecus
2811 5182 2906 5236 per
2936 5169 3221 5225 circuitum
3268 5182 3322 5225 et
3351 5173 3524 5242 ipsam

1954 5254 2122 5306 aedem
2149 5254 2201 5306 in
2232 5256 2391 5319 atrio,
2422 5255 2522 5310 hoc
2542 5264 2627 5311 est
2644 5256 2697 5311 in
2727 5257 2919 5321 medio,
2944 5260 3187 5327 quaedam
3214 5260 3377 5316 fuisse
3406 5279 3533 5333 pro-

1956 5352 2074 5412 pter
2100 5338 2349 5397 ornatum
2369 5344 2540 5413 posita
2560 5384 2575 5409 ,
2607 5361 2726 5414 qua:
2757 5344 3112 5416 Symmachus
3142 5350 3534 5418 interpretatur

1953 5434 2395 5499 circumstantias,
2442 5435 2493 5490 id
2521 5444 2624 5501 est,
2663 5438 2859 5491 stantia
2894 5439 3157 5507 qumdam,
3190 5447 3246 5492 et
3272 5440 3339 5495 de
3374 5451 3534 5499 terra:

1956 5529 2069 5584 solo
2091 5537 2271 5584 erecta
2304 5530 2358 5584 in
2386 5530 2612 5585 sublime
2637 5571 2651 5595 ,
2700 5539 2755 5585 et
2782 5532 2896 5586 lure
2924 5534 3196 5603 sexaginta
3222 5535 3532 5592 cubitorum

1956 5622 2197 5675 obtinere
2261 5623 2509 5691 spatium.
2602 5622 2941 5693 Rursumque
3002 5624 3406 5693 egredientibus
3465 5629 3532 5683 de

1955 5720 2107 5779 porta
2139 5712 2380 5766 interiori
2412 5711 2477 5767 ad
2510 5710 2700 5768 faciem
2728 5713 2993 5777 vestibuli,
3025 5714 3168 5783 quod
3204 5716 3533 5784 respiciebat
