3972 6184
482 296 581 353 Silii

1113 294 1173 348 B.
1216 290 1468 348 RABANI
1510 290 1729 346 MAUlll
1770 290 2092 346 ARCIIIEP.
2136 292 2445 350 MOGUN'I'.
2484 292 2770 349 OPERUM
2809 292 2989 348 PARS
3028 293 3091 348 Il.

3642 297 3742 353 9l6

472 416 683 478 portam
715 404 1042 459 exteriorem
1087 400 1471 470 quinquaginta
1502 398 1713 452 cubitus
1754 397 2053 452 obtinuisse
2083 412 2130 466 Α
2158 400 2337 456 decies
2386 403 2547 457 ducta
2601 402 2653 456 in
2709 402 3118 473 sexagenarium
3162 417 3446 459 numerum
3493 403 3743 478 surgunt,

475 498 652 552 locum
702 495 755 549 in
801 493 997 564 quibus
1037 491 1285 545 fenestra:
1329 496 1486 542 erant
1525 486 1777 555 obliquae,
1807 501 1943 554 quas
1969 500 2060 540 se-

476 585 756 659 ptuaginta
802 581 1188 645 absconditae,
1239 578 1596 650 Symmachus
1629 577 1827 647 topica:
1879 584 2054 632 vocat.

473 677 544 733 Et
570 677 652 731 hae
690 674 942 728 fenestne
980 677 1135 725 erant
1161 669 1216 723 in
1247 668 1519 732 thalamis,
1552 668 1655 721 hoc
1679 674 1784 731 est,
1815 667 1868 720 in
1906 667 2055 722 cubi-

474 768 609 823 culis
633 764 855 834 singulis
884 771 938 817 et
988 761 1304 832 porticibus,
1357 776 1479 830 qua-
1516 767 1642 814 ante
1666 758 1914 815 cubicula
1938 767 2056 813 ten-

472 858 758 921 debantur,
790 854 1093 909 obtinentes
1115 850 1327 907 cubitus
1346 848 1759 919 quinquaginta.
1811 847 1943 914 Qua:
1975 846 2058 903 fc-

472 960 667 1008 ncstra:
689 950 921 1020 obliqua:
936 948 1049 1003 sive
1062 946 1239 1015 tupice
1250 943 1452 998 idcirco
1468 958 1498 996 a
1512 940 1723 1012 sagittis
1740 938 2058 996 vocabulum

472 1047 864 1112 perceperunt,
914 1037 1056 1107 quod
1102 1036 1273 1090 instar
1318 1033 1639 1104 sagittarum
1683 1037 1968 1100 atigustum
2004 1029 2058 1083 in

471 1134 614 1188 aedes
637 1132 815 1189 lumen
845 1130 1159 1193 immittant,
1185 1134 1241 1181 et
1263 1126 1588 1181 intrinsecus
1611 1122 1926 1187 dilatentur,
1948 1135 2059 1176 om-

474 1227 671 1295 niaque
726 1240 822 1293 per
897 1222 1180 1277 circuitum
1244 1219 1400 1289 plena
1464 1222 1621 1270 erant
1689 1212 2056 1283 hujuscemodi

472 1314 747 1371 fenestris.
805 1314 872 1368 Et
910 1321 1035 1367 ante
1079 1313 1315 1374 frontes,
1368 1308 1572 1377 inquit,
1616 1306 1923 1377 porticuum
1972 1304 2055 1375 pi-

474 1414 625 1459 ctura
669 1406 782 1459 sive
810 1403 1064 1457 ca-latura
1108 1400 1407 1471 palmarum
1445 1416 1456 1451 :
1483 1412 1581 1466 per
1606 1410 1727 1465 qua:
1754 1392 2057 1449 ostenditur

476 1496 527 1548 in
554 1494 774 1548 introitu
815 1502 1018 1564 purtte,
1058 1491 1350 1560 statimque
1381 1486 1804 1557 ingredientibus
1841 1499 2054 1538 murum

475 1587 749 1658 sexaginta
796 1600 1084 1642 occurrere
1127 1584 1328 1646 cubita,
1379 1596 1501 1636 cum
1533 1580 1696 1635 variis
1722 1578 2057 1635 ornamentis

475 1695 593 1747 qua:
620 1679 927 1734 referuntur
959 1677 1025 1731 ad
1052 1674 1413 1730 conditionem
1453 1671 1635 1727 mundi
1670 1688 1685 1724 :
1728 1678 1786 1723 ut
1807 1684 1875 1723 ex
1904 1683 2056 1722 crea-

2165 501 2311 546 recte
2358 508 2457 562 per
2501 493 2782 563 sexaginta
2826 493 3040 551 cubitus
3074 494 3340 550 bonorum
3370 510 3600 566 operum
3628 514 3751 571 per-

2163 581 2326 637 fectio
2364 583 2693 652 designatur.
2752 583 2905 650 Quod
2945 595 3134 655 aperte
3179 586 3341 641 etiam
3383 587 3649 646 Dominus
3691 592 3746 647 in

2161 676 2450 747 Evangeliu
2479 678 2756 748 designat;
2787 678 2878 746 qui
2920 694 3042 732 cum
3079 679 3394 747 parabulam
3430 683 3751 742 seminantis

2160 775 2476 835 exponeret,
2505 768 2640 822 dixit
2666 786 2679 821 :
2704 767 2861 822 Aliud
2884 768 3084 823 cecidit
3120 770 3175 823 in
3206 778 3408 825 terram
3443 773 3669 840 bonam,
3696 784 3750 831 et

2160 860 2324 914 dabat
2347 859 2582 916 fructum
2614 860 2995 915 ascendentem
3042 869 3099 916 et
3141 874 3475 919 crescentem
3502 882 3516 919 :
3540 875 3598 921 et
3620 865 3749 923 affe-

2163 952 2315 1005 rebat
2337 967 2504 1006 unum
2531 952 2777 1023 triginta,
2815 950 2981 1007 unum
3010 954 3312 1022 sexaginta,
3341 963 3397 1009 et
3426 972 3594 1011 unum
3621 973 3748 1013 cen-

2161 1051 2293 1097 tum.
2322 1044 2551 1099 Fructus
2577 1044 2777 1099 etenim
2803 1049 2961 1100 terra:
2991 1047 3145 1101 bona:
3176 1047 3392 1118 triginta
3417 1048 3597 1114 aﬂ'ert,
3628 1065 3748 1105 cum

2161 1150 2312 1189 mens
2351 1134 2742 1203 perfectionem
2770 1134 2911 1199 ﬁdei,
2959 1150 3079 1206 quae
3103 1144 3187 1192 est
3216 1137 3269 1191 in
3302 1137 3595 1203 Trinitate,
3622 1154 3750 1194 cun-

2158 1228 2384 1297 ceperit.
2409 1226 2700 1296 Sexaginta
2717 1227 2893 1292 aﬂert,
2917 1243 3040 1282 cum
3066 1227 3221 1282 bona:
3244 1228 3368 1283 vitm
3383 1244 3549 1298 opera
3576 1231 3749 1299 perfe-

2158 1309 2242 1371 cta
2272 1317 2576 1388 protulerit.
2637 1317 2865 1373 Centum
2906 1333 3034 1373 vero
3074 1316 3252 1384 affert,
3283 1334 3406 1373 cum
3436 1322 3505 1375 ad
3535 1330 3749 1375 mternze

2158 1408 2283 1462 vita:
2318 1407 2826 1477 contemplationem
2865 1408 3175 1479 profecerit.
3223 1408 3457 1465 Sinistra
3487 1411 3634 1465 enim
3654 1427 3747 1466 nu-

2157 1505 2272 1550 stra
2317 1503 2401 1551 est
2440 1511 2681 1566 prsesens
2722 1497 2830 1552 vita
2873 1514 2887 1551 :
2926 1497 3152 1553 dextera
3185 1514 3333 1562 vero,
3359 1499 3468 1553 vita
3500 1508 3745 1555 ventura.

2157 1587 2224 1641 Et
2245 1595 2389 1643 recte
2411 1602 2510 1657 per
2549 1590 2916 1643 centenarium
2942 1605 3225 1645 numerum
3246 1598 3461 1645 :eterna:
3483 1592 3607 1647 vitae
3628 1608 3752 1648 con-

2159 1674 2433 1745 templatio
2458 1675 2772 1747 designatur
2798 1679 2951 1747 :qnia
2973 1695 3097 1733 cum
3111 1688 3232 1749 post
3261 1680 3479 1750 triginta
3509 1695 3574 1735 ac
3595 1696 3749 1736 sexa-

476 1768 612 1825 turis
640 1767 862 1823 Greater
888 1766 1245 1836 intelligatur,
1282 1772 1339 1819 et
1375 1763 1557 1818 omnia
1579 1759 1771 1816 ordine
1795 1766 1851 1815 et
1878 1758 2045 1813 ratio-
2080 1759 2122 1818 Β
2150 1765 2296 1836 ginta
2339 1767 2408 1821 ad
2434 1768 2787 1823 centesimum
2838 1784 3121 1824 numerum
3175 1772 3537 1841 computando
3566 1786 3752 1842 perve-

476 1874 547 1913 ne
568 1857 840 1913 currentia
867 1857 1154 1911 ostendant
1179 1854 1362 1909 mundi
1395 1852 1732 1917 varietatem,
1771 1849 1863 1920 qui
1911 1849 2052 1919 apud

476 1948 693 2003 Graccus
719 1949 926 2018 κόσμος,
951 1948 1019 2001 ab
1045 1956 1239 2002 ornatu
1273 1960 1467 2000 nomen
1502 1944 1741 2014 accepit,
1789 1949 1843 1997 et
1876 1942 1929 1996 in
1957 1956 2049 1996 sex

476 2040 663 2095 diebus
694 2039 865 2095 factus
887 2046 973 2093 est
994 2081 1009 2103 ,
1062 2048 1120 2092 ut
1164 2054 1261 2107 per
1286 2036 1524 2106 singulos
1549 2034 1666 2089 dies
1691 2032 1905 2088 deeadze
1937 2031 2052 2087 sin-

477 2132 615 2204 gula:
642 2139 1023 2201 supputentur,
1053 2146 1212 2199 quem
1246 2129 1544 2198 perfectum
1572 2141 1854 2181 numerum
1892 2140 2052 2195 supra

476 2225 728 2279 diximus.
763 2223 892 2278 Post
920 2225 1035 2279 htec
1066 2223 1489 2294 ingredientibus
1517 2221 1670 2275 nobis
1696 2221 1890 2274 atrium
1917 2220 2056 2274 intc-

477 2314 590 2368 rlus
616 2322 911 2368 occurrunt
933 2323 1058 2367 ante
1082 2313 1255 2382 ipsmn
1284 2311 1604 2366 vestibulum
1640 2320 1809 2380 porta:
1834 2310 2056 2365 interio-

476 2404 552 2460 ris
583 2404 799 2458 thalami
825 2418 947 2459 cum
976 2403 1208 2473 obliquis
1236 2401 1508 2457 fenestris.
1536 2400 1931 2470 Quinquaginta
1959 2415 2057 2454 cu-

477 2493 708 2549 bitorum
764 2502 951 2549 tenent
999 2493 1255 2563 spatium,
1313 2492 1405 2562 qui
1466 2500 1522 2547 et
1569 2491 1682 2561 ipse
1705 2498 1950 2545 sacratus
1976 2498 2060 2545 est

472 2602 753 2643 numerus.
804 2587 872 2643 Et
900 2595 1023 2657 post
1051 2597 1257 2655 septem
1286 2583 1652 2640 hebdomadas
1678 2582 1866 2653 plenas
1903 2582 2054 2638 festi-

480 2683 659 2737 vitatis
704 2690 759 2737 et
796 2681 1019 2753 gaudii,
1068 2679 1324 2738 ucdoadis
1363 2678 1534 2748 prima
1567 2676 1755 2745 incipit
1780 2674 1915 2741 dies,
1941 2692 2060 2746 qua:

478 2781 561 2829 est
607 2770 1140 2829 resurrectionis:et
1192 2767 1483 2828 introducit
1536 2780 1636 2824 nos
1686 2767 1753 2821 ad
1806 2766 2058 2821 viciniam

481 2863 682 2934 templi.
719 2863 851 2919 Cum
878 2864 1022 2918 enim
1053 2864 1233 2919 omnia
1260 2862 1579 2928 fecerimus,
1622 2870 1842 2931 agentes
1866 2859 2062 2929 prioris

478 2956 684 3011 erroris
728 2955 1105 3025 pmnitcntiam
1133 2995 1147 3019 ,
1199 2963 1328 3009 tunc
1368 2952 1528 3007 vicini
1553 2959 1608 3005 et
1641 2950 1875 3021 proximi
1903 2947 2063 3004 cilici-

481 3062 603 3102 mur
644 3047 752 3101 Dcu
778 3086 792 3110 ,
841 3053 903 3099 ut
944 3045 996 3100 in
1039 3044 1295 3100 exteriori
1343 3043 1480 3097 atrio
1520 3041 1762 3096 notitiam
1789 3040 2062 3098 Creatoris

2155 1857 2354 1923 nimus,
2392 1858 2531 1912 idem
2563 1861 2908 1915 centenarias
2938 1861 2993 1915 in
3030 1860 3306 1916 dexteram
3340 1863 3553 1916 transit.
3592 1862 3750 1920 Fides

2156 1956 2318 2017 atque
2344 1949 2588 2019 operatio
2615 1950 2790 2006 adhuc
2815 1950 2871 2005 in
2919 1951 3138 2006 sinistra
3165 1961 3269 2016 est,
3300 1954 3426 2023 quia
3457 1953 3549 2011 hic
3576 1955 3749 2010 adhuc

2156 2040 2336 2110 positi,
2359 2048 2415 2095 et
2435 2042 2707 2097 credimus
2725 2042 2867 2111 quod
2889 2057 2994 2097 non
3018 2042 3283 2109 videmus,
3299 2053 3353 2099 et
3373 2058 3669 2114 operemur
3692 2054 3748 2101 ut

2161 2131 2461 2186 videamus.
2524 2130 2657 2187 Cum
2703 2147 2832 2189 vero
2858 2132 2967 2203 jam
3005 2147 3064 2188 se
3093 2134 3305 2189 animus
3338 2133 3390 2188 in
3414 2134 3748 2205 contempla—

2163 2220 2309 2275 tione
2356 2228 2573 2276 :rterna:
2614 2222 2739 2277 vitm
2773 2222 3136 2292 suspenderit,
3183 2223 3338 2292 quasi
3365 2224 3433 2278 ad
3467 2224 3745 2279 dexteram

2160 2327 2378 2366 manum
2408 2320 2692 2383 computus
2720 2314 2983 2384 pervenit.
3035 2314 3187 2369 Fecit
3215 2314 3397 2383 itaque
3419 2313 3632 2370 frontes
3652 2328 3746 2386 per

2159 2404 2438 2473 sexaginta
2469 2402 2711 2471 cubitus;
2756 2405 2882 2474 quia
2909 2405 3053 2459 enim
3082 2421 3181 2477 per
3208 2406 3627 2478 sexagenarium
3653 2423 3744 2461 nuc

2160 2508 2368 2549 merum
2396 2494 2683 2565 perfectio,
2719 2496 2847 2566 quid
2873 2510 2971 2566 per
3002 2496 3210 2553 frontes
3238 2497 3474 2560 aedilicii,
3502 2498 3608 2553 nisi
3636 2499 3747 2569 ipsa

2161 2599 2324 2654 opera
2347 2585 2720 2656 designantur,
2745 2602 2864 2656 qua:
2893 2588 3134 2643 exterius
3161 2588 3449 2642 videntur?
3477 2587 3748 2643 Praedica-

2165 2676 2327 2731 tionis
2368 2676 2516 2730 enim
2566 2676 2786 2732 verbum
2820 2677 3083 2747 proximis
3133 2678 3387 2744 tribuere,
3413 2686 3472 2733 et
3493 2678 3749 2734 alimenta

2162 2767 2549 2833 esurientibus,
2590 2768 3022 2839 vestimentaque
3060 2769 3363 2840 algentibus
3390 2771 3546 2838 dare,
3568 2779 3623 2826 et
3652 2787 3752 2841 pro

2163 2860 2304 2914 bono
2353 2873 2519 2929 opere
2560 2859 2833 2929 patienter
2871 2859 3095 2914 adversa
3122 2859 3410 2927 sustinere,
3443 2861 3578 2931 quid
3604 2860 3753 2916 aliud

2163 2965 2325 3019 quam
2355 2949 2562 3006 frontes
2585 2958 2712 3006 sunt
2735 2951 2948 3006 aedificii
2980 2951 3255 3006 caelestis?
3284 2951 3421 3017 Quia
3447 2952 3755 3023 pulehritu~

2165 3043 2234 3097 do
2261 3057 2485 3113 operum
2515 3043 2847 3098 exteriorum
2876 3050 3034 3098 ornat
3061 3026 3424 3098 habitaculum
3448 3043 3578 3110 Dei,
3605 3045 3751 3114 quod

482 3142 857 3191 creaturarum
906 3134 1038 3190 ordo
1081 3149 1180 3189 nos
1222 3134 1412 3188 doceat
1442 3141 1604 3202 atque
1638 3131 1958 3196 constantia,
2005 3129 2131 3190 etC
2162 3114 2338 3188 adhuc
2385 3132 2514 3187 latet
2559 3133 2903 3188 intrinsecus.
2981 3132 3087 3187 Sed
3133 3133 3249 3187 ista?
3291 3133 3501 3189 frontes
3547 3135 3753 3190 habent

481 3226 539 3280 in
563 3225 832 3291 interiori,
846 3239 1005 3279 verus
1018 3223 1044 3278 .1
1052 3222 1290 3287 ubilmus,
1308 3223 1359 3277 in
1382 3237 1489 3292 quo
1513 3222 1693 3277 omnia
1712 3222 1868 3277 nobis
1880 3221 2058 3276 debita

414 3332 415 3335 ‘
483 3317 865 3380 dimittuntur,
912 3317 1145 3371 instruat
1195 3316 1490 3389 θεολογίαν,
1546 3323 1600 3369 et
1643 3314 1950 3369 introducat
1993 3312 2059 3368 ad

479 3419 663 3467 sancta
691 3418 1019 3465 sanctorum.
1078 3407 1380 3463 Notandum
1408 3422 1622 3479 quoque
1649 3407 1792 3477 quod
1827 3406 2060 3461 interius

481 3502 680 3556 atrium
731 3500 911 3570 plures
972 3498 1239 3555 fenestras
1292 3498 1519 3564 habeat,
1574 3513 1681 3553 nun
1730 3497 1964 3553 directas
2007 3505 2063 3551 et

480 3595 713 3664 :equales
737 3636 752 3660 ,
804 3593 897 3648 sed
941 3593 1191 3662 obliquas
1234 3600 1290 3647 et
1334 3601 1591 3661 angustas
1619 3591 1879 3657 exterius,
1911 3598 1968 3645 et
2004 3606 2062 3647 se

480 3686 808 3740 intrinsecus
856 3683 1175 3749 dilatantes,
1210 3691 1269 3737 ut
1316 3697 1414 3752 per
1455 3697 1621 3753 parva
1650 3682 1893 3752 quaedam
1918 3680 2063 3735 fora-

481 3778 627 3832 mina
656 3777 925 3847 possimus
955 3776 1021 3830 ad
1067 3775 1321 3829 interiora
1351 3782 1662 3844 penetrare,
1693 3781 1750 3828 et
1775 3773 1841 3827 ad
1869 3772 2060 3827 claris-

481 3867 603 3922 simi
635 3866 870 3930 luminis,
900 3866 1041 3935 quod
1078 3872 1326 3919 versatur
1351 3864 1405 3919 in
1432 3861 1650 3933 templo,
1673 3861 2061 3933 plenitudinem

480 3958 778 4030 pervenire.
828 3956 1068 4024 Denique
1091 3952 1211 4025 post
1230 3954 1570 4026 septuaginta
1600 3961 1654 4007 et
1677 3950 2063 4022 quinquaginta

483 4049 697 4104 cubitus
740 4054 794 4101 et
826 4044 1109 4111 thalamos,
1160 4053 1215 4100 et
1264 4046 1523 4115 porticus,
1571 4052 1626 4100 et
1664 4045 1869 4098 frontes
1894 4042 2065 4113 porti-

485 4152 668 4203 cuum,
699 4144 753 4191 ct
784 4135 1050 4191 fenestras
1079 4134 1374 4204 plurimas,
1421 4150 1518 4205 per
1549 4133 1832 4189 circuitum
1858 4134 2066 4203 palma-

490 4246 628 4294 rum,
679 4230 835 4285 nobis
883 4228 1137 4284 caelatura
1182 4228 1265 4283 vel
1294 4229 1503 4298 pictura
1529 4236 1881 4293 monstratur,
1911 4236 1971 4282 ut
2000 4227 2066 4282 de

487 4321 687 4376 mundo
727 4322 1008 4377 victoriam
1053 4320 1390 4391 possidentes
1433 4319 1577 4390 digni
1627 4317 1922 4373 ellieiamur
1954 4319 2067 4389 pal-

490 4427 606 4479 mas
643 4412 828 4467 videre
861 4410 1140 4464 virtutum.
1166 4408 1463 4478 Sequitur:
1515 4430 1531 4459 ι
1564 4409 1630 4462 Et
1671 4408 1814 4473 fecit,
1869 4409 2060 4477 inquit,

485 4476 694 4559 frontes
723 4517 819 4573 per
839 4500 1115 4571 sexaginta
1142 4476 1353 4554 cubitus
1380 4537 1395 4561 ,
1436 4507 1490 4552 et
1512 4499 1578 4552 ad
1614 4498 1840 4552 frontem
1865 4476 2062 4552 atrium
2096 4476 2142 4534 θ

486 4601 657 4663 portae
686 4592 922 4661 undique
947 4607 1042 4660 per
1066 4589 1373 4644 circuitum.
1405 4608 1423 4640 ι
1460 4586 1722 4660 (Ci-egon)
1774 4586 1930 4657 Saepe
1949 4587 2061 4657 jam

488 4683 722 4739 diximus
766 4681 981 4737 senario
1027 4695 1253 4736 numero
1300 4677 1682 4748 perfectionem
1731 4678 1854 4732 boni
1884 4678 2065 4748 operis

489 4772 759 4843 designari
797 4791 810 4825 :
847 4787 951 4826 non
996 4771 1125 4825 illud
1173 4778 1484 4840 sequentes,
1528 4769 1672 4840 quod
1710 4771 1888 4825 conati
1937 4777 2064 4824 sunt

491 4863 651 4934 huius
675 4862 855 4917 seaculi
884 4862 1152 4931 sapientes
1179 4870 1453 4925 astruere,
1481 4861 1721 4915 dicentes
1750 4861 1949 4916 idcirco
1972 4877 2061 4917 sc-

492 4952 703 5011 narium
732 4967 1016 5007 numerum
1059 4967 1181 5007 esse
1223 4950 1546 5022 perfectum,
1588 4950 1713 5020 quia
1756 4966 1853 5005 suo
1875 4952 2065 5005 ordine

493 5054 807 5102 numeratus
842 5042 1154 5113 perficitur:
1191 5050 1249 5095 ut
1289 5057 1410 5096 eum
1455 5055 1614 5104 unus,
1665 5040 1791 5105 duo,
1833 5047 1962 5104 tres,
1988 5040 2068 5094 di-

494 5143 711 5200 cuntur,
731 5132 977 5189 senarius
1000 5145 1257 5186 numerus
1280 5130 1566 5201 impleatur
1590 5146 1603 5182 :
1629 5129 1713 5183 vel
1739 5129 1863 5198 quia
1892 5130 1943 5183 in
1975 5129 2067 5183 tri-

494 5231 597 5284 bus
621 5227 866 5298 partibus
884 5223 1160 5287 dividitur,
1183 5220 1237 5275 id
1258 5231 1341 5276 est
1358 5228 1532 5285 sexta,
1561 5221 1718 5275 tertia
1739 5228 1794 5275 et
1819 5220 2060 5285 dimidia,

498 5321 740 5375 videlicet
766 5317 820 5372 in
850 5331 976 5378 une,
1008 5314 1217 5369 duobus
1239 5322 1292 5366 et
1322 5313 1525 5377 tribus;
1551 5312 1644 5367 sed
1674 5311 1874 5366 idcirco
1903 5326 2062 5365 sena-

495 5414 636 5467 rium
682 5423 963 5463 numerum
1000 5406 1228 5461 dicimus
1251 5418 1371 5457 esse
1396 5401 1715 5472 perfectum,
1742 5400 1886 5469 quia,
1929 5401 2069 5455 sicut

496 5505 656 5575 paulo
675 5511 800 5556 ante
822 5499 1024 5554 dictum
1044 5504 1146 5563 est,
1178 5503 1333 5552 sexto
1354 5495 1442 5549 die
1462 5492 1690 5564 perfecit
1717 5491 1860 5547 Deus
1886 5495 2065 5548 omnia

495 5608 657 5663 opera
699 5606 816 5644 sua.
868 5588 1131 5657 Quoniam
1174 5600 1305 5641 vero
1341 5585 1611 5656 peccaturi
1658 5584 1862 5639 homini
1894 5585 2067 5657 legem

497 5684 666 5746 dedit,
692 5695 813 5751 qua:
843 5680 895 5734 in
925 5681 1107 5741 decem
1132 5677 1418 5746 praeceptis
1447 5674 1715 5743 adscripta
1749 5684 1857 5741 est,
1887 5685 1936 5729 et
1972 5692 2065 5732 sex

2162 3224 2361 3279 atrium
2391 3224 2628 3294 undique
2674 3238 2772 3294 per
2798 3223 3106 3289 circuitum,
3152 3223 3278 3292 quia
3320 3222 3373 3277 in
3418 3224 3522 3279 huc
3555 3240 3751 3296 magna

2163 3323 2289 3373 sunt
2313 3330 2495 3387 opera,
2534 3315 2580 3370 si
2611 3316 2727 3370 haec
2767 3315 2819 3369 in
2862 3323 3040 3370 mente
3069 3314 3260 3370 dilatat
3286 3314 3592 3385 amplitudo
3619 3316 3753 3371 cha-

2165 3407 2360 3463 ritatis.
2399 3406 2474 3463 De
2511 3406 2776 3463 charitate
2809 3407 3004 3476 quippe
3041 3406 3301 3476 scriptum
3344 3414 3451 3469 est,
3490 3426 3509 3456 ι
3554 3405 3749 3460 Latum

2128 3568 2141 3575 ν
2164 3500 2477 3555 mandatum
2509 3506 2658 3553 tuum
2689 3497 2871 3553 nimis.
2906 3515 2925 3547 ι
2952 3495 3162 3549 Atrium
3201 3509 3329 3567 ergo
3356 3505 3485 3551 ante
3510 3494 3749 3550 frontem

2163 3598 2268 3657 cst,
2304 3591 2357 3646 id
2387 3599 2489 3655 est,
2522 3589 2575 3643 in
2603 3587 2931 3660 perfectione
2960 3587 3139 3658 operis
3166 3586 3394 3642 latitudo
3419 3586 3746 3641 dilectionis.

2163 3683 2229 3737 Et
2249 3681 2541 3736 notandum
2563 3681 2705 3751 quod
2735 3680 2950 3744 dicitur,
2988 3699 3005 3730 ι
3029 3678 3263 3748 undique
3278 3693 3375 3748 per
3389 3676 3681 3733 circuitum
3701 3697 3748 3743 ι,

2164 3781 2225 3827 ιιι
2254 3772 2503 3827 videlicet
2551 3771 2714 3826 homo
2740 3778 2839 3842 per
2872 3785 3031 3825 omne
3062 3769 3203 3839 quod
3225 3770 3334 3840 agit
3360 3784 3581 3840 semper
3610 3771 3749 3825 sein

2165 3864 2448 3919 rbaritatis
2486 3862 2840 3934 amplitudine
2882 3862 3090 3926 dilatet,
3143 3877 3212 3916 ne
3263 3862 3404 3915 hunc
3451 3870 3547 3915 aut
3591 3862 3751 3915 timor

2165 3962 2259 4007 aut
2299 3953 2421 4009 odia
2469 3960 2775 4024 angustcnt.
2835 3950 2894 4007 Si
2933 3952 3053 4021 quis
3091 3950 3234 4005 enim
3265 3951 3331 4005 de
3353 3952 3521 4021 verbo
3551 3951 3647 4006 Dei
3672 3951 3751 4006 lo-

2166 4045 2373 4115 quitur,
2406 4050 2461 4098 et
2500 4042 2820 4098 charitatem
2850 4057 3013 4112 quam
3044 4040 3302 4111 prmdicat
3344 4040 3396 4094 in
3435 4049 3619 4095 mente
3642 4055 3750 4094 non

2167 4143 2368 4201 sonat,
2387 4134 2603 4190 aedificii
2626 4132 2862 4188 frontem
2893 4134 3075 4199 habet,
3107 4133 3201 4187 sed
3224 4131 3424 4186 atrium
3449 4140 3579 4187 ante
3602 4130 3750 4186 frun-

2168 4235 2276 4282 tem
2319 4241 2426 4280 nun
2476 4224 2656 4280 habet.
2715 4222 2771 4277 Si
2803 4223 2925 4295 quis
2946 4221 3341 4292 elcemusynam
3376 4221 3745 4292 indigentibus

2170 4317 2416 4388 largitur,
2479 4323 2534 4369 et
2568 4328 2667 4385 per
2711 4313 2853 4368 hanc
2906 4309 3137 4366 fortasse
3179 4311 3232 4364 in
3255 4310 3419 4365 corde
3444 4309 3746 4375 extollitur,

2170 4425 2270 4464 nec
2315 4424 2382 4461 ex
2419 4407 2683 4462 charitate
2725 4403 2957 4477 proximi
3001 4403 3197 4472 inopia:
3236 4403 3511 4468 subvenit,
3568 4403 3663 4458 sed
3688 4417 3747 4457 se

2170 4514 2264 4569 per
2295 4498 2581 4553 elationem
2627 4497 2844 4551 tacitam
2868 4494 3134 4560 extollit,
3179 4492 3417 4548 frontem
3442 4495 3664 4564 quidem
3690 4493 3745 4549 in

2169 4589 2396 4644 aedilicio
2438 4588 2674 4643 ostendit
2692 4627 2709 4653 ,
2752 4586 2846 4641 sed
2867 4583 3025 4655 juxta
3054 4583 3285 4640 frontem
3309 4584 3512 4639 atrium
3537 4600 3647 4641 non
3675 4582 3746 4638 fe-

2169 4681 2264 4734 cit.
2294 4678 2351 4732 Si
2394 4678 2514 4749 quis
2542 4678 2717 4733 illatas
2738 4694 2767 4732 a
2789 4679 3036 4748 proximo
3062 4675 3415 4732 contumelias
3448 4675 3669 4742 tulerat,
3693 4680 3748 4730 et

2168 4770 2309 4825 male
2346 4767 2556 4838 objecta
2611 4770 2802 4823 tacitus
2844 4776 3065 4839 portat,
3118 4781 3312 4835 magna
3354 4776 3439 4821 est
3489 4767 3745 4838 patientia

2168 4879 2331 4934 quam
2358 4862 2732 4927 demonstrat;
2766 4862 2859 4916 sed
2900 4862 2946 4916 si
2983 4861 3219 4916 dolorem
3250 4860 3302 4913 in
3331 4860 3500 4914 corde
3526 4875 3638 4915 non
3661 4862 3749 4915 ha-

2168 4955 2334 5018 beat,
2382 4953 2426 5007 si
2471 4951 2668 5007 lucrari
2717 4950 2783 5005 ad
2833 4949 3274 5020 tranquillitatem
3318 4947 3747 5003 mansuetudinis

2167 5044 2330 5098 etiam
2383 5042 2560 5113 ipsum
2589 5041 2677 5111 qui
2721 5040 2861 5095 male
2901 5047 3230 5104 excesserat,
3262 5048 3493 5109 qu:rrat.
3514 5038 3676 5093 'Nam
3701 5038 3745 5093 si

2168 5133 2480 5203 patientiam
2526 5133 2771 5187 exterius
2793 5131 3076 5197 adhibens,
3104 5131 3249 5184 intus
3297 5129 3542 5185 dolorem
3584 5137 3743 5193 tenet,

2171 5237 2272 5278 nec
2315 5230 2459 5276 amat
2503 5237 2625 5276 eum
2676 5238 2834 5291 quem
2879 5221 3130 5286 sustinet,
3160 5221 3318 5275 habet
3348 5220 3569 5291 quidem
3603 5220 3746 5278 frun-

2174 5323 2280 5369 tcm
2311 5316 2362 5368 in
2389 5314 2637 5379 :ediiieiu,
2667 5315 2758 5368 sed
2789 5322 2911 5367 ante
2930 5313 3161 5367 frontem
3188 5313 3385 5367 atrium
3412 5329 3522 5368 non
3549 5314 3741 5368 habet:

2172 5406 2297 5475 quia
2343 5406 2388 5458 is
2440 5405 2534 5473 qui
2580 5420 2638 5457 se
2664 5405 2923 5473 angustim
2950 5401 3195 5456 odiorum
3222 5401 3482 5466 subdidit,
3510 5401 3743 5472 profectu

2174 5496 2456 5551 cbaritatis
2495 5494 2834 5549 latitudinem
2886 5492 3086 5547 amisit.
3153 5490 3286 5546 Nam
3332 5492 3479 5547 sicut
3514 5493 3565 5547 in
3592 5504 3744 5559 supe-

2175 5586 2316 5640 riore
2342 5593 2495 5656 parte
2531 5584 2645 5653 jam
2671 5583 2923 5649 diximus,
2970 5583 3229 5653 patientia
3262 5598 3390 5637 vera
3417 5591 3519 5647 est,
3550 5596 3660 5652 qua:
3686 5586 3745 5633 et

2172 5677 2347 5748 ipsum
2378 5683 2518 5729 amat
2548 5690 2705 5746 quem
2751 5682 2958 5747 portat;
2988 5688 3117 5729 nam
3146 5673 3402 5741 tolerare,
3426 5674 3521 5728 sed
3547 5672 3742 5736 odisse,
