3972 6184
208 370 314 424 1⁸17

1133 359 1486 418 COMMENT.
1531 360 1598 414 IN
1637 329 2096 417 szscntstlsu.
2136 395 2207 403 —
2245 363 2374 419 LIB.
2421 361 2538 421 xv.

3377 359 3479 419 9E

209 495 316 533 nun
339 487 426 532 est
454 474 623 530 virtus
652 473 1104 539 mansuetudinis,
1133 474 1230 530 sed
1251 474 1615 531 velamentum
1641 473 1788 529 furo-
1819 469 1871 530 Α
1897 473 2174 546 ligentiam
2201 498 2214 533 :
2244 480 2487 536 charitas
2537 481 2592 536 in
2639 479 2798 548 atrio,
2853 481 2979 550 quia
3031 487 3265 534 mentem
3292 473 3487 533 dilatat

210 570 306 622 ris.
347 568 412 622 Et
435 565 726 622 notandum
766 565 908 634 quod
947 565 1050 620 hoc
1074 565 1248 636 ipsum
1280 565 1480 622 atrium
1508 573 1680 636 porta:
1707 564 1790 620 di-

208 659 374 712 citur.
417 655 582 710 Porta
626 663 813 710 nostra
858 654 1056 726 quippe
1097 664 1183 709 est
1211 655 1392 710 aditus
1421 654 1490 710 ad
1516 669 1739 724 regnum
1776 671 1790 706 :

211 755 278 810 Et
299 754 472 808 Deum
490 766 558 808 ac
577 749 888 822 proximum
912 763 1120 815 amare,
1143 749 1257 820 jam
1284 749 1352 804 ad
1380 749 1680 818 ingressum
1711 762 1794 804 re-

209 845 298 914 gni
346 852 434 899 est
483 841 726 898 tendere.
781 838 841 895 ln
883 848 1144 910 quantum
1179 839 1324 896 enim
1365 839 1596 910 quisque
1624 846 1793 903 amat,

209 937 266 992 in
319 943 532 990 tantum
578 931 646 988 ad
693 932 996 1003 ingressum
1045 931 1390 1002 propinquat.
1446 930 1503 984 lu
1532 937 1796 1000 quantum

211 1042 342 1082 vero
393 1039 578 1080 amare
633 1021 887 1094 negligit,
937 1021 992 1076 in
1041 1029 1248 1077 tantum
1297 1021 1506 1092 ingredi
1535 1026 1793 1076 recusat:

209 1121 338 1190 quia
368 1133 470 1174 nec
501 1116 682 1172 stmlet
709 1115 893 1172 videre
919 1115 1064 1184 quod
1103 1115 1326 1185 appetit.
1367 1114 1519 1170 Tunc
1545 1129 1674 1184 ergo
1703 1113 1797 1168 ha-

211 1214 406 1268 bemus
432 1211 628 1265 atrium
661 1217 852 1278 portze,
875 1207 1090 1277 quando
1117 1222 1182 1262 ex
1209 1206 1491 1262 latitudine
1515 1204 1799 1260 charitatis

211 1302 282 1356 ad
315 1315 605 1371 supernam
647 1299 815 1354 vitam
842 1338 858 1364 ,
905 1313 1068 1368 quam
1107 1298 1284 1352 adhuc
1307 1297 1619 1367 contingere
1645 1296 1799 1350 mini-

213 1406 302 1446 me
332 1405 640 1460 possumus,
665 1389 779 1459 jam
806 1402 903 1458 per
931 1387 1259 1443 desiderium
1289 1387 1574 1442 intramus.
1612 1385 1800 1455 Itaque

212 1497 342 1537 cum
399 1481 598 1536 bonum
650 1497 784 1550 opus
810 1497 942 1552 erga
974 1480 1280 1548 proximum
1310 1479 1512 1551 agitur,
1541 1472 1716 1535 restat
1740 1486 1800 1532 ut

213 1571 462 1642 ejusdent
502 1571 628 1625 boni
669 1571 851 1641 operis
891 1569 1126 1625 intentio
1175 1570 1515 1625 discernatur
1535 1609 1550 1633 ,
1600 1569 1646 1624 si
1689 1584 1796 1624 non

214 1663 502 1733 persentis
550 1662 736 1732 gratia:
785 1661 1197 1716 retributionem
1235 1661 1431 1731 quzerit
1452 1701 1468 1726 ,
1511 1660 1605 1717 sed
1647 1675 1798 1730 spem

216 1772 371 1810 suam
420 1755 633 1810 animus
674 1755 743 1810 ad
780 1752 1017 1808 futuram
1052 1753 1466 1823 promissionem
1515 1751 1706 1817 tendit,
1736 1759 1798 1806 ut

215 1863 282 1902 ex
309 1846 694 1915 temporalibus
719 1853 944 1910 aeterna,
973 1862 1039 1901 ex
1067 1846 1300 1900 terrenis
1327 1845 1570 1901 cmlestia
1593 1853 1792 1915 speret.
1822 1817 1873 1879 Β

217 1935 355 2004 Spes
396 1933 542 1988 enim
583 1932 886 1989 cmlestium
914 1942 1150 1988 mentem
1176 1932 1388 1999 solidat,
1423 1948 1490 1990 ne
1519 1933 1793 1989 concutia-

217 2034 304 2077 tur
332 2023 584 2077 fluctibus
621 2023 942 2078 tumultuom
977 2032 1334 2080 terrcnorum.
1391 2025 1467 2078 De
1487 2040 1591 2094 qua
1620 2033 1676 2080 ct
1698 2041 1796 2095 per

218 2114 439 2170 l’aulnnt
475 2114 672 2170 dicitur
707 2132 720 2168 :
758 2135 776 2166 ι
805 2116 978 2181 Quam
1026 2115 1165 2170 sicut
1192 2117 1484 2171 ancliorant
1537 2115 1798 2172 habemus

215 2205 412 2260 anima:
459 2203 753 2270 tutam,fac
822 2205 1033 2260 firmam
1078 2213 1135 2261 et
1161 2206 1500 2261 incedentem
1527 2220 1696 2276 usque
1727 2207 1796 2262 ad

216 2295 475 2350 interiora
501 2295 805 2350 velaminis.
828 2311 846 2346 ι
865 2293 940 2351 De
960 2297 1156 2366 quibus
1183 2297 1530 2354 interioribus
1553 2299 1640 2354 hic
1669 2315 1797 2370 quo-

213 2401 318 2454 que
343 2383 720 2454 subjungitur:
748 2405 766 2437 ι
796 2385 861 2440 Ει
889 2394 1014 2439 ante
1052 2385 1241 2442 facient
1289 2395 1477 2457 porte,
1522 2403 1641 2458 qum
1673 2403 1799 2459 pcr-

213 2476 458 2546 tingebat
488 2491 658 2544 usque
697 2473 763 2530 ad
793 2474 984 2531 faciem
1018 2476 1263 2531 vestibuli
1305 2485 1474 2546 porta:
1522 2477 1798 2534 interioris

213 2566 606 2637 quinquaginta
642 2566 872 2622 cubitos.
904 2587 922 2619 ι
966 2567 1076 2622 lloc
1101 2567 1244 2636 quod
1283 2569 1385 2624 hoc
1426 2567 1545 2624 loco
1575 2568 1792 2635 dicitur,

221 2676 241 2709 ι
264 2668 395 2716 ante
420 2659 612 2713 faciem
637 2667 806 2730 porta:
833 2679 853 2711 ι
892 2675 999 2714 non
1023 2661 1281 2726 exterior,
1315 2661 1412 2716 sed
1438 2661 1666 2716 interior
1692 2676 1790 2716 an-

215 2759 270 2803 te
298 2760 511 2818 portam
550 2748 702 2804 locus
744 2749 1088 2816 describitur,
1123 2750 1250 2806 dum
1282 2767 1452 2821 usque
1491 2753 1560 2807 ad
1598 2750 1792 2807 faciem

215 2837 471 2892 vestibuli
531 2847 702 2907 porte
759 2839 1033 2895 interioris
1090 2841 1397 2911 pertingere
1455 2843 1790 2912 perhibetur.

218 2928 375 2984 Unde
419 2937 476 2983 et
515 2929 656 2983 idem
709 2929 858 2984 locus
904 2930 1292 3002 quinquaginta
1351 2933 1548 2989 cubitis
1596 2933 1794 2990 dicitur

215 3025 581 3073 mensuratus.
613 3019 717 3073 Per
738 3021 1254 3094 quinquagenarium
1275 3023 1470 3096 quippe
1484 3039 1789 3092 numerum,

215 3110 439 3180 requies
482 3120 684 3166 :eterna
731 3111 996 3181 signatur.
1051 3111 1226 3170 liabet
1265 3115 1412 3169 enim
1452 3115 1790 3186 septenarius

216 3214 482 3255 numerus
523 3200 904 3270 perfectionem
951 3217 1134 3269 suam,
1179 3203 1306 3273 quia
1349 3218 1414 3260 eo
1451 3204 1560 3270 die,
1586 3205 1795 3261 dierum

217 3305 482 3345 numerus
531 3298 616 3346 est
662 3291 980 3361 completus,
1029 3300 1085 3348 et
1134 3308 1230 3364 per
1264 3291 1434 3366 legem
1460 3293 1716 3351 sabbatus
1741 3295 1796 3351 in

219 3381 469 3452 requiem
510 3381 671 3436 datus
694 3391 798 3437 est.
838 3382 958 3452 Ipse
981 3390 1162 3438 autem
1195 3383 1536 3454 septenarius
1575 3400 1672 3456 per
1711 3400 1799 3442 se-

219 3472 516 3542 metipsum
559 3473 947 3544 multiplicatus
990 3474 1059 3530 ad
1103 3475 1458 3546 quadraginta
1509 3484 1566 3531 et
1605 3491 1798 3532 novem

219 3562 461 3619 ducitur.
501 3561 600 3619 Cui
628 3565 672 3620 si
698 3580 889 3621 monas
917 3565 1155 3632 additur,
1186 3566 1254 3621 ad
1279 3566 1796 3638 quinquagenarium

219 3670 511 3708 numerum
544 3656 896 3725 pervenitur:
939 3657 1064 3726 quia
1112 3657 1289 3713 onmis
1316 3667 1501 3714 nostra
1537 3658 1800 3729 perfectio

220 3743 455 3826 in_illius
505 3744 664 3798 unius
711 3745 1161 3814 contemplatione
1199 3747 1326 3814 erit,
1366 3745 1420 3802 in
1464 3747 1619 3816 cujus
1644 3750 1799 3806 nobis

221 3833 440 3888 visione
456 3829 573 3901 jam
589 3833 767 3890 minus
795 3835 997 3905 aliquid
1025 3836 1216 3893 salutis
1251 3847 1308 3892 et
1327 3838 1506 3908 gaudii
1537 3855 1642 3894 non
1671 3841 1794 3896 erit.

222 3927 365 3982 llinc
413 3927 580 3983 etiam
626 3925 903 3995 Jubilzeus,
944 3929 1121 3995 idest,
1170 3947 1294 3986 ann.
1319 3931 1708 4005 quinquaginta
1743 3933 1799 3990 in

222 4018 469 4088 requiem
520 4018 680 4072 datus
723 4027 827 4084 est,
857 4019 984 4089 quia
1027 4019 1272 4090 quisquis
1325 4023 1393 4076 ad
1415 4023 1800 4092 omnipotentis

223 4110 318 4164 Dei
351 4110 547 4180 gaudia
589 4118 790 4166 :eterna
832 4112 1162 4180 pervenerit,
1199 4113 1436 4168 laborem
1457 4121 1515 4168 et
1539 4115 1798 4186 gemitum

221 4214 334 4253 non
386 4199 626 4255 habebit.
682 4199 990 4256 Notandum
1026 4217 1180 4269 vero,
1231 4203 1374 4273 quod
1419 4203 1568 4259 locus
1591 4203 1801 4274 quide-

219 4289 486 4346 scribitur
519 4306 616 4360 per
663 4289 1053 4361 quinquaginta
1091 4292 1302 4349 cubitus
1331 4293 1478 4348 tendi
1505 4294 1574 4348 ad
1603 4293 1796 4350 faciem

216 4381 476 4436 vestibuli
535 4391 704 4450 portae
765 4383 1040 4439 interioris
1085 4385 1392 4456 pertingere
1442 4394 1794 4441 memoratur.

219 4469 340 4524 Non
357 4486 487 4568 ergo
518 4471 617 4571 hoc
647 4471 766 4527 loco
814 4473 1085 4543 Propheta
1130 4472 1242 4542 jam
1270 4475 1444 4544 ipsum
1475 4477 1796 4533 vestibulum
1823 4511 1877 4571 Β

210 4567 394 4627 'portre
437 4559 741 4625 interioris,
797 4562 892 4618 sed
923 4563 1099 4620 locum
1123 4565 1373 4630 interius,
1405 4567 1497 4637 qui
1530 4569 1700 4624 tendit
1727 4567 1795 4624 ad

217 4650 550 4707 vestibulum
602 4662 769 4722 porta:
822 4654 1096 4710 interioris
1137 4664 1356 4722 narrat;
1397 4673 1495 4728 per
1522 4673 1682 4724 quem
1713 4657 1794 4711 lo-

214 4757 344 4797 cum
401 4743 608 4812 utique,
639 4745 780 4800 sicut
829 4745 1086 4812 diximus,
1135 4763 1258 4818 spes
1299 4756 1482 4802 nostra
1505 4749 1794 4818 signatur;

213 4850 361 4903 quae,
409 4835 537 4890 dum
591 4846 846 4892 mternam
890 4840 1135 4908 requiem
1188 4841 1410 4911 quaerit,
1461 4850 1696 4896 mentem
1726 4841 1796 4896 ad

212 4923 541 4980 vestibulum
587 4934 756 4994 porta:
782 4927 1055 4984 interioris
1075 4929 1242 4984 ducit.
1286 4929 1399 4984 Hoc
1421 4930 1595 5000 ipsum
1621 4930 1791 4997 enim,

212 5014 362 5082 quod
401 5015 768 5074 desideramus
795 5019 1056 5084 coelestia,
1083 5021 1228 5090 quod
1265 5021 1332 5076 ad
1357 5021 1621 5092 promissa
1657 5038 1791 5094 gau-

212 5103 304 5156 dia
327 5103 666 5173 suspiramus
687 5147 704 5172 ,
749 5108 892 5176 quod
913 5117 1130 5162 aeterna:
1175 5110 1300 5166 vita:
1329 5111 1568 5180 requiem
1597 5113 1794 5181 quaeri.

211 5191 506 5262 muskjam
544 5196 612 5250 ad
645 5196 920 5266 interioris
953 5199 1202 5254 vestibuli
1232 5199 1424 5256 faciem
1461 5203 1791 5274 propinqua-

210 5298 356 5337 mus.
401 5281 656 5354 Signetur
677 5301 808 5358 ergo
852 5303 950 5358 per
996 5298 1206 5360 portam
1257 5291 1412 5358 fides,
1459 5308 1556 5363 per
1592 5295 1790 5351 atrium

209 5374 456 5430 charitas
491 5393 505 5428 :
554 5392 649 5445 per
695 5377 874 5434 locum
913 5395 1041 5435 vero
1066 5382 1159 5452 qui
1201 5383 1268 5437 ad
1319 5383 1510 5439 faciem
1539 5386 1790 5442 vestibuli

209 5472 384 5534 porta:
429 5464 708 5522 interioris
753 5469 1116 5541 propinquat,
1173 5469 1434 5544 figuretur
1485 5491 1628 5544 spes,
1673 5477 1792 5532 sine

209 5556 409 5624 quibus
435 5555 606 5612 tribus
633 5558 920 5616 virtutibus
939 5562 1183 5630 quisquis
1201 5560 1318 5632 jam
1347 5563 1424 5618 uti
1459 5565 1668 5620 ratitme
1697 5583 1790 5636 po-

211 5653 334 5707 test,
362 5645 569 5716 ingredi
610 5649 680 5704 ad
716 5649 936 5705 cmleste
962 5651 1248 5709 (editicium
1284 5670 1388 5710 non
1419 5662 1617 5723 potest.
1677 5655 1785 5712 lla—

209 5733 405 5787 beatur
439 5750 569 5807 ergo
597 5735 728 5792 lidcs
759 5739 810 5792 in
846 5752 1019 5808 porta,
1052 5744 1176 5813 quia
1207 5744 1499 5800 introducit
1533 5748 1600 5801 ad
1639 5751 1788 5803 intel-

1895 567 1951 622 iu
1974 583 2218 626 amorem
2254 589 2267 624 :
2305 586 2429 642 spes
2463 571 2518 626 in
2559 569 2678 628 loco
2717 571 3108 642 quinquaginta
3155 567 3488 626 describitur

1893 662 2113 726 cubitis,
2140 663 2267 733 quia
2293 679 2389 734 per
2417 663 2682 720 desideria
2705 673 2868 735 atque
2911 661 3146 734 suspiria
3189 659 3486 716 introducit

1895 752 2140 808 animum
2191 753 2258 810 ad
2309 761 2520 814 secreta
2564 754 2758 826 gaudia
2793 754 3032 824 quietis:
3067 753 3133 808 de
3159 767 3264 823 qua
3303 750 3488 822 quiete

1895 842 1997 898 etsi
2012 843 2188 899 adhuc
2207 845 2346 900 sicut
2365 853 2451 900 est
2475 843 2720 900 veritatis
2741 843 2919 898 lumen
2940 859 3045 898 non
3060 842 3353 906 cernimus,
3375 839 3490 912 iam

1900 941 2086 990 tamen
2099 949 2198 1005 per
2220 935 2386 990 rimas
2415 934 2781 1006 intelligentia:
2807 934 3009 1005 aliquid
3035 933 3299 988 videmus.
3325 932 3480 990 Unde

1896 1034 1956 1080 et
2001 1025 2092 1081 hic
2131 1025 2379 1081 subditur
2412 1043 2424 1079 :
2463 1043 2482 1075 ε
2518 1025 2586 1079 Et
2630 1025 2898 1080 fenestras
2939 1023 3189 1094 obliquas
3232 1025 3284 1078 in
3311 1023 3481 1078 thala-

1899 1116 2026 1172 mis.
2067 1137 2087 1168 ι
2131 1117 2190 1170 In
2218 1115 2474 1172 fenestris
2504 1115 2742 1186 obliquis
2768 1130 2897 1185 pars
2921 1113 3034 1179 illa,
3070 1129 3169 1184 per
3194 1130 3358 1184 quam
3396 1111 3476 1168 lu-

1899 1221 2024 1262 men
2077 1206 2264 1270 intrat,
2315 1215 2544 1278 angusta
2601 1216 2706 1271 est,
2764 1207 2858 1263 sed
2904 1221 3032 1276 pars
3089 1207 3314 1261 interior
3360 1221 3481 1276 qua:

1901 1295 2081 1351 lumen
2104 1296 2330 1366 suscipit
2375 1296 2517 1362 lata,
2571 1296 2696 1367 quia
2730 1306 2939 1352 mentes
2973 1295 3477 1366 contemplantium,

1899 1385 2148 1453 quamvis
2173 1385 2379 1456 aliquid
2409 1387 2643 1442 tenuiter
2674 1387 2740 1442 de
2777 1402 2904 1441 vero
2933 1386 3136 1441 lumine
3165 1386 3400 1452 videant,
3424 1387 3477 1440 in

1900 1481 2204 1550 semetipsis
2269 1490 2449 1537 tamen
2507 1495 2700 1552 magna
2764 1479 3119 1550 amplitudine
3163 1478 3481 1534 dilatantur.

1900 1570 2032 1638 Quae
2054 1570 2305 1628 videlicet
2339 1579 2397 1626 et
2426 1572 2539 1642 ipsa
2567 1587 2690 1642 qua:
2729 1570 3067 1640 conspiciunt
3097 1584 3291 1642 capere
3314 1585 3484 1641 pauca

1901 1665 1990 1718 vix
2026 1673 2272 1733 possunt.
2313 1663 2577 1732 Exiguum
2607 1663 2763 1717 valde
2794 1673 2897 1728 est,
2921 1663 3063 1732 quod
3087 1663 3154 1716 de
3174 1663 3483 1718 mteruitate

1899 1752 2316 1824 contemplantis
2344 1753 2568 1819 vident,
2624 1754 2718 1808 sed
2746 1769 2813 1808 ex
2860 1754 2976 1824 ipso
3019 1753 3216 1823 exiguo
3268 1750 3486 1806 laxatur

1899 1845 2049 1900 sinus
2071 1845 2334 1900 mentium
2356 1844 2409 1899 in
2443 1852 2791 1915 augmentum
2813 1843 3042 1898 fervoris
3064 1851 3118 1898 ct
3145 1842 3348 1896 amoris
3380 1859 3394 1896 :
3429 1848 3488 1898 et

1899 1933 2024 1988 inde
2051 1933 2192 2003 apud
2239 1949 2297 1988 se
2345 1932 2537 2002 ampla:
2581 1932 2748 1998 fiunt,
2773 1932 2915 1986 unde
2939 1931 3008 1986 ad
3032 1946 3092 1986 se
3124 1931 3369 1986 veritatis
3403 1927 3487 1985 lu-

1899 2037 2023 2078 men
2057 2022 2210 2092 quasi
2237 2037 2336 2094 per
2357 2021 2634 2092 angustias
2670 2021 2980 2076 admittunt.
3014 2020 3145 2088 Qua:
3167 2019 3484 2092 magnitudo

1897 2117 2388 2186 contemplationis,
2413 2115 2540 2187 quia
2567 2115 2793 2172 concedi
2820 2114 3032 2172 nonnisi
3057 2113 3365 2168 amantibus
3387 2128 3480 2184 ρο·

1899 2218 2024 2273 test,
2057 2210 2112 2264 in
2145 2208 2398 2264 thalamis
2433 2207 2664 2279 obliqua:
2689 2207 2939 2262 fenestrae
2963 2222 3084 2262 esse
3109 2205 3481 2277 perhibentur,

1897 2300 1980 2360 vel
2017 2301 2070 2355 in
2094 2299 2181 2355 his
2217 2315 2339 2369 qua:
2379 2298 2534 2368 juxta
2563 2297 2828 2353 thalamos
2859 2313 2965 2352 non
2983 2295 3096 2366 jam
3126 2297 3483 2352 extrinsecus.

1896 2391 1990 2446 sed
2013 2405 2133 2445 esse
2161 2387 2486 2444 intrinsecus
2503 2389 2770 2443 dicuntur.
2812 2386 2948 2441 Nam
2975 2385 3044 2440 de
3076 2383 3266 2441 iisdem
3299 2383 3481 2440 fenes-

1897 2483 1998 2538 tris
2044 2481 2334 2536 subditur:
2389 2499 2409 2531 ι
2445 2480 2513 2534 Et
2555 2480 2609 2534 in
2640 2478 2908 2534 frontibus
2938 2491 3128 2532 eorum
3165 2493 3286 2547 qua:
3331 2483 3489 2532 erant

1897 2571 2035 2624 intra
2053 2567 2539 2638 portam,undique
2557 2584 2654 2638 per
2681 2567 2986 2624 circuitum.
3011 2586 3030 2619 ι
3066 2565 3234 2621 Erant
3254 2565 3400 2620 enim
3429 2565 3486 2621 in

1893 2663 2176 2717 thalamis:
2204 2670 2438 2716 erantet
2462 2661 2514 2715 in
2543 2660 2808 2716 frontibus
2827 2675 3035 2725 eertum,
3057 2675 3177 2730 quzc
3199 2657 3340 2714 intra
3363 2675 3488 2729 por-

1896 2759 2006 2806 tam
2045 2750 2280 2821 undique
2308 2765 2404 2821 per
2433 2749 2718 2818 circuitpm
2747 2749 2964 2804 fuerant
2985 2755 3295 2804 constructa
3320 2765 3332 2801 :
3357 2748 3487 2820 quia

1893 2843 1984 2912 qui
2000 2857 2095 2898 cor
2110 2841 2253 2897 intus
2265 2842 2448 2906 habet,
2464 2841 2577 2911 ipse
2591 2856 2804 2912 quoque
2819 2841 3000 2896 lumen
3015 2839 3488 2912 contemplationis

1893 2929 2136 3000 suscipit.
2153 2927 2290 2986 Nam
2301 2929 2425 2998 quia
2441 2929 2618 2984 adhuc
2631 2929 2905 2984 exteriora
2923 2927 3332 2984 immoderatius
3345 2928 3487 3000 cogi-

1895 3027 2034 3085 tant,
2048 3034 2169 3090 qua:
2183 3018 2291 3074 sint
2305 3019 2372 3075 de
2390 3025 2596 3075 (eterna
2615 3018 2817 3074 lmnine
2836 3019 2988 3074 rima:
3012 3017 3484 3090 contemplationis

1899 3108 2164 3178 ignorant.
2189 3107 2374 3180 Neque
2402 3108 2546 3164 enim
2573 3124 2695 3164 cum
2725 3123 3110 3179 corporearum
3133 3124 3314 3166 rerum
3342 3109 3483 3164 ima-

1896 3198 2112 3269 ginibus
2138 3198 2226 3252 illa
2255 3213 2313 3254 se
2339 3197 2538 3254 infusio
2567 3197 2898 3268 incorporea:
2925 3194 3061 3253 locis
3087 3200 3319 3270 capitur,
3355 3198 3478 3270 quia

1897 3289 2023 3344 dum
2069 3287 2183 3343 sola
2218 3287 2450 3342 visibilia
2495 3288 2835 3360 cogitantur,
2878 3287 3062 3342 lumen
3095 3289 3366 3344 invisibile
3414 3291 3482 3342 ad

1896 3388 2132 3434 mentem
2157 3395 2262 3434 non
2287 3379 2610 3434 admittitur.
2637 3377 2743 3434 Sed
2765 3377 3010 3448 quisquis
3031 3377 3219 3432 lumini
3241 3386 3485 3434 contem-

1896 3471 2150 3542 plationis
2177 3471 2427 3537 intendit,
2455 3487 2649 3527 curare
2679 3486 3005 3544 magnopere
3034 3471 3216 3537 debet,
3257 3479 3316 3526 ut
3338 3487 3485 3527 men-

1898 3573 2009 3620 tem
2057 3579 2273 3634 semper
2309 3564 2364 3620 in
2410 3565 2715 3621 humilitate
2753 3565 3026 3621 custodiat
3057 3584 3069 3618 :
3108 3555 3385 3634 nunquam
3423 3579 3482 3622 Sc

1897 3657 1964 3712 de
2014 3655 2188 3728 gratia
2228 3671 2335 3726 qua
2391 3655 2708 3719 infunditur,
2758 3654 3015 3719 extollat,
3054 3663 3110 3710 et
3158 3655 3304 3724 ipsas
3356 3669 3480 3724 qua:

1897 3754 2108 3800 mentes
2137 3745 2617 3816 eontemplantinm
2643 3745 2886 3817 signant,
2910 3743 3099 3814 quales
3119 3744 3229 3800 sint
3246 3743 3481 3812 obliqua:

1899 3833 2151 3891 fenestra:
2181 3837 2506 3893 consideret.
2563 3835 2668 3891 Per
2704 3836 2952 3906 obliquas
2989 3836 3190 3892 etenim
3213 3835 3487 3893 fenestras

1902 3925 2082 3980 lumen
2106 3925 2296 3994 intrat,
2322 3935 2379 3980 et
2400 3923 2487 3979 fur
2509 3941 2616 3982 non
2641 3925 2830 3990 intrat,
2857 3926 2986 3996 quia
3012 3926 3068 3981 hi
3093 3927 3183 3998 qui
3213 3927 3325 3982 veri
3357 3941 3479 3998 spe-

1897 4017 2174 4073 culatores
2200 4025 2325 4071 sunt
2347 4056 2362 4082 ,
2385 4017 2614 4088 'semper
2649 4030 2868 4073 sensum
2895 4017 2949 4072 in
2975 4017 3276 4074 humilitate
3303 4017 3485 4087 depri-

1900 4114 2078 4173 munt,
2102 4114 2263 4178 atque
2293 4107 2362 4164 ad
2388 4122 2576 4164 eorum
2605 4116 2816 4164 mentes
2845 4107 3200 4182 intelligentia
3228 4117 3477 4168 eontem-

1897 4196 2154 4266 plationis
2198 4198 2397 4265 intrat,
2445 4199 2540 4255 sed
2573 4200 2836 4271 jactantia
2861 4200 3112 4256 elationis
3145 4201 3476 4269 nonviutrat.

1900 4285 1966 4339 Et
1987 4295 2175 4356 patent
2203 4287 2388 4360 itaque
2423 4287 2674 4346 fenestra:
2716 4299 2773 4346 et
2803 4291 3024 4346 munitae
3058 4298 3184 4347 sunt
3213 4309 3226 4344 :
3259 4292 3388 4361 quia
3424 4303 3484 4348 et

1901 4385 2086 4446 aperta
2115 4385 2199 4434 est
2227 4378 2282 4433 in
2323 4379 2596 4436 mentibus
2634 4393 2823 4435 eorum
2872 4377 3069 4449 gratia.
3115 4394 3221 4448 qua
3261 4377 3478 4449 replen-

1902 4475 2012 4533 tur,
2035 4476 2091 4524 et
2123 4477 2303 4524 tamen
2330 4470 2400 4525 ad
2435 4485 2495 4524 se
2540 4469 2907 4524 adversarium
2937 4469 3150 4540 ingredi
3172 4466 3482 4540 per‘super-

1900 4555 2045 4610 biam
2091 4572 2195 4612 non
2242 4557 2585 4626 permittunt.
2654 4555 2956 4612 Notandum
2988 4571 3139 4623 vero,
3163 4557 3305 4628 quod
3334 4557 3480 4614 intra

1899 4658 2112 4716 portam
2163 4649 2399 4718 undique
2453 4663 2550 4716 per
2607 4647 2896 4703 circuitum
2949 4647 3203 4708 fenestra:
3248 4641 3480 4720 obliqua:

1898 4751 2019 4791 esse
2049 4739 2439 4792 memorantur.
2482 4735 2598 4790 Non
2638 4735 2781 4791 enim
2816 4736 3284 4807 contemplationis
3303 4739 3478 4809 gratia

1899 4825 2124 4879 summis
2149 4825 2333 4892 datur,
2361 4832 2418 4878 et
2444 4824 2683 4880 minimis
2703 4841 2810 4880 non
2833 4826 2990 4882 datur
3015 4845 3028 4880 :
3053 4827 3147 4883 sed
3168 4841 3311 4900 smpe
3335 4827 3481 4886 hanc

1897 4913 2127 4977 summi,
2178 4927 2320 4984 sape
2371 4913 2614 4981 minimi,
2665 4915 2860 4986 saepius
2907 4917 3136 4985 remoti,
3186 4918 3480 4990 aliquando

1897 5003 2059 5056 etiam
2084 5002 2352 5074 conjugati
2382 5003 2705 5075 percipiunt.
2756 5004 2814 5061 Si
2844 5023 2975 5080 ergo
3003 5007 3208 5066 nullum
3230 5017 3318 5070 est
3349 5010 3479 5068 ﬁde:

1899 5093 2027 5148 lium
2066 5092 2330 5160 cilicium,
2376 5109 2408 5148 a
2455 5111 2563 5166 quo
2603 5095 2774 5165 possit
2802 5098 2976 5166 gratia
3001 5099 3476 5172 contemplationis

1896 5183 2110 5240 excludi
2135 5225 2150 5250 ,
2199 5185 2442 5256 quisquis
2471 5201 2567 5242 cor
2591 5187 2736 5244 intus
2776 5189 2974 5255 habet,
3007 5190 3261 5247 illustrari
3305 5191 3476 5247 etiam

1898 5275 2096 5332 lumine
2135 5277 2606 5347 contemplationis
2647 5288 2858 5348 potest:
2889 5281 3017 5350 quia
3060 5282 3202 5336 intra
3255 5289 3470 5352 portam

1899 5367 2132 5434 undique
2160 5381 2257 5436 per
2289 5367 2576 5423 circuitum
2606 5368 2857 5426 fenestra:
2889 5371 3120 5442 obliqua:
3146 5357 3472 5428 constructa

1895 5467 2018 5514 sunt
2047 5501 2062 5524 ,
2110 5467 2168 5514 ut
2212 5475 2372 5516 nemo
2400 5460 2466 5516 de
2495 5461 2599 5518 hac
2624 5463 2797 5534 gratia
2819 5463 2974 5533 quasi
3002 5463 3068 5520 de
3095 5463 3474 5535 singularitate

1895 5551 2173 5621 glorietur.
2203 5551 2392 5608 Nullus
2410 5567 2470 5608 se
2493 5553 2691 5609 donum
2721 5553 2834 5610 veri
2865 5553 3086 5610 luminis
3114 5553 3344 5610 aestimet
3377 5554 3471 5610 ha-

1895 5642 2024 5696 bere
2063 5640 2331 5710 privatum
2363 5659 2375 5693 :
2421 5640 2548 5711 quia
2593 5641 2649 5696 in
2697 5656 2764 5698 eo
2797 5639 2942 5711 quod
2966 5655 3027 5696 se
3056 5639 3258 5696 habere
3283 5641 3470 5712 prmci-

1894 5749 2056 5801 puom
2077 5740 2252 5800 putat,
2283 5747 2422 5800 smpe
2446 5729 2580 5784 alter
2605 5740 2686 5786 est
2709 5730 2890 5796 ditior,
2919 5744 3082 5800 quem
3103 5727 3302 5786 habere
3323 5731 3468 5800 apud
