3972 6184
495 333 596 385 Si!)

1102 325 1161 376 B.
1206 319 1452 374 MBAN!
1494 315 1710 396 lii-\le
1750 310 2066 365 AlttilllEP.
2107 303 2412 362 MOGUNI'.
2457 296 2738 356 OPERUM
2777 295 2955 351 PARS
2991 295 3052 348 li.

3638 284 3738 340 928

492 455 550 493 se
588 437 712 491 boni
753 432 952 503 aliquid
999 449 1100 484 non
1131 438 1295 499 putat.
1351 426 1502 480 Unde
1534 425 1621 477 hie
1650 436 1860 491 quoque
1885 419 2058 470 adhuc
2091 420 2134 476 Α
2164 415 2342 466 facere
2365 453 2378 476 ,
2426 411 2664 479 leprosos
2713 405 2994 469 mundare,
3047 403 3307 456 daztnonia
3339 401 3564 469 ejicere,
3599 407 3741 452 tactu

494 538 616 596 apte
637 524 971 593 subiungitur
1001 541 1051 572 :r
1076 518 1338 572 Similiter
1363 522 1540 568 autem
1572 519 1724 566 erant
1747 522 1800 562 et
1823 509 1875 560 in
1900 504 2060 558 vesti-

496 619 634 672 bulis
669 616 913 670 fenestra:
957 627 1050 680 per
1097 624 1285 677 gyrum
1336 606 1677 658 intrinsecus.
1728 599 2060 664 il‘ostquam

493 709 629 763 dixit
658 725 674 756 ι
707 704 968 758 fenestras
997 703 1048 754 in
1078 699 1367 759 frontibus,
1398 717 1415 747 ›
1467 692 1708 760 adjungit
1754 708 1770 738 ι
1801 687 2063 740 fenestras

496 802 546 854 in
586 795 860 850 vestibulis
898 809 993 863 per
1020 806 1207 860 gyrum
1241 787 1583 840 intrinsecus.
1616 803 1632 832 ι
1677 779 1813 844 Quia
1847 792 1948 829 non
1980 790 2062 826 so—

494 893 601 942 lum
631 887 736 939 alta
778 891 976 938 sancte
999 879 1253 934 Ecclesia:
1291 876 1549 934 tuetnbra,
1577 888 1695 940 qua:
1727 867 2066 938 prorminent

491 979 689 1033 habent
719 968 1184 1040 contemplationis
1213 965 1461 1035 gratiam,
1502 961 1592 1015 sed
1619 960 1936 1028 plerumque
1965 955 2065 1007 hoc

491 1071 689 1121 donent
713 1063 872 1116 etiam
914 1060 999 1114 illa
1047 1058 1284 1112 ltlt.‘ll2i,vl".l
1318 1053 1641 1124 percipiunt,
1687 1063 1804 1119 qua!
1827 1047 1926 1101 etsi
1953 1044 2065 1112 jam

492 1173 587 1226 per
636 1152 961 1209 desiderium
1013 1149 1077 1201 ad
1130 1163 1337 1200 summa
1387 1145 1652 1206 emicant,
1684 1151 1861 1193 tamen
1894 1137 2068 1190 adhuc

490 1265 587 1318 per
615 1245 848 1300 alliciunt
879 1243 928 1296 in
970 1242 1076 1293 imo
1099 1238 1299 1306 iacent.
1351 1236 1461 1290 Nisi
1494 1235 1638 1288 enim
1662 1242 1715 1287 et
1754 1233 1838 1286 his
1865 1232 1953 1298 qui
1979 1231 2068 1283 de-

492 1339 661 1409 specti
689 1335 953 1398 ridentur,
990 1332 1331 1400 omnipotens
1359 1329 1496 1380 Deus
1527 1325 1703 1378 lumen
1739 1319 2070 1388 contempla-

495 1431 655 1484 tionis
678 1427 1000 1489 infut‘rdcrcl,
1027 1422 1274 1476 fenestra:
1297 1421 1347 1474 in
1371 1418 1651 1473 \‘estilutlis
1684 1434 1786 1469 non
1817 1416 2064 1467 fuissent.

496 1524 746 1578 Videmus
775 1522 952 1588 itaque
984 1516 1116 1570 alios
1146 1515 1199 1567 in
1231 1512 1454 1566 suuunis
1496 1509 1628 1563 locis
1657 1516 1854 1560 sanctae
1888 1505 2067 1558 Eccle—

493 1617 586 1669 site
639 1612 957 1667 constitutos
1002 1607 1107 1660 alta
1147 1605 1210 1658 tle
1252 1603 1559 1656 co-lestibns
1591 1599 1762 1668 loqui;
1799 1598 1932 1650 miro
1958 1607 2069 1650 stu-

493 1706 583 1758 dio
623 1704 673 1756 in
723 1709 979 1771 quantum
1035 1697 1296 1750 illustrata
1349 1709 1497 1745 mens
1553 1689 1775 1750 sullirit,
1829 1704 2069 1757 superna-

2161 505 2507 574 a-gritudines
2533 515 2816 569 corporum
2843 499 3046 567 fugare,
3076 495 3372 565 prophetiae
3393 490 3587 561 spiritu
3614 501 3741 543 ven-

2165 609 2281 651 tura
2312 596 2618 666 prmdicere.
2671 593 2872 646 Cuncta
2925 592 3105 659 imque
3150 589 3266 641 hate
3295 583 3529 639 necdum
3555 579 3741 648 palma:

2163 696 2308 748 sunt,
2339 685 2431 738 sed
2464 685 2636 736 adhuc
2687 683 2895 751 pictura
2932 680 3255 750 palmarum.
3316 673 3450 727 Nam
3494 673 3611 726 ha:c
3645 669 3742 723 ali-

2165 777 2378 846 quando
2417 776 2615 827 dantur
2658 781 2711 825 et
2749 771 3022 840 rcprobis;
3069 768 3208 822 unde
3259 781 3354 836 per
3395 759 3742 830 Evangeliurn

2169 869 2376 922 Veritas
2403 865 2533 919 dicit
2571 862 2720 931 (Luc.
2752 862 2868 932 xm)
2898 880 2910 915 :
2952 882 2968 911 ι
2997 859 3145 913 Multi
3195 858 3375 910 dicent
3405 853 3538 908 mihi
3575 852 3628 904 in
3656 848 3744 903 illa

2167 960 2273 1022 die,
2303 959 2546 1011 Domine.
2581 955 2801 1008 Domine
2823 996 2837 1016 ,
2861 968 3039 1006 nonne
3063 953 3113 1004 in
3149 949 3365 1003 nomine
3393 955 3486 1000 tuo
3513 942 3744 1014 prophe-

2176 1051 2440 1108 tavimus;
2472 1056 2526 1101 et
2565 1048 2616 1100 in
2643 1046 2857 1099 nomine
2886 1051 2976 1097 tuo
3000 1041 3258 1096 daemonia
3286 1039 3579 1110 eiecimus;
3611 1042 3665 1091 et
3691 1033 3744 1090 in

2171 1152 2262 1195 tuo
2287 1137 2501 1192 nomine
2548 1137 2777 1189 virtutes
2824 1133 3019 1188 multas
3039 1130 3300 1186 fecimus?
3330 1129 3391 1183 Et
3426 1136 3558 1181 tunc
3577 1124 3743 1180 conli-

2173 1232 2322 1284 tebor
2365 1230 2468 1284 illis
2506 1231 2631 1298 quia
2679 1242 2950 1296 nunquam
2983 1226 3104 1281 novi
3151 1239 3245 1277 vos
3273 1239 3287 1276 :
3319 1220 3584 1275 discedite
3610 1234 3636 1271 ιι
3667 1233 3746 1270 me

2169 1323 2258 1390 qui
2301 1321 2598 1391 operamini
2659 1321 3016 1388 iniquitatem.
3051 1337 3069 1369 ›
3131 1317 3304 1371 Unum
3364 1328 3494 1367 vero
3542 1312 3745 1380 signum

2169 1412 2446 1465 electionis
2490 1419 2571 1464 est
2623 1409 2866 1463 soliditas
2906 1405 3223 1468 charitatis,
3285 1405 3427 1458 sicut
3491 1400 3747 1467 scriptum

2171 1511 2255 1555 est
2282 1520 2291 1553 :
2332 1522 2350 1551 ‹
2381 1501 2435 1554 ln
2465 1501 2565 1553 hoc
2592 1499 2794 1553 scietur
2818 1498 2940 1566 quia
2971 1495 3077 1549 mei
3110 1493 3352 1562 discipuli
3387 1491 3555 1553 estis,
3587 1490 3630 1542 si
3666 1487 3745 1539 di-

2174 1594 2454 1647 lectionem
2485 1591 2779 1645 habueritis
2830 1589 3157 1642 ad'invicem
3195 1585 3375 1654 (Joan.
3412 1581 3552 1652 xm).
3579 1601 3596 1632 ι
3632 1579 3752 1633 llas:

2175 1692 2352 1737 autem
2404 1681 2658 1735 miracula
2691 1697 2813 1735 cum
2839 1679 2994 1733 electi
3033 1677 3251 1738 faciant,
3292 1675 3451 1744 longe
3481 1669 3749 1726 dissimiii-

494 1794 680 1863 patria:
710 1799 915 1844 secreta
952 1786 1156 1841 rimari.
1204 1784 1476 1837 Fenestra:
1515 1790 1640 1833 sunt
1681 1781 1732 1832 in
1771 1777 2056 1832 frontibus.
2097 1770 2135 1826 Ιὶ
2167 1784 2249 1828 ter
2277 1792 2303 1828 a
2334 1773 2573 1842 reprobis
2605 1772 2822 1825 faciunt.
2854 1769 2990 1836 Quia
3019 1769 3162 1837 quod
3191 1766 3342 1821 electi
3371 1781 3436 1819 ex
3470 1762 3750 1822 eharitate,

498 1881 604 1934 Alii
651 1894 778 1933 vero
820 1880 870 1930 in
909 1882 1110 1929 sanare
1154 1872 1393 1927 ecclesia:
1435 1872 1553 1924 sinu
1604 1869 1975 1931 continentur,
2017 1877 2068 1919 ct

498 1972 738 2042 despecti
773 1969 1023 2023 humanis
1063 1965 1232 2020 oculis
1265 1965 1536 2023 videntur,
1585 1961 1674 2012 sed
1715 1960 1852 2028 apud
1902 1974 1958 2011 se
1984 1974 2069 2011 sa-

497 2062 711 2135 pientia:
743 2060 932 2114 studiis
961 2062 1150 2111 vacant
1190 2074 1200 2107 :
1233 2055 1298 2107 ad
1341 2051 1578 2106 curlcstia
1612 2049 1863 2102 anhelant
1888 2056 2066 2116 atque,

498 2156 553 2208 in
580 2160 839 2222 quantum
872 2147 1182 2218 prtcvalent,
1209 2159 1327 2213 qua:
1355 2143 1460 2196 sint
1504 2141 1693 2210 gaudia
1724 2149 1921 2192 :eterna
1945 2155 2071 2191 eon-

499 2246 759 2299 siderant.
801 2240 1072 2294 Fenestrae
1102 2239 1283 2306 itaque
1304 2236 1532 2304 obliqua:
1561 2242 1683 2287 sunt
1714 2251 1725 2285 :
1752 2234 1843 2286 sed
1892 2234 1943 2285 in
1989 2233 2070 2284 his

500 2336 579 2391 sol
629 2352 732 2389 non
780 2343 879 2388 est.
931 2333 1072 2385 liene
1114 2339 1290 2383 autem
1339 2328 1536 2382 dicitur
1569 2343 1658 2396 per
1683 2342 1864 2395 gyrum
1900 2340 1914 2374 :
1946 2327 2069 2393 quia

499 2430 675 2484 omnis
723 2426 996 2496 inquisitio
1049 2429 1376 2478 secretarum
1437 2434 1614 2471 rerum
1666 2432 1850 2486 gyrum
1890 2415 2069 2479 habet,

499 2524 624 2579 dum
654 2523 704 2575 in
749 2517 1074 2590 cogitatione
1100 2532 1192 2569 sua
1219 2514 1347 2568 dicit
1390 2512 1600 2566 animus
1627 2529 1637 2562 :
1671 2509 1901 2562 Putasne
1932 2507 2030 2560 hoc
2051 2509 2073 2559 ?

503 2622 730 2681 putasne
768 2609 893 2663 illud
945 2607 1062 2659 est?
1106 2605 1268 2672 Quasi
1321 2603 1515 2657 circuit
1563 2609 1618 2652 ut
1663 2598 1901 2651 inveniat
1931 2598 2071 2665 quol

502 2701 713 2771 qumrit.
752 2698 846 2750 Cui
880 2712 998 2748 cum
1025 2691 1542 2761 incircumscriptum
1578 2690 1756 2742 lumen
1793 2703 2072 2754 erumpere

505 2793 556 2844 in
584 2790 855 2860 agnitione
881 2786 1126 2855 eruperit,
1155 2783 1307 2853 quasi
1357 2797 1451 2851 per
1478 2779 1749 2849 obliquam
1781 2771 2070 2830 fenestram

508 2880 687 2934 radius
717 2876 957 2930 veritatis
987 2876 1148 2928 venit.
1193 2872 1283 2927 Sic
1318 2871 1516 2940 quippe
1555 2869 1605 2922 in
1629 2866 2073 2935 contemplatione

507 2978 688 3023 nostra
715 2966 880 3020 multa
903 2963 1315 3034 cogitationibus
1341 2958 1719 3014 circumeundo
1739 2955 2071 3025 perlicimus:

507 3061 643 3114 sicut
669 3054 910 3124 exempla
940 3055 1199 3108 bonorum
1234 3065 1372 3118 srcpe
1403 3047 1708 3117 quan-intus,
1743 3053 1799 3097 ut.
1829 3045 1879 3097 in
1913 3043 2073 3096 mori-

2174 1869 2276 1922 hoc
2315 1866 2528 1935 reprobi
2573 1865 2787 1919 student
2829 1877 2987 1933 agere
3031 1877 3127 1931 per
3169 1859 3457 1914 elationem
3488 1874 3500 1910 :
3530 1854 3624 1908 sed
3654 1853 3750 1907 eis-

2174 1963 2294 2014 deni
2325 1959 2510 2014 electis
2538 1967 2592 2013 et
2615 1959 2725 2027 ipsa
2749 1957 2882 2010 mira
2915 1969 3034 2023 quae
3061 1969 3156 2022 per
3175 1949 3498 2011 tharitatem
3530 1943 3747 2005 faciunt,

2172 2074 2276 2111 non
2302 2056 2414 2123 jam
2462 2054 2650 2126 palmze
2681 2061 2828 2114 sunt,
2870 2049 2963 2103 sed
2996 2047 3172 2100 adhuc
3200 2045 3405 2114 pictura
3435 2039 3751 2109 palmarum,

2179 2147 2303 2215 quia
2335 2145 2401 2199 de
2427 2144 2506 2196 eis
2531 2142 2662 2196 foris
2691 2139 3015 2199 ostenditur,
3049 2134 3235 2204 quales
3260 2130 3398 2200 apud
3427 2127 3756 2195 omnipotcno

2180 2247 2285 2289 tem
2342 2234 2624 2288 hominum
2667 2232 2806 2284 intus
2854 2228 3173 2282 habeantur.
3227 2221 3302 2274 lbi
3334 2227 3515 2271 autem
3542 2213 3750 2282 eispal-

2173 2347 2256 2382 tua
2293 2331 2412 2390 erit,
2451 2327 2537 2381 ubi
2581 2326 2692 2393 jam
2724 2323 2912 2378 mortis
2966 2318 3239 2375 contentio
3292 2331 3396 2368 nou
3450 2313 3580 2366 erit.
3631 2309 3753 2363 Nam

2172 2421 2490 2490 prtedicator
2552 2417 2798 2488 egregius
2862 2421 2986 2466 tunc
3045 2408 3252 2479 aspexit
3298 2405 3538 2476 palmam
3586 2417 3756 2455 veram

2173 2511 2508 2566 vincentibus
2539 2508 2674 2570 dari,
2706 2522 2828 2561 cum
2857 2501 3305 2557 resurrectionem
3337 2493 3592 2564 prmvidit
3628 2507 3758 2544 mor-

2174 2612 2384 2656 tuorum
2429 2598 2544 2651 fieri
2582 2598 2720 2651 sicut
2747 2594 2914 2649 dicit:
2951 2611 2968 2644 ‹
2990 2591 3214 2661 Oportet
3240 2587 3384 2640 enim
3414 2581 3759 2652 corruptibile

2175 2697 2276 2749 hoc
2310 2695 2533 2747 induere
2574 2688 3048 2758 incorruptionem,
3083 2694 3136 2740 et
3163 2681 3387 2737 mortale
3414 2681 3519 2734 hoc
3549 2678 3761 2733 induere

2175 2785 2653 2846 in‘ixnortalitatem,
2705 2789 2830 2834 tunc
2873 2778 2965 2832 fiet
3012 2790 3190 2830 sermo
3231 2775 3320 2843 qui
3364 2770 3603 2838 scriptus
3631 2775 3758 2821 est:

2173 2879 2436 2945 Absorpta
2489 2885 2573 2929 est
2615 2887 2760 2927 mors
2814 2871 2864 2923 in
2913 2867 3156 2922 victoria.
3201 2863 3302 2919 Ubi
3343 2869 3425 2915 cst
3464 2875 3633 2916 mors.
3686 2858 3767 2909 vi-

2173 2970 2340 3023 ctoria
2368 2969 2496 3022 tua?
2523 2968 2608 3020 ubi
2638 2973 2721 3019 est
2746 2961 2992 3017 stimulus
3017 2959 3176 3012 tuus?
3202 2955 3250 3028 (Ι
3277 2955 3398 3008 Cor.
3431 2951 3543 3018 xv.)
3571 2973 3587 3004 ι
3621 2949 3768 3004 Tunc

2174 3076 2300 3130 ergo
2347 3059 2451 3113 erit
2489 3057 2721 3126 perfecta
2753 3053 2991 3112 victoria,
3043 3065 3164 3103 cum
3216 3061 3362 3100 mors
3409 3044 3566 3114 piene
3615 3040 3768 3095 fuerit

509 3162 606 3204 nus
635 3146 996 3218 pl‘OﬁcitttltllS.
1059 3142 1190 3195 Nam
1227 3157 1344 3194 cum
1385 3138 1495 3207 jam
1537 3140 1734 3207 cogitat
1769 3137 1976 3188 animus
2006 3134 2068 3186 ad
2099 3127 2140 3184 (Σ
2176 3127 2444 3220 “gmw”.

512 3240 728 3294 meliora
785 3236 1009 3290 transire
1037 3277 1049 3301 ,
1089 3233 1345 3302 quidquid
1393 3229 1580 3284 melius
1623 3229 1687 3281 de
1729 3227 1848 3280 aliis
1890 3225 2073 3278 audire

512 3331 710 3403 possit,
761 3329 994 3398 exquirit
1023 3347 1032 3379 :
1061 3343 1198 3379 llllth
1253 3323 1426 3392 hujus,
1466 3338 1606 3375 nunc
1656 3320 1822 3375 sancti
1857 3316 2074 3371 alterius

515 3425 680 3480 vitam
708 3421 947 3477 ventilat.
1011 3419 1161 3473 L'udc
1202 3431 1248 3471 cl
1280 3417 1479 3469 electus
1509 3413 1744 3482 quidam,
1777 3411 1866 3480 qui
1899 3411 1950 3462 in
1979 3424 2074 3461 ex—

513 3530 681 3588 panso
709 3512 827 3567 sinu
862 3519 1060 3566 sanctae
1085 3509 1343 3572 ecclesiae,
1375 3522 1467 3575 per
1498 3505 1799 3556 rmivcrsum
1823 3499 2078 3554 mundum

518 3582 714 3644 utentis
746 3589 929 3643 oculos
971 3588 1191 3640 miserat
1222 3587 1482 3636 honorum
1513 3584 1674 3636 vitam
1721 3583 1787 3636 ad
1829 3582 2085 3639 imitatio-

517 3696 637 3734 nem
671 3679 974 3748 requirens,
1009 3677 1214 3731 dicebat
1245 3691 1257 3727 :
1297 3696 1312 3724 α
1347 3674 1598 3728 Circuibo
1625 3674 1996 3727 ctimmolabo
2032 3676 2086 3728 in

517 3773 865 3826 tabernaculo
895 3773 1011 3841 ejus
1039 3773 1270 3824 hostiam
1294 3769 1629 3837 jubilationis
1655 3769 1825 3839 (Paul.
1868 3770 2034 3840 xxvi).
2065 3788 2083 3820 ι

519 3862 674 3922 Ecce,
701 3875 756 3915 ut
777 3861 1432 3930 inmmlaretjuhilationis
1465 3860 1690 3912 hostiam
1721 3860 2040 3915 circumibat
2074 3902 2084 3911 .

518 3952 641 4019 quia
689 3951 790 4003 nisi
839 3951 1073 4003 animtun
1122 3950 1224 4003 huc
1269 3950 1498 4018 illucque
1531 3949 1596 4002 ad
1621 3950 1892 4025 Obonorutn
1927 3949 2096 4021 vitam

519 4040 902 4109 exquirendum
937 4042 1190 4101 mitteret,
1227 4041 1336 4107 ipse
1375 4055 1541 4108 usque
1565 4039 1982 4107 adjubilationis
2005 4056 2086 4092 sa-

520 4129 782 4183 criﬁcium
826 4143 928 4181 non
957 4128 1279 4196 perveniret.
1311 4129 1443 4182 Cum
1470 4145 1594 4181 vero
1621 4131 1790 4182 sancti
1821 4130 1917 4182 viri
1949 4131 2088 4182 intra

521 4219 814 4274 Ecclesium
854 4220 921 4272 ad
958 4220 1070 4273 loca
1118 4235 1322 4273 summa
1356 4219 1734 4288 perducuntur,
1767 4235 1953 4273 eorum
1981 4221 2090 4274 vita

521 4311 674 4379 quasi
706 4312 758 4363 in
775 4311 990 4379 speculo
1010 4311 1244 4380 ponitur,
1278 4321 1332 4363 ut
1360 4313 1535 4364 cuncti
1566 4312 1778 4365 videant
1811 4311 1946 4366 bona
1972 4328 2091 4382 qua:

521 4403 753 4458 debeant
779 4403 996 4456 imitari.
1033 4401 1182 4456 Unde
1212 4409 1265 4452 ct
1297 4401 1471 4455 adhuc
1506 4410 1626 4470 apte
1664 4403 1942 4457 subditur:
1979 4425 1994 4452 ι
2028 4405 2091 4458 Et

521 4502 654 4547 ante»
676 4485 878 4547 frontes
909 4493 1114 4563 pictura
1146 4492 1464 4561 palmarum.
1509 4512 1524 4541 ι
1561 4493 1697 4557 Quid
1729 4509 1824 4561 per
1856 4494 2086 4562 palmas,

521 4585 620 4638 nisi
653 4585 869 4652 prannia
902 4583 1140 4636 victorim
1167 4583 1556 4653 designantur?
1587 4583 1715 4650 Ipsae
1752 4585 1946 4653 quippe
1976 4585 2091 4637 dari

519 4675 760 4729 victoria:
791 4676 981 4728 solent.
1009 4674 1158 4729 Unde
1179 4677 1243 4729 de
1267 4677 1350 4729 his
1373 4691 1551 4744 quoqu
1577 4695 1584 4708 ι
1607 4675 1699 4743 qui
1728 4676 1776 4728 in
1801 4677 2094 4730 certamine

522 4764 764 4834 martyrii
795 4765 1072 4832 antiquum
1109 4765 1316 4818 hostem
1353 4767 1612 4828 vicerant,
1646 4774 1699 4818 et
1720 4766 1830 4834 jam
1864 4766 2096 4819 victores

524 4857 574 4908 in
609 4854 781 4923 patria
820 4855 1144 4924 gaudebant,
1179 4857 1438 4924 scriptum
1467 4864 1548 4909 est
1575 4875 1584 4907 :
1615 4875 1631 4904 ι
1671 4854 1868 4908 Palmm
1897 4855 1949 4907 in
1985 4871 2095 4908 ma—

523 4947 678 5000 nibus
721 4957 927 5009 eorum,
961 4953 1013 4999 et
1043 4944 1349 4999 clamabant
1391 4961 1522 4998 voce
1568 4961 1759 5013 magna
1809 4945 2048 4998 dicentes
2083 4962 2094 4996 :

520 5037 677 5091 Salus
703 5039 810 5092 Deo
834 5046 1036 5097 nostro,
1070 5037 1160 5105 qui
1190 5038 1338 5090 sedet
1368 5053 1530 5105 super
1558 5038 1835 5098 thronum,
1862 5046 1914 5090 et
1945 5037 2097 5107 Aguo

521 5130 705 5199 (Apoc.
739 5129 856 5200 vn).
892 5149 908 5179 ι
943 5127 1156 5181 Palmas
1187 5127 1380 5195 quippe
1408 5128 1461 5178 in
1497 5127 1743 5180 manibus
1773 5128 1991 5190 habere,
2018 5138 2097 5179 est

519 5229 774 5280 \i‘ctorias
800 5227 853 5279 in
885 5224 1200 5294 operatione
1241 5223 1477 5275 tenuisse
1515 5264 1526 5274 .
1573 5221 1725 5288 cujus
1768 5223 2100 5291 Operationis

520 5317 697 5386 palina
723 5317 794 5370 ibi
826 5316 1105 5377 tribuetur,
1131 5313 1218 5367 ubi
1237 5313 1346 5380 jam
1363 5314 1476 5366 sine
1497 5313 1792 5366 certamine
1816 5299 2096 5381 gandetur.

521 5408 672 5462 Unde
702 5407 789 5461 hic
820 5421 924 5458 non
954 5405 1168 5468 dicitur,
1213 5405 1404 5472 palmre
1440 5413 1566 5457 ante
1593 5403 1818 5468 frontes,
1851 5403 1945 5456 sed
1971 5412 2095 5454 ante

527 5500 733 5553 frontes
760 5499 966 5569 pictura
998 5497 1319 5568 palmarum.
1352 5497 1424 5549 lbi
1455 5497 1597 5550 enim
1629 5497 1854 5550 victoria
1887 5495 2094 5551 videbi-

531 5600 635 5652 tur,
669 5589 758 5642 ubi
793 5587 905 5655 jam
948 5590 1064 5642 sine
1094 5587 1198 5642 line
1225 5587 1565 5658 gautlebitnr.
1619 5586 1750 5640 Nam
1785 5587 2105 5656 plerumque

527 5687 760 5732 sanctos.
776 5679 920 5735 viros
949 5679 1238 5748 aspicimus
1268 5680 1401 5733 mira
1442 5694 1621 5749 agerc,
1647 5681 1872 5732 virtutes
1908 5677 2104 5732 multas

2265 3261 2281 3291 ‹
2319 3239 2584 3293 Eteduxit
2613 3253 2696 3289 me
2733 3236 2798 3288 ad
2826 3233 3022 3287 atrium
3047 3230 3308 3284 exterius.
3351 3228 3413 3280 Et
3455 3240 3585 3280 ecce
3617 3237 3768 3293 gazo-

2188 3351 2204 3380 ‹
2243 3328 2486 3399 phylacia
2526 3336 2582 3380 et
2621 3324 2984 3394 pavimentum
3013 3328 3239 3374 stratum
3274 3317 3448 3385 lapide
3486 3316 3541 3368 in
3577 3314 3765 3366 atrium

2188 3441 2204 3470 ‹
2241 3437 2335 3490 per
2359 3418 2645 3472 circuitum
2674 3435 2686 3468 ε
2717 3413 2935 3484 triginta
2957 3408 3330 3481 gazophylacia
3358 3407 3410 3459 iu
3437 3404 3665 3459 circuitu
3688 3417 3770 3470 pa-

2190 3533 2205 3563 ι
2243 3511 2486 3574 vimenti,
2501 3518 2628 3578 etpa
2639 3507 2930 3559 vimcntum
2949 3504 2999 3556 in
3018 3502 3190 3554 fronte
3207 3506 3484 3568 portarum
3503 3505 3624 3549 crat
3641 3492 3768 3547 infe-

2190 3626 2204 3654 ‹
2245 3604 2373 3657 rius.
2392 3603 2454 3655 Et
2475 3606 2784 3654 mensusest
2805 3594 3139 3650 latitudinem
3158 3607 3187 3644 a
3203 3590 3339 3643 faeie
3361 3596 3534 3658 portae
3558 3583 3767 3639 inferio—

2191 3716 2208 3746 ι
2255 3696 2327 3748 ris
2345 3691 2590 3761 usquead
2605 3690 2833 3742 frontem
2850 3685 2971 3740 atrii
2989 3681 3260 3736 interioris
3275 3679 3638 3737 extrinsecus,
3656 3689 3771 3727 cen-
3798 3674 3808 3684 '

2192 3807 2208 3836 ι
2249 3793 2360 3837 tum
2392 3781 2603 3834 cubitos
2636 3779 2701 3831 ad
2724 3777 2986 3831 orientem
3014 3781 3068 3825 et
3095 3771 3159 3824 ad
3191 3769 3520 3837 aquilonem.
3569 3785 3588 3816 ι
3619 3762 3766 3833 (llic-

2192 3871 2331 3942 νου.)
2373 3873 2466 3926 Vir
2491 3884 2618 3938 ergo
2648 3869 2735 3921 ille
2769 3866 2859 3935 qui
2896 3862 3126 3918 habebat
3154 3858 3449 3913 funiculum
3481 3863 3765 3909 czemcntao

2191 3963 2392 4016 riorum
2423 3962 2474 4013 in
2512 3975 2668 4012 manu
2706 3965 2760 4009 et
2790 3955 3051 4009 calamum
3080 3963 3367 4011 mensum,
3398 3953 3454 4000 et
3494 3945 3669 4000 stabat
3712 3943 3760 3996 in

2193 4060 2365 4121 porta,
2402 4051 2540 4102 inter
2567 4056 2760 4101 cmtera
2790 4060 2908 4115 quae
2936 4043 3209 4112 propheta:
3239 4036 3580 4092 monstrabat
3611 4049 3758 4103 aspe-

2193 4141 2298 4193 ctui
2327 4146 2444 4208 post
2480 4139 2672 4191 atrium
2714 4134 2986 4204 sexaginta
3013 4131 3338 4192 cubitorum,
3360 4135 3415 4182 et
3435 4126 3584 4180 aliud
3608 4125 3764 4178 vesti-

2195 4231 2375 4285 bulum
2421 4238 2587 4299 porta:
2635 4226 2909 4280 interioris
2944 4223 3085 4292 quod
3126 4221 3339 4275 tenebat
3383 4217 3764 4288 quinquaginta

2196 4320 2425 4385 cubitos,
2461 4319 2644 4372 eduxit
2679 4316 2991 4386 prophetam
3024 4313 3089 4366 ad
3120 4311 3316 4364 atrium
3357 4309 3618 4372 exterius,
3662 4309 3770 4362 sive

2197 4421 2256 4465 ut
2278 4411 2330 4464 in
2348 4410 2696 4478 Septuaginta
2721 4407 3046 4468 continetur,
3072 4403 3367 4457 introduxit
3387 4402 3452 4455 ad
3476 4401 3671 4454 atrium
3696 4400 3769 4452 in-

2199 4503 2384 4556 terius.
2411 4500 2661 4569 Satisque
2691 4499 2856 4552 miror
2891 4497 3043 4566 juxta
3084 4495 3315 4548 litteram
3339 4504 3393 4546 et
3421 4491 3768 4562 Septuaginta

2196 4591 2464 4660 quomodo
2506 4599 2626 4658 post
2661 4587 2928 4640 exteriora
2975 4585 3096 4637 atrii
3151 4583 3493 4653 septuaginta
3524 4590 3579 4636 et
3618 4580 3772 4649 quin-

2199 4683 2452 4752 quaginta
2489 4680 2697 4733 cuhitos
2735 4678 2989 4741 tenentia,
3031 4675 3256 4728 interius
3277 4674 3347 4726 sit
3378 4673 3603 4737 atrium,
3634 4668 3770 4739 quod

2200 4774 2254 4826 iu
2281 4771 2560 4825 latitudine
2612 4777 2824 4822 centum
2871 4767 3172 4820 cubitorum
3225 4763 3478 4816 tendatur
3538 4762 3768 4830 spatiis:

2201 4861 2302 4916 nisi
2335 4860 2470 4913 forte
2494 4858 2646 4926 juxta
2676 4858 2929 4926 mysticos
2952 4855 3274 4918 intellectus,
3300 4862 3354 4906 et
3388 4852 3667 4921 profectus
3697 4851 3773 4905 in-

2200 4950 2550 5020 gredientium
2597 4963 2716 5016 qua:
2761 4946 3014 5000 interiora
3058 4946 3109 4998 in
3145 4945 3409 4999 doctrinis
3440 4945 3664 5007 fuerint,
3697 4945 3771 4995 la-

2204 5043 2338 5094 tiora
2364 5041 2487 5093 sint.
2514 5039 2850 5093 lntroductus
2878 5047 3057 5091 autem
3085 5037 3138 5090 in
3165 5036 3359 5088 atrium
3387 5035 3639 5100 interius,
3663 5035 3782 5088 sire

2203 5132 2394 5192 ductus
2419 5130 2483 5182 ad
2512 5130 2747 5183 exterius
2769 5128 2984 5189 atrium,
3005 5136 3061 5179 ut
3083 5127 3134 5179 in
3159 5125 3421 5179 llebraico
3442 5127 3770 5184 continetur,

2204 5220 2383 5272 statim
2405 5219 2628 5272 intuitus
2649 5225 2731 5270 est
2753 5216 2965 5284 triginta
2993 5215 3252 5268 thalamos
3268 5215 3346 5269 rel
3372 5214 3770 5285 gazophylacia.

2206 5310 2269 5363 Et
2309 5318 2364 5360 ut
2389 5307 2745 5376 Symmachus
2768 5306 3150 5373 interpretatus
3175 5313 3258 5357 est
3279 5305 3520 5367 (πράως,
3545 5321 3660 5374 qum
3679 5305 3773 5356 ha-

2205 5398 2447 5452 bitationi
2478 5397 2783 5449 Levitarum
2824 5405 2983 5463 atque
3022 5395 3361 5448 sacerdotum
3391 5396 3606 5450 fuerant
3640 5407 3771 5463 pra:-

2207 5495 2426 5557 paratte,
2451 5494 2504 5540 et
2538 5484 2901 5554 pavimentum
2936 5483 3070 5535 viris
3095 5491 3321 5537 stratum
3350 5483 3634 5551 lapidibus,
3657 5482 3765 5536 sive

2208 5576 2612 5634 intercolumnia
2653 5585 2712 5628 ut
2744 5574 3057 5628 ostendatur
3094 5573 3317 5627 interius
3346 5574 3546 5627 atrium
3577 5572 3651 5625 rel
3675 5585 3765 5624 ex-

2208 5665 2374 5721 terius
2403 5664 2600 5718 habere
2639 5671 2760 5716 ante
2808 5661 2948 5716 fores
2994 5663 3235 5716 ordinem
3278 5661 3667 5725 coltunnarum,
3715 5666 3770 5712 ct
