3972 6184
203 306 303 363 921

1131 293 1482 354 COMMENT.
1521 293 1587 350 IN
1624 290 2079 349 EZECHIELEM.
2120 314 2189 332 -δ-
2225 288 2353 345 LIB.
2387 286 2485 344 XV

3351 281 3455 337 922

205 421 575 492 pavimentum
606 415 660 471 in
696 414 875 472 fronte
914 422 1213 484 portarum,
1241 412 1356 469 sive
1391 412 1629 483 porticus
1653 418 1776 481 post
1805 410 1852 467 Α
1879 404 2020 476 quod
2054 401 2246 457 multas
2274 401 2455 470 fruges
2480 397 2705 461 faceret,
2743 403 2799 451 et
2822 394 3016 449 famem
3037 391 3238 463 jndaici
3268 394 3456 463 populi

208 524 420 582 tergum
446 517 746 579 portarum.
780 504 840 559 in
860 504 1060 575 quibus
1080 503 1375 575 porticibus
1404 511 1532 573 puto
1571 502 1781 557 colum-

208 618 312 658 nas
336 601 535 656 ordine
576 596 741 651 fuisse
782 595 1070 665 dispositas
1101 610 1114 646 :
1152 602 1212 648 ut
1238 601 1363 648 ante
1402 590 1781 663 gazophylaeia

214 705 399 755 essent
419 693 682 765 porticus,
709 697 766 743 et
796 688 849 742 in
884 687 1148 742 frontibus
1175 685 1474 755 porticuum
1522 684 1785 739 columna:

214 790 456 864 puniens
477 783 821 841 sustinentes.
852 780 1222 836 Pavimentum
1259 786 1437 832 autem
1465 776 1606 847 quod
1638 785 1782 831 stra-

214 895 329 938 tum
354 887 473 936 erat
494 874 776 947 lapidibus,
804 882 859 929 et
885 883 1008 928 ante
1033 872 1267 942 porticus
1293 869 1417 923 atrii
1446 868 1783 931 tendebatur,

214 975 443 1033 inferius
472 983 587 1032 erat
620 970 931 1029 ascensione
972 965 1292 1034 porticuum,
1331 970 1388 1017 et
1423 959 1665 1016 eamdem
1692 959 1786 1012 ha-

214 1068 382 1122 bebat
433 1060 820 1133 longitudinem
875 1071 1036 1127 quam
1096 1053 1449 1110 thalamorum
1503 1046 1807 1111 aediﬁcatio

214 1155 547 1232 possidebat.
588 1152 908 1221 Mensusque
946 1154 1030 1202 est
1067 1147 1207 1201 idem
1238 1143 1322 1196 vir
1349 1141 1402 1195 in
1438 1137 1590 1206 cujus
1625 1146 1788 1187 mauu

216 1223 340 1311 erat
376 1249 645 1306 funiculus
686 1253 740 1301 et
777 1243 1014 1300 calamus
1045 1255 1075 1293 a
1120 1235 1253 1291 facie
1297 1238 1467 1302 portae
1496 1223 1788 1301 inferioris,

218 1347 357 1411 sive,
379 1353 438 1398 ut
458 1339 804 1412 Septuaginta
824 1335 1027 1398 volunt,
1052 1326 1339 1385 exterioris
1362 1334 1530 1390 usque
1555 1316 1621 1371 ad
1650 1314 1791 1369 fron-

222 1407 352 1494 tem
394 1407 640 1491 atriivvel
666 1407 850 1503 portae
877 1425 1170 1489 interioris,
1214 1428 1428 1476 centum
1473 1413 1682 1469 cubitos
1724 1407 1793 1462 ad

222 1532 582 1595 orientem,et
606 1536 665 1581 ut
692 1527 745 1581 in
765 1522 1028 1579 Hebraico
1056 1518 1270 1578 dicitur.
1296 1521 1350 1567 et
1371 1511 1437 1565 ad
1466 1506 1789 1595 aquilonem.

226 1625 308 1682 Ex
338 1591 535 1695 quibus
552 1617 894 1688 intelligimus
919 1611 1048 1668 illud
1071 1597 1602 1695 evangelicumquod
1623 1610 1654 1649 a
1676 1591 1795 1648 Sal-

222 1691 415 1772 vatore
441 1719 713 1773 narratur,
740 1706 916 1760 missa:
940 1704 993 1758 in
1018 1713 1203 1773 agrum
1232 1692 1488 1751 sementis
1512 1691 1563 1744 in
1596 1695 1795 1740 terram

225 1813 427 1866 bonam
450 1819 568 1874 quae
595 1797 909 1869 multiplicet
934 1792 1113 1861 fruges
1137 1802 1237 1859 pro
1258 1783 1516 1840 varietate
1538 1777 1798 1831 virtutum

225 1902 282 1956 in
312 1894 681 1955 trieeuarium,
725 1866 781 1945 et
814 1889 867 1944 in
909 1878 1316 1952 sexagenarium
1353 1882 1408 1930 et
1430 1866 1799 1929 centenarium

228 2003 537 2053 numerum,
566 1974 1110 2054 hujusloeivaticinio
1135 1966 1454 2026 convenire:
1480 1971 1534 2017 et
1553 1960 1643 2015 hic
1657 1956 1802 2012 enim

227 2083 543 2155 trigesimus
558 2087 610 2133 et
625 2071 989 2146 sexagesimus
1010 2074 1065 2123 et
1086 2060 1411 2120 centesimus
1428 2065 1686 2110 numerus
1705 2063 1803 2118 po-

227 2141 403 2239 nitur,
442 2179 501 2227 nt
526 2171 613 2225 his
642 2141 795 2238 quasi
825 2160 1079 2235 gradibus
1105 2155 1173 2211 ad
1198 2150 1495 2224 perfectam
1521 2141 1803 2239 scientiam

228 2264 518 2338 pervenire
547 2233 849 2319 valeamus,
871 2253 943 2308 ita
980 2249 1240 2304 duntaxat
1274 2250 1335 2296 ut
1378 2239 1447 2294 ad
1489 2233 1803 2331 interiorem

228 2319 404 2416 aedem
454 2346 943 2423 quinquagenarius
982 2354 1082 2395 nos
1114 2334 1372 2408 perducat
1401 2337 1678 2387 numerus,
1712 2319 1805 2390 qui

231 2449 389 2506 linito
414 2419 618 2515 septem
654 2435 1108 2496 hebdomadarum
1136 2427 1359 2483 sabbato
1382 2422 1435 2476 in
1460 2419 1601 2474 diem
1629 2426 1807 2469 resur-

232 2509 495 2597 rectionis
523 2534 774 2604 erumpit.
803 2522 1195 2596 Gazophylacia
1242 2525 1419 2572 autem
1451 2509 1804 2582 appellantur,

233 2652 359 2709 quae
384 2634 539 2706 plena
566 2597 694 2687 sunt
716 2617 1083 2696 spiritualibus
1111 2610 1333 2676 divitiis,
1361 2607 1426 2664 de
1451 2597 1810 2709 quibtts'socri-

232 2692 503 2801 ptum'est
531 2743 544 2778 :
577 2741 595 2773 ι
636 2692 952 2788 Red-emptio
990 2711 1184 2766 anima:
1222 2705 1324 2761 viri
1352 2700 1583 2773 propriae
1612 2692 1811 2750 divitia:

236 2788 424 2894 (Prov.
450 2814 592 2885 xm).
632 2832 650 2864 ι
682 2810 854 2879 Super
870 2806 1064 2877 quibus
1088 2809 1139 2856 et
1161 2797 1359 2853 Paulus
1385 2788 1658 2863 apostolus
1687 2800 1815 2894 co‘n-

236 2876 838 2985 gratulatur'discipulis
866 2876 997 2963 suis,
1027 2893 1167 2965 quod
1190 2889 1331 2963 pleni
1355 2888 1460 2942 sint
1484 2881 1630 2939 omni
1651 2876 1814 2981 verbo

237 2966 296 3058 ἓν.
323 2997 474 3056 omni
502 2966 746 3053 scientia.
769 2990 915 3046 Gaza
941 2996 1119 3042 autem
1146 2982 1326 3053 lingua
1354 2977 1647 3033 Persarum
1676 2966 1811 3024 divi-

237 3093 332 3147 tiae
358 3092 755 3156 nuncupantur.
792 3077 887 3134 Vel
923 3083 1071 3132 certe
1101 3068 1341 3133 thalami,
1384 3065 1475 3138 qui
1513 3062 1702 3156 Graece
1842 3092 1886 3155 C

239 3187 440 3238 cuntur
464 3149 787 3250 παξττοφορία
822 3166 1116 3225 ostendunt
1143 3158 1323 3234 sponsi
1364 3152 1617 3212 adventui
1655 3149 1811 3206 cubi-

238 3271 361 3328 cula
404 3275 705 3340 prrcparata
746 3275 863 3332 qu:c
888 3258 1039 3314 fuere
1073 3254 1290 3325 triginta
1324 3261 1569 3309 numero,
1602 3250 1661 3297 ut
1689 3254 1815 3340 per.-

238 3327 442 3418 fectam
476 3327 685 3412 aetatem
712 3327 1070 3408 habitantium
1102 3344 1552 3399 demonstrarent.
1580 3332 1649 3386 Et
1674 3327 1818 3401 pavi-

239 3459 489 3511 mentum
520 3454 749 3503 stratum
776 3450 893 3499 erat
921 3439 1115 3509 lapide,
1138 3448 1205 3489 ne
1239 3431 1351 3485 luto
1378 3436 1434 3483 et
1461 3434 1605 3481 terra
1628 3431 1682 3475 et
1704 3418 1818 3490 pul-

240 3558 376 3600 vere
416 3547 758 3612 peccatorum
790 3529 1147 3588 habitantium
1177 3522 1542 3595 polluerentur
1567 3511 1817 3582 vestigia,

246 3599 347 3694 sed
378 3599 439 3689 uIt
477 3646 639 3702 super
676 3628 826 3682 vivos
863 3622 1172 3679 incederent
1197 3612 1403 3683 lapides
1429 3608 1625 3702 quibus
1653 3599 1822 3657 aedifi-

246 3734 407 3783 catur
446 3698 700 3791 templum
739 3714 854 3771 Dei.
908 3711 1034 3766 Sive
1069 3699 1477 3763 intercolumnia
1515 3701 1670 3752 erant
1700 3698 1824 3747 ante

248 3819 612 3876 thalamorum
629 3811 792 3874 fores,
819 3824 937 3880 qua:
957 3802 1263 3873 impositum
1289 3797 1519 3864 desuper
1538 3785 1824 3845 aediﬁcium

248 3915 639 3972 sustentarent.
664 3907 784 3962 lstre
808 3877 933 3957 sunt
956 3899 1217 3955 columna:
1240 3892 1306 3947 de
1334 3887 1530 3959 quibus
1553 3890 1607 3938 et
1627 3877 1827 3972 Paulus

252 3968 533 4078 apostolus
555 3998 741 4055 scribit
767 3993 904 4068 (Gal.
940 3992 998 4063 ιι)
1027 4009 1041 4045 :
1074 4008 1092 4040 ‹
1128 3988 1357 4042 Dextras
1397 3977 1662 4078 dederunt
1693 3968 1825 4026 mihi

253 4066 312 4154 ei
338 4093 622 4156 Barnabze,
648 4066 842 4142 Prtrus
875 4092 930 4137 et
964 4080 1214 4140 Joannes,
1250 4072 1340 4144 qui
1385 4066 1703 4124 videbantur
1739 4074 1829 4114 co-

255 4152 454 4243 lamna:
500 4152 639 4237 esse.
678 4198 696 4230 ι
736 4177 803 4232 Et
850 4176 903 4229 in
945 4172 1048 4226 alio
1091 4170 1210 4224 loco
1241 4164 1291 4238 (Ι
1319 4163 1451 4218 Tim.
1485 4158 1565 4230 ιιι)
1597 4173 1611 4212 :
1662 4174 1681 4207 ι
1723 4152 1830 4243 Go-

258 4281 444 4336 lumna
484 4281 540 4331 et
588 4270 984 4327 firmamentum
1035 4258 1298 4315 veritatis.
1349 4274 1367 4306 ι
1404 4252 1471 4306 Et
1513 4249 1566 4303 in
1609 4242 1832 4300 Joannis

256 4332 579 4441 Apocalypsi
603 4358 830 4431 legimus
854 4353 1035 4425 (Apoc.
1066 4348 1148 4419 ιιι)
1182 4365 1196 4400 :
1228 4364 1246 4431 ι
1280 4342 1380 4410 Qui
1404 4337 1611 4441 vicerit,
1637 4332 1829 4388 faciam

258 4398 579 4441 ημυιιιιινδι
605 4398 830 4431 ,μοι-..ην
856 4398 1035 4425 \--,.---
1067 4398 1145 4419 ---Ι
1185 4398 1192 4400 ,
1228 4426 1234 4431 ⁴
1290 4398 1326 4410 ,υ
1599 4398 1607 4401 Ἴ

258 4474 385 4517 eum
439 4453 741 4511 columnam
793 4448 845 4500 in
894 4440 1089 4513 templo
1127 4438 1223 4493 Dei
1274 4434 1399 4499 mei,
1442 4440 1495 4486 et
1531 4428 1677 4485 foras
1721 4441 1815 4480 nor

1934 4409 1990 4455 et
2029 4398 2303 4465 deficiunt,

1936 4506 2060 4517 ...η-ιι.
2088 4492 2186 4517 LA-
2218 4490 2269 4517 ζ..

258 4549 566 4624 egredietur
595 4541 841 4611 amplius.
875 4556 894 4590 ι
923 4534 1292 4589 Pavimentum
1314 4541 1442 4598 ergo
1462 4523 1604 4597 quod
1634 4528 1751 4576 erat
1775 4518 1827 4572 in

260 4609 441 4696 fronte
468 4609 763 4706 portarum,
792 4629 857 4684 de
886 4640 992 4698 quo
1014 4623 1125 4693 jam
1155 4619 1408 4682 diximus,
1448 4615 1560 4670 sive
1594 4609 1834 4682 porticus

261 4736 385 4801 post
419 4701 623 4797 tergum
645 4727 947 4792 portarum,
977 4726 1095 4782 qua:
1126 4708 1456 4765 habitatores
1474 4701 1834 4758 thalamorum

262 4789 334 4875 ab
379 4789 662 4871 imbribus
694 4804 1074 4864 defendebant,
1137 4806 1255 4851 erat
1310 4792 1555 4849 inferius.
1612 4789 1840 4856 Semper

265 4910 411 4966 enim
450 4918 567 4975 qua:
594 4899 848 4956 inferiora
877 4902 1021 4958 sunt,
1070 4891 1122 4945 in
1166 4885 1444 4943 altioribus
1485 4882 1838 4944 collocantur,

268 5009 329 5056 ut
349 4997 418 5053 ad
439 4971 665 5070 mystica
692 4999 852 5060 atque
873 4990 1081 5041 secreta
1108 4988 1163 5035 et
1190 4978 1347 5050 plena
1374 4973 1573 5030 divitiis
1619 4971 1838 5041 spirita-

268 5091 414 5145 libus
440 5061 666 5140 ascensu
707 5089 759 5135 et
796 5076 1051 5151 gradibus
1080 5069 1359 5144 pervenire
1397 5065 1685 5138 possimus.
1724 5061 1844 5116 Ple-

271 5191 501 5248 rumque
539 5186 793 5229 numerus
822 5176 985 5237 atque
1023 5162 1293 5234 perfectus
1318 5159 1370 5213 in
1400 5158 1584 5212 decem
1615 5151 1842 5208 decada-

272 5245 670 5325 rum—numero
715 5265 818 5322 est,
865 5254 955 5326 qui
990 5262 1045 5307 et
1087 5259 1381 5306 sementem
1426 5245 1573 5299 Isaac
1617 5248 1843 5311 centena

273 5360 433 5428 fruge
458 5350 797 5421 multiplicat.
822 5346 928 5401 Sed
949 5343 1074 5415 quia
1099 5342 1151 5396 in
1179 5350 1321 5394 terra
1343 5343 1481 5400 erat,
1505 5342 1559 5388 et
1575 5333 1750 5388 adhuc
1771 5328 1850 5384 di-

274 5467 404 5510 cere
438 5452 649 5519 poterat
685 5460 698 5496 :
736 5461 754 5490 ι
793 5438 1011 5493 Advena
1042 5451 1158 5489 sum
1191 5447 1289 5503 ego
1318 5438 1372 5483 et
1400 5425 1736 5499 peregrinus,
1779 5420 1851 5475 si-

278 5551 372 5598 cut
416 5549 604 5594 omnes
644 5539 826 5603 patres
861 5527 963 5584 mei
992 5523 1143 5595 (Gen.
1190 5520 1381 5592 XXIII);
1426 5539 1444 5571 ι
1479 5511 1738 5572 hordeum
1769 5527 1853 5566 se—

279 5635 428 5690 visse
473 5636 529 5683 et
573 5622 921 5681 centesimam
967 5617 1173 5688 frugem
1213 5612 1504 5669 messuisse
1554 5614 1849 5663 narratur:

283 5721 517 5780 necdum
539 5714 682 5778 (uim
704 5725 927 5782 granum
947 5706 1112 5763 tritici
1132 5711 1399 5761 mortuum
1423 5700 1596 5759 fuerat
1612 5699 1663 5754 in
1687 5706 1855 5760 terra,

1883 494 2129 550 audiendi
2152 493 2419 549 sermonis
2440 490 2534 544 Dei
2561 495 2829 544 saturarct
2860 501 2926 542 eo
2943 501 3081 555 pane
3103 485 3194 554 qui
3216 484 3284 539 de
3312 484 3453 540 cmlo

1884 583 2178 641 descendit.
2245 579 2470 653 (Greg.)
2522 579 2814 648 Postquam
2868 576 2934 630 de
2989 574 3460 644 contemplationis

1884 676 2056 744 gratia
2088 672 2333 740 obliquas
2366 670 2631 724 fenestras
2674 667 2954 721 insinuans
2982 664 3245 733 propheta
3286 664 3454 717 multa

1886 765 2094 820 loeutus
2116 771 2218 828 est,
2250 762 2501 817 eductum
2525 774 2584 814 se
2613 758 2852 813 exterius
2874 756 3023 819 dicit,
3050 762 3101 808 et
3132 753 3459 824 gazophyla-

1885 856 1967 909 eia
2008 854 2210 908 vidisse
2261 855 2666 906 commemorat.
2722 845 2779 899 In
2829 845 3025 914 quibus
3062 841 3462 913 gazOphylaciis

1885 945 2013 1015 quid
2035 944 2178 999 aliud
2203 957 2363 1011 quam
2393 940 2670 995 doctorum
2710 936 2932 991 scientia
2974 933 3317 1003 designatur?
3350 930 3455 986 Sed

1888 1044 2037 1090 certe
2085 1034 2187 1088 hac
2228 1034 2281 1086 in
2331 1047 2390 1085 re
2422 1030 2591 1099 quaeri
2623 1036 2818 1097 potest,
2855 1040 2977 1080 eum
3011 1024 3261 1079 doctores
3289 1021 3461 1077 sancti

1888 1122 2150 1194 spiritalia
2187 1128 2345 1190 atqu:
2387 1127 2600 1174 terrena
2627 1118 2878 1180 doceant,
2906 1130 3005 1168 cur
3042 1114 3304 1184 propheta
3331 1112 3464 1167 edu-

1888 1225 2033 1271 ctum
2063 1230 2120 1270 se
2145 1213 2385 1269 exterius
2406 1211 2557 1275 dicit,
2590 1217 2644 1263 et
2672 1207 3051 1279 gazophylacia
3076 1205 3206 1260 foris
3228 1204 3463 1258 vidisse?

1892 1306 1997 1364 Sed
2032 1304 2308 1361 sciendum
2341 1313 2425 1357 est
2464 1302 2589 1371 quia
2619 1300 2719 1354 alia
2768 1306 2852 1354 est
2893 1295 3294 1365 contemplatio,
3346 1308 3466 1363 qua:

1895 1404 2100 1452 tantum
2138 1394 2281 1449 videt
2308 1399 2565 1462 quantum
2609 1390 2789 1444 dicere
2835 1402 2940 1441 non
2985 1386 3125 1438 valet
3159 1400 3173 1437 :
3209 1382 3310 1437 alia
3342 1398 3468 1436 vero

1893 1483 2118 1541 scientia
2164 1493 2326 1549 anne
2358 1480 2600 1535 doctrina
2638 1495 2759 1548 quae
2798 1486 3005 1532 tantum
3033 1476 3177 1530 videt
3206 1481 3467 1543 quantum

1893 1573 2196 1643 exprimere
2210 1558 2307 1642 ρει
2328 1570 2565 1640 linguam
2582 1569 2766 1638 possit.
2783 1567 2840 1621 lu
2857 1580 3043 1635 compa
3052 1565 3256 1619 ratione
3271 1563 3470 1633 quippe

1895 1664 2039 1719 illius
2060 1663 2280 1717 luminis
2309 1663 2452 1732 quod
2481 1674 2613 1715 voce
2636 1659 2864 1728 exprimi
2888 1673 2992 1712 non
3016 1665 3193 1728 potest
3211 1656 3361 1726 quasi
3393 1664 3474 1708 to-

1830 1746 1872 1805 B
1899 1763 2013 1810 tum
2039 1755 2142 1810 hoc
2166 1753 2298 1809 foris
2325 1762 2408 1809 est
2427 1751 2569 1823 quod
2596 1752 2822 1821 exprimi
2857 1766 2987 1835 voce
3010 1757 3205 1818 potest.
3237 1749 3326 1802 Ait
3367 1748 3473 1802 ita-

1901 1861 2006 1916 que
2037 1864 2050 1900 :
2083 1865 2103 1898 ι
2140 1846 2207 1901 Et
2236 1844 2420 1901 eduxit
2442 1858 2529 1899 me
2557 1845 2624 1898 ad
2645 1844 2842 1898 atrium
2871 1843 3132 1906 exterius,
3162 1851 3215 1897 et
3236 1855 3364 1897 ecce
3389 1855 3477 1910 ga-

1901 1935 2209 2007 zophylacia
2241 1943 2296 1990 et
2330 1935 2698 2006 pavimentum
2736 1941 2964 1988 stratum
2990 1932 3166 2001 lapide
3193 1932 3246 1985 in
3278 1931 3475 1985 atrium

1900 2041 1998 2095 per
2020 2025 2326 2080 circuitum.
2357 2043 2375 2076 ι
2412 2022 2546 2090 Quia
2590 2036 2838 2078 sermone
2866 2021 3054 2077 Gt‘iBCO
3096 2019 3325 2089 phylaxe
3361 2033 3454 2072 ser

1900 2128 2029 2168 vare
2055 2112 2273 2178 dicitur,
2301 2120 2356 2168 et
2388 2126 2532 2183 gaza:
2566 2110 2746 2181 lingua
2784 2111 2999 2164 Persica
3033 2109 3232 2163 divitia:
3277 2122 3480 2161 vocan-

1905 2213 2012 2270 tur,
2049 2203 2488 2276 gazophylacinm
2519 2202 2669 2258 locus
2705 2201 2961 2272 appellari
2984 2201 3119 2255 solet
3145 2216 3250 2269 quo
3281 2200 3480 2254 divitia:

1904 2303 2208 2352 servantur.
2251 2294 2387 2361 Quid
2416 2294 2595 2363 itaque
2620 2309 2717 2362 per
2740 2291 3118 2364 gazophylacia
3145 2292 3481 2360 designatur,

1904 2387 2032 2452 nisi,
2058 2396 2119 2441 ut
2136 2388 2500 2457 pratd'rximus,
2529 2387 2688 2441 corda
2713 2386 2990 2441 doctorum
3015 2385 3289 2453 sapientia:
3321 2392 3483 2453 atque

1907 2478 2146 2533 scientia:
2185 2478 2386 2532 divitiis
2436 2476 2630 2546 plena?
2676 2475 2809 2543 Quia
2848 2473 3001 2541 juxta
3045 2474 3192 2528 Pauli
3240 2489 3425 2528 vocem
3466 2492 3480 2529 :

1915 2586 1934 2620 ‹
1968 2569 2074 2623 Alii
2105 2570 2263 2624 datur
2287 2584 2386 2638 per
2398 2566 2656 2637 Spiritum
2679 2578 2857 2622 sermo
2873 2566 3165 2636 sapientiae.
3191 2565 3277 2619 alii
3303 2581 3484 2619 sermo

1909 2659 2150 2716 scientia:
2195 2660 2247 2715 in
2292 2659 2482 2715 eodem
2503 2657 2704 2730 Spiritu
2728 2656 2780 2730 (Ι
2816 2655 2940 2712 Cor.
3013 2656 3132 2726 xu).
3166 2655 3305 2710 Sunt
3337 2656 3482 2710 enim

1911 2754 2127 2825 quidam
2146 2754 2238 2822 qui
2259 2769 2355 2823 per
2375 2754 2571 2808 donum
2596 2752 2800 2823 gratim,
2823 2759 2878 2805 et
2902 2751 3013 2821 ipsa
3046 2751 3350 2820 intelligunt
3365 2764 3488 2818 qum

1912 2844 2108 2914 exponi
2136 2858 2166 2897 a
2192 2842 2505 2898 doctoribus
2529 2857 2634 2895 non
2677 2842 2981 2904 audierunt,
3007 2841 3060 2894 hi
3095 2840 3343 2914 videlicet
3376 2854 3490 2894 ser-

1914 2911 2103 2990 mones
2138 2932 2416 3004 sapientia:
2459 2931 2943 3003 perceperunt..Et
2982 2936 3107 2985 sunt
3142 2911 3363 2998 quidam
3400 2927 3491 2997 qui

1915 3041 2014 3098 per
2053 3026 2373 3095 semetipsos
2415 3022 2713 3093 intelligere
2743 3022 2922 3077 audita
2961 3029 3257 3092 nequeunt,
3303 3019 3396 3074 sed
3427 3034 3489 3072 ca

1918 3134 2039 3191 qua:
2064 3120 2118 3175 in
2147 3118 2546 3189 expositoribus
2567 3117 2832 3186 legerunt,
2861 3115 3097 3169 retinent
3128 3122 3288 3182 atque
3321 3112 3494 3166 scien-

1917 3223 2000 3270 ter
2027 3209 2333 3282 proferunt,
2365 3224 2485 3279 qua:
2510 3209 2649 3263 lecta
2669 3207 2994 3263 didicerunt.
3028 3204 3177 3261 Unde
3207 3206 3386 3273 itaque
3407 3203 3497 3257 ist'.

1921 3305 2020 3360 nisi
2051 3317 2301 3359 sermone
2340 3300 2578 3356 scientiae
2606 3299 2750 3367 pleni
2778 3298 2936 3352 sunt?
2971 3296 3229 3363 Quamvis
3269 3296 3372 3350 hoc
3410 3296 3491 3348 in-

1920 3396 2083 3466 telligi
2113 3402 2167 3448 et
2182 3394 2338 3448 aliter
2368 3391 2560 3463 possit,
2583 3390 2707 3460 quia
2732 3390 2993 3460 sapientia
3024 3390 3089 3443 ad
3117 3390 3303 3448 vitam,
3329 3389 3497 3443 scicn-

1922 3488 1995 3543 tia
2018 3500 2146 3540 vero
2166 3485 2405 3555 pertinet
2433 3483 2500 3538 ad
2524 3481 2845 3537 doctrinam.
2872 3480 2971 3547 Qui
2996 3480 3157 3551 igitur
3185 3481 3323 3533 bene
3363 3479 3497 3532 vivit

1921 3586 1977 3634 et
1994 3580 2288 3649 prudenter
2315 3576 2587 3648 praedicat,
2621 3572 3059 3646 gawphylacium
3088 3571 3346 3642 spiritalis
3370 3569 3499 3624 :ch-

1924 3671 2031 3727 ficii
2063 3679 2209 3725 recte
2255 3668 2583 3731 nominatur,
2631 3666 2755 3735 quia
2798 3665 2865 3719 ab
2903 3661 3019 3732 ejus
3045 3679 3138 3716 ore
3172 3661 3372 3716 divitire
3412 3661 3495 3715 rli-

1927 3769 2271 3832 spensantur.
2315 3758 2410 3813 His
2466 3756 2670 3813 divitiis
2708 3753 2978 3810 abundare
3021 3751 3310 3822 discipulos
3357 3750 3500 3805 idem

1928 3853 2191 3924 magister
2220 3850 2458 3921 gentium
2497 3848 2703 3902 viderat
2746 3860 2868 3900 cum
2917 3844 3129 3899 dicebat
3172 3860 3183 3894 :
3226 3861 3243 3891 ι
3300 3841 3503 3895 Dirites

1929 3940 2056 3997 facti
2087 3943 2219 3995 estis
2244 3939 2299 3994 in
2327 3938 2436 4003 illo,
2475 3938 2529 3991 in
2567 3935 2713 3992 omni
2746 3935 2910 3990 verbo
2939 3942 2994 3988 et
3020 3933 3071 3986 in
3104 3931 3249 3985 omni
3279 3930 3502 3985 scientia

1931 4033 1982 4104 (I
2030 4028 2153 4086 Cor.
2199 4029 2296 4100 1,);
2336 4048 2355 4083 ι
2391 4036 2616 4097 excepto
2653 4035 2830 4081 autem
2872 4038 2936 4079 eo
2969 4023 3111 4093 quod
3144 4022 3212 4076 ad
3245 4029 3502 4076 mternam

1931 4125 2163 4195 patriam
2192 4122 2391 4178 divitia:
2422 4118 2689 4190 spiritales
2724 4118 2945 4173 ducunt.
2968 4116 3063 4170 Est
3095 4115 3174 4170 eis
3215 4130 3244 4167 a
3277 4113 3509 4167 terrenis

1934 4213 2133 4269 divitiis
2156 4226 2347 4291 magna
2379 4210 2634 4265 distantia
2655 4249 2669 4272 ,
2703 4208 2828 4278 quia
2867 4205 3135 4276 spiritales
3164 4203 3361 4258 divitia:
3386 4218 3509 4256 ero-

1935 4313 2068 4380 gata:
2092 4305 2399 4377 proficiunt,
2428 4312 2654 4380 terrena:
2679 4312 2856 4356 autem
2879 4298 3079 4354 divitia:
3105 4304 3195 4349 aut
3217 4304 3510 4362 erogantur

2341 4404 2437 4452 aut
2472 4395 2770 4450 retinentur
2814 4399 2869 4447 et
2897 4390 3055 4444 utiles
3089 4402 3193 4442 non
3229 4393 3373 4442 sunt.
3406 4383 3508 4451 Qui

1933 4506 2063 4563 ergo
2088 4492 2189 4546 has
2218 4490 2271 4544 in
2309 4503 2368 4543 se
2398 4501 2558 4542 veras
2584 4483 2801 4540 divitias
2842 4478 3139 4540 continent,
3171 4484 3321 4530 recte
3348 4488 3511 4545 gazo-

1936 4585 2182 4658 phylacia
2215 4588 2497 4637 vocantur.
2526 4577 2592 4631 Et
2618 4576 2817 4631 habent
2845 4571 2960 4640 ipsa
2998 4566 3378 4641 gazophylaeia
3417 4583 3513 4638 pa-

1938 4657 2232 4731 vimentum
2255 4688 2353 4743 per
2373 4667 2678 4730 circuitum,
2705 4662 2832 4735 quia
2866 4661 2946 4717 eis
2980 4660 3216 4715 adhmrct
3243 4674 3305 4715 ac
3335 4657 3516 4726 subia-

1945 4776 2031 4824 cet
2073 4765 2347 4821 humilitas
2395 4759 2718 4816 auditorum.
2764 4752 2917 4822 Quod
2957 4752 3319 4823 pavimentum
3369 4766 3518 4808 recte

1947 4866 2175 4913 stratum
2201 4852 2375 4924 lapide
2402 4852 2455 4906 in
2483 4848 2682 4904 atrium
2711 4845 2907 4903 dicitur
2927 4884 2942 4909 ,
2969 4834 3111 4912 quia
3136 4841 3189 4895 in
3233 4840 3518 4897 latitudine

1948 4947 2226 5005 charitatis
2242 4943 2473 5000 vicissim
2488 4940 2586 4996 sibi
2607 4938 2808 5008 junctae
2821 4944 2949 4991 sunt
2966 4935 3159 4990 anima:
3180 4932 3384 4999 ﬁdeles,
3401 4947 3522 5002 quae

1949 5048 2002 5095 et
2030 5036 2234 5107 lapides
2247 5033 2581 5104 appellantur
2594 5045 2691 5101 pro
2708 5026 3016 5083 fortitudine
3041 5024 3184 5088 fidei,
3200 5032 3253 5078 et
3268 5032 3451 5079 strata:
3466 5022 3519 5076 in

1948 5130 2254 5202 pavimento
2276 5125 2475 5179 suntin
2503 5135 2758 5191 compage
2788 5116 3125 5173 humilitatis.
3152 5112 3261 5168 llas
3284 5112 3519 5167 fidelium

1952 5228 2159 5276 mentes
2189 5217 2377 5272 Petrus
2422 5213 2693 5285 apostolus
2736 5210 2901 5266 fortes
2950 5209 3002 5263 in
3038 5208 3140 5262 (ide
3167 5210 3522 5274 conspexerat

1953 5326 2074 5365 cum
2102 5307 2350 5363 dicebat:
2382 5323 2400 5355 ι
2438 5304 2503 5358 Et
2538 5317 2635 5357 vos
2679 5310 2932 5370 tanquam
2973 5297 3176 5367 lapides
3204 5293 3309 5348 vivi
3336 5307 3524 5363 super~

1952 5395 2289 5453 mdillcamini
2318 5396 2507 5449 domus
2531 5389 2800 5461 spiritales
2828 5388 2879 5459 (I
2905 5385 3047 5442 Petr.
3073 5385 3158 5457 ιι).
3189 5384 3261 5438 De
3280 5383 3368 5437 his
3393 5382 3525 5451 lapi-

1956 5491 2109 5548 dibus
2132 5497 2332 5545 sancta:
2352 5485 2604 5542 Eceltsia:
2625 5482 2885 5538 Dominus
2907 5494 3000 5551 per
3019 5476 3205 5531 Isaiam
3237 5473 3367 5529 dicit
3390 5472 3523 5544 (Isa.

1956 5578 2064 5650 uv)
2092 5593 2106 5632 :
2134 5577 2335 5633 Ponam
2364 5574 2632 5647 jaspidcm
2663 5588 2759 5643 per
2783 5564 3180 5641 propugnacula
3203 5572 3311 5625 tua,
3335 5570 3388 5617 et
3407 5577 3528 5633 por—

1960 5680 2042 5725 tas
2058 5679 2176 5725 tuas
2190 5668 2242 5723 in
2258 5667 2462 5739 lapides
2480 5664 2736 5735 scalptos,
2760 5659 3036 5717 universos
3061 5654 3317 5711 terminos
3333 5663 3455 5709 tuos
3476 5653 3530 5711 in
