3972 6184
445 225 548 278 9‘25

1105 212 1164 266 Β.
1209 208 1458 264 liABANl
1498 206 1714 263 MAURI
1747 200 2044 258 AllCllllﬂP

2146 198 2418 255 IOGUNT.
2456 196 2741 254 Ol’l‘lllUM
2785 194 2963 248 PARS
3002 193 3063 246 ll.

3606 191 3710 246 9‘24

411 311 420 351 ‘
448 335 647 404 lapides
671 333 778 385 dest
802 329 1067 393 lerabiles,
1104 341 1294 383 onmes
1341 323 1479 378 filios
1509 331 1630 376 tuos
1654 321 1841 374 doctos
1858 334 1888 371 a
1915 320 2018 372 Do—
2049 318 2098 374 Λ
2125 329 2220 382 per
2242 311 2548 380 exemplum
2577 324 2733 364 suum
2761 308 2897 363 alios
2920 308 2990 361 ad
3011 305 3366 376 perditionem
3398 306 3604 367 trahat,
3633 305 3717 358 vi-

414 425 420 437 ‘
449 425 613 478 mino.
639 421 789 488 Quod
815 435 943 488 ergo
979 419 1144 473 lsaias
1170 416 1452 470 universos
1479 411 1733 468 Ecclesiae
1762 410 2022 464 terminos

451 514 655 582 lapides
683 509 1066 565 desiderabiles
1095 507 1250 572 vidit,
1274 507 1374 560 hoc
1393 503 1641 560 Ezechiel
1662 501 2022 573 pavimentum

452 605 625 675 lapide
651 611 877 658 stratum
904 615 998 669 per
1021 600 1302 656 circuitum
1330 613 1450 653 esse
1474 595 1912 667 perhibuit,quia
1939 593 2026 646 ad-

457 696 558 748 huc
586 695 649 746 de
687 690 1079 762 gazophylaciis
1115 689 1334 744 subdit:
1371 706 1389 737 ι
1429 687 1666 757 Triginta
1704 684 2028 755 gazophyla-

456 787 535 838 cia
579 785 629 837 in
671 784 898 838 circuitu
937 781 1245 853 pavimenti.
1286 800 1304 832 ›
1343 779 1604 834 Denarius
1635 793 1892 833 numerus
1928 791 2029 847 pro

451 875 778 946 perfectione
810 889 1023 942 semper
1045 873 1328 942 accipitur,
1371 872 1496 942 quia
1530 871 1583 924 in
1613 871 1797 925 decem
1828 883 2030 938 prmce-

453 966 560 1034 ptis
589 964 722 1034 legis
757 964 1000 1019 custodia
1039 964 1363 1018 continetur.
1395 963 1583 1017 Activa
1607 961 1804 1016 etenim
1828 970 1882 1015 et
1904 975 2032 1014 con-

454 1056 761 1124 templativa
792 1056 898 1109 vita
927 1054 1088 1110 simul
1123 1055 1178 1109 in
1209 1054 1448 1124 decalogi
1497 1054 1766 1108 mandatis
1803 1052 2030 1121 conjun-

457 1157 542 1200 cta
577 1156 699 1201 est:
733 1147 857 1214 quia
901 1147 956 1198 in
996 1159 1060 1198 eo
1092 1154 1146 1200 et
1173 1159 1326 1198 amor
1364 1145 1476 1208 Dei,
1512 1153 1566 1198 et
1605 1158 1758 1197 amor
1800 1141 2031 1210 proximi

459 1240 661 1295 servari
679 1238 917 1308 jubetur.
935 1237 1099 1290 Amor
1115 1237 1310 1306 quippe
1323 1237 1416 1289 Dei
1441 1237 1504 1290 ad
1529 1235 1996 1304 contemplativam
2015 1273 2029 1298 ,

457 1347 609 1384 amor
638 1346 765 1384 vero
802 1328 1030 1399 proximi
1081 1328 1315 1396 pertinet
1351 1327 1416 1379 ad
1449 1326 1698 1379 activam.
1733 1323 1838 1376 Sed
1867 1337 2033 1376 unus-

458 1420 687 1488 quisque
711 1419 922 1479 doctor,
961 1426 1020 1469 ut
1051 1417 1102 1469 in
1138 1416 1366 1469 activam
1396 1415 1560 1468 vitam
1589 1413 1743 1482 plene
1768 1428 1825 1467 se
1852 1411 2038 1466 dilatet

458 1509 698 1578 atquein
730 1505 1197 1575 contemplativam
1215 1504 1496 1575 vigilanter
1524 1505 1728 1572 surgat,
1761 1503 1808 1556 in
1833 1509 2037 1556 sancta:

458 1597 737 1651 Trinitatis
779 1596 880 1648 fide
910 1596 1068 1649 debet
1099 1609 1219 1648 esse
1262 1591 1551 1663 perfectus.
1586 1592 1735 1646 Unde
1765 1601 1820 1645 et
1847 1591 2034 1644 eadem

2130 405 2358 474 gilanter
2389 419 2449 458 se
2478 411 2536 458 et
2560 401 2752 456 festiue
2785 399 3175 468 circumspicit,
3201 397 3254 452 in
3291 397 3717 466 cogitationibus

2129 497 2400 552 remordet
2428 495 2655 550 adducta
2680 493 2989 548 auditorum
3024 505 3243 546 suorum
3275 491 3344 544 ad
3367 489 3718 554 memoriam,

2131 589 2480 657 semetipsum
2511 585 2779 649 humiliat,
2807 592 2862 638 et
2891 584 2946 638 in
2980 583 3177 653 quibus
3201 580 3480 651 praevalet,
3511 579 3625 648 agit
3647 593 3720 634 ne

2129 679 2292 733 elatio
2332 677 2664 746 principetur
2693 675 2745 728 in
2769 683 2970 738 mente,
2998 688 3067 726 ne
3106 672 3413 726 dominetur
3439 670 3494 724 in
3528 685 3716 739 opere.

2132 769 2404 837 Scriptum
2440 767 2639 836 quippe
2683 773 2768 819 est
2797 778 2813 816 :
2847 782 2864 814 ι
2909 763 3124 817 Initium
3167 762 3344 816 omnis
3389 760 3598 830 peccati
3629 776 3721 814 su—

2131 859 2314 929 perbia
2351 856 2520 928 (Eccl.
2569 855 2647 927 x).
2698 875 2717 908 ι
2753 855 2885 921 Quis
2923 869 3054 925 ergo
3097 854 3200 908 erit
3241 862 3369 907 ante
3409 852 3505 904 Dei
3535 851 3720 906 oculos

2132 948 2340 1002 fructus
2384 947 2511 1001 boni
2543 945 2742 1015 operis,
2786 945 2829 998 si
2865 960 2934 999 ex
2970 943 3150 997 radice
3196 943 3402 1013 putruit
3435 941 3722 995 elationis?

2134 1039 2306 1110 Stepc,
2337 1049 2396 1092 ut
2423 1038 2735 1108 praedictum
2756 1045 2862 1102 est,
2883 1035 3001 1105 ejus
3027 1036 3238 1090 animus
3260 1043 3496 1090 tentatur
3517 1049 3588 1088 ex
3616 1033 3720 1097 ira,

2135 1134 2228 1188 sed
2251 1133 2412 1188 citius
2455 1145 2513 1185 se
2548 1131 2616 1184 ad
2638 1145 2694 1184 se
2713 1129 3194 1198 circumspiciendo
3222 1126 3441 1196 colligit,
3476 1134 3534 1179 et
3562 1124 3722 1178 disci-

2135 1222 2294 1293 plina:
2345 1236 2402 1275 se
2451 1221 2690 1290 pondere
2739 1218 3065 1288 deprimens,
3105 1217 3214 1286 agit
3244 1233 3310 1271 ne
3350 1226 3528 1269 motus
3557 1214 3722 1268 animi

2139 1317 2381 1364 transeat
2413 1309 2466 1362 in
2513 1322 2783 1371 sermone,
2818 1324 2884 1362 ne
2915 1318 3161 1377 erumpat
3189 1308 3239 1360 in
3267 1322 3398 1359 voce
3424 1325 3436 1358 :
3473 1304 3639 1374 fitque
3665 1314 3723 1357 ut

2139 1401 2220 1453 ira
2251 1399 2548 1470 perturbati
2577 1399 2740 1452 animi
2767 1399 2854 1453 ubi
2889 1414 2985 1468 per
3015 1397 3398 1468 negligentiam
3425 1396 3624 1457 oritur,
3651 1393 3740 1468 ibi.

2139 1505 2236 1560 per
2250 1490 2510 1559 judicium
2535 1488 2798 1543 sutfocata-
2818 1489 3077 1542 moriatur
3101 1502 3114 1539 :
3137 1503 3240 1556 qua
3266 1503 3330 1540 ex
3361 1502 3420 1540 re
3444 1485 3644 1556 agitur,
3669 1492 3730 1536 ut

2139 1597 2204 1635 ex
2234 1590 2491 1650 concepta
2525 1581 2679 1650 culpa
2707 1582 2920 1635 animus
2949 1581 3202 1634 virtutem
3228 1581 3438 1649 pariat,
3473 1579 3600 1646 quia
3629 1577 3726 1630 etsi

459 1686 834 1757 gazophylacia
863 1685 1077 1755 triginta
1105 1699 1223 1738 esse
1254 1691 1644 1745 memorantur,
1695 1688 1749 1734 ut
1785 1695 1908 1734 cum
1947 1679 2038 1731 de-
2066 1686 2112 1745 Β
2139 1687 2257 1726 sese
2293 1670 2505 1725 fortiter
2533 1670 2805 1724 custodire
2833 1669 3002 1723 noluit
3028 1685 3095 1723 ne
3124 1669 3190 1723 ad
3215 1678 3422 1722 motum
3462 1677 3728 1737 sergeret,

463 1781 644 1833 uarius
689 1788 771 1832 ter
804 1779 1033 1840 ducitur,
1075 1777 1182 1830 vita
1217 1784 1272 1830 et
1302 1776 1478 1846 lingua
1508 1773 1746 1829 doctoris
1782 1773 1834 1826 in
1866 1770 2044 1824 Trini-

466 1879 574 1922 tate
603 1868 880 1922 solidetur.
929 1867 1033 1921 Sed
1066 1868 1164 1921 hac
1198 1867 1249 1919 in
1291 1882 1347 1920 re
1380 1865 1506 1918 illud
1535 1865 1686 1918 llOlJlS
1715 1871 1796 1917 est
1818 1864 2044 1934 vigilan-

466 1968 547 2012 ter
582 1960 891 2012 intuendum
920 1959 1059 2028 quod
1088 1959 1369 2028 propheta,
1400 1971 1523 2010 cmn
1553 1956 1935 2026 gazophylacia
1956 1957 2046 2011 de-

466 2048 790 2116 scripsisset,
813 2047 1053 2115 adjnnxit
1084 2048 1444 2117 pavimentum
1481 2062 1577 2114 per
1605 2047 1912 2111 circuitum,
1963 2058 2044 2101 at-

467 2152 572 2205 que
596 2137 818 2191 inferius
850 2138 1120 2207 subjungit
1140 2136 1522 2207 gazOphylacia
1550 2136 1602 2189 in
1631 2135 1860 2190 circuitu
1890 2137 2042 2205 pavi-

469 2228 635 2282 menti
661 2245 673 2281 :
702 2235 965 2298 quatenus
985 2228 1365 2299 galephylacia
1393 2227 1444 2280 in
1481 2226 1708 2281 circuitu
1730 2227 2041 2296 pavimenti,

467 2321 913 2391 etpavimentum
941 2323 992 2376 in
1020 2323 1245 2376 circuitu
1275 2320 1778 2393 gazophylaciorum
1813 2336 1932 2375 esse
1968 2322 2046 2376 vi-
2103 2376 2108 2380 .

468 2414 674 2467 deatur.
708 2411 1079 2466 Pavimentnm
1102 2413 1297 2482 quippe
1324 2421 1374 2466 et
1402 2411 1783 2482 gazophylacia
1818 2427 1882 2465 eo
1922 2419 2047 2466 sunt

468 2505 660 2560 ordine
689 2505 960 2569 distincta,
989 2514 1046 2558 ut
1073 2513 1128 2559 et
1166 2504 1546 2575 gazopltylacia
1584 2505 1722 2557 intra
1771 2502 2048 2573 pavimen-

473 2604 606 2660 tum,
641 2604 688 2649 et
719 2596 1080 2664 pavimentum
1111 2603 1252 2648 mter
1293 2592 1676 2664 gampbylaeia
1717 2591 1879 2646 fuerit
1907 2601 2046 2646 stra-

475 2695 606 2739 tum.
634 2685 747 2739 Non
777 2687 876 2740 hoc
913 2701 1039 2756 ergo
1065 2686 1178 2740 sine
1202 2700 1396 2754 magno
1422 2683 1674 2754 mysterio
1695 2690 1800 2747 est,
1821 2683 1962 2752 quod
1993 2685 2045 2737 in

471 2776 700 2829 circuitu
732 2775 1232 2846 gazophylaciorum
1275 2789 1396 2829 esse
1424 2772 1622 2827 dicitur
1659 2772 2045 2841 pavimentum,

473 2877 528 2920 ct
557 2867 607 2920 in
637 2866 860 2920 circuitu
882 2866 1175 2935 pavimenti
1198 2872 1487 2918 narrantur
1500 2877 1620 2917 esse
1643 2861 2044 2932 gazophylacia.

473 2955 645 3008 llabet
678 2954 820 3008 enim
861 2955 1226 3022 pavimentum
1259 2953 1310 3006 in
1353 2952 1579 3006 circuitu
1626 2949 2043 3021 gazophylacia:

2145 1779 2203 1817 se
2232 1773 2408 1816 tamen
2457 1762 2508 1815 in
2553 1762 2915 1816 commotione
2955 1759 3168 1815 fortiter
3215 1760 3362 1814 vicit.
3408 1757 3560 1812 lTnde
3594 1758 3728 1810 bene

2143 1871 2239 1924 per
2268 1855 2609 1908 Salomonem
2641 1854 2840 1907 dicitur
2876 1869 2888 1905 :
2937 1871 2955 1903 ι
3002 1837 3187 1907 Melior
3227 1860 3312 1906 est
3351 1852 3570 1920 patiens
3615 1849 3728 1902 viro

2143 1945 2288 2009 forti,
2319 1953 2375 1999 et
2403 1945 2495 2012 qui
2524 1944 2831 1998 dominatur
2871 1959 3052 1998 animo
3089 1959 3187 1997 suo
3231 1951 3607 2011 cxpugnatore
3647 1955 3731 1991 ur-

2144 2037 2290 2090 bium
2329 2034 2510 2107 (Prov.
2537 2035 2670 2107 xvi).
2708 2055 2725 2086 ι
2757 2035 2824 2090 Et
2851 2036 3216 2105 pavimentum
3259 2035 3314 2088 in
3343 2033 3528 2087 fronte
3555 2040 3731 2102 porta-

2143 2143 2264 2181 rum
2292 2127 2586 2183 secundum
2610 2127 3000 2198 longitudinem
3031 2135 3311 2195 portarum
3333 2132 3456 2178 erat
3485 2123 3727 2177 inferius.

2145 2217 2201 2273 Si
2245 2229 2524 2289 portarmn
2571 2219 2963 2289 longitudinem
3006 2217 3073 2271 ad
3122 2217 3299 2271 locum
3341 2215 3652 2277 referimus,
3679 2215 3729 2266 in

2144 2324 2251 2379 quo
2279 2318 2446 2378 porta:
2473 2319 2629 2363 erant
2653 2317 2996 2373 constructa),
3020 2307 3314 2362 secundum
3343 2303 3733 2374 longitudinem

2145 2410 2422 2473 portarum
2457 2403 2822 2471 pavimentum
2859 2409 2978 2454 erat
3021 2398 3244 2453 inferius
3275 2415 3287 2449 :
3315 2397 3442 2466 quia
3472 2404 3728 2465 quantum

2149 2502 2333 2548 tenere
2373 2491 2524 2544 locus
2559 2499 2839 2560 portarum
2871 2496 3101 2558 poterat,
3144 2495 3354 2540 tantuttt
3390 2485 3728 2546 tondebatur,

2147 2591 2200 2635 ct.
2231 2581 2596 2650 pavimentum
2641 2576 2782 2646 quod
2826 2584 2943 2631 erat
2983 2573 3226 2629 inferius.
3257 2573 3566 2643 Longitudo
3607 2586 3733 2642 ergo

2147 2670 2438 2740 pavimenti
2477 2686 2506 2722 a
2542 2668 2712 2737 portis
2739 2683 2842 2720 non
2894 2674 3011 2720 erat
3055 2662 3350 2726 dissimilis,
3403 2663 3501 2715 sed
3559 2670 3733 2714 tamen

2148 2760 2429 2830 :equalitas
2460 2759 2753 2828 pavimenti
2786 2773 2892 2811 non
2934 2765 3052 2809 crat
3090 2771 3212 2809 cum
3249 2755 3440 2824 portis.
3476 2752 3620 2818 Quid
3654 2758 3732 2805 est

2147 2867 2276 2920 ergo
2300 2852 2440 2920 quod
2470 2851 2836 2920 pavimentum
2878 2864 3000 2903 cum
3026 2849 3198 2917 portis
3237 2845 3454 2916 longum
3484 2844 3735 2898 similiter

2156 2952 2292 3007 erat,
2317 2942 2410 2996 sed
2432 2941 2638 3010 {equale
2666 2956 2770 2994 non
2793 2947 2928 3002 erat,
2953 2939 3053 2992 nisi
3087 2938 3227 3007 quod
3261 2937 3417 3006 longe
3438 2935 3605 2989 distat
3631 2934 3734 2986 vita

473 3047 599 3113 quia
641 3045 808 3100 vitam
855 3043 1183 3098 audientium
1229 3042 1404 3096 erudit
1444 3041 1700 3112 quotidie,
1731 3047 1785 3094 et
1809 3040 2043 3095 custodit

2146 3033 2461 3103 populorum
2486 3049 2517 3085 a
2543 3032 2650 3084 vita
2675 3028 3018 3099 docentium?
3048 3027 3171 3097 quia
3195 3027 3294 3081 etsi
3331 3027 3400 3080 ad
3430 3040 3597 3096 regna
3629 3041 3737 3079 cce-

473 3134 652 3203 lingua
677 3135 974 3188 doctorum.
1007 3134 1260 3188 Doctores
1289 3132 1432 3186 enim
1461 3132 1584 3186 boni
1614 3132 1666 3186 in
1695 3140 1898 3187 sancta:
1922 3147 2039 3186 eru-

475 3225 694 3280 ditionis
715 3225 889 3279 vcrbis
909 3225 1065 3278 modo
1097 3223 1346 3278 fomentis
1373 3221 1686 3287 dulcedinis,
1713 3222 1870 3278 modo
1891 3235 2044 3290 aspe-

475 3318 635 3372 ritate
663 3315 1042 3386 incrcpationis
1068 3314 1363 3384 invigilant,
1398 3321 1455 3366 ut
1492 3312 1794 3367 auditorum
1825 3326 2045 3366 suorqu

478 3408 640 3460 vitam
668 3422 695 3458 a
723 3405 869 3459 vitiis
891 3403 1197 3458 defendant.
1225 3401 1330 3457 Sed
1357 3402 1554 3456 habent
1584 3401 1695 3470 ipsa
1724 3415 1934 3471 quoque
1955 3415 2048 3470 ga-

475 3492 781 3563 zophylacia
808 3492 861 3546 in
893 3491 1118 3546 circuitu
1144 3491 1530 3560 pavimentmn,
1555 3489 1680 3558 quia
1709 3504 1849 3557 saepe
1883 3489 2046 3543 etiam

478 3582 760 3640 doctorum
796 3595 888 3634 cor
938 3579 1191 3633 vitiorum
1251 3577 1637 3632 tentationibus
1677 3577 1934 3647 tangitur,
1988 3586 2050 3632 ut

475 3671 635 3728 modo
661 3671 900 3726 elevctur
929 3667 1222 3737 jactationc
1251 3668 1532 3736 superbiae,
1563 3668 1720 3722 modo
1743 3667 1836 3721 ira:
1859 3667 2050 3722 stimu-

473 3762 542 3819 lis
567 3762 944 3815 inllammctur.
980 3760 1084 3814 Sed
1113 3775 1232 3812 eum
1261 3760 1520 3813 bonorum
1554 3759 1857 3814 auditorum
1887 3759 2047 3813 vitam

476 3853 842 3914 considerant,
875 3867 991 3906 eam
1034 3867 1151 3920 qnze
1181 3849 1473 3920 profecisse
1513 3850 1624 3905 suis
1662 3850 2050 3905 exhortationi-

479 3945 580 4000 bus
609 3948 860 4011 pensant,
887 3941 1210 3994 crnbescunt
1240 3939 1372 3994 tales
1402 3957 1505 3994 non
1548 3955 1687 4004 esse,
1727 3941 1915 4010 quales
1961 3956 2052 3993 an-

479 4042 627 4087 ctore
654 4032 761 4084 Deo
788 4044 883 4098 per
903 4044 960 4082 se
984 4029 1314 4098 conspiciunt
1333 4029 1467 4084 alios
1494 4029 1662 4084 factos
1685 4046 1821 4096 esse,
1851 4039 1906 4084 et
1925 4039 2051 4085 ante

479 4138 538 4176 se
570 4121 620 4173 in
650 4128 828 4173 mente
871 4117 1167 4183 stabiliunt,
1214 4133 1374 4187 quam
1410 4118 1563 4187 plene
1606 4119 1658 4172 in
1688 4118 1839 4189 culpa
1865 4119 2050 4172 laban-

483 4219 588 4267 tur.
622 4208 755 4263 Nam
779 4224 899 4263 cum
928 4208 1040 4276 ipsa
1069 4223 1164 4262 sua
1195 4223 1225 4260 a
1254 4207 1561 4262 doctoribus
1588 4208 1748 4262 verba
1767 4211 1831 4262 ad
1853 4224 2054 4263 memo-

486 4305 621 4364 riam
646 4301 887 4366 redeunt,
934 4301 1257 4355 erubescunt
1294 4316 1398 4354 non
1427 4312 1644 4354 servare
1675 4302 1815 4369 quod
1845 4302 2048 4356 dicunt.

2147 3124 2299 3182 leslia
2324 3125 2603 3180 tendentes
2619 3121 2863 3178 eamdem
2884 3120 3344 3191 longanitltimtem
3369 3119 3484 3188 spei
3511 3119 3734 3179 habent,

2144 3219 2332 3273 eadem
2351 3226 2524 3269 tamen
2541 3213 2752 3268 vivendi
2767 3213 2942 3267 studia
2958 3227 3060 3266 non
3078 3211 3296 3265 habent.
3319 3209 3602 3262 Tendatur
3612 3221 3738 3276 ergo

2145 3307 2511 3377 pavimentum
2539 3304 2788 3359 similiter
2813 3304 2865 3357 in
2880 3302 3095 3373 longum
3110 3302 3238 3372 quia
3258 3302 3426 3369 ipsam
3457 3299 3646 3363 ﬁdem,
3662 3298 3738 3368 ip-

2145 3413 2258 3452 sam
2290 3412 2438 3465 spem
2456 3395 2582 3450 inse
2599 3394 2829 3449 retinent
2845 3394 3118 3448 auditores
3130 3408 3291 3462 quam
3306 3391 3510 3446 habere
3526 3401 3734 3445 certum

2146 3497 2231 3543 est
2253 3487 2656 3557 praedicatores.
2686 3485 2792 3540 Sed
2813 3485 3177 3555 pavimentqu
3205 3483 3431 3537 inferius
3451 3482 3656 3551 jaceat,
3680 3489 3734 3535 ut

2147 3593 2337 3632 omnes
2360 3577 2635 3632 auditores
2652 3575 3033 3647 praedicatores
3051 3591 3177 3631 suos
3203 3575 3360 3645 longe
3380 3590 3408 3627 a
3435 3575 3551 3629 suis
3577 3575 3732 3629 riteri-

2149 3672 2218 3725 tis
2255 3670 2521 3725 excellere
2547 3677 2892 3738 cognoscant.
2923 3668 3020 3725 Sin
3044 3685 3170 3723 vero
3199 3669 3589 3740 longitudinem
3619 3685 3734 3738 por-

2151 3769 2323 3815 tarum
2351 3761 2545 3830 ipsam,
2571 3761 2711 3814 sicut
2736 3760 2987 3830 superius
3006 3760 3260 3823 diximus,
3281 3775 3470 3816 earnm
3495 3758 3732 3812 altitudi-

2150 3869 2270 3908 nem
2295 3853 2591 3924 intelligere
2616 3854 2892 3918 debemus,
2921 3854 3066 3918 dum,
3098 3853 3237 3906 sicut
3259 3851 3417 3921 paulo
3445 3862 3584 3928 post.
3604 3851 3736 3905 scri-

2149 3957 2298 4019 ptuzn
2324 3957 2427 4010 est,
2457 3948 2720 4016 adportas
2745 3947 2998 4017 gradibus
3019 3947 3432 4009 ascendebatur,
3465 3955 3620 3999 tanto
3645 3962 3734 4014 pa-

2150 4039 2447 4092 vimentum
2485 4037 2631 4106 jacet
2672 4037 2917 4100 inferius,
2965 4045 3170 4105 quanto
3209 4051 3547 4104 unaqumqne
3579 4044 3730 4106 porta

2152 4127 2322 4196 surgit
2361 4129 2412 4180 in
2457 4125 2739 4180 altitudine
2774 4143 2786 4178 :
2826 4125 2950 4194 quia
2986 4134 3189 4194 quanto
3232 4124 3474 4178 sanctior
3509 4133 3596 4178 est
3626 4125 3730 4177 vita

2152 4213 2406 4277 doctoris,
2441 4220 2588 4266 tanto
2628 4213 2688 4266 lit
2733 4214 2983 4268 humilior
3021 4229 3212 4267 sensus
3242 4213 3536 4277 audientis,
3567 4223 3624 4268 et
3652 4229 3733 4268 se-

2156 4305 2439 4375 metipsum
2482 4305 2730 4374 despicit,
2781 4305 2906 4358 dum
2942 4305 3312 4374 praedicatoris
3358 4305 3439 4358 sui
3480 4306 3652 4359 vitam
3684 4306 3733 4359 in

482 4395 632 4450 Unde
662 4404 726 4466 et.
747 4410 843 4464 per
872 4391 1211 4446 Salomonem
1244 4391 1439 4445 dicitur
1474 4409 1487 4443 :
1525 4409 1543 4441 ι
1576 4391 1767 4446 Anima
1808 4391 2049 4446 laboran—
2076 4385 2122 4444 D
2152 4411 2344 4465 magna
2391 4410 2610 4466 surgere
2653 4395 2933 4449 altitudine
2970 4395 3268 4464 perpendit.
3300 4395 3505 4448 Imitari
3533 4397 3730 4450 etenim

483 4487 550 4540 tis
582 4485 790 4538 laborat
825 4483 950 4548 sibi,
991 4483 1116 4552 quia
1163 4481 1420 4552 compulit
1443 4498 1565 4535 eum
1594 4497 1654 4536 os
1682 4498 1835 4535 suum
1867 4480 2046 4554 (Prov.

481 4576 614 4647 xvi).
671 4573 743 4629 Os
784 4574 926 4628 enim
973 4582 1216 4627 nostrum
1266 4587 1362 4626 nos
1399 4572 1668 4642 compellit
1694 4573 1760 4627 ad
1791 4571 2046 4638 laborem,

481 4664 692 4730 quando
720 4679 816 4732 per
858 4665 959 4718 hoc
1003 4661 1147 4734 quod
1187 4662 1418 4717 diximus
1441 4679 1470 4716 a
1505 4663 1646 4716 vitiis
1669 4662 2046 4719 rcfrenamur:

486 4753 611 4819 quia
641 4763 795 4821 turpe
821 4753 979 4807 nimis
1009 4761 1110 4816 est,
1133 4753 1204 4807 ibi
1234 4769 1331 4808 nos
1353 4753 1666 4823 negligendo
1682 4753 2051 4817 eadere,unde

487 4841 824 4909 przedicando
863 4841 1040 4895 conati
1073 4857 1260 4896 sumus
1301 4841 1434 4896 alios
1461 4841 1657 4896 levare.
1692 4841 2049 4912 llabentergo

485 4931 862 5001 gazophylacia
888 4932 939 4984 in
964 4933 1187 4987 circuitu
1212 4934 1598 5002 pavimentum,
1621 4933 1745 5002 quia
1770 4933 2049 4988 doctorum

492 5037 676 5092 magna
716 5022 955 5076 custodia
999 5031 1098 5086 est,
1142 5024 1251 5076 vita
1283 5024 1602 5078 venerabilis
1643 5024 1967 5088 auditorum,
2001 5031 2056 5077 et

488 5130 615 5167 suus
637 5114 684 5167 ei
708 5129 886 5168 sermo
907 5113 966 5168 lit
988 5115 1037 5168 in
1066 5113 1412 5182 adjutorium,
1445 5117 1567 5186 quia
1595 5117 1917 5170 erubescunt
1939 5114 2046 5184 pub

487 5205 728 5260 saiitihus
767 5205 910 5258 vitiis
943 5220 1048 5259 non
1087 5205 1336 5259 resistere
1380 5207 1470 5274 qui
1519 5217 1707 5261 contra
1749 5206 1879 5259 vitia
1924 5205 2057 5259 alios

489 5303 850 5349 armaverunt.
881 5294 1013 5361 Quia
1042 5295 1183 5348 enim
1210 5295 1440 5363 quandiu
1465 5296 1516 5350 in
1554 5297 1654 5351 hac
1679 5295 1784 5350 vita
1808 5295 2056 5360 vivimus,

493 5398 679 5442 contra
713 5388 969 5455 malignos
996 5387 1214 5456 spiritus
1230 5387 1358 5454 quid
1381 5387 1521 5441 aliud
1545 5404 1704 5456 quam
1732 5388 1783 5440 in
1813 5387 1928 5441 acie
1953 5396 2059 5440 sta-

493 5477 644 5529 mus?
666 5477 812 5529 Sicut
837 5477 1205 5546 praediximus,
1232 5476 1460 5532 doctoris
1487 5477 1696 5529 animus
1723 5475 1944 5529 forsitan
1971 5475 2062 5528 ali-

493 5581 595 5640 qua
620 5567 847 5622 elatione
875 5568 1138 5642 pulsatur,
1165 5569 1255 5623 sed
1285 5568 1396 5622 sive
1419 5584 1486 5623 ne
1514 5568 1623 5638 ipse
1649 5579 1852 5638 pereat,
1878 5584 1969 5623 seu
1995 5584 2060 5624 ne

2151 4487 2289 4540 bona
2313 4483 2428 4553 ejus
2450 4487 2553 4539 alia
2579 4486 2805 4540 forsitan
2833 4495 3027 4555 potest,
3052 4487 3155 4541 alia
3180 4503 3283 4542 non
3310 4498 3510 4555 potest,
3540 4490 3594 4542 in
3621 4490 3734 4558 qni~

2151 4577 2251 4632 bus
2288 4578 2539 4648 praevalet
2569 4578 2814 4646 prolicit;
2858 4578 2910 4632 in
2948 4577 3144 4648 quibus
3191 4578 3414 4632 minime
3452 4580 3734 4648 praevalet,

2153 4667 2220 4720 ad
2264 4666 2618 4720 lmmilitatcm
2663 4667 2888 4728 crescit,
2941 4677 2996 4721 et
3047 4667 3150 4721 hoc
3196 4668 3368 4736 ipsum
3410 4683 3545 4735 ergo
3593 4670 3643 4723 ei
3687 4669 3736 4722 in

2152 4767 2410 4826 provectu
2453 4766 2536 4811 est
2585 4759 2728 4826 quod
2771 4759 2821 4811 ei
2869 4758 3129 4813 imitabile
3166 4759 3232 4811 ad
3273 4769 3592 4827 provectum
3635 4775 3735 4813 non

2155 4854 2257 4901 est.
2294 4847 2431 4902 Ecce
2468 4847 2610 4901 enim
2648 4848 2692 4901 si
2733 4847 3144 4916 prtedicatorum
3179 4857 3485 4901 nostrorum
3523 4864 3589 4902 ea
3623 4863 3737 4916 qua:

2157 4939 2382 5009 legimus
2414 4937 2572 5003 facta,
2601 4947 2658 4993 et
2683 4938 2826 4994 dicta
2860 4954 3180 5008 pensamus,
3219 4939 3271 4992 in
3317 4947 3580 5008 quantum
3619 4940 3737 4993 altio

2161 5027 2343 5083 tudine
2378 5028 2714 5083 surrexerint
2751 5038 2918 5098 portce
2959 5030 3318 5100 agnoscimus.
3364 5029 3433 5084 Ut
3471 5031 3619 5083 enim
3658 5040 3734 5082 ta-

2161 5133 2379 5171 ceamus
2413 5117 2477 5169 de
2503 5117 2810 5171 ostensione
2846 5118 3154 5187 signorum.
3197 5118 3481 5188 loquamur
3521 5120 3588 5173 de
3635 5119 3735 5172 vir-

2163 5208 2363 5261 tutibus
2394 5207 2656 5262 cordium.
2686 5207 2844 5262 Certe
2885 5207 3100 5272 Paulus,
3120 5209 3210 5276 qui
3241 5223 3300 5262 se
3326 5208 3429 5277 legi
3462 5217 3730 5261 mortuum

2163 5313 2257 5366 per
2286 5296 2456 5366 legem
2485 5297 2633 5361 dicit,
2661 5297 2750 5366 qui
2781 5297 2916 5351 utin
2949 5297 3163 5351 Christo
3186 5298 3432 5351 crederet
3459 5298 3507 5351 ei
3543 5298 3644 5352 hoc
3683 5307 3732 5348 et

2163 5387 2248 5440 lex
2300 5387 2412 5456 ipsa
2458 5386 2790 5456 praedicavit,
2821 5402 3016 5456 magno
3047 5386 3169 5440 fidei
3201 5385 3394 5440 ardore
3424 5400 3727 5446 succensus,

2165 5484 2428 5548 peccepta
2458 5475 2591 5546 legis
2614 5483 2800 5530 tenere
2818 5475 3108 5530 carnaliter
3136 5475 3306 5529 noluit
3325 5516 3338 5536 ,
3369 5474 3726 5528 circumcisio-

2173 5585 2294 5621 nem
2344 5568 2393 5620 in
2431 5566 2680 5637 gentibus
2710 5565 2828 5622 fieri
2868 5565 3036 5622 vetuit
3073 5581 3087 5619 :
3128 5576 3183 5622 ct
3223 5583 3344 5620 cum
3384 5565 3578 5622 Petrus
3609 5580 3726 5631 apo-
