3952 6180
633 241 735 300 921

1251 243 1313 301 Β.
1358 246 1610 304 RABANI
1647 249 1867 306 MAURI
1905 248 2224 310 ARCHEP.
2263 247 2570 308 IOGUNT.
2613 251 2895 310 OPERUM
2933 255 3111 312 PARS
3147 257 3207 312 ll.
3685 276 3754 330 9-33

634 354 833 416 ctionis
861 358 1074 430 ignorat
1121 372 1218 414 nec
1245 361 1496 430 cognovit
1520 361 1660 416 unde
1707 361 1772 419 ad
1819 363 2202 434 perfectionem
2231 361 2282 423 Α
2312 379 2332 414 t
2377 374 2594 422 centum
2613 368 2854 424 'eubitos.
2895 382 2919 419 ι·
2953 368 3164 426 Menses
3184 381 3264 427 est
3283 381 3444 428 autem
3473 377 3542 432 vir
3567 384 3684 453 cujus
3702 387 3756 442 ευ,

637 451 892 516 tenditur,
921 449 1046 519 quia
1069 465 1172 504 nec
1209 448 1383 519 ipsum
1411 449 1527 518 ejus
1561 451 1772 506 initium
1801 453 2024 509 invenit.
2048 453 2206 509 Prius

633 539 780 593 enim
805 538 1099 608 appetitum
1120 537 1349 593 evellere
1385 554 1420 593 a
1457 549 1640 596 mente
1665 541 1891 607 debuit,
1921 551 1975 598 et
2019 553 2206 612 postea

634 647 755 699 qua:
773 631 826 684 in
854 645 910 684 re
930 630 1189 701 possidet,
1215 631 1420 701 largiri.
1447 630 1602 688 Unde
1621 634 1880 704 scriptum
1901 646 1984 690 est
2011 653 2026 689 :
2059 654 2078 686 ι
2104 637 2206 693 De—

633 721 774 775 clina
799 737 830 774 a
856 719 1020 784 male,
1046 729 1101 774 et
1131 720 1216 776 fac
1244 723 1464 778 bonum.
1495 743 1513 775 ι
1545 725 1682 792 Quid
1707 726 1850 781 eitim
1872 736 2052 796 potest
2081 743 2206 785 esse

630 809 759 863 Loni
807 809 949 880 quod
971 808 1118 874 facit,
1161 811 1252 880 qui
1280 813 1507 866 necdum
1531 828 1563 867 a
1592 815 1735 869 malo
1775 815 2102 872 declinavit?
2137 819 2206 872 Et

633 907 760 952 sunt
788 898 1028 968 quidam,
1057 901 1172 970 qui,
1204 901 1343 956 sicut
1368 902 1568 958 dictum
1588 912 1691 969 est,
1719 905 1788 959 ab
1811 906 2088 974 alimentis
2105 909 2207 963 ab‘

632 987 854 1052 stinent,
877 1003 1094 1042 carnem
1120 991 1404 1046 cruciant:
1431 993 1526 1047 sed
1567 1001 1750 1049 tamen
1783 995 1827 1049 si
1863 997 2059 1066 pulsati
2080 997 2202 1052 'fue-

631 1077 764 1141 rint,
791 1088 1190 1148 cognoseuntur
1207 1083 1333 1150 quia
1359 1082 1427 1136 ad
1458 1084 1641 1137 mundi
1669 1083 1894 1154 gloriam
1921 1087 2200 1144 anhelant.

631 1166 725 1222 lsti
743 1167 987 1245 frontem
1011 1171 1136 1224 atrii
1167 1170 1441 1227 interioris
1477 1175 1794 1238 ostendunt,
1824 1177 1919 1232 sed
1954 1193 2054 1248 per
2077 1194 2205 1233 cen-

631 1240 982 1314 tum’cubitos
1007 1275 1112 1314 non
1153 1273 1556 1319 mensurantur.
1599 1265 1666 1320 Hi
1703 1283 1834 1338 ergo
1872 1269 1928 1323 in
1973 1286 2204 1327 numero

629 1347 978 1416 perfectionis
1029 1359 1156 1406 sunt
1198 1353 1264 1408 de
1313 1357 1508 1424 quibus
1557 1372 1654 1426 per
1696 1357 1919 1415 Paulum
1963 1363 2198 1418 dicitur:

563 1443 565 1446 ‘
637 1460 654 1492 ι
691 1440 791 1508 Qui
825 1457 1041 1497 carnem
1073 1461 1222 1500 suam
1253 1448 1644 1504 crueitixerunt
1673 1467 1797 1506 eum
1820 1453 1968 1510 vitiis
1992 1463 2047 1510 et
2073 1470 2203 1510 con-

629 1533 978 1600 cupiscentiis
1003 1533 1146 1604 (Gal.
1177 1535 1250 1606 v).
1290 1557 1308 1589 ι
1343 1537 1408 1592 Ει
1436 1541 1732 1596 notandum
1765 1543 1909 1612 quod
1931 1560 2040 1601 non
2071 1546 2205 1602 dici-

2305 457 2516 514 niculus
2539 461 2593 514 in
2624 476 2785 516 malm
2814 471 2934 516 erat
2955 473 3160 532 portam
3193 481 3393 535 quolue
3431 472 3649 540 aquilonis
3669 483 3752 536 atrii

2304 549 2622 614 exterioris,
2665 552 2782 606 sive
2825 553 3120 608 introduxit
3163 557 3456 626 prophetam
3489 579 3568 632 per
3605 583 3758 636 portam

2305 637 2593 705 aquilonis.
2635 638 2885 696 Secundo
2929 657 3027 712 per
3061 654 3262 713 portam
3303 653 3476 706 austri.
3515 655 3660 713 Tertio
3691 676 3758 730 per

2304 735 2515 794 portam
2547 729 2882 785 orientalem.
2931 733 3014 786 Ah
3055 735 3298 803 aquilone
3336 741 3466 796 enim
3487 729 3758 806 exat-denatat

2304 815 2445 869 mala
2477 832 2639 886 super
2663 819 2996 877 habitatores
3025 832 3196 880 terrae.
3223 826 3528 902 Pulchreque
3549 838 3620 908 qui
3653 841 3754 897 habi-

2305 917 2448 962 tator
2471 916 2629 964 terrm
2653 921 2768 976 est,
2799 922 2856 968 et
2884 928 2992 969 non
3022 911 3219 972 advena
3243 928 3301 974 et
3335 927 3624 995 peregrinus,
3656 942 3757 1001 patet

2298 997 2493 1068 jaeulis
2519 998 2636 1067 ejus
2659 1003 2750 1070 qui
2787 1003 2934 1058 venit
2957 1004 3028 1060 ab
3053 1008 3319 1076 aquilone,
3360 1012 3496 1083 cujus
3525 997 3754 1086 ignita—sunt

2298 1087 2476 1158 jacula
2493 1129 2510 1152 ,
2531 1106 2652 1158 qum
2668 1091 2825 1160 juxta
2845 1091 3161 1163 Apostolum
3188 1107 3336 1154 scuto
3371 1100 3478 1156 ﬁdei
3505 1108 3754 1179 restinguun-

2306 1186 2408 1241 tnr,
2441 1187 2496 1232 et
2522 1179 2590 1233 ad
2623 1180 2928 1250 aquilonem
2951 1186 3192 1241 exterius
3213 1189 3400 1245 atrium
3425 1195 3696 1252 nominatur:
3713 1201 3756 1255 ad

2304 1268 2584 1322 meridiem
2607 1285 2754 1335 vero,
2778 1271 2880 1327 hoc
2897 1281 2984 1328 est
3002 1275 3071 1330 ad
3097 1285 3357 1344 austrum,
3377 1297 3472 1336 non
3494 1287 3756 1344 exteriusz

2303 1358 2552 1415 interius.
2586 1361 2724 1417 Dicit
2762 1363 2908 1420 enim
2947 1365 3265 1438 Scriptura:
3298 1390 3316 1422 ι
3347 1373 3410 1428 Ει
3443 1375 3678 1441 introduxit
3702 1400 3758 1438 me

2303 1452 2372 1506 ad
2401 1453 2601 1508 atrium
2631 1455 2888 1522 interius,
2919 1461 2986 1513 ad
3010 1469 3222 1528 portam
3253 1466 3539 1532 australem;
3566 1489 3581 1522 ι
3604 1473 3706 1540 quod
3722 1486 3759 1527 (ιι

2305 1538 2359 1593 in
2383 1540 2632 1596 orientali
2664 1545 2805 1600 atrio
2833 1547 3096 1617 scriptum
3137 1549 3380 1606 similiter
3419 1538 3654 1612 invenitur.
3683 1561 3760 1615 Pri-

631 1626 717 1672 tur
755 1620 898 1688 quod
937 1622 1283 1689 intrinsecus,
1329 1627 1426 1681 sed
1473 1629 1812 1688 extrinsecus
1851 1633 1954 1688 ista
1983 1650 2192 1692 mensu-

2195 1668 2204 1679 .
2232 1697 2277 1714 n
2306 1642 2426 1688 mus
2449 1629 2591 1684 enim
2615 1632 2684 1686 ad
2711 1633 2967 1690 virtutem
2996 1636 3271 1708 ingressus
3294 1651 3402 1707 est,
3423 1646 3668 1714 aquilonem
3681 1652 3756 1704 cal-

629 1717 856 1763 rantnr’:
882 1712 1007 1780 quia
1050 1713 1296 1771 videlicet
1341 1716 1669 1790 Redemptor
1707 1731 1892 1779 noster
1933 1741 2058 1782 cum
2106 1743 2204 1798 per
2232 1697 2280 1756 Β
2305 1732 2432 1772 care
2457 1718 2706 1786 Pedibus,
2727 1727 2784 1776 θῑ
2808 1737 2912 1792 De?
2936 1724 3443 1797 (ιιιίηειυαεεηειι-ίυω
3462 1742 3510 1786 ει
3531 1733 3757 1805 rissimum

626 1815 726 1854 nos
752 1799 894 1856 facta
922 1803 1199 1858 hominum
1227 1806 1309 1860 vel
1343 1809 1602 1878 approbat
1630 1812 1714 1866 vel
1747 1813 1950 1871 indicat
1982 1833 2088 1872 non
2119 1818 2201 1872 in-

629 1889 896 1945 trinsecus
926 1893 1164 1947 metitur.
1197 1895 1348 1950 Unde
1368 1906 1423 1952 et
1455 1914 1554 1968 per
1583 1899 1936 1973 Evangelium
1968 1905 2198 1961 dicitur:

631 1997 650 2029 ι
691 1979 773 2034 Ex
801 1979 1062 2038 fructibus
1082 1999 1271 2039 eorum
1297 1990 1638 2059 cognoscetis
1661 2007 1756 2046 eos
1778 1993 1994 2064 (Matth.
2017 1995 2136 2068 vn).
2174 2017 2193 2049 ι

625 2065 759 2121 Cum
787 2070 932 2124 enim
966 2071 1100 2128 alios
1144 2077 1506 2146 conspicimus
1540 2079 1724 2152 largiri
1765 2083 2197 2158 eleemosynam,

626 2159 840 2217 alllictis
870 2177 1228 2232 concurrere,
1255 2172 1526 2248 oppressis
1561 2175 1880 2238 subvenire,
1910 2177 1986 2232 nil
2018 2195 2114 2236 eos
2145 2181 2200 2237 in

626 2252 730 2308 hoc
755 2255 954 2310 mundo
973 2257 1158 2326 gloria:
1178 2275 1442 2330 quaerere,
1472 2264 1630 2320 nullis
1659 2266 1818 2336 hujus
1845 2271 2030 2326 mundi
2057 2287 2201 2328 com-

625 2344 840 2412 pendiis
865 2345 1076 2403 inhiare
1093 2388 1109 2414 ,
1134 2359 1295 2420 atque
1321 2353 1457 2410 alios
1485 2356 1732 2414 videmus
1757 2375 1975 2418 carnem
2010 2365 2198 2422 doma-

629 2447 708 2498 re,
735 2432 990 2508 lacrymis
1033 2437 1308 2508 insistere,
1353 2444 1532 2502 verbis
1570 2449 1882 2509 coelestibus
1909 2459 2192 2526 occupari,

624 2521 702 2591 nil
737 2525 1031 2581 transitorii
1079 2527 1300 2587 honoris
1339 2545 1630 2605 appetere:
1671 2541 1801 2610 quid
1841 2543 1986 2602 aliud
2035 2521 2198 2605 debe;

2303 1811 2552 1878 quintum
2596 1827 2882 1868 numerum
2924 1817 2992 1870 ad
3023 1820 3386 1876 summitatem
3418 1829 3659 1880 centenarii
3679 1845 3758 1896 per-

2302 1899 2510 1954 vcnirc.
2555 1899 2759 1956 Deinde
2794 1903 3064 1960 introduci
3112 1907 3180 1962 ad
3217 1910 3488 1967 australem
3519 1913 3758 1984 plagam,et

2303 1987 2573 2057 aquilonis
2595 1989 2766 2061 frigus
2790 1993 3080 2062 expellere.
3112 1997 3265 2054 Tunc
3291 2000 3356 2054 ad
3373 2002 3618 2070 perfectam
3637 2006 3759 2060 venire

2338 2076 2579 2143 irtutem,
2612 2079 2663 2134 id
2691 2087 2804 2146 est,
2832 2083 2899 2138 ad
2928 2093 3146 2154 portam
3181 2087 3505 2156 orientalem,
3529 2091 3574 2148 in
3595 2108 3672 2164 qua
3687 2094 3759 2147 ori-

2302 2172 2392 2220 tur
2419 2165 2500 2221 sol
2521 2165 2778 2234 iustitiae,
2807 2180 2863 2226 et
2887 2187 2986 2242 per
3009 2189 3176 2244 quam
3201 2177 3344 2236 solus
3370 2181 3620 2253 ingreditur
3644 2187 3758 2254 ponti-

2301 2256 2413 2313 fex.
2441 2257 2511 2313 Et
2531 2259 2634 2315 hoc
2657 2260 3050 2321 observandum
3090 2270 3236 2338 quod
3275 2287 3390 2328 cum
3427 2285 3617 2343 quatuor
3645 2277 3757 2348 plaga

2300 2347 2430 2412 sint,
2463 2348 2530 2404 de
2559 2350 2881 2408 occidentali
2909 2365 3064 2424 porta
3099 2368 3378 2418 taceatur:
3406 2364 3465 2419 de
3487 2381 3575 2436 qua
3603 2367 3642 2420 in
3657 2347 3756 2436 prin-

2299 2437 2441 2509 cipio
2467 2443 2786 2514 sexagesimi
2814 2447 3030 2516 septimi
3061 2451 3255 2520 psalmi
3276 2456 3512 2524 scriptum
3537 2467 3632 2513 est:
3655 2478 3670 2508 ι
3689 2458 3758 2512 lter

2296 2528 2458 2588 facite
2478 2532 2530 2588 ei
2553 2535 2645 2605 qui
2668 2539 2906 2592 ascendit
2927 2555 3094 2610 super
3115 2545 3457 2612 occidentem,
3478 2549 3678 2604 Dominus
3694 2567 3756 2604 no-

621 2626 744 2668 mus
786 2615 888 2670 nisi
933 2631 1027 2672 eos
1071 2619 1339 2688 perfectos
1364 2625 1607 2693 credere,
1651 2639 1867 2688 sanctos
1893 2636 2182 2693 aestimare?

2197 2648 2212 2657 -
2297 2639 2422 2678 men
2447 2623 2566 2696 ejus
2601 2625 2772 2697 (Paul.
2805 2630 3006 2701 van);
3051 2641 3117 2688 ut
3157 2645 3426 2705 postquam
3463 2639 3590 2692 nobis
3617 2653 3758 2707 prelu-

624 2702 760 2772 Quia
788 2721 917 2776 ergo
948 2723 1048 2778 per
1077 2711 1180 2768 hoc
1220 2715 1362 2784 quod
1389 2719 1713 2789 aspicimus,
1743 2738 1863 2780 esse
1896 2741 1992 2784 eos
2020 2729 2198 2800 perfe-

622 2800 741 2861 ctos
765 2796 1031 2862 videmus,
1058 2815 1244 2856 eorum
1273 2804 1438 2860 vitam
1474 2824 1571 2878 per
1593 2820 1808 2868 centum
1835 2796 2047 2872 cubitus
2076 2834 2192 2874 me-

625 2883 806 2938 timur.
849 2885 914 2940 Et
956 2890 1082 2957 quia
1123 2892 1273 2946 multi
1318 2894 1376 2948 in
1411 2895 1593 2952 Judtca
1619 2941 1633 2965 ,
1675 2902 1918 2974 plerique
1956 2921 2086 2962 vero
2135 2909 2194 2966 in

623 2975 925 3044 gentilitate
953 2981 1133 3050 positi,
1162 2985 1229 3038 ad
1257 2985 1395 3040 hanc
1431 2988 1780 3058 perfectionis
1803 3010 2069 3053 summam
2103 3017 2189 3056 ve-

625 3079 844 3136 nerunt,
879 3083 1024 3127 recte
1050 3076 1421 3148 subjungitur:
1451 3081 1532 3135 Ad
1557 3083 1822 3141 orientem
1853 3100 1908 3144 et
1945 3091 2012 3146 ad
2037 3093 2191 3164 aqui-

620 3157 820 3215 lonem.
862 3161 1114 3220 Judaicus
1157 3169 1355 3224 etenim
1385 3173 1612 3242 populus
1648 3179 1830 3236 oriens
1860 3179 1986 3249 jure
2015 3157 2192 3242 dictus

622 3259 738 3316 est,
783 3251 850 3306 de
893 3254 1046 3324 cujus
1081 3271 1245 3313 carne
1275 3259 1362 3316 ille
1395 3271 1558 3320 natus
1585 3275 1698 3333 est,
1727 3271 1817 3340 qui
1857 3273 1937 3327 sol
1966 3274 2191 3344 justitim

621 3351 874 3407 vocatur;
922 3345 989 3401 de
1037 3363 1144 3418 quo
1182 3366 1280 3420 per
1318 3355 1632 3424 prophetam
1677 3361 1916 3418 dicitur:
1965 3385 1984 3418 ι
2025 3369 2192 3426 Vobis

621 3440 802 3486 autem
845 3435 937 3504 qui
991 3437 1189 3494 timetis
1241 3440 1526 3502 Dominum
1579 3450 1786 3506 orietur
1833 3455 1916 3525 sol
1958 3455 2188 3525 justitia:

618 3521 876 3590 (Muluch.
903 3526 998 3598 iv).
1039 3548 1056 3579 ι
1088 3529 1188 3584 Per
1215 3531 1518 3600 aquilonem
1541 3553 1668 3594 vero
1693 3521 1976 3613 gentilitas
1991 3547 2190 3619 figura-

622 3621 709 3666 tur
737 3632 856 3685 qua:
881 3618 969 3672 diu
1019 3621 1069 3675 in
1115 3624 1354 3694 perfidiae
1395 3642 1506 3683 sua:
1539 3628 1740 3704 frigore
1779 3641 2015 3709 torpuit,
2041 3618 2096 3698 et
2129 3645 2188 3700 in

617 3703 770 3772 cujus
809 3709 971 3764 corde
1013 3711 1102 3767 ille
1152 3721 1398 3786 regnavit
1447 3724 1538 3793 qui
1585 3703 1882 3786 attestante
1923 3703 2186 3806 propheta

617 3800 756 3866 apud
788 3803 1135 3874 semetipsum
1164 3810 1300 3866 dixit
1327 3827 1342 3866 :
1378 3834 1398 3865 ε
1425 3813 1629 3874 Ponam
1671 3823 1854 3879 sedem
1907 3800 2081 3883 meam
2115 3833 2186 3887 ad

615 3887 946 3954 aquilonem.
975 3913 992 3944 ι
1021 3895 1155 3960 Quia
1181 3899 1361 3971 itaque
1389 3903 1702 3965 incarnatus
1723 3915 2062 3984 omnipotens
2087 3919 2187 3976 Do-

617 3975 795 4030 minus
825 3979 960 4035 alios
987 3984 1258 4051 perfectos
1289 4006 1357 4046 ex
1389 3993 1604 4064 Iudaea,
1650 4000 1784 4058 alios
1817 3975 2086 4073 pcrfectos
2113 4027 2182 4066 ex

613 4064 914 4131 gentilitate
959 4069 1101 4125 intra
1145 4087 1386 4134 sanctam
1432 4084 1728 4144 Ecclesium
1769 4064 1934 4161 fecit,
1962 4108 2180 4156 centum

611 4156 820 4213 cubitos
847 4175 952 4215 non
979 4163 1150 4220 solum
1181 4170 1442 4228 orientem
1458 4192 1676 4236 mensus
1697 4192 1798 4250 est,
1821 4187 1914 4242 sed
1930 4189 2093 4245 etiam
2112 4193 2180 4247 ad

609 4244 934 4338 aquilonem.
965 4250 1234 4328 (Ηὶενοιι.)
1263 4258 1543 4326 Quomodo
1564 4278 1744 4326 autem
1770 4244 1985 4332 centum

607 4348 714 4388 non
729 4335 901 4392 solum
920 4341 986 4395 ad
1001 4352 1212 4412 portam
1227 4349 1544 4412 orientalem
1558 4357 1778 4428 fuerint,
1793 4367 1886 4422 sed
1901 4376 1957 4422 et
1970 4369 2038 4425 ad
2057 4335 2180 4440 por;
2205 4385 2256 4444 Ι)

609 4432 717 4481 tam
759 4429 1029 4498 aquilonis
1067 4451 1299 4506 sequens
1331 4445 1697 4506 testimonium
1728 4429 2139 4519 demonstrabit.

608 4835 627 4868 ‹
673 4820 956 4922 tres-inde,
983 4833 1039 4878 et
1061 4825 1293 4884 frontem
1321 4833 1454 4901 ejus,
1483 4847 1540 4894 et
1565 4820 1885 4905 vestibulum
1917 4852 2052 4922 ejus,
2085 4820 2171 4912 se;

606 4923 626 4956 ‹
670 4907 902 5018 curulem
945 4929 1254 5018 mensuram
1297 4936 1467 4994 perun
1510 4932 1734 5002 prioris,
1779 4907 2166 5018 quinquaginta

604 5021 623 5046 ι
669 4999 970 5102 cubitorum
991 5003 1376 5110 longitudinem
1395 5017 1530 5087 ejus,
1548 5034 1602 5079 et
1625 4999 1958 5090 latitudinem

605 5105 624 5139 ι
667 5090 903 5192 quinque
923 5095 1254 5192 cubitorum;
1282 5104 1528 5168 fenestra:
1540 5125 1718 5174 autem
1731 5122 1847 5192 ejus
1859 5135 1916 5180 et

603 5195 624 5228 ι
667 5179 775 5234 lum
874 5185 1181 5291 sculpturaa,
1203 5199 1494 5256 secundum
1518 5179 1823 5266 mensuram
1852 5227 2022 5285 porta:
2047 5236 2166 5291 qua:

603 5281 623 5316 ι
667 5269 991 5337 respiciebat
1031 5277 1100 5332 ad
1139 5281 1423 5354 orientem,
1447 5298 1504 5346 et
1525 5303 1730 5364 septem
1765 5269 2026 5372 graduum

602 5373 622 5406 ι
661 5373 918 5464 ascensus
961 5366 1096 5437 ejus.
1131 5371 1197 5429 Et
1222 5379 1543 5438 vestibulum
1571 5398 1695 5444 ante
1735 5366 1886 5461 eam,
1921 5407 1976 5453 et
2010 5414 2164 5470 porta

602 5461 622 5494 ι
665 5449 787 5503 atrii
811 5451 1082 5515 interioris
1115 5472 1304 5520 contra
1333 5481 1542 5538 portam
1583 5481 1849 5548 aquilonis
1873 5449 1944 5541 ὀι
1977 5449 2160 5547 orien-

602 5551 622 5587 ε
665 5539 844 5596 talem.
878 5545 945 5599 Et
989 5563 1207 5610 mensus
1239 5565 1321 5613 est
1362 5575 1393 5614 a
1431 5573 1584 5632 porta
1628 5539 1798 5642 usque
1839 5577 1908 5631 ad
1950 5592 2160 5648 portam

2215 3037 2264 3100 C

2299 2713 2546 2770 rantibus
2588 2717 2692 2772 iter
2739 2717 2998 2787 Domino,
3054 2733 3115 2779 et
3160 2725 3289 2782 illud
3337 2727 3628 2798 implentibus
3661 2730 3759 2798 quod

2293 2801 2528 2861 Joannes
2569 2805 2808 2878 Baptista
2849 2811 3049 2870 clamat
3087 2815 3141 2870 in
3189 2833 3403 2874 eremo:
3433 2838 3450 2871 ι
3481 2819 3633 2873 Parata
3663 2820 3759 2872 viain

2294 2894 2529 2963 Domini,
2547 2907 2722 2955 rectas
2742 2899 2902 2957 facite
2926 2905 3154 2962 scniitas
3177 2907 3293 2977 ejus
3319 2909 3512 2980 (Matth.
3541 2910 3621 2980 Ill),
3642 2910 3760 2980 possi-

2295 2999 2418 3039 mus
2451 2986 2640 3043 audire
2669 2991 2814 3060 quod
2853 2991 2908 3046 in
2935 3003 3182 3052 extrema
3221 3009 3368 3068 parte
3399 2999 3600 3069 ejusdem
3624 2999 3758 3069 psalmi

2293 3073 2533 3130 dicitur:
2563 3095 2582 3128 ι
2611 3077 2836 3136 Cantate
2867 3082 3007 3150 Deo,
3035 3087 3249 3156 psallite
3283 3089 3511 3156 Domino,
3534 3091 3606 3162 qui
3626 3107 3758 3147 ascen-

2293 3162 2373 3217 dit
2405 3178 2568 3235 super
2597 3168 2792 3224 coelum
2817 3172 2940 3227 cmli
2971 3175 3038 3228 ad
3064 3177 3350 3235 orientem.
3370 3181 3506 3248 Quod
3534 3191 3673 3236 autem
3701 3181 3757 3233 di-

2293 3261 2492 3308 cuntur
2533 3255 2754 3312 thalami
2795 3267 2905 3318 tres
2950 3265 3080 3320 hinc
3115 3277 3174 3322 et
3214 3277 3322 3326 tres
3345 3271 3484 3336 inde,
3509 3272 3754 3328 hocdocet:

2291 3347 2433 3415 quod
2457 3354 2566 3428 tam
2607 3347 2787 3406 littera
2820 3369 2981 3424 quam
3029 3361 3259 3429 spiritus
3303 3371 3358 3417 et
3394 3372 3591 3433 utraque
3619 3361 3756 3418 intelli-

2290 3437 2467 3508 gentia
2483 3447 2540 3494 et
2551 3439 2790 3498 historiae
2807 3447 3118 3520 tropologize
3139 3453 3208 3508 ad
3228 3451 3491 3509 Trinitatis
3505 3461 3756 3510 sacramenta

2289 3528 2613 3597 pertineant.
2645 3530 2776 3588 lllud
2807 3537 2951 3604 quod
2971 3539 3212 3607 additur,
3245 3562 3264 3594 ι
3304 3543 3368 3598 Et
3393 3544 3587 3598 frontem
3615 3540 3701 3608 ejus
3720 3547 3756 3592 et

2288 3618 2612 3676 vestibulum
2659 3625 2950 3681 secundum
2997 3644 3312 3688 mensuram
3355 3643 3506 3703 portae
3541 3631 3752 3704 priorisu

2287 3709 2606 3766 orientalem
2634 3723 2844 3784 portam
2873 3719 3169 3790 significat,
3196 3740 3316 3794 qua:
3346 3727 3482 3796 prior
3505 3742 3592 3782 non
3607 3723 3753 3784 ordine.

2287 3802 2381 3856 sed
2403 3804 2599 3860 merito
2621 3818 2978 3878 nuncupatur.
3018 3832 3035 3862 ε
3068 3814 3140 3870 Et
3165 3817 3420 3881 habebat,
3452 3817 3618 3888 inquit,
3648 3814 3756 3886 quin-

2285 3892 2543 3961 quaginta
2575 3895 2786 3951 cuhitos
2817 3898 2871 3953 in
2904 3899 3272 3972 longitudine,
3307 3917 3359 3962 et
3394 3908 3557 3978 viginti
3587 3906 3755 3974 quinque

2286 3975 2338 4030 in
2362 3976 2672 4049 latitudine;
2698 4003 2717 4034 ι
2743 3993 2801 4040 ut
2827 3987 2879 4040 in
2901 3989 3347 4064 quinquagesima
3365 3975 3470 4066 post
3489 4005 3650 4066 septem
3666 3992 3758 4047 heb-

2283 4068 2540 4126 domadas
2563 4082 2764 4131 arterna
2798 4081 3014 4150 requies
3040 4083 3459 4153 demonstretur,
3487 4089 3666 4143 tendens
3689 4099 3756 4153 prr

2283 4158 2422 4214 diem
2476 4168 2890 4224 resurrectionis
2926 4171 2994 4224 ad
3023 4188 3191 4246 regna
3237 4179 3498 4244 caderem,
3540 4179 3584 4232 in
3616 4174 3756 4245 quibus

2282 4263 2408 4303 vera
2455 4254 2668 4322 requies
2695 4266 2798 4321 est.
2839 4259 2897 4314 In
2937 4260 3006 4316 25
3031 4275 3215 4321 autem
3256 4268 3320 4324 de
3345 4285 3446 4338 quo
3467 4281 3649 4324 numero
3667 4269 3756 4318 :an

2275 4335 2388 4406 jam
2415 4339 2672 4406 diximus,
2701 4346 2939 4417 quinque
2959 4363 3218 4410 sensuum
3247 4372 3344 4425 per
3363 4335 3577 4426 quinque
3598 4352 3755 4408 ordines

2281 4430 2636 4502 quadranguli
2659 4451 2912 4494 mensura
2939 4453 3210 4512 servetur,
3233 4463 3453 4516 quorum
3474 4447 3660 4503 alterum
3675 4443 3754 4496 lotr

2273 4787 2694 4848 demonstretur.
2731 4795 2884 4860 Quod
2919 4799 3172 4868 infertur,
3201 4824 3220 4856 ι
3255 4805 3320 4860 Et
3355 4805 3578 4861 fenestra:
3604 4803 3692 4874 ejus
3714 4807 3750 4854 et

2271 4877 2535 4932 vestibula
2578 4888 2634 4934 et
2675 4883 2964 4955 sculpturze
2984 4930 2998 4953 ,
3033 4909 3052 4942 ι
3082 4893 3199 4948 sive
3223 4903 3284 4950 ut
3309 4895 3620 4967 Septuaginta
3650 4892 3748 4945 aldi-

2270 4965 2420 5032 dere,
2453 4987 2472 5018 ε
2506 4969 2698 5040 palma:
2725 4985 2880 5031 erant
2901 4976 3052 5046 juxta
3087 4965 3397 5042 mensuram
3412 4965 3563 5058 porta:
3581 5000 3674 5055 (tum
3691 4997 3748 5035 π·

2267 5055 2526 5124 spicicbat
2547 5061 2614 5115 ad
2633 5063 2912 5132 orientem,
2937 5089 2958 5122 ι
2976 5071 3079 5127 hoc
3097 5075 3370 5132 subtiliter
3389 5055 3634 5140 indicatur,
3650 5070 3746 5143 quod

2269 5148 2574 5220 quicunque
2605 5154 2656 5208 in
2687 5155 2907 5213 introitu
2946 5162 3206 5220 virtutum
3230 5169 3462 5238 positus,
3481 5177 3576 5223 tres
3605 5173 3648 5221 et
3673 5173 3748 5216 tres

2270 5238 2534 5297 thalamos
2558 5241 2722 5300 fuerit
2748 5247 3024 5317 ingressus
3059 5253 3399 5329 frontemque
3429 5269 3478 5315 et
3502 5257 3745 5314 vestibulum

2267 5343 2534 5386 mensura:
2572 5344 2742 5404 portze
2776 5340 2972 5408 prioris
3001 5349 3311 5414 agnoverit,
3337 5350 3402 5404 ad
3427 5365 3484 5405 ea
3513 5345 3744 5421 perveniat.

2266 5416 2462 5486 illaque
2489 5425 2818 5493 conspiciat,
2850 5447 2970 5499 qum
2995 5442 3049 5488 et
3079 5433 3130 5489 in
3166 5447 3321 5506 porta
3353 5416 3577 5496 orientali
3599 5436 3743 5508 plenis-

2265 5506 2400 5563 sime
2453 5523 2801 5582 suscepturus
2841 5529 2942 5575 est.
2985 5521 3156 5580 Porro
3196 5530 3340 5597 quod
3386 5506 3630 5599 sequitur:
3659 5541 3673 5572 ι
3698 5521 3742 5574 ΕΙ

2268 5604 2474 5666 septem
2499 5601 2760 5670 graduum
2789 5616 2908 5662 erat
2943 5627 3202 5670 ascensus
3241 5617 3385 5688 ejus,
3411 5629 3461 5673 et
3497 5613 3742 5676 vestibulum
