3952 6180
244 308 321 363 9‘29

240 522 388 584 seruem
403 510 559 583 gradus
588 496 953 574 licbdotnadis,
980 517 1033 563 et
1053 508 1171 562 olla:
1195 525 1317 577 qua:
1341 524 1371 561 a
1398 506 1534 563 facie
1558 508 1707 576 aqui-

239 605 342 657 lonis
379 599 657 663 accenditur,
687 608 742 652 et
767 600 1120 655 caeremonias
1167 597 1474 654 Iuda-orum
1513 599 1709 668 quibus

236 694 345 748 dedit
367 692 468 747 Deus
490 700 770 760 praecepta,
804 706 908 743 non
950 690 1089 744 bona
1120 700 1174 744 et
1205 688 1621 757 jttstilicationcs
1656 689 1707 741 in

232 781 379 852 quibus
398 797 474 833 non
496 781 671 835 vivant
700 780 755 834 in
791 780 901 843 eis,
936 781 1257 834 scandamus
1290 780 1358 833 ad
1400 778 1623 843 altiora,
1654 787 1710 832 et

230 873 282 926 ad
309 870 558 926 vestibulum
591 869 725 937 ejus,
758 870 810 923 isl
836 879 917 924 est
936 909 951 932 ,
989 875 1159 939 portze
1183 908 1199 933 ,
1228 882 1327 937 pro
1355 882 1463 936 quo
1490 876 1708 937 septua-

215 963 343 1032 ginta
371 960 559 1016 elamoth
589 960 1000 1015 transtulerunt.
1039 960 1190 1026 Quod
1230 958 1552 1014 vestibulum
1583 967 1710 1012 ante

223 1062 387 1124 portatu
411 1060 473 1107 est
501 1051 612 1106 sive
656 1052 903 1111 interius.
939 1050 1047 1106 Nec
1072 1051 1244 1107 solum
1294 1066 1399 1105 una
1441 1058 1594 1120 porta
1628 1060 1713 1106 est

224 1144 456 1214 aquilonis,
477 1160 584 1213 quas
627 1160 789 1213 supra
818 1154 971 1214 porta
1003 1143 1303 1213 appellatur
1324 1143 1587 1208 exterior,
1616 1144 1713 1200 sed

216 1248 265 1294 et
290 1237 422 1292 altera
449 1237 673 1301 interior,
717 1252 836 1306 quae
880 1236 1042 1292 habet
1089 1236 1496 1292 similitudinem
1542 1244 1713 1304 portae

214 1329 464 1394 orientalis,
503 1337 558 1382 ut
604 1328 944 1383 manifestius
997 1328 1182 1383 dixere
1229 1327 1603 1397 Septuaginta,
1659 1336 1717 1383 et

199 1430 340 1492 .porta
357 1421 455 1475 atrii
475 1419 689 1475 interior
709 1420 1004 1489 respiciens
1024 1428 1234 1488 portatu
1262 1419 1544 1487 aquittntis,
1575 1419 1717 1472 sicut

208 1521 311 1567 erat
330 1519 453 1581 porta
484 1524 596 1579 quae
641 1509 961 1577 respiciebat
1003 1509 1070 1564 ad
1100 1509 1386 1563 orientem.
1418 1528 1435 1557 ι
1467 1508 1715 1563 Mensas-

203 1616 297 1673 qne
322 1611 390 1657 est
411 1617 434 1655 a
456 1611 594 1671 porta
630 1600 883 1655 exteriori
905 1600 1194 1670 aquilonis,
1218 1614 1387 1669 usque
1408 1600 1476 1654 ad
1505 1608 1713 1669 portam

202 1694 405 1763 ejusdem
426 1692 672 1761 aquilonis
700 1693 1009 1747 interiorem
1029 1733 1044 1755 ,
1073 1702 1291 1746 centmn
1319 1691 1560 1755 cubitus;
1599 1710 1617 1741 ι
1659 1700 1716 1743 ιιι

1029 302 1381 360 COMMENT.
1423 302 1487 358 IN
1528 299 1980 358 EZECIUELEM.
2023 335 2092 345 —-
2125 304 2251 362 LIB.
2296 304 2410 364 ΧΥ.

240 432 332 478 ante
343 416 782 480 eamsiveintcrins,
807 435 827 469 ›
854 417 994 472 hunc
1010 417 1426 482 habetsensum,
1442 416 1583 486 quod
1607 432 1703 486 per
1730 418 1778 478 Λ
1808 417 2045 473 terrenis
2065 432 2126 473 se
2144 434 2175 473 a
2211 421 2489 477 desideriis
2511 421 2749 479 funditus
2773 434 2999 480 avertat.
3024 423 3121 482 Vel
3146 437 3291 483 certe
3328 438 3389 485 ut

3280 306 3383 369 950

1810 506 1984 589 longe
2010 510 2257 577 superius
2300 510 2500 565 dictum
2545 521 2661 578 est,
2703 514 2828 583 quia
2872 524 2981 571 tres
3011 527 3137 573 sunt
3171 518 3390 575 ordines

1813 600 1953 655 bene
1968 602 2285 669 viventium,
2310 606 2570 661 bonorum
2591 609 2797 665 scilicet
2809 610 3241 680 coniugatorum,
3264 628 3392 669 con-

1812 696 2119 761 tinentium,
2151 707 2311 766 atque
2342 701 2776 768 pr:edicatordm.
2807 702 2953 769 Quos
2981 710 3093 758 tres
3125 704 3389 759 honorum

1811 789 2049 852 ordines,
2078 790 2204 859 quia
2234 805 2340 844 non
2365 791 2535 845 solum
2564 793 2801 848 Ecclesia
2828 809 2893 848 ex
2926 795 3177 865 gentibus
3209 795 3390 860 habet,

1812 880 1908 935 sed
1936 882 2227 950 aliquando
2264 883 2426 937 etiam
2461 898 2729 955 synagoga
2773 885 2957 939 habuit
3028 886 3149 941 dum
3197 901 3391 957 magna

1814 971 2098 1027 multitudo
2119 974 2441 1043 spiritalium
2470 975 2844 1045 Redemptoris
2865 992 3093 1045 guttam
3138 977 3392 1034 ardenter

1814 1063 2166 1132 exspectavit,
2196 1071 2350 1132 porta
2375 1064 2613 1120 caelestis
2642 1066 2854 1122 :edificii
2882 1077 2994 1122 tres
3023 1068 3168 1134 hinc,
3200 1078 3255 1125 et
3283 1076 3394 1124 tres

1816 1152 1941 1206 inde
1961 1153 2229 1208 thalamos
2255 1154 2438 1220 habet,
2468 1155 2593 1224 quia
2632 1156 2953 1225 praedicator
2977 1158 3222 1228 quisque,
3269 1173 3392 1213 cum

1814 1243 1884 1297 ad
1910 1259 2197 1313 supernam
2226 1247 2456 1315 patriam
2499 1246 2799 1303 auditorem
2838 1258 3114 1318 provocat,
3144 1259 3198 1305 et
3230 1260 3397 1307 novos

1816 1342 1997 1404 patres
2020 1330 2310 1392 et'veteres
2331 1337 2613 1393 anhelasse
2642 1339 2847 1394 caelesti
2876 1340 3143 1395 desiderio
3174 1342 3399 1395 demono

1816 1434 1973 1479 strat.
1998 1425 2125 1481 Plus
2148 1428 2290 1481 enim
2322 1428 2639 1499 plerumque
2676 1430 2918 1501 exempla
2949 1447 3110 1501 quam
3140 1434 3400 1503 praedica-

1820 1517 1982 1572 tionis
2008 1518 2171 1573 verba
2217 1532 2617 1591 compungunt;
2648 1529 2705 1576 et
2737 1537 2859 1577 cum
2899 1523 3224 1592 prmdicator
3269 1522 3400 1577 dicit

1819 1606 2007 1676 quales
2040 1606 2129 1660 alii
2170 1608 2224 1662 in
2271 1609 2557 1681 coniugio,
2591 1611 2675 1664 vel
2717 1612 2771 1665 in
2811 1613 3167 1679 continentia,
3218 1612 3303 1667 vel
3343 1613 3396 1667 in

1821 1700 2205 1768 praedicatione
2227 1716 2350 1772 erga
2379 1703 2762 1772 omnipotentis
2788 1703 2880 1758 Dei
2905 1720 3143 1759 amorem
3174 1705 3225 1759 in
3252 1703 3399 1758 Novo

200 1784 280 1840 his
317 1782 441 1851 quasi
491 1781 737 1852 gradibus
795 1790 956 1850 atque
1006 1782 1276 1836 mensuris
1323 1782 1636 1836 recedentes
1683 1797 1712 1833 ιι
1746 1768 1791 1827 Β
1821 1788 2169 1843 Testamento
2202 1768 2419 1853 fuci-im,
2453 1768 2546 1847 γαί
2571 1792 2659 1847 am
2688 1794 2875 1862 quales
2905 1796 2955 1849 ίη
3004 1796 3204 1858 veleri,
3243 1804 3398 1863 poma

193 1882 336 1944 porta
371 1873 618 1935 exteriori,
646 1872 710 1926 ad
739 1871 1048 1927 interiorem
1090 1873 1370 1942 pervenire
1399 1871 1710 1927 valeamus:

192 1968 254 2019 de
270 1963 402 2032 cujus
421 1964 609 2018 numeri
631 1971 970 2019 sacramento
992 1979 1153 2033 supra
1179 1964 1379 2018 dictum
1404 1960 1714 2035 est.(Grcg.)

192 2058 336 2114 Porta
356 2058 527 2112 cle..im
560 2057 699 2109 viam
725 2055 988 2125 aquilonis
1012 2055 1261 2123 respicit;
1294 2070 1416 2108 cum
1440 2054 1721 2123 praedica-

191 2161 270 2203 tor
294 2149 490 2218 qnisqne
520 2147 682 2201 vitam
730 2146 1034 2215 peccatoris
1071 2146 1347 2216 agnoscit,
1390 2145 1551 2215 eique
1584 2147 1721 2200 intc-

187 2242 320 2294 riora
361 2239 466 2292 vita:
498 2253 590 2307 per
622 2238 848 2292 verbum
900 2238 1073 2306 aperit
1117 2237 1536 2305 praedicationis.
1590 2238 1721 2304 Quae

179 2337 326 2398 porta
364 2327 470 2380 atrii
515 2325 800 2381 exterioris
841 2325 1058 2380 dicitur.
1108 2325 1359 2381 rlxterius
1402 2328 1598 2396 quippe
1626 2335 1723 2380 est

174 2423 365 2477 atrintn
388 2421 482 2474 vita
507 2434 739 2490 pncsens
756 2457 771 2483 ,
796 2417 851 2471 in
871 2432 984 2486 qua
1014 2431 1175 2475 omne
1197 2418 1342 2486 quod
1367 2418 1723 2487 corporaliter

169 2514 360 2585 agitur,
389 2510 727 2581 corporaliter
748 2508 912 2566 etiam
936 2508 1149 2564 videtur
1175 2526 1190 2563 :
1213 2523 1337 2578 qua:
1373 2517 1482 2563 tam
1518 2510 1570 2564 in
1602 2509 1723 2563 lun-

165 2605 397 2677 gitudine
418 2618 570 2672 quam
603 2602 655 2655 in
688 2600 973 2657 latitudine
1001 2608 1346 2656 mensuratur
1378 2617 1392 2653 :
1431 2600 1555 2669 quia
1596 2616 1721 2654 cum

162 2698 235 2751 ad
262 2696 412 2750 fidem
432 2702 675 2763 peccator
697 2693 933 2758 ducitur,
954 2706 1180 2747 necesse
1199 2699 1298 2755 est,
1321 2690 1515 2759 utejus
1533 2690 1725 2746 doctor

159 2790 495 2852 consideret,
547 2786 631 2841 vel
682 2795 941 2857 quantum
998 2786 1053 2840 in
1114 2784 1500 2854 longitudinem
1564 2784 1720 2854 spei,

154 2881 245 2935 vel
283 2888 530 2948 quantum
571 2878 624 2931 in
664 2877 1002 2932 latitudinem
1045 2876 1330 2931 charitatis
1370 2890 1436 2930 ex
1474 2875 1591 2942 ejus
1630 2875 1726 2928 ad-

152 2973 449 3029 monitione
494 2969 756 3041 proficiat.
808 2967 909 3035 Qui
966 2969 1109 3023 enim
1164 2969 1232 3023 ad
1280 2967 1448 3021 Deum
1497 2981 1726 3020 conver-

150 3066 308 3128 titur,
350 3062 397 3118 si
433 3062 607 3117 adhuc
654 3059 796 3114 bona
844 3059 968 3114 vitae
1005 3058 1286 3129 praesentis
1318 3066 1532 3128 sperat,
1556 3057 1726 3127 longi-

148 3156 399 3211 tudinem
427 3169 531 3207 non
557 3152 749 3207 habet:
776 3150 903 3220 quia
934 3150 1114 3205 brevis
1131 3157 1214 3205 est
1241 3149 1349 3203 vita
1371 3151 1424 3203 in
1446 3164 1552 3219 qua
1574 3163 1726 3218 spem

142 3245 351 3317 msuit.
378 3243 435 3297 Si
466 3258 564 3314 per
611 3250 947 3296 terrenarum
984 3255 1166 3294 rerum
1201 3238 1727 3308 concupiscentiam,

139 3343 203 3388 et
226 3332 409 3388 adhuc
449 3330 682 3401 proximi
720 3330 902 3385 odium
933 3337 1349 3398 coangustatur,
1393 3327 1728 3382 latitudinem

136 3441 250 3479 non
280 3423 468 3485 habet,
505 3421 631 3492 quia
663 3420 838 3476 nescit
869 3420 952 3474 vel
997 3420 1309 3475 transitoria
1349 3429 1728 3482 contemnere,

131 3513 224 3568 vel
248 3527 314 3569 se
346 3513 402 3567 in
426 3511 660 3583 proximi
699 3525 884 3567 amore
914 3510 1161 3566 dilatare.
1192 3510 1326 3565 Cum
1356 3524 1486 3566 vero
1507 3523 1733 3564 conver-

126 3621 232 3660 sus
262 3604 506 3673 quisque
531 3611 747 3658 aeterna:
784 3602 909 3657 vitm
939 3601 1131 3672 gaudia
1182 3600 1560 3671 longanimiter
1605 3615 1731 3670 spe-

124 3704 243 3759 rat,
272 3693 655 3764 proximorum
676 3690 958 3747 molestias
985 3706 1109 3746 eum
1138 3690 1402 3744 charitate
1431 3688 1657 3754 tolerat,
1678 3697 1733 3742 et

120 3800 194 3839 ea
225 3799 360 3855 quae
385 3797 500 3838 non
531 3782 691 3837 habet
724 3781 1110 3850 concupiscere
1145 3779 1478 3844 contemnit,
1505 3778 1735 3849 longitu-

117 3876 321 3932 dinem
344 3883 406 3928 ct
432 3873 778 3928 latitudinem
801 3880 954 3941 porta
980 3871 1163 3937 habet,
1188 3870 1313 3939 quia
1339 3869 1506 3940 gloria
1541 3868 1739 3938 prasti-

109 3965 346 4023 catoris
373 3972 491 4029 est,
525 3961 801 4033 profectus
816 3960 1077 4016 auditoris
1103 3975 1117 4012 :
1141 3960 1280 4014 unde
1300 3959 1617 4028 quibusdam
1640 3972 1739 4028 per

106 4069 403 4126 maguum
432 4052 850 4123 praedicatorem
872 4050 1103 4105 dicitur:
1135 4068 1154 4099 ι
1186 4047 1453 4105 Gaudium
1484 4064 1662 4104 meum
1684 4055 1739 4104 et

100 4158 343 4199 corona
390 4157 524 4198 mea
565 4139 733 4214 (Phil.
777 4142 876 4211 tv).
909 4161 926 4194 ι
962 4142 1031 4196 Et
1076 4156 1307 4197 rursus:
1358 4159 1376 4192 ι
1416 4141 1552 4195 Ecce
1596 4156 1741 4196 nunc

95 4237 270 4302 vivo,
309 4234 362 4289 si
406 4248 511 4288 vos
542 4233 699 4288 statis
725 4233 779 4288 in
810 4232 1036 4287 Domino
1065 4230 1117 4304 (Ι
1154 4231 1334 4286 Thess.
1367 4230 1474 4302 ιιι).
1514 4251 1534 4283 ι
1560 4231 1743 4301 Atque

90 4330 374 4383 iterum:
415 4345 438 4376 ι
471 4324 606 4392 Qua:
642 4334 724 4381 est
762 4324 906 4381 enim
950 4332 1131 4379 nostra
1162 4340 1305 4394 spes,
1337 4332 1430 4378 aut
1452 4323 1740 4395 gaudium?

1822 1895 1942 1949 quze
1988 1879 2227 1949 loquitur
2259 1888 2445 1937 ternos
2490 1899 2553 1938 ex
2606 1892 2835 1953 utroque
2884 1885 3052 1939 latere
3094 1887 3294 1940 habere
3341 1900 3400 1940 se

1822 1970 2089 2026 thalamos
2125 1973 2382 2026 ostendit.
2409 1972 2538 2038 Qure
2559 1983 2711 2042 porta
2738 1974 2899 2028 habet
2918 1984 2971 2027 et
2996 1974 3248 2040 frontem,
3273 1976 3397 2046 quia

1821 2071 1948 2118 sunt
1983 2065 2035 2117 in
2066 2063 2440 2134 praedicatoris
2475 2065 2583 2119 vita
2632 2075 2816 2135 aperta
2854 2083 3016 2136 opera
3054 2084 3172 2137 quae
3215 2069 3400 2122 viden-

1825 2161 1931 2206 tur.
1963 2152 2136 2208 liabet
2165 2162 2223 2207 et
2261 2164 2388 2207 ante
2430 2153 2660 2208 frontem
2687 2156 3006 2210 vestibulum
3026 2198 3039 2220 ,
3068 2157 3191 2226 quia
3222 2158 3402 2228 prius-

1825 2260 1986 2313 quam
2014 2245 2153 2298 bona
2171 2259 2333 2314 Opera
2356 2246 2613 2309 insinuet,
2639 2247 2894 2315 prtcdicat
2916 2249 3095 2313 tidem,
3126 2263 3398 2318 perquam

1825 2337 2004 2390 anima
2034 2336 2310 2390 humiliter
2340 2336 2559 2389 veniens
2585 2337 2650 2390 ad
2678 2337 2939 2392 bonorum
2974 2347 3189 2392 actuum
3216 2338 3402 2392 altitu-

1826 2425 2004 2479 dinem
2036 2424 2349 2479 sublevatur
2375 2440 2389 2479 :
2414 2440 2533 2494 qua:
2560 2434 2750 2480 cuncta
2773 2428 3066 2481 secundum
3093 2442 3400 2482 mensuram

1824 2526 1994 2586 portae
2023 2518 2222 2586 prioris
2250 2526 2393 2582 sunt,
2412 2516 2568 2586 juxta
2593 2519 2696 2573 hoc
2721 2518 2863 2587 quod
2889 2519 3135 2574 subditur
3159 2537 3172 2573 :
3209 2539 3227 2571 ι
3265 2519 3401 2586 Quia

1827 2622 2045 2662 mensus
2093 2617 2177 2663 est
2221 2608 2616 2678 quinquaginta
2663 2608 2965 2663 cubitorum
3017 2609 3401 2681 longitudinem

1827 2697 1961 2767 ejus,
1986 2698 2398 2752 ettatitudinem
2417 2698 2600 2768 viginti
2625 2698 2861 2768 quinque
2885 2698 3208 2753 cubitorum.
3237 2718 3255 2751 )
3278 2698 3405 2753 Hmc

1821 2785 1934 2855 jam
1982 2787 2230 2857 superius
2283 2788 2445 2842 latius
2493 2801 2577 2841 me
2627 2789 2830 2843 dixisse
2900 2788 3242 2844 meministis.
3302 2787 3412 2843 Per

1826 2878 2347 2948 quinquagenarium
2387 2879 2531 2932 enim
2575 2894 2857 2932 numerum
2898 2880 3140 2949 requiem
3176 2880 3408 2934 diximus

1829 2969 2069 3039 figurari,
2098 2969 2225 3038 quia
2247 2976 2301 3023 et
2321 2969 2799 3040 quinqua’gcsimus
2825 2985 2997 3024 annus
3021 2969 3189 3024 veteri
3214 2969 3413 3039 pepulo

1831 3061 1886 3112 in
1916 3059 2157 3127 requiem
2181 3059 2337 3113 datus
2362 3067 2440 3112 est
2452 3099 2467 3124 ,
2500 3059 2589 3129 qui
2619 3058 2915 3128 appellatus
2941 3068 3025 3113 est
3047 3059 3330 3130 jubilaeus:
3357 3067 3411 3114 ct

1754 3115 1798 3174 Ο
1831 3150 2170 3219 septenarius
2210 3165 2497 3212 numerus,
2540 3164 2638 3219 per
2685 3167 2843 3221 quem
2868 3152 2970 3206 hoc.
3008 3167 3169 3207 omne
3200 3160 3412 3220 tempus

1829 3241 2116 3305 evolvitur,
2143 3240 2339 3309 septies
2363 3240 2751 3310 multiplicatus
2773 3242 2838 3295 ad
2860 3243 3216 3313 quadraginta
3240 3252 3293 3296 et
3317 3258 3414 3297 no—

1829 3346 1949 3386 vem
1987 3331 2237 3393 ducitur;
2282 3332 2368 3384 cui
2414 3345 2554 3384 unus
2601 3331 2834 3394 additur,
2862 3332 2987 3400 quia
3018 3332 3071 3384 in
3101 3331 3259 3386 unius
3286 3346 3413 3386 con--

1834 3424 2180 3494 templatioue
2227 3422 2442 3492 requies
2489 3429 2690 3476 acterna
2739 3422 3036 3490 perficitur.
3090 3421 3234 3476 idem
3282 3436 3413 3489 ergo

1830 3514 2323 3585 quinquagenarius
2344 3529 2599 3567 numerus
2628 3513 2783 3568 nobis
2816 3513 2869 3566 in
2893 3512 3282 3584 longitudinem
3307 3523 3412 3577 est,

1831 3606 1956 3676 quia
1984 3603 2269 3675 pervenire
2292 3604 2362 3658 ad
2387 3603 2532 3657 illam
2564 3603 2804 3671 requiem
2832 3616 2936 3656 non
2964 3609 3163 3672 potest,
3190 3602 3290 3656 nisi
3318 3604 3412 3673 qni

1832 3696 1900 3750 ad
1930 3710 2050 3750 eam
2086 3708 2236 3763 spem
2272 3708 2426 3747 suam
2457 3692 2620 3746 modo
2650 3690 2870 3745 tendere
2909 3689 3291 3761 longanimiter
3320 3705 3417 3760 po-

1835 3793 1961 3840 test.
2008 3784 2164 3841 Uude
2208 3793 2265 3837 et
2301 3784 2391 3837 hic
2427 3790 2550 3852 post
2593 3780 2980 3853 longitudinem
3024 3781 3414 3851 quinquaginta

1833 3876 2138 3932 cubitorum
2188 3874 2439 3944 protinus
2489 3872 2715 3927 latitudo
2759 3871 3100 3941 subiungitur
3136 3870 3323 3942 viginti
3361 3880 3418 3925 et

1836 3967 2073 4037 quinque
2101 3966 2439 4029 cubitorum;
2472 3978 2593 4034 quae
2618 3962 2869 4018 videlicet
2892 3960 3118 4016 latitudo
3147 3962 3215 4017 ad
3239 3961 3422 4015 chari-

1838 4066 2003 4112 tatem
2032 4056 2265 4127 proximi
2300 4055 2554 4124 pertinet.
2579 4053 2699 4124 ipsa
2725 4053 2868 4108 enim
2898 4053 2950 4106 in
2977 4051 3202 4106 fratrum
3235 4066 3422 4106 amore

1840 4165 1898 4205 se
1945 4149 2153 4211 dilatat,
2197 4157 2359 4217 atque
2403 4162 2530 4218 erga
2573 4159 2668 4201 eos
2709 4158 2870 4200 omne
2907 4144 3049 4214 quod
3088 4150 3265 4213 potest
3291 4142 3419 4197 boni

1840 4240 2021 4309 operis
2047 4246 2287 4294 exercet.
2319 4236 2527 4292 Cuncta
2572 4243 2751 4290 autem
2791 4234 2930 4288 bona
2967 4246 3128 4301 opera
3155 4246 3275 4301 qua:
3301 4245 3421 4285 cor-

1840 4330 2100 4402 poraliter
2127 4329 2279 4393 fiunt,
2304 4343 2402 4399 per
2426 4328 2665 4397 quinque
2699 4338 2990 4394 corporeus
3029 4336 3224 4377 sensus
3263 4322 3418 4376 exhia

84 4433 308 4474 nonne
340 4433 457 4472 vos
490 4424 619 4471 ante
645 4415 962 4471 Dominum?
983 4413 1033 4487 (I
1061 4414 1237 4470 Thess.
1269 4416 1349 4486 ιι).
1386 4434 1405 4466 ι
1438 4415 1739 4486 Longitudo
1770 4453 1816 4511 Ι)
1845 4423 2068 4486 bentur;
2126 4419 2393 4483 videlicet,
2449 4433 2547 4487 per
2589 4417 2794 4478 visum,
2852 4412 3091 4467 auditum
3111 4452 3126 4477 ,
3176 4420 3376 4467 tactum
3401 4451 3417 4479 ,

79 4526 245 4581 ergo
279 4520 349 4566 et
375 4509 627 4564 latitudo
655 4516 821 4578 por-tre
843 4515 945 4572 est,
974 4522 1092 4576 qua;
1123 4507 1191 4562 ad
1229 4506 1534 4576 aquilonem
1564 4509 1736 4578 respi-

74 4604 175 4657 cit
211 4620 226 4655 :
263 4602 422 4671 quia
480 4616 613 4656 cum
654 4598 921 4654 inlidclem
957 4600 1262 4668 quempiam
1312 4597 1363 4651 iu
1408 4597 1616 4665 peccati
1655 4597 1735 4651 sui

66 4692 333 4763 frigore
388 4698 709 4759 torpentem
757 4687 1074 4759 praedicator
1114 4689 1182 4740 ad
1235 4686 1395 4740 fidem
1439 4687 1707 4741 convertit

56 4796 193 4855 per
238 4782 376 4835 hoc
442 4777 599 4849 quod
647 4794 768 4834 eum
815 4777 869 4831 in
910 4777 1293 4848 longitudinem
1361 4777 1475 4846 spei
1533 4776 1737 4838 tendit,

54 4883 133 4928 ct
212 4873 285 4926 in
353 4870 795 4941 amplitudinem
843 4871 1125 4926 charitzttis
1177 4870 1401 4934 dilatat,
1454 4867 1575 4936 ejus
1630 4869 1743 4939 glo-

50 4966 237 5020 riam
314 4978 513 5020 suam
574 4961 702 5018 facit
744 4979 757 5015 :
802 4970 856 5016 et
902 4963 1026 5033 quia
1078 4962 1131 5016 in
1173 4961 1533 5032 cognitionem
1568 4961 1745 5015 Trini-

40 5054 221 5109 tatis
276 5064 535 5109 sancta:
579 5066 646 5106 ex
688 5053 853 5107 verbo
900 5052 1295 5123 praedicationis
1324 5051 1598 5106 auditores
1626 5052 1746 5120 qni-

34 5159 186 5214 que
240 5146 317 5199 in
370 5144 648 5212 ejusdem
692 5146 971 5200 Trinitatis
1001 5160 1186 5201 amore
1219 5144 1527 5213 proficiunt.
1573 5143 1746 5200 liabet

31 5237 199 5290 haec
233 5236 490 5290 eadem
544 5245 700 5306 porta
732 5236 999 5291 thalamos
1030 5244 1139 5290 tres
1181 5236 1308 5290 hinc
1349 5242 1401 5289 et
1432 5243 1543 5290 tres
1572 5235 1699 5290 inde
1728 5252 1740 5288 :

31 5328 204 5397 quia
242 5343 469 5383 antire
498 5330 649 5397 quod
684 5343 782 5397 per
805 5328 1210 5383 Testamentum
1250 5326 1454 5381 Novum
1484 5327 1552 5382 de
1574 5327 1748 5381 Trini-

33 5428 183 5471 Late
231 5419 568 5473 conditor
612 5419 869 5489 loquitur,
908 5419 1009 5475 huc
1050 5419 1247 5474 etenim
1290 5418 1357 5473 de
1402 5418 1749 5473 Testamento

33 5507 279 5562 Veteri
324 5510 639 5576 ostendit,
670 5520 726 5565 et
745 5526 839 5565 cor
860 5512 1189 5566 audientium
1219 5512 1272 5565 in
1304 5525 1487 5566 amore
1514 5510 1751 5565 caelestis

40 5598 296 5651 mtrim
330 5599 643 5666 perﬁcit:
675 5610 735 5654 nt
759 5601 935 5655 anima
980 5602 1191 5657 harrcns
1221 5602 1330 5657 Deo
1369 5602 1521 5669 quasi
1554 5616 1748 5670 sponsa

45 5703 189 5740 'um
238 5704 517 5756 sgmnso
546 5689 599 5742 in
628 5691 856 5759 quodam
892 5691 1002 5761 jam
1053 5690 1284 5744 thalamo
1324 5690 1503 5743 sedeat
1591 5699 1750 5756 atque

1843 4518 2086 4582 gustum,
2146 4509 2448 4565 odoratum.
2513 4505 2808 4573 Qninarius
2840 4517 2968 4558 vero
3006 4496 3277 4557 numerus
3322 4518 3425 4573 per

1843 4599 2197 4670 semetipsum
2236 4599 2463 4661 ductus,
2508 4596 2576 4649 ad
2604 4592 2920 4648 vicesimum
2950 4599 3007 4645 et
3030 4590 3276 4661 quintum
3304 4606 3425 4660 per-

1842 4696 2016 4760 venit,
2047 4694 2174 4763 quia
2201 4693 2363 4760 ..bona
2391 4704 2553 4760 opera
2585 4702 2706 4743 cum
2735 4686 2819 4756 agi
2859 4684 3121 4754 coeperint
3140 4724 3154 4747 ,
3186 4699 3285 4754 per
3312 4683 3425 4739 fcr-

1846 4800 2030 4840 vorem
2048 4784 2284 4837 animum
2305 4782 2373 4837 ad
2392 4787 2737 4850 augmentum
2760 4776 3018 4841 excitant,
3040 4785 3094 4829 et
3114 4791 3212 4846 per
3229 4783 3428 4831 semct-

1845 4877 1956 4946 ipsa
1987 4873 2449 4943 multiplicantur:
2480 4869 2621 4923 unde
2654 4876 2710 4923 et
2754 4866 3092 4929 latitudinem
3141 4866 3309 4922 menti
3345 4865 3427 4921 fa-

1846 4966 2016 5031 ciunt,
2043 4973 2101 5018 ut
2127 4978 2233 5018 non
2260 4964 2331 5017 sit
2357 4967 2581 5031 angusta
2612 4972 2708 5029 per
2740 4966 2974 5027 teporem
2996 4997 3010 5021 ,
3048 4957 3144 5012 sed
3183 4971 3423 5027 expansa

1847 5059 1900 5112 in
1926 5058 2084 5113 bouis
2111 5056 2319 5111 actibus
2344 5068 2440 5124 per
2471 5052 2812 5107 charitalem.
2834 5037 3032 5105 'Omnis
3048 5048 3192 5104 enim
3216 5057 3422 5117 torpor,

1850 5148 2051 5218 teporis
2079 5145 2324 5214 angustia
2354 5152 2454 5200 est.
2490 5141 2676 5198 Omnis
2702 5155 2832 5195 vero
2860 5140 3163 5210 benignitas
3185 5138 3422 5193 charita-

1854 5241 1939 5305 tis,
1962 5254 2153 5309 magna
2176 5237 2430 5301 latitudo;
2456 5250 2580 5288 nam
2600 5233 2705 5288 etsi
2728 5246 2815 5287 res
2840 5232 3029 5287 desunt
3052 5246 3171 5300 qua:
3197 5228 3427 5283 fortasse

1856 5331 2115 5400 indigenti
2145 5329 2390 5399 proximo
2425 5327 2798 5397 praebeantur,
2844 5325 3019 5395 ampla
3063 5333 3146 5379 est
3174 5324 3429 5378 substan-

1858 5423 1929 5475 tia
1972 5421 2263 5475 voluntatis
2290 5420 2476 5484 honae,
2507 5432 2630 5489 quae
2656 5417 2852 5473 sullicit
2897 5417 2964 5471 ad
3007 5414 3157 5486 regni
3198 5414 3430 5469 retribu-

1857 5513 2089 5575 tionem,
2118 5512 2258 5566 sicut
2286 5511 2545 5580 scriptum
2585 5516 2706 5565 est:
2745 5526 2764 5559 ι
2796 5508 2858 5562 ιιι
2892 5516 3033 5561 terra
3064 5520 3165 5574 pax
3201 5503 3432 5559 homini-

1858 5602 1958 5657 bus
1981 5601 2135 5655 bonae
2159 5599 2449 5654 voluntatis
2475 5598 2625 5671 (Luc.
2656 5597 2741 5669 tt).
2776 5617 2795 5649 ι
3028 5593 3085 5603 ‘"
3174 5598 3182 5602 δ
3220 5596 3241 5600 η

1935 5710 1952 5741 t
1991 5690 2276 5751 [funesti-te,
2300 5688 2621 5757 inquit,ejns
2640 5696 2690 5742 et
2715 5683 3051 5750 vestibulum,
3073 5694 3127 5738 et
3148 5682 3436 5752 sculpturae
