3972 6184
582 327 678 385 951

1236 323 1299 378 Β.
1340 319 1594 380 MBAN!
1632 320 1854 380 MAURI
1888 319 2210 377 ARCHIEF.
2252 316 2560 378 MOGUNT.
2602 317 2887 378 OPERUM
2925 318 3107 378 PARS
3141 319 3208 378 ll.

3734 324 3825 382 932

583 441 878 498 secundum
900 446 1530 507 measuremportmquat
1553 435 1877 506 respiciebat
1895 434 1964 491 ad
1984 432 2161 491 orien-
2186 440 2233 499 Α
2264 436 2488 506 pientis.
2536 436 2634 490 Est
2680 437 2880 492 etenim
2932 437 3096 491 timor
3136 434 3349 509 Domini
3397 434 3451 490 in
3499 445 3705 494 mente:
3742 441 3821 495 scd

584 542 711 585 tem.
746 549 766 582 ι
803 528 1005 591 Cuncta
1036 527 1150 582 bzec
1173 526 1287 594 jam
1324 526 1572 596 superius
1617 526 1780 581 latius
1818 526 1960 581 dicta
2003 537 2157 586 sunt,

583 631 637 675 et
672 620 872 674 idcirco
900 632 1081 673 sermo
1110 631 1216 673 non
1252 616 1410 672 debet
1442 630 1651 672 morosa
1693 616 2030 685 expositione
2054 625 2161 668 tar-

581 711 718 766 dari.
749 709 863 764 Hoc
908 719 1088 764 tamen
1138 723 1467 780 magnopere
1515 709 1811 764 notandum
1849 715 1966 770 est,
2017 708 2159 776 quod

578 808 735 871 porta
783 800 851 855 ad
885 799 1191 869 aquilonem
1242 815 1305 855 ea
1349 800 1529 855 omnia
1574 800 1775 855 habere
1822 799 2157 868 perhibetur,

577 906 698 962 qua:
719 899 873 961 porta
900 891 967 944 ad
994 890 1285 954 orientem,
1316 888 1580 944 fenestras
1603 888 1811 944 scilicet
1828 888 2161 958 contempla-

579 980 766 1046 tionis,
799 980 1118 1036 vestibulum
1145 979 1480 1043 humilitatis,
1513 977 1818 1048 sculpturas
1854 979 2008 1034 bona:
2028 993 2159 1048 ope-

574 1072 824 1127 rationis.
850 1069 1051 1127 Omnes
1077 1072 1222 1126 enim
1255 1070 1348 1141 qui
1374 1085 1472 1140 per
1498 1071 1601 1125 hoc
1628 1070 1772 1140 quod
1801 1070 1912 1126 Deo
1947 1070 2002 1125 in
2028 1084 2158 1125 con-

576 1164 887 1220 versatione
930 1164 1043 1218 nati
1099 1171 1224 1219 sunt
1282 1163 1336 1217 in
1402 1162 1710 1217 innocentia
1766 1160 2156 1230 perstiterunt,

572 1265 785 1324 portam
812 1252 881 1309 ad
900 1253 1167 1308 orientem
1198 1252 1400 1307 habent
1429 1271 1442 1306 :
1468 1252 1595 1321 quia
1626 1251 1708 1307 eis
1732 1252 1972 1307 cmlestis
2007 1251 2157 1322 regni

575 1347 758 1402 aditus
784 1356 937 1417 patet
981 1362 1012 1400 a
1060 1345 1261 1400 lumine
1306 1344 1450 1415 quod
1481 1352 1827 1414 acceperunt.
1866 1343 1933 1398 Et
1969 1357 2159 1399 omnes

572 1436 666 1506 qui
700 1437 754 1490 in
782 1435 1017 1505 peccatis
1040 1434 1379 1505 postmodum
1409 1433 1546 1503 lapsi
1586 1433 1818 1502 torporis
1845 1432 1928 1487 sui
1954 1430 2157 1503 frigore

569 1535 700 1583 sunt
725 1528 989 1597 depressi,
1013 1528 1106 1582 sed
1131 1541 1226 1596 per
1246 1525 1618 1596 paenitentiam
1643 1526 1890 1590 redeunt,
1916 1523 1983 1578 ad
2008 1537 2158 1579 amo-

572 1631 688 1671 rem
720 1616 958 1670 caelestis
986 1615 1175 1686 patria:
1209 1614 1568 1679 recalescunt,
1599 1624 1808 1684 portam
1851 1613 1917 1667 ad
1948 1611 2157 1682 aquilo-

571 1720 693 1760 nem
728 1706 962 1761 habent:
991 1705 1115 1774 quia
1146 1704 1227 1758 eis
1257 1704 1423 1759 etiam
1450 1714 1572 1773 post
1599 1704 1805 1773 peccati
1832 1702 1917 1757 sui
1958 1700 2153 1772 frigora

2258 525 2436 595 qualis
2460 525 2565 582 iste
2594 526 2758 582 timor
2784 533 2888 592 est,
2918 526 2964 582 si
2991 541 3115 581 cum
3141 541 3208 582 eo
3234 525 3413 596 pietas
3453 539 3565 580 non
3605 531 3717 585 est?
3737 527 3823 596 Qui

2259 616 2404 671 enim
2444 617 2691 672 misereri
2726 616 2974 687 proximo
3020 617 3267 688 ignorat,
3321 616 3412 686 qui
3454 619 3686 686 compati
3726 618 3824 688 eius

2260 707 2590 762 tribulationi
2617 708 2941 774 dissimulat,
2971 707 3131 778 hujus
3159 709 3325 762 timor
3357 714 3485 763 ante
3513 709 3825 779 omnipoten-

2261 799 2331 854 tis
2344 799 2438 853 Dci
2451 799 2640 854 oculos
2658 799 2836 854 nullus
2853 808 2959 865 est,
2974 800 3102 868 quia
3127 814 3231 853 non
3250 799 3564 854 sublevatur
3590 801 3653 854 ad
3672 801 3823 872 pieta-

2261 898 2389 944 tem.
2415 888 2523 945 Sed
2542 903 2686 960 sazpe
2706 890 2884 960 pietas
2902 905 3001 960 per
3029 889 3389 945 inordinatam
3424 889 3824 947 misericordiam

2259 996 2446 1037 errare
2482 981 2651 1048 solet,
2698 982 2745 1038 si
2801 981 3035 1037 fortasse
3079 981 3402 1052 pepercerit,
3432 996 3555 1050 qua:
3584 986 3824 1052 parcentia

2257 1088 2366 1127 non
2391 1082 2537 1128 sunt.
2561 1071 2793 1129 Peecata
2821 1072 2990 1139 enim,
3021 1088 3142 1142 qum
3167 1071 3315 1128 feriri
3348 1074 3611 1145 gehenna:
3641 1075 3825 1146 ignibus

2256 1171 2508 1234 possunt,
2535 1162 2836 1234 disciplina:
2857 1170 2988 1218 sunt
3010 1162 3239 1217 verbere
3265 1162 3589 1233 corrigenda
3615 1181 3629 1215 :
3658 1165 3741 1219 sed
3759 1166 3827 1219 iu-

2256 1253 2515 1308 ordinata
2535 1252 2714 1322 pietas
2735 1266 2858 1308 mm
2888 1250 3258 1321 temporaliter
3277 1251 3472 1322 parcit,
3502 1252 3573 1306 ad
3593 1261 3825 1308 atteruum

2256 1345 2577 1417 supplicium
2595 1344 2882 1415 pcrtrahit.
2904 1342 2975 1400 Ut
3000 1359 3131 1416 ergo
3152 1359 3279 1400 vera
3301 1353 3357 1400 et
3376 1345 3627 1400 ordinata
3646 1347 3714 1401 sit
3730 1347 3829 1417 pic-

2260 1443 2366 1499 tas,
2389 1435 2456 1489 ad
2477 1434 2704 1506 gradum
2727 1441 2813 1490 est
2831 1433 2997 1489 alium
3013 1431 3365 1499 sublevanda,
3390 1434 3445 1488 id
3465 1443 3573 1499 est,
3590 1436 3655 1490 ad
3677 1437 3833 1492 scien-

2263 1523 2392 1579 tiam
2426 1542 2440 1578 :
2469 1531 2530 1579 ut
2558 1525 2729 1591 sciat,
2756 1523 2841 1580 vel
2869 1524 2999 1593 quid
3033 1539 3100 1579 ex
3127 1523 3330 1593 iudicio
3360 1525 3581 1595 puniat,
3610 1526 3693 1581 vel
3717 1527 3829 1597 quid

2256 1630 2322 1670 ex
2351 1615 2722 1671 misericordia
2745 1615 2998 1671 dimittat.
3024 1614 3130 1670 Sed
3153 1615 3282 1685 quid
3305 1616 3352 1672 si
3381 1617 3522 1672 sciat
3540 1617 3664 1687 quid
3688 1634 3831 1690 agere

2257 1708 2491 1777 quisque
2520 1708 2750 1773 debeat,
2783 1707 3040 1763 virtutem
3078 1722 3208 1762 vero
3240 1708 3434 1777 agendi
3474 1722 3583 1762 non
3632 1709 3841 1766 haleat?

571 1794 724 1865 regni
747 1796 925 1849 aditus
947 1810 1046 1863 per
1063 1794 1493 1849 misericordiam
1513 1802 1681 1862 patet.
1702 1793 1779 1846 Ea
1803 1807 1934 1864 ergo
1956 1792 2156 1847 habere
2184 1790 2231 1850 B
2260 1798 2498 1854 Scientia
2517 1812 2648 1869 ergo
2675 1807 2865 1854 nostra
2892 1806 3104 1853 crescat
3123 1798 3191 1852 ad
3223 1797 3621 1864 fortitudinem,
3646 1810 3703 1856 ut
3721 1818 3827 1857 eum

569 1885 766 1939 dicitur
816 1895 972 1955 porta
1018 1885 1085 1939 ad
1133 1884 1476 1953 aquilonem,
1518 1898 1637 1953 qua:
1679 1884 1846 1938 habet
1888 1891 2046 1953 porta
2082 1880 2152 1937 ad

570 1979 836 2034 orientem
867 1997 879 2031 :
914 1979 1037 2047 quia
1081 1986 1137 2032 et
1164 1978 1408 2032 conversi
1439 1985 1755 2046 peccatores
1790 1976 1871 2030 sic
1906 1976 2153 2030 ditantur

570 2069 883 2134 virtutibus,
918 2070 1059 2123 sicut
1093 2068 1165 2121 illi
1195 2076 1321 2123 sunt
1350 2067 1564 2132 divites,
1594 2067 1684 2136 qui
1721 2066 1918 2122 cadere
1943 2066 1997 2119 in
2027 2080 2153 2136 pec-

569 2168 694 2215 cato
724 2160 1049 2215 vitaverunt.
1085 2159 1237 2215 Uiule
1280 2168 1334 2214 et
1363 2158 1661 2214 Psalmistae
1687 2173 1818 2214 voce
1851 2173 1948 2228 per
1968 2157 2153 2215 Domi-

566 2265 696 2305 num
742 2250 978 2305 dicitur:
1014 2271 1032 2300 ι
1062 2249 1311 2306 Cinerem
1347 2250 1487 2305 sicut
1523 2264 1718 2320 panem
1759 2250 2150 2306 manducabam

565 2338 751 2412 (Psal.
778 2339 897 2412 Cl),
927 2359 945 2391 ι
979 2340 1104 2409 quia
1151 2340 1231 2395 sic
1272 2340 1596 2410 poeniteutes
1637 2340 1842 2410 recepit
1873 2346 1935 2394 ut
1953 2338 2148 2410 iustos.

565 2428 839 2503 Scriptum
857 2430 1055 2501 quippe
1075 2440 1161 2485 est
1176 2431 1241 2486 de
1265 2432 1671 2501 peccatoribus:
1692 2450 1711 2483 ι
1739 2430 1878 2487 Olim
1898 2432 1952 2487 in
1975 2431 2152 2488 cilicio

561 2528 619 2574 ct
641 2520 821 2575 cinere
841 2521 1215 2591 pmnitentiam
1237 2521 1492 2592 egissent.
1524 2542 1542 2575 ι
1563 2521 1712 2578 Cinis
1730 2537 1861 2594 ergo
1889 2523 2030 2579 sicut
2055 2538 2153 2593 pa-

562 2608 650 2664 nis
670 2611 968 2665 comeditur
991 2627 1004 2663 :
1029 2610 1336 2681 quandoad
1358 2610 1600 2666 auctoris
1623 2610 1706 2666 sui
1720 2611 1948 2683 gratiam
1964 2626 2153 2681 pecca-

562 2706 648 2753 tor
674 2712 771 2769 per
790 2700 1169 2770 pmnitentiam
1195 2700 1340 2757 sicut
1365 2701 1629 2757 innocens
1653 2711 1959 2759 revocatur.
1982 2702 2149 2759 Porta

494 2814 496 2817 .
561 2788 727 2863 igitur
756 2791 824 2845 ad
853 2791 1161 2861 aquilonem
1200 2793 1364 2848 habet
1401 2793 1706 2861 fenestras,
1732 2794 2151 2853 babetvestibu.

560 2887 691 2945 tum,
724 2880 887 2937 habet
910 2882 1250 2952 sculpturas:
1289 2872 1419 2954 quia
1439 2899 1565 2940 cum
1604 2896 1864 2955 peccator
1891 2887 1961 2943 ad
1980 2887 2148 2943 vitam

557 2979 682 3041 post
707 2970 895 3041 culpas
932 2974 1228 3038 reducitur,
1269 2974 1624 3043 saepe-lumen
1671 2978 2149 3050 contemplationis

560 3064 787 3134 accepit,
817 3075 981 3134 atque
1009 3066 1077 3119 de
1103 3064 1220 3134 ipsa
1246 3067 1506 3123 memoria
1544 3067 1850 3137 iniquitatis
1886 3086 2000 3126 sum
2026 3086 2148 3143 gra-

560 3156 691 3210 tiam
734 3169 941 3226 magum
986 3155 1341 3222 humilitatis,
1373 3157 1529 3212 bonae
1563 3174 1779 3230 quoque
1813 3163 2150 3231 operationis

555 3248 850 3304 cllicaciam
882 3249 1049 3303 sumit
1088 3267 1101 3302 :
1141 3257 1202 3303 ut
1232 3264 1391 3304 omne
1420 3252 1563 3320 quod
1587 3252 1705 3307 lieri
1736 3254 2066 3324 praecipitur,
2095 3254 2150 3310 in

555 3341 666 3396 vita
685 3338 974 3411 ejusquasi
1004 3341 1270 3412 scalptum
1297 3357 1419 3398 esse
1442 3344 1708 3400 videatur.
1731 3364 1751 3397 ‹
1774 3345 1992 3417 Septem
2018 3363 2150 3405 vero

555 3434 818 3504 graduum
835 3443 952 3489 erat
971 3451 1229 3492 ascensus
1242 3435 1380 3509 ejus,
1398 3445 1453 3493 et
1476 3437 1802 3493 vestibulum
1820 3446 1948 3493 ante
1960 3454 2100 3494 eam.
2121 3458 2142 3493 ι

555 3523 774 3596 Septem
787 3526 1043 3598 gradibus
1062 3528 1129 3583 ad
1144 3538 1356 3599 portam
1372 3530 1703 3596 ascenditur,
1718 3530 1846 3601 quia
1863 3545 1963 3601 per
1975 3532 2147 3588 sancti

554 3614 792 3687 Spiritus
813 3617 1182 3689 septiformem
1204 3621 1434 3689 gratiam
1459 3620 1639 3676 aditus
1662 3621 1819 3676 nobis
1836 3621 1960 3677 vitae
1983 3622 2149 3678 cmic-

554 3707 655 3763 stls
669 3709 928 3778 aperitur.
945 3710 1117 3778 Quam
1139 3713 1273 3782 septi
1283 3711 1509 3769 formem
1527 3714 1759 3785 gratiam
1781 3714 1949 3770 Isaias
1961 3715 2014 3769 in
2029 3715 2148 3786 ipso

561 3808 750 3855 nostro
781 3802 976 3871 capite,
1012 3803 1097 3858 vel
1127 3803 1179 3858 in
1215 3804 1332 3875 ejus
1361 3818 1590 3875 corpore
1623 3806 1768 3876 quod
1795 3821 1981 3862 sumus
2020 3821 2152 3863 enu-

556 3904 796 3954 merans,
830 3892 1002 3947 dicit:
1043 3911 1060 3944 ι
1102 3892 1429 3964 Requiescet
1461 3911 1626 3966 super
1655 3912 1778 3952 eum
1807 3899 2029 3968 spiritus
2065 3912 2150 3953 sa-

556 3980 781 4049 pientia:
805 3988 859 4034 et
890 3981 1214 4049 intellectus,
1263 3984 1487 4055 spiritus
1515 3986 1729 4041 consilii
1775 3995 1834 4041 et
1874 3986 2146 4042 fortitudi-

558 4069 668 4135 nis,
700 4069 922 4139 spiritus
950 4071 1192 4126 scientiae
1212 4081 1268 4129 et
1289 4074 1536 4144 pietatis,
1563 4085 1620 4130 et
1644 4077 1873 4146 replebit
1895 4091 2019 4133 eum
2040 4077 2147 4147 spi-

558 4160 693 4217 ritus
745 4162 957 4217 timoris
1002 4162 1215 4219 Domini
1261 4164 1416 4237 (lsai.
1468 4167 1569 4239 χι).
1618 4167 1765 4235 Quos
1822 4169 2024 4239 gradus
2072 4170 2141 4223 de

557 4252 871 4308 cmlestibus
894 4252 1139 4324 loquens,
1162 4246 1537 4312 descendendo
1567 4259 1739 4328 magis
1760 4274 1922 4330 quam
1950 4275 2142 4315 ascen-

554 4343 735 4399 dendo
763 4346 1072 4400 numeravit
1099 4363 1114 4400 :
1144 4345 1394 4402 videlicet
1424 4348 1764 4418 sapientiam,
1789 4349 2142 4417 intellectum,

556 4433 867 4501 consilium,
896 4434 1289 4504 fortitudinem,
1316 4438 1598 4493 scientiam
1618 4480 1633 4505 ,
1663 4441 1954 4511 pietatem,
1987 4442 2146 4497 timo-

559 4540 696 4580 rem.
723 4525 789 4580 Et
815 4541 938 4581 cum
969 4528 1232 4598 scriptum
1257 4528 1360 4583 sit:
1383 4548 1401 4580 ι
1432 4528 1645 4584 Initium
1679 4531 1958 4601 sapientiae
1984 4533 2146 4586 timor

557 4616 772 4671 Domini
802 4614 975 4688 (Psal.
1004 4620 1094 4691 cx)
1116 4659 1131 4686 ,
1167 4639 1187 4673 ι
1221 4627 1439 4676 constat
1476 4620 1662 4691 procul
1710 4622 1904 4688 dubio,
1953 4623 2079 4693 quia
2111 4637 2143 4677 a

557 4711 755 4767 timore
783 4713 851 4768 ad
891 4715 1211 4785 sapientiam
1252 4716 1583 4783 ascenditur,
1615 4732 1723 4772 non
1754 4725 1935 4773 autem
1980 4733 2011 4772 a
2056 4733 2145 4773 sa-

558 4800 759 4869 pientia
781 4803 849 4858 ad
878 4805 1121 4862 timoren
1147 4807 1355 4862 roditur
1377 4825 1391 4862 :
1417 4807 1544 4877 quia
1567 4808 1821 4862 nimirum
1844 4808 2140 4879 perfectam

561 4893 729 4948 habet
750 4895 1013 4965 sapientia
1040 4898 1383 4955 charitatem.
1411 4900 1480 4957 Et
1500 4902 1769 4971 scriptum
1810 4912 1930 4958 est:
1961 4921 1980 4954 ι
2014 4902 2148 4958 Per-

559 4983 704 5040 fecta
746 4986 988 5043 charitas
1029 4988 1177 5067 foras
1222 4992 1391 5047 mittit
1426 4992 1677 5048 timorem
1708 4992 1762 5067 (ι
1785 4992 1949 5048 Joan.
1984 4996 2081 5067 iv).
2123 5015 2142 5049 ι

558 5075 833 5147 Propheta
860 5091 1013 5150 ergo,
1043 5063 1178 5149 quia
1199 5082 1265 5137 de
1295 5082 1613 5139 coelestibus
1639 5063 1727 5139 ad
1746 5084 1855 5138 ima
1891 5063 2151 5156 loqueba-

560 5178 668 5234 tur,
695 5167 861 5237 coepit
889 5170 1064 5240 magis
1098 5185 1129 5225 a
1159 5172 1445 5241 sapientia,
1475 5181 1530 5230 et
1554 5175 1833 5231 descendit
1879 5176 1947 5231 ad
1992 5176 2149 5233 timo-

558 5273 696 5313 rem.
725 5257 832 5314 Sed
867 5273 966 5315 nos
993 5259 1087 5330 qui
1135 5275 1168 5314 a
1198 5263 1428 5318 terrenis
1457 5264 1526 5319 ad
1569 5264 1815 5321 cmlestia
1848 5265 2144 5332 tendimus,

556 5349 781 5405 eosdem
812 5348 1015 5421 gradus
1047 5351 1389 5407 ascendendo
1409 5368 1779 5421 numeremus,
1809 5362 1921 5409 uta
1952 5355 2147 5411 timore

559 5440 630 5496 ad
660 5441 981 5511 capiendam
1011 5441 1295 5514 pervenire
1318 5426 1612 5499 valeamus”.
1639 5445 1699 5500 In
1733 5451 1916 5500 mente
1939 5446 2142 5501 etenim

560 5542 750 5589 nostra
775 5534 985 5603 primus
1006 5533 1344 5590 ascensionis
1364 5542 1449 5589 est
1474 5535 1675 5605 gradus
1707 5536 1872 5593 timor
1893 5536 2107 5593 Domini
2131 5578 2148 5605 ,

562 5626 838 5682 secundus"
860 5627 1054 5696 pietas,
1085 5627 1279 5682 tertius
1304 5626 1532 5682 scientia
1554 5667 1572 5693 ,
1595 5636 1824 5699 quartus
1852 5627 2117 5706 fortitudo
2132 5668 2149 5695 ,

569 5716 791 5783 quintus
815 5719 1127 5789 consilium,
1156 5729 1345 5777 sextus
1371 5719 1708 5787 intellectus,
1755 5719 2019 5790 septimus
2057 5734 2151 5776 sa—

2252 1889 2402 1943 videt
2424 1890 2553 1959 quid
2575 1888 2843 1961 agendum
2868 1889 2961 1954 sit,
2985 1889 3091 1945 hoc
3110 1903 3273 1958 agere
3290 1903 3390 1959 per
3410 1891 3615 1946 mentis
3637 1891 3830 1947 fortitu-

2253 1981 2433 2036 dinem
2457 1980 2631 2051 possit
2657 1997 2671 2034 :
2697 1993 2764 2034 ne
2794 1980 2991 2036 timore
3019 1981 3253 2051 trepidet
3276 1988 3335 2037 et
3369 1995 3576 2050 pavore
3615 1982 3828 2052 collapsa

2252 2085 2360 2124 non
2397 2069 2571 2124 valeat
2597 2070 2734 2125 bona
2756 2069 3047 2125 defendere
3076 2085 3198 2141 qua:
3217 2072 3405 2127 sentit.
3431 2069 3542 2127 Sed
3574 2087 3712 2142 smpe
3737 2072 3830 2127 for-

2254 2161 2447 2226 titudo,
2478 2161 2522 2216 si
2546 2161 2847 2231 improvida
2870 2160 3052 2227 fuerit,
3083 2168 3137 2217 et
3166 2162 3349 2216 minus
3371 2171 3570 2217 contra
3596 2164 3719 2218 vitia
3738 2164 3829 2219 cir-

2252 2258 2584 2321 cumspecta,
2626 2250 2743 2321 ipsa
2767 2251 2851 2306 sui
2878 2251 3299 2321 priesumptione
3330 2252 3612 2308 incassum
3648 2254 3767 2309 ruit.

2321 2341 2597 2398 Ascendat
2631 2356 2760 2414 ergo
2799 2342 2868 2399 ad
2896 2342 3222 2408 consilium,
3259 2352 3319 2399 ut
3346 2344 3699 2413 prmvidaido
3724 2362 3835 2416 pre-

2251 2441 2468 2488 moveat
2489 2447 2653 2489 omne
2685 2435 2831 2504 quod
2869 2448 3033 2506 agere
3067 2433 3282 2490 fortiter
3306 2444 3501 2507 potest
3549 2454 3563 2492 :
3598 2439 3691 2493 sed
3726 2454 3832 2495 esse

2251 2520 2538 2576 consilium
2560 2537 2667 2579 non
2696 2530 2898 2593 potest,
2928 2524 2974 2579 si
3007 2524 3315 2580 intellectus
3347 2527 3527 2594 deest,
3565 2529 3692 2600 quia
3737 2544 3833 2584 non

2253 2611 2504 2685 intelligit
2529 2613 2731 2669 malum
2756 2615 2900 2685 quod
2924 2623 3172 2686 agentem
3200 2625 3413 2686 gravat,
3454 2620 3726 2688 quomodo
3751 2636 3837 2692 po-

2252 2710 2361 2758 test
2391 2703 2593 2758 bonum
2639 2702 2900 2770 solidam,
2932 2705 3077 2774 quod
3104 2703 3360 2774 adjuvat?
3388 2707 3581 2778 Itaque
3615 2723 3647 2762 a
3674 2710 3839 2766 cousi-

2250 2791 2327 2849 lie
2350 2793 2714 2850 ascendentis
2752 2794 2823 2850 ad
2860 2794 3211 2851 intellectum.
3246 2795 3354 2854 Sed
3389 2801 3523 2870 quid
3549 2802 3598 2856 si
3637 2801 3837 2858 intelle-

2251 2890 2374 2938 ctus
2396 2897 2595 2954 magno
2624 2884 2844 2954 quidem
2873 2886 3124 2942 acumine
3150 2886 3364 2960 vigilet,
3396 2900 3451 2945 et
3485 2893 3759 2948 moderari
3791 2909 3841 2948 se

2250 2973 2460 3030 neseiat
2492 2989 2592 3044 per
2617 2976 3026 3032 maturitatem?
3050 2976 3137 3033 Ab
3177 2978 3455 3036 intellectu
3476 2996 3640 3054 'ergo
3667 2999 3843 3041 ascen-

2252 3063 2415 3120 datur
2452 3066 2523 3121 ad
2556 3066 2878 3135 sapientiam
2919 3086 2933 3120 :
2970 3070 3158 3124 uthoc
3185 3071 3331 3140 quod
3356 3081 3519 3129 acute
3549 3074 3844 3131 intellectus

2177 3143 2223 3205 C
2255 3154 2494 3221 invenit,
2540 3156 2804 3227 sapientia
2839 3166 3052 3214 mature
3076 3160 3349 3230 disponat.
3390 3162 3532 3231 Quia
3570 3165 3739 3237 igitur
3760 3182 3846 3237 per

2257 3247 2507 3304 timorem
2550 3250 2825 3319 surgimus
2873 3251 2941 3305 ad
2983 3251 3279 3322 pietatem,
3334 3269 3433 3324 per
3478 3255 3745 3326 pietatem
3785 3256 3845 3311 ad

2254 3338 2539 3394 scientiam
2583 3339 2866 3406 ducimur,
2904 3355 3003 3410 per
3038 3342 3321 3398 scientiam
3361 3344 3429 3399 ad
3476 3344 3844 3403 fortitudinem

2253 3431 2594 3496 roboramur,
2616 3445 2716 3500 per
2734 3429 3108 3487 fortitudinem
3136 3432 3204 3488 ad
3229 3434 3522 3490 consilium
3556 3438 3841 3504 tendimus,

2250 3534 2350 3589 per
2376 3518 2693 3586 consilium,
2726 3521 2781 3575 in
2808 3521 3081 3578 intellectu
3115 3522 3450 3594 proficimus.
3480 3525 3713 3598 Septem
3734 3542 3844 3601 gra-

2252 3612 2408 3668 dibus
2434 3612 2503 3668 ad
2535 3620 2747 3682 portam
2778 3614 3146 3679 ascendimus,
3174 3629 3273 3684 per
3294 3631 3460 3686 quam
3484 3619 3650 3674 nobis
3676 3619 3842 3675 aditus

2250 3705 2510 3776 spiritalis
2565 3705 2692 3761 vitm
2731 3706 2993 3775 aperitur.
3045 3705 3191 3761 Bene
3232 3714 3418 3762 autem
3463 3708 3671 3764 dicitur
3726 3710 3842 3780 quia

2249 3796 2575 3851 vestibulum
2599 3803 2720 3852 erat
2764 3805 2893 3851 ante
2927 3811 3047 3851 eam
3081 3815 3094 3851 :
3122 3798 3249 3867 quia
3286 3798 3388 3853 nisi
3422 3798 3548 3868 quis
3572 3801 3731 3871 prius
3754 3801 3843 3855 bu«

2249 3886 2538 3943 militatem
2561 3887 2844 3954 habuerit,
2872 3887 2939 3942 ad
2969 3888 3070 3942 hos
3093 3888 3294 3958 gradus
3327 3887 3601 3945 donorum
3626 3891 3840 3961 spirita-

2250 3979 2381 4034 lium
2410 3993 2517 4034 non
2541 3978 2818 4045 ascendet,
2846 3978 2987 4033 sicut
3007 3979 3267 4048 scriptum
3288 3986 3405 4035 est:
3441 4000 3461 4032 ι
3491 3980 3677 4051 Super
3688 3995 3839 4053 quem

2252 4069 2546 4139 requiescit
2571 4068 2797 4139 spiritus
2821 4084 2997 4134 meus,
3021 4070 3125 4125 nisi
3150 4085 3318 4141 super
3337 4071 3599 4128 humilem
3619 4080 3677 4127 et
3698 4073 3840 4143 quie-

2250 4171 2365 4217 tum
2408 4172 2465 4217 et
2502 4170 2825 4218 trementem
2862 4177 3143 4219 sermones
3179 4166 3365 4220 meos?
3403 4164 3595 4222 Potest
3629 4180 3836 4238 quoque

2246 4273 2350 4329 per
2376 4256 2701 4313 vestibulum
2738 4256 2872 4312 fides
2905 4256 3164 4327 intelligi,
3204 4258 3319 4328 ipsa
3365 4258 3568 4329 quippe
3605 4268 3693 4315 est
3722 4266 3836 4312 ante

2249 4350 2451 4419 gradus
2478 4355 2534 4404 et
2560 4355 2798 4419 portam,
2827 4347 2953 4418 quia
2983 4347 3135 4417 prius
3164 4346 3231 4402 ad
3262 4346 3422 4402 fidem
3452 4349 3743 4414 venimus,
3785 4354 3835 4401 ut

2252 4442 2593 4512 postmodum
2630 4454 2729 4510 per
2763 4438 3086 4508 spiritalium
3123 4437 3387 4493 donorum
3416 4437 3653 4510 gradus,
3688 4436 3839 4493 cmle-

2251 4531 2351 4586 stis
2376 4530 2502 4586 vita;
2530 4530 2737 4585 aditum
2764 4529 3033 4584 intremus
3066 4546 3080 4582 :
3112 4544 3219 4583 non
3249 4528 3394 4585 enim
3427 4528 3726 4585 virtutibus
3754 4543 3841 4582 vs.

2212 4638 2220 4652 θ
2252 4624 2398 4678 nitur
2422 4623 2490 4678 ad
2515 4622 2702 4689 fidem,
2733 4621 2828 4677 sed
2855 4620 2960 4676 [ide
2989 4620 3317 4692 pertingitur
3350 4619 3420 4675 ad
3458 4620 3721 4676 virtutes.
3748 4619 3845 4676 Per

2250 4714 2411 4768 fidem
2433 4728 2565 4784 ergo
2592 4712 2739 4766 venit
2763 4711 2832 4766 ad
2858 4726 3045 4781 opera,
3068 4711 3161 4765 sed
3188 4725 3287 4780 per
3308 4724 3479 4780 opera
3505 4710 3780 4765 solidatur
3796 4707 3844 4761 in

2253 4807 2378 4862 fide.
2411 4804 2745 4861 Vestibulum
2787 4803 2973 4873 itaque
3010 4810 3136 4857 ante
3173 4801 3374 4872 gradus
3407 4809 3493 4857 est
3521 4841 3540 4867 ,
3591 4800 3729 4871 quia
3763 4795 3847 4868 qui

2253 4897 2404 4970 prius
2431 4894 2742 4960 crediderit,
2770 4893 2887 4963 ipse
2910 4902 3034 4964 post
3058 4893 3316 4948 virtutum
3343 4893 3608 4962 gradibus
3634 4892 3710 4947 ad
3734 4904 3854 4962 por-

2256 4997 2323 5044 tae
2351 4988 2556 5043 aditum
2593 4985 2857 5042 ascendit.
2899 4983 3175 5055 Sequitur.
3210 5002 3230 5036 ι
3263 4984 3329 5039 Et
3354 4993 3517 5054 porta
3554 4985 3688 5040 atrii
3720 4984 3854 5038 inte-

2256 5078 2419 5134 rioris
2446 5085 2635 5132 contra
2662 5084 2877 5147 portam
2914 5075 3183 5145 aquilonis
3210 5083 3264 5131 et
3298 5075 3653 5131 orientalem.
3696 5095 3716 5127 ι
3749 5073 3855 5128 [loc

2255 5169 2406 5234 loco,
2451 5177 2635 5223 contra
2682 5182 2789 5222 non
2830 5180 2931 5237 pro
2971 5164 3299 5221 adversitate
3336 5165 3592 5236 ponitur,
3629 5164 3735 5221 sed
3763 5173 3855 5232 pro

2256 5258 2578 5314 rectitudine
2617 5274 2632 5311 :
2676 5257 2749 5311 ita
2782 5255 2928 5311 enim
2969 5264 3126 5326 porta
3171 5254 3448 5310 interioris
3494 5256 3622 5311 atrii
3679 5254 3855 5325 posita

2253 5352 2660 5407 monstrabatur
2700 5356 2763 5405 ut
2807 5357 2964 5421 porta
3009 5349 3278 5420 aquilonis
3317 5358 3376 5405 et
3414 5349 3650 5405 orientis
3703 5353 3855 5402 recto

2254 5446 2403 5500 aditu
2439 5443 2519 5498 ad'
2545 5457 2665 5499 eam
2711 5441 2974 5498 tenderet.
3004 5442 3145 5510 Quid
3178 5449 3262 5498 est
3301 5456 3463 5513 ergo,
3507 5440 3654 5511 quod
3695 5444 3855 5510 porta

2256 5537 2487 5593 interior
2521 5543 2671 5593 recto
2707 5536 2905 5592 itinere
2937 5535 3115 5606 posita
3149 5542 3340 5591 contra
3370 5543 3586 5605 portam
3619 5526 3858 5588 orientis

2256 5645 2313 5691 et
2345 5632 2614 5703 aquilonis
2638 5632 2972 5698 ostenditur,
3005 5630 3115 5687 nisi
3142 5630 3248 5687 hoc
3280 5628 3425 5700 quod
3454 5634 3645 5697 aperte
3695 5623 3859 5678 datur

2258 5724 2514 5795 intelligi,
2554 5723 2682 5794 quia
2734 5724 2849 5781 sive
2888 5721 3108 5794 iudaice
3150 5729 3207 5779 et
3249 5718 3435 5792 gentili
3474 5715 3711 5789 populo,
3763 5720 3854 5767 sel
