3972 6184
192 349 300 405 953

1115 347 1471 406 COMMENT.
1516 348 1584 404 IN
1621 345 2075 403 EZECIIIELEM.
2118 379 2184 388 —-
2222 348 2354 407 LIB.
2399 349 2512 415 XV.

3366 358 3473 418 ειπι

187 460 353 533 justis
396 466 452 514 et
486 458 898 530 peccatoribus,
938 459 1032 515 sed
1068 469 1189 531 post
1225 468 1451 531 peccata
1490 459 1783 525 conversis,
1817 474 1863 530 Α
1897 480 1920 513 σ
1951 475 2072 530 qua:
2093 464 2498 533 respiciebatad
2519 473 2785 522 austrum.
2810 466 2877 523 Et
2896 483 3116 528 mensus
3136 470 3469 529 cstfrontem

192 567 348 622 a-qne
373 551 553 606 aditus
586 550 735 621 regni
763 549 1000 605 cmlestis
1026 550 1303 621 aperitur?
1322 550 1494 621 Larga
1525 559 1609 604 est
1635 551 1781 604 enim

195 638 572 695 misericordia
601 637 878 694 Creatoris
907 640 1077 694 nostri
1108 657 1124 693 :
1151 648 1205 693 et
1232 648 1390 709 porta
1420 639 1650 694 interior
1675 654 1782 693 non

192 731 368 787 solum
394 739 606 803 portam
632 730 858 786 orientis
885 732 1126 801 respicit,
1153 732 1249 787 sed
1276 731 1442 786 etiam
1494 731 1779 801 aquilonis,

191 825 316 894 quia
360 838 467 877 non
509 822 683 878 solum
725 822 810 877 bis
849 822 940 892 qui
983 822 1034 876 in
1076 822 1385 877 innocentia
1441 831 1781 892 permanent,

192 917 287 971 sed
314 916 479 971 etiam
506 915 886 986 peccatoribus
914 922 1135 985 peccata
1165 929 1263 968 sua
1288 912 1601 984 paenitendo
1625 914 1781 968 dam-

192 1008 453 1062 nantibus
488 1007 806 1078 aperiuntur
835 1005 1111 1061 interioris
1136 1006 1261 1060 atrii
1291 1005 1505 1076 gaudia,
1536 1013 1596 1059 ut
1642 1004 1780 1060 inef-

192 1096 377 1151 fabilia
415 1097 674 1169 mysteria
712 1093 904 1165 patriae
937 1095 1174 1150 cmlestis
1211 1101 1540 1165 agnoscant;
1583 1108 1779 1164 agnos-

189 1188 363 1243 cendo
385 1188 594 1251 sitiant,
620 1185 853 1242 sitiendo
876 1196 1119 1253 currant,
1149 1186 1778 1255 currendoperveniant.
1821 1177 1828 1189 ’

191 1279 333 1346 Quid
369 1279 534 1347 igitur
581 1284 778 1343 restat,
820 1279 924 1333 nisi
967 1287 1027 1332 ut
1067 1293 1127 1333 se
1168 1278 1236 1333 ad
1282 1276 1622 1348 perfectioris
1657 1276 1781 1331 vita:

189 1380 413 1425 curSum
456 1371 720 1442 dirigant,
755 1383 945 1425 omnes
976 1368 1067 1439 qui
1097 1367 1186 1423 illa
1228 1366 1422 1439 gaudia
1456 1368 1644 1437 patria:
1671 1380 1780 1422 cte-

188 1458 345 1515 lestis
378 1460 713 1531 agnoscunt!
753 1458 907 1515 Unde
943 1469 999 1515 et
1037 1459 1124 1515 hic
1165 1468 1350 1530 aperte
1390 1457 1777 1531 subjungitur:

196 1569 216 1603 ι
250 1550 319 1607 Et
359 1566 577 1608 mensus
615 1562 700 1608 est
732 1568 763 1607 a
804 1560 960 1624 porta
997 1567 1170 1623 usque
1205 1553 1273 1608 ad
1310 1562 1523 1623 portam
1563 1562 1780 1609 centum

188 1644 424 1700 cubitus.
450 1664 467 1696 ι
485 1643 865 1700 Ccntcnarium
888 1660 1196 1713 numerum,
1223 1645 1349 1715 quia
1374 1646 1557 1701 decies
1577 1660 1673 1716 per
1689 1647 1780 1701 dc-

186 1734 405 1790 narium
425 1732 663 1801 ducitur,
678 1733 1057 1807 jam’snperius
1068 1727 1303 1790 diximus
1322 1750 1444 1791 esse
1459 1735 1774 1806 perfectum.

1891 569 1911 603 ι
1952 550 2091 621 ejus,
2120 560 2177 607 et
2200 554 2525 610 vestibulum
2556 554 2696 625 ejus,
2723 556 2877 625 juxta
2907 574 3193 616 mensuras
3221 564 3469 633 superio-

1893 663 1911 695 ι
1950 655 2070 710 res,
2121 650 2178 699 et
2215 643 2482 700 fenestras
2519 644 2660 713 ejus,
2699 655 2757 701 et
2809 648 3073 704 vestibula
3120 651 3175 704 in
3214 652 3467 720 circuitu,

1889 750 1910 784 ι
1947 733 2088 788 sicut
2129 734 2396 792 fenestras
2443 745 2671 791 cattet'as
2714 739 3105 810 quinquaginta
3162 743 3469 799 cubitortnn

1889 839 1909 873 ι
1945 820 2351 893 longitudinem,
2382 833 2438 879 et
2464 825 2802 882 latitudinem
2830 829 3019 900 viginti
3050 832 3291 902 quinque
3315 834 3468 889 cubi-

1889 927 1910 962 t
1950 919 2146 975 tm'um,
2163 920 2219 967 et
2240 913 2292 967 in
2317 915 2573 984 gradibus
2594 925 2799 986 septem
2817 919 3213 975 aseendebatur
3233 922 3301 978 ad
3321 936 3465 976 eam.

1888 1022 1907 1054 ι
1946 1003 2012 1058 Et
2054 1004 2375 1059 vestibulum
2417 1015 2541 1061 ante
2583 1006 2728 1063 fores
2766 1009 2902 1079 ejus.
2948 1028 2967 1060 ι
3003 1008 3223 1083 (8ης.)
3261 1011 3467 1068 Cuncta

1883 1094 1998 1149 hac
2024 1094 2078 1148 in
2106 1094 2336 1150 orientis
2352 1103 2409 1149 et
2437 1097 2709 1166 aquilonis
2732 1108 2887 1167 porta
2908 1097 3022 1167 jam
3047 1100 3189 1157 dicta
3215 1111 3340 1157 sunt
3366 1120 3379 1157 :
3410 1111 3466 1161 et

1880 1201 2177 1259 congruum
2206 1204 2310 1244 non
2339 1198 2457 1256 est,
2491 1198 2552 1244 ut
2578 1205 2641 1246 ea
2670 1206 2791 1261 quas
2821 1193 2988 1248 semel
3017 1208 3082 1248 ac
3106 1196 3343 1250 secundo
3370 1211 3465 1250 ex-

1877 1285 2141 1348 ponentes
2169 1278 2405 1335 diximus
2426 1281 2626 1352 sapius
2655 1281 2995 1352 replicemus.
3025 1283 3330 1341 Notandum
3360 1302 3463 1343 no-

1881 1369 1963 1424 bis
1991 1379 2173 1427 tamen
2195 1379 2306 1435 est,
2336 1373 2462 1442 quia
2502 1374 2555 1429 in
2596 1374 2826 1445 spiritali
2853 1375 3081 1434 aedilicio
3119 1378 3257 1433 alter
3285 1380 3467 1436 aditus

1881 1460 1948 1513 ad
1978 1460 2273 1526 orientem,
2300 1462 2436 1518 alius
2456 1463 2523 1517 ad
2549 1466 2856 1534 aquilonem
2874 1508 2890 1533 ,
2917 1478 3077 1539 atque
3104 1470 3241 1524 alius
3265 1473 3331 1526 ad
3363 1489 3462 1526 au-

1880 1558 2051 1603 strum
2080 1558 2246 1620 patet.
2266 1552 2418 1608 Sicut
2438 1555 2582 1609 enim
2611 1557 2878 1626 aquilonis
2901 1558 3102 1629 frigore
3128 1572 3461 1629 peccatores,

1882 1638 1955 1692 ita
1990 1653 2087 1710 per
2121 1642 2414 1698 australem
2451 1645 2592 1699 viam
2628 1646 2902 1703 ferventes
2940 1651 3133 1718 spiritu
3170 1653 3459 1723 designan-

1882 1738 1970 1783 tur
2000 1750 2013 1784 :
2047 1732 2172 1800 quia
2198 1733 2378 1789 calore
2402 1733 2635 1805 Spiritus
2662 1739 2833 1792 sancti
2864 1742 3096 1806 accensi,
3128 1742 3273 1797 velut
3303 1761 3465 1798 mert-

187 1828 377 1900 ltaque
404 1830 495 1899 qui
531 1830 731 1885 aditum
764 1831 887 1885 atrii
916 1831 1190 1885 interioris
1217 1829 1379 1894 videt,
1415 1828 1655 1900 profecto
1683 1846 1776 1883 ne-
1805 1825 1850 1884 Β
1879 1820 2038 1875 diana
2071 1820 2189 1876 luce
2216 1823 2507 1880 Virtutibus
2533 1839 2875 1884 excrescunt.
2917 1830 3107 1886 Pateat
3140 1849 3267 1904 ergo
3306 1846 3461 1905 porta

186 1934 344 1976 cosse
377 1928 492 1985 est,
536 1928 595 1974 ut
635 1935 729 1991 per
767 1920 934 1974 vitam
977 1918 1326 1991 perfectionis
1364 1928 1549 1974 currat
1588 1938 1600 1972 :
1647 1929 1706 1972 ut
1743 1934 1773 1973 a

186 2021 344 2085 porta
380 2012 739 2068 incboatiouis
769 2027 939 2082 usque
967 2012 1034 2066 ad
1061 2011 1538 2083 consummationis
1566 2011 1773 2081 ingres-

186 2118 307 2158 sum
325 2103 629 2173 perveniat.
648 2101 990 2158 Mensuretur
1003 2116 1132 2173 ergo
1146 2102 1342 2156 atrium
1368 2102 1613 2165 interius,
1632 2101 1774 2170 quod

187 2210 221 2251 a
257 2194 431 2265 portis
469 2194 826 2250 exterioribus
870 2210 1043 2265 usque
1087 2194 1155 2250 ad
1198 2205 1413 2265 portam
1461 2194 1774 2249 interiorem

185 2286 453 2352 tenditur,
479 2293 692 2341 centum
719 2284 916 2340 cubitis
943 2305 957 2338 :
980 2292 1038 2339 ut
1066 2285 1157 2355 qui
1184 2284 1386 2339 intrare
1413 2284 1643 2338 amando
1663 2297 1774 2338 cte-

181 2376 296 2447 pit,
325 2375 665 2431 latitudinem
693 2373 1043 2446 perfectionis
1078 2375 1275 2430 habeat
1306 2374 1360 2428 iu
1388 2380 1568 2427 mente
1595 2389 1610 2425 :
1642 2387 1775 2442 qua-

184 2478 348 2523 tenus
385 2467 441 2521 in
469 2482 564 2533 eo,
604 2481 764 2536 quem
800 2481 900 2521 nec
937 2480 1192 2537 prospera
1233 2464 1532 2528 extollunt,
1570 2476 1639 2517 ne
1681 2464 1774 2517 ad-

181 2573 346 2614 versa
373 2563 724 2628 coangustent
739 2596 754 2622 ,
779 2556 873 2611 sed
900 2556 1208 2611 transitoria
1231 2562 1424 2610 cuncta
1446 2553 1770 2624 despiciens,

182 2668 468 2725 quousque
495 2652 562 2706 ad
598 2651 789 2724 gaudia
832 2659 1040 2706 secreta
1082 2649 1385 2721 perveniat,
1426 2662 1525 2717 per
1574 2647 1771 2701 atrium

181 2743 538 2814 perfectionis
565 2749 765 2796 currat.
809 2739 948 2795 Sunt
984 2740 1183 2795 ctenim
1226 2737 1413 2803 multi,
1452 2737 1541 2807 qui
1577 2736 1689 2806 jam
1717 2736 1770 2789 in

180 2841 396 2903 septem
444 2829 697 2902 gradibus
743 2830 945 2884 aditum
988 2835 1159 2897 portze
1200 2825 1489 2882 exterioris
1537 2825 1774 2878 intrave-

186 2931 342 2987 runt,
360 2920 512 2991 juxta
536 2920 819 2991 quemdam
843 2934 1092 2989 supernae
1112 2914 1530 2986 dispensationis
1552 2913 1772 2968 modum

180 3027 285 3085 per
310 3013 564 3068 timorem
599 3010 693 3066 Dei
720 3008 972 3073 humiles,
995 3023 1095 3078 per
1112 3007 1333 3077 pietatis
1352 3005 1586 3061 studium
1618 3004 1774 3058 mise-

181 3106 451 3172 ricordes,
478 3120 578 3176 per
604 3103 884 3160 scientiam
911 3102 1154 3166 discreti,
1170 3115 1269 3170 per
1282 3098 1479 3153 mentis
1502 3094 1773 3152 fortitudi-

1878 1913 1945 1966 ad
1975 1914 2278 1981 orientem,
2317 1925 2377 1970 ut
2419 1918 2471 1972 hi
2511 1920 2599 1988 qui
2638 1932 2977 1977 sacramenta
3017 1924 3137 1979 ﬁdei
3176 1925 3465 1981 inchoare-

1877 2012 2035 2068 runt,
2078 2012 2133 2058 et
2168 2005 2221 2059 in
2258 2006 2400 2061 nulla
2442 2011 2785 2077 postmodum
2817 2012 3066 2068 vitiorum
3097 2014 3466 2084 profunditatis

1875 2095 2106 2150 demersi
2135 2105 2279 2162 sunt,
2311 2097 2377 2152 ad
2424 2101 2617 2170 gaudia
2647 2111 2854 2157 secreta
2894 2106 3232 2173 perveniant.
3273 2106 3465 2162 Patent

1872 2198 2027 2257 porta
2052 2189 2118 2243 ad
2142 2191 2471 2260 aquilonem,
2498 2204 2554 2249 ut
2583 2195 2658 2259 hi,
2682 2197 2774 2264 qui
2797 2205 2918 2265 post
2946 2196 3343 2252 inchoationem
3373 2214 3462 2254 ca-

1874 2280 2005 2336 loris
2017 2290 2071 2336 et
2085 2280 2302 2338 luminis
2319 2284 2372 2339 in
2389 2295 2731 2355 peccatorum
2748 2303 2967 2343 suorum
2986 2288 3188 2360 frigore
3201 2298 3258 2345 et
3271 2290 3461 2346 obscu-

1875 2371 2035 2426 ritate
2072 2372 2276 2443 delapsi
2304 2382 2454 2441 sunt,
2486 2391 2583 2445 per
2621 2377 3090 2446 compunctionem
3129 2378 3458 2448 pmnitentim

1874 2463 1942 2517 ad
1970 2464 2182 2518 veniam
2213 2465 2465 2531 redeant,
2494 2476 2549 2521 et
2578 2482 2697 2536 quae
2722 2469 2795 2523 sit
2823 2469 3052 2523 interna:
3083 2470 3460 2527 retributionis

1872 2569 2000 2609 vera
2033 2554 2218 2609 laetitia
2249 2567 2596 2628 cognoscant.
2627 2560 2815 2614 Pateat
2848 2568 3005 2630 porta
3037 2561 3104 2615 ad
3134 2562 3411 2617 meridiem
3443 2603 3459 2628 ,

1873 2654 1932 2697 ut
1959 2643 2047 2708 hi,
2090 2645 2181 2714 qui
2227 2646 2432 2701 sanctis
2476 2644 2760 2704 desideriis
2798 2649 2851 2703 in
2893 2649 3187 2706 virtutibus
3226 2652 3455 2715 fervent,

1872 2732 2102 2802 spiritali
2133 2733 2406 2789 intellectu
2429 2737 2667 2805 quotidie
2688 2738 2882 2792 interni
2898 2738 3077 2810 gaudii
3092 2740 3347 2810 mysteria
3364 2756 3459 2810 pe-

1874 2832 2107 2878 netrent.
2129 2824 2272 2880 inter
2302 2827 2417 2881 bmc
2443 2836 2622 2882 autem
2643 2829 2814 2898 quaeri
2841 2837 3039 2899 potest,
3068 2844 3192 2884 cum
3224 2837 3461 2899 quatuor

1872 2910 2176 2981 huiusmodi
2202 2923 2387 2983 partes
2411 2917 2542 2982 sint,
2569 2933 2669 2972 cur
2692 2918 2747 2971 in
2777 2919 2881 2974 hoc
2904 2918 3136 2975 aedilicio
3160 2919 3287 2975 atrii
3309 2929 3460 2976 exte-

1826 3000 1829 3005 ’
1873 3001 2035 3056 rioris
2073 3017 2177 3056 non
2220 3016 2474 3073 quatuor,
2508 3008 2602 3062 sed
2642 3016 2752 3063 tres
2788 3017 2954 3079 portaI
2989 3024 3111 3066 esse
3147 3026 3456 3068 memorau-

1876 3097 1963 3144 tur
1993 3107 2009 3145 :
2040 3092 2183 3160 quod
2206 3103 2353 3148 recte
2378 3097 2725 3164 qumrendum
2755 3096 2950 3166 fuerat,
2987 3101 3034 3156 si
3060 3102 3322 3173 propheta
3349 3119 3458 3158 non

183 3214 311 3254 nem
337 3197 516 3261 liberi,
543 3211 638 3268 per
662 3194 947 3251 consilium
977 3192 1145 3254 cauti,
1170 3206 1270 3261 per
1295 3189 1623 3245 intellectum
1647 3188 1772 3256 pro-
1794 3187 1843 3249 C
1876 3181 2149 3250 spiritale,
2191 3185 2285 3239 sed
2323 3186 2604 3255 corporale
2643 3188 2930 3245 aedilicium
2965 3191 3207 3248 vidisset.
3259 3192 3459 3249 Sancta

181 3292 331 3358 vidi,
370 3306 470 3361 per
506 3290 823 3360 sapientiam
855 3287 1050 3342 maturi
1086 3306 1098 3341 :
1128 3286 1221 3342 sed
1253 3285 1428 3340 adhuc
1448 3283 1766 3353 quibusdam

181 3381 606 3438 necessitatibus
630 3379 869 3451 obligati,
889 3378 1049 3450 hujus
1074 3377 1256 3432 mundi
1283 3375 1427 3430 curis
1449 3374 1767 3438 inserviunt,

181 3482 238 3528 et
262 3474 408 3528 unde
430 3471 539 3541 jam
561 3486 625 3526 ex
648 3486 839 3543 magna
856 3479 1011 3541 parte
1030 3477 1386 3525 excusserunt
1406 3466 1668 3533 animum,
1695 3466 1768 3523 ibi

180 3563 366 3619 adhuc
396 3571 645 3616 tenentur
688 3560 840 3615 inviti
888 3578 901 3614 :
943 3573 1172 3629 cumque
1211 3557 1627 3627 superimposita
1664 3564 1771 3610 ter-

179 3670 333 3712 rente
357 3654 728 3725 occupationis
750 3660 969 3724 portant
989 3667 1176 3717 onera,
1201 3651 1379 3706 minus
1406 3650 1460 3705 in
1488 3647 1771 3719 praeceptis

181 3745 501 3802 celestibus
527 3753 869 3808 exercentur,
903 3740 1160 3797 anhelare
1189 3738 1495 3795 medullitus
1521 3739 1587 3792 ad
1614 3747 1771 3792 mter-

179 3850 314 3892 nam
339 3832 572 3904 patriam
603 3848 711 3888 non
740 3840 912 3894 vacat,
945 3832 1061 3902 ipsa
1096 3830 1151 3885 in
1176 3831 1255 3886 eis
1281 3844 1378 3885 suo
1404 3830 1585 3899 aliquo
1612 3828 1770 3882 modo

184 3924 457 3980 desideria
488 3923 837 3994 languescunt.
866 3941 879 3977 :
911 3923 1035 3993 quia
1069 3921 1249 3976 animo
1282 3921 1427 3976 curis
1464 3918 1773 3989 temporali-

184 4019 294 4073 ltns
310 4016 642 4086 praepedito,
657 4031 784 4070 vera
809 4005 1022 4086 gaudia,
1037 4029 1157 4084 qua:
1176 4013 1425 4084 cognovit
1445 4026 1629 4066 amare
1654 4020 1772 4065 tan-

187 4117 306 4160 tum
335 4121 440 4160 non
466 4105 623 4170 licet,
650 4112 912 4176 quantum
942 4104 1092 4159 libet.
1134 4103 1200 4157 Hi
1237 4103 1553 4172 plerumque
1586 4115 1615 4154 a
1641 4100 1771 4171 jugo

186 4196 377 4251 mundi
403 4183 543 4251 colla
575 4197 772 4251 mentis
796 4196 1106 4260 excutiunt,
1137 4195 1316 4249 omnia
1345 4194 1631 4257 deserunt,
1665 4200 1768 4246 ter-

186 4305 341 4344 rens:
365 4305 507 4344 curae
539 4290 776 4359 pondera
805 4288 1078 4358 deponunt
1108 4304 1122 4340 :
1153 4295 1314 4356 atque
1349 4294 1410 4339 ut
1447 4285 1514 4339 ad
1550 4284 1771 4340 cmieSte

187 4380 521 4437 desiderium
549 4381 710 4437 latius
738 4380 902 4435 animi
937 4381 1114 4435 sinum
1153 4379 1367 4444 laxent,
1397 4378 1563 4431 vitam
1594 4389 1768 4431 remo-

188 4482 303 4527 tam
331 4480 523 4543 petunt
551 4491 564 4526 :
597 4481 650 4527 et
681 4472 734 4526 in
761 4487 823 4526 ca
850 4470 1049 4526 sanctis
1073 4470 1325 4541 precibus
1357 4466 1567 4532 intenti,
1600 4466 1770 4521 sacris

184 4561 633 4618 meditationibus
664 4560 849 4627 dediti,
877 4558 1188 4629 qumidiano
1208 4573 1266 4613 se
1293 4555 1416 4612 ﬂetu
1435 4556 1693 4621 alliciunt,
1715 4564 1770 4611 et

184 4659 517 4708 vetustatem
544 4651 722 4706 cordis
746 4652 868 4721 igne
890 4648 1091 4704 amoris
1114 4646 1368 4710 conﬂant,
1390 4656 1551 4715 atque
1571 4646 1638 4699 ad
1661 4661 1771 4701 ete-

182 4744 327 4799 lcste
346 4740 599 4814 gaudium
620 4740 962 4796 accendendo
982 4753 1040 4794 se
1061 4738 1340 4792 innovant.
1356 4736 1421 4790 lli
1447 4738 1625 4806 itaque
1647 4751 1769 4791 cum

183 4851 216 4889 a
251 4836 425 4904 portis
452 4832 809 4887 exterioribus
829 4846 996 4900 usque
1024 4830 1090 4884 ad
1117 4828 1424 4900 interiorem
1446 4836 1654 4898 portam
1676 4840 1771 4896 per

184 4926 319 4981 boui
371 4923 536 4979 studii
579 4923 783 4977 atrium
830 4920 1170 4986 diﬂ'eruntur,
1216 4919 1320 4974 hoc
1366 4918 1542 4988 ipsum
1588 4918 1642 4970 in
1689 4917 1770 4971 eis

183 5016 393 5071 atrium
423 5020 638 5068 centum
673 5011 870 5067 cubitis
913 5017 1259 5065 meusuratur
1298 5021 1314 5062 :
1350 5007 1477 5078 quia
1517 5004 1773 5060 dilatione

184 5115 243 5164 et
258 5104 522 5161 exercitio
549 5103 603 5159 in
634 5112 819 5158 sancta
839 5100 1079 5172 quotidie
1107 5098 1437 5170 perfectione
1458 5095 1767 5169 proficiunt,

182 5211 291 5268 per
313 5193 629 5264 quotidiana
643 5191 909 5248 desideria
931 5191 985 5245 in
1012 5199 1244 5245 mentem
1272 5188 1480 5260 perlici,
1505 5196 1590 5244 est
1614 5187 1768 5259 quasi

185 5295 412 5343 centum
449 5285 645 5341 cubitis
680 5283 906 5339 interius
945 5283 1141 5336 atrium
1195 5279 1515 5335 mensurari.
1565 5277 1770 5333 Idcirco

181 5390 323 5450 ergo
356 5392 388 5431 a
429 5377 599 5446 portis
624 5390 797 5445 usque
835 5373 905 5429 ad
937 5381 1148 5443 portam
1180 5378 1393 5426 centum
1423 5376 1547 5424 sunt
1579 5368 1768 5432 cubiti,

182 5480 252 5525 nt
274 5469 432 5539 quasi
458 5468 704 5538 quaedam
734 5480 885 5522 mora
912 5463 1074 5520 eundi
1109 5460 1178 5519 sit
1220 5461 1337 5533 ipsa
1370 5460 1556 5516 dilatio
1588 5459 1770 5514 viven-

184 5561 282 5623 di,
312 5576 412 5631 per
439 5575 603 5630 quam
622 5557 862 5630 quotidie
889 5556 944 5611 in
973 5553 1266 5609 virtutibus
1291 5552 1578 5617 creScitur,
1611 5560 1671 5605 ut
1702 5549 1772 5604 ad

185 5651 506 5709 interiorem
550 5650 754 5704 aditum
783 5646 1072 5717 perfectius
1102 5644 1467 5714 perveniatur.
1499 5641 1771 5711 Sequitur.

278 5790 291 5801 .
319 5742 386 5797 Et
411 5742 565 5798 duxit
596 5755 681 5796 mc
722 5741 789 5795 ad
826 5739 968 5794 viam
1003 5735 1292 5791 australem
1312 5774 1329 5798 ,
1352 5743 1409 5787 et
1440 5747 1566 5787 ecce
1595 5740 1773 5801 porta,

1871 3273 2018 3327 enim
2040 3273 2300 3340 Ecclesia,
2319 3275 2374 3329 id
2393 3284 2478 3332 est
2497 3279 2739 3348 spiritale
2755 3282 3064 3350 aediﬁcium,
3084 3294 3143 3339 ut
3160 3287 3226 3340 ad
3248 3299 3455 3342 secreta

1871 3364 2063 3434 gaudia
2084 3365 2374 3434 pertingat,
2402 3374 2512 3422 tres
2536 3368 2871 3426 solummodo
2894 3381 3080 3441 portas
3108 3374 3287 3440 habet,
3309 3378 3458 3431 vidc-

1871 3452 1997 3508 licet
2026 3453 2207 3521 tidem,
2238 3470 2389 3524 spem
2411 3464 2575 3527 atque
2595 3459 2913 3515 charitatem
2947 3476 2963 3516 :
2998 3478 3161 3517 unam
3184 3465 3251 3520 ad
3275 3467 3459 3521 orien-

1872 3553 2001 3610 tem,
2018 3545 2180 3600 aliam
2201 3547 2270 3601 ad
2291 3547 2624 3617 aquilonem,
2644 3550 2856 3605 tertiam
2874 3552 2942 3607 ad
2965 3554 3267 3609 meridiem.
3294 3554 3457 3611 Porta

1871 3637 2066 3707 quippe
2099 3637 2150 3691 in
2176 3641 2384 3693 oriente
2411 3648 2494 3694 est
2524 3640 2656 3696 fides
2688 3659 2701 3695 :
2732 3642 2860 3711 quia
2886 3658 2983 3713 per
3011 3644 3181 3714 ipsam
3211 3644 3298 3699 lux
3325 3663 3456 3703 vera

1872 3730 2113 3783 nascitur
2148 3728 2202 3783 in
2233 3738 2433 3785 mente.
2472 3730 2636 3789 Porta
2676 3733 2744 3788 ad
2783 3733 3088 3804 aquilonem
3127 3751 3250 3806 spes
3280 3754 3292 3789 :
3325 3739 3454 3808 quia

1872 3823 2239 3892 unusquisque
2271 3823 2324 3877 in
2347 3824 2584 3893 peccatis
2608 3825 2834 3894 positus,
2866 3826 2910 3880 si
2935 3826 3003 3881 de
3022 3827 3175 3881 venia
3208 3829 3461 3900 despera-

1870 3912 2031 3977 verit,
2048 3910 2288 3969 funditus
2301 3913 2442 3983 perit
2464 3932 2478 3966 :
2499 3914 2639 3968 unde
2652 3929 2872 3970 necesse
2892 3924 2977 3971 est
2995 3924 3054 3971 ut
3068 3917 3160 3987 qui
3181 3933 3279 3988 per
3298 3936 3454 3975 suam
3522 3943 3533 3954 ε

1871 4002 2207 4073 iniquitatem
2223 4003 2525 4060 exstinctus
2542 4013 2649 4071 est,
2672 4020 2771 4076 per
2788 4021 2937 4076 spem
2963 4007 3349 4066 misericordia:
3372 4028 3461 4067 rc-

1870 4094 2114 4150 viviseat.
2144 4094 2309 4151 Porta
2336 4096 2402 4150 ad
2435 4099 2714 4154 meridiem
2736 4139 2751 4165 ,
2784 4099 3025 4155 charitas
3044 4140 3060 4167 ,
3088 4102 3215 4171 quia
3240 4104 3295 4163 in
3330 4104 3456 4176 igne

1871 4187 2072 4241 amoris
2095 4186 2267 4242 ardet.
2294 4186 2350 4241 1n
2373 4188 2668 4244 meridiana
2691 4190 2886 4245 etenim
2912 4200 3068 4259 porta
3090 4192 3169 4245 sol
3202 4192 3253 4245 in
3284 4192 3453 4255 altum

1870 4276 2105 4341 ducitur,
2126 4277 2249 4346 quia
2278 4292 2375 4348 per
2387 4279 2901 4335 charitatemlumen
2917 4279 3039 4334 iidci
3061 4281 3113 4333 in
3137 4279 3235 4334 Dei
3255 4289 3311 4334 et
3329 4298 3456 4350 pro-

1869 4368 2003 4422 ximi
2042 4367 2331 4423 dilectione
2367 4369 2699 4424 sublevatur.
2740 4369 2933 4423 Tribus
2970 4370 3135 4440 igitur
3171 4371 3342 4439 portis
3384 4374 3453 4426 ad

1872 4459 2098 4516 interius
2127 4462 2327 4517 atrium
2370 4464 2626 4528 tenditur,
2670 4462 2793 4531 quia
2827 4476 2923 4531 per
2962 4461 3119 4517 tidem
3146 4502 3165 4523 .
3204 4477 3352 4534 spem
3395 4472 3455 4519 et

1870 4549 2193 4605 charitatem
2230 4554 2300 4606 ad
2340 4552 2533 4623 gaudia
2566 4559 2774 4607 secreta
2800 4552 3140 4621 perveniunt.
3167 4553 3285 4614 Alia
3314 4570 3429 4624 quo

1870 4654 1976 4709 que
2010 4643 2236 4711 quastio
2261 4643 2453 4708 oritur,
2489 4658 2589 4697 cur
2616 4650 2772 4711 porta
2802 4643 2924 4696 atrii
2962 4642 3237 4700 interioris
3274 4647 3452 4716 posita

1871 4740 2059 4786 contra
2100 4743 2313 4802 portam
2347 4734 2569 4789 orientis
2606 4742 2660 4788 et
2699 4734 2968 4803 aquilonis
2997 4736 3223 4804 dicitur,
3264 4748 3320 4794 et
3355 4754 3455 4795 au-

1872 4822 2056 4878 stralis
2080 4830 2257 4893 porta,
2284 4824 2371 4878 cui
2400 4832 2583 4893 pateat
2604 4824 2841 4878 tacetur?
2868 4824 2975 4881 Sed
2994 4826 3120 4897 quia
3141 4843 3241 4897 per
3262 4832 3448 4887 orien-
3530 4848 3536 4853 '

1875 4920 1985 4967 tem
2022 4913 2452 4979 inchoationem,
2492 4929 2590 4985 per
2629 4915 2935 4984 aquilonem
2972 4916 3183 4987 lapsum
3211 4920 3454 4978 diximus

1872 5001 2162 5072 designari,
2197 5003 2416 5073 dignum
2446 5004 2576 5071 fuit,
2600 5014 2661 5061 ut
2686 5006 2770 5060 vel
2799 5006 3304 5077 dra-inchoantibus,
3330 5014 3455 5081 qui-

1872 5095 1975 5150 bus
2003 5096 2179 5151 adhuc
2203 5095 2283 5151 sol
2308 5095 2362 5150 in
2391 5104 2574 5166 tepore
2602 5104 2712 5160 est,
2744 5095 2830 5151 vel
2852 5097 3015 5153 etiam
3040 5098 3107 5156 de
3132 5100 3323 5169 lapsis,
3354 5103 3451 5157 sed

1874 5199 1972 5256 per
2029 5185 2439 5240 conversionem
2488 5186 2839 5241 redeuntibus
2863 5226 2876 5250 ,
2937 5196 3120 5257 aperte
3177 5189 3450 5245 diceretur

1876 5276 2019 5345 quod
2046 5276 2124 5330 eis
2151 5284 2308 5346 porta
2342 5275 2464 5330 atrii
2504 5276 2778 5331 interioris
2811 5287 2992 5347 pateat
3033 5296 3047 5332 :
3086 5287 3350 5348 quatenus
3377 5295 3446 5334 ex

1876 5366 2007 5436 ipsis
2026 5381 2122 5421 nos
2148 5376 2326 5421 certos
2351 5364 2581 5431 faceret,
2607 5367 2673 5421 de
2693 5368 2890 5437 quibus
2913 5368 3147 5424 dubitari
3174 5376 3444 5439 potuerat.

1878 5460 1990 5515 Hoc
2010 5468 2191 5514 autem
2212 5459 2278 5514 de
2306 5468 2462 5530 porta
2483 5460 2706 5515 australi
2731 5460 3014 5517 dicendum
3035 5476 3142 5517 non
3162 5471 3300 5528 erat,
3322 5464 3449 5533 quia

1877 5566 1971 5607 eos
1996 5551 2063 5607 ad
2090 5550 2283 5621 gaudia
2308 5551 2521 5606 interna
2549 5552 2855 5623 pertingere
2872 5593 2888 5618 ,
2917 5552 3008 5621 qui
3044 5550 3259 5609 fervore
3286 5554 3448 5625 spiri-

1879 5650 1965 5699 tus
1991 5643 2045 5697 in
2062 5641 2351 5701 virtutibus
2362 5651 2702 5711 permanent,
2718 5642 2898 5699 nullus
2918 5644 3147 5714 ignorat.
3166 5644 3445 5715 Sequitur.

1952 5729 2068 5789 (Et
2093 5734 2294 5791 czelatze
2333 5734 2524 5805 palma:
2549 5743 2726 5803 erant,
2759 5751 2864 5792 una
2894 5736 3015 5792 hinc
3042 5745 3099 5793 et
3124 5737 3292 5797 altera
3323 5738 3449 5798 inde
