3972 6184
495 371 631 430 ⁸958

531 506 552 540 ι
588 487 644 543 in
667 482 846 541 fronte
868 477 1001 549 eius.
1026 469 1307 548 (Ηίποη.)
1340 488 1360 523 ο
1390 467 1520 523 Dum
1543 476 1760 535 quoque
1783 457 1976 530 palma:
1994 468 2113 549 cae-
2136 450 2189 513 A

526 559 683 642 lane,
713 575 779 630 de
812 543 1006 641 quibus
1040 543 1096 622 in
1138 556 1549 633 septentrionali
1583 554 1741 625 plaga
1777 556 1948 621 portae
1977 543 2110 601 disi-

529 639 677 731 mus,
696 673 751 721 et
778 639 881 718 hoc
914 665 1119 715 tantum
1142 651 1488 710 admonuisse
1510 645 1767 708 sufﬁciat.
1794 639 1937 712 quod
1964 651 2113 707 qua:-

529 730 741 825 cnnque
771 752 843 808 ibi
874 755 1178 821 ponuntur,
1217 743 1375 813 juxta
1410 736 1821 809 intelligentiam
1846 730 2111 792 viliorem,

530 849 634 903 hoc
656 819 773 909 est,
794 819 951 912 iusta
1000 840 1237 894 litteram
1267 836 1320 890 in
1349 831 1649 888 meridiana
1678 834 1831 898 porta
1861 819 2117 890 intelligi-

530 952 674 1002 mus,
694 933 850 1004 juxta
874 929 1172 1003 spiritalem
1197 940 1416 981 sensum
1451 941 1466 977 :
1492 921 1680 976 iisdem
1706 916 1853 972 enim
1877 911 2035 968 lineis
2062 916 2118 964 et

533 1001 760 1082 historia
783 1001 952 1079 currit
974 1029 1028 1075 et
1053 1015 1371 1086 tropologia,
1388 1012 1485 1067 sed
1506 1010 1594 1065 illa
1617 1006 1993 1066 buutiliorest,
2016 1001 2119 1055 ista

532 1120 836 1178 sublimior.
859 1116 952 1170 llla
972 1115 1140 1169 lueret
1162 1122 1341 1171 terrae,
1370 1107 1471 1160 ista
1496 1104 1565 1158 ad
1587 1098 1827 1156 coalestia
1851 1092 2118 1151 subvolat.

613 1231 632 1263 ι
666 1211 733 1265 Et
768 1210 823 1263 in
860 1206 1091 1261 circuitu
1131 1217 1227 1272 per
1268 1200 1531 1253 fenestras
1559 1199 1755 1248 cuncta
1783 1186 1941 1258 plena
1965 1189 2124 1239 erant

536 1304 778 1362 luminis.
821 1320 840 1353 ι
890 1296 1109 1366 Singula
1148 1294 1292 1349 enim
1336 1288 1576 1367 πρόϐατα
1625 1283 1828 1337 habent
1859 1274 2126 1332 terminos

540 1410 700 1459 suos,
735 1401 790 1447 et
818 1364 1094 1459 proprium
1130 1399 1227 1455 per
1264 1382 1354 1436 illa
1380 1364 1459 1434 ad
1484 1376 1723 1431 animam
1750 1366 2022 1426 credentis
2047 1364 2129 1419 lu—

543 1503 665 1541 men
706 1456 1005 1554 ingreditur
1047 1494 1061 1533 :
1096 1474 1396 1547 prmsertim
1443 1469 1489 1524 si
1532 1464 1807 1535 longitudo
1853 1461 1977 1515 vita:
2013 1456 2130 1527 ejus

544 1572 992 1649 quinquagenarii
1022 1568 1147 1624 anui
1166 1608 1181 1633 ,
1211 1567 1311 1620 hoc
1341 1572 1455 1627 est,
1492 1556 1700 1615 Jubilaei
1729 1550 1987 1624 mysterio
2016 1546 2132 1609 fue—

543 1675 617 1729 rit
644 1669 906 1742 protelata
927 1706 942 1728 ,
972 1672 1027 1719 et
1052 1661 1120 1715 ad
1149 1654 1433 1714 divinioris
1456 1665 1649 1707 sensus
1676 1643 2010 1700 latitudinem
2035 1653 2133 1707 po—

545 1732 710 1818 tuerit
732 1758 1038 1830 pervenire.
1070 1753 1127 1807 ln
1154 1765 1258 1820 qua
1287 1743 1570 1801 latitudine
1605 1749 1661 1793 et
1686 1736 1878 1808 plateis
1911 1732 2022 1802 agit
2048 1745 2135 1785 sa-

550 1809 820 1830 """"r'—
848 1809 951 1813 "”'
1003 1809 1007 1810 '
1172 1809 1186 1820 ι

547 1858 749 1931 pientia
786 1850 1152 1911 confidenter,
1190 1852 1245 1899 et
1282 1856 1407 1896 cum
1444 1834 1664 1893 sublimi
1700 1845 1833 1887 voce
1866 1826 2134 1887 clamitat,
2162 1809 2210 1869 Β
2237 1821 2334 1875 Pro

1043 1926 1049 1931 “
1387 1930 1394 1931 ί
1844 1918 1855 1928 θ
1900 1924 1911 1931 -
2005 1914 2017 1931 I
2050 1926 2109 1931 μ-
2239 1909 2334 1931 mu

551 1914 867 2019 septemque
905 1926 1160 2013 gradibus
1193 1930 1523 2004 ingreditur,
1556 1933 1615 1979 ut
1639 1918 1919 1993 perveniat
1953 1914 2022 1969 ad
2050 1926 2139 1967 ve-

555 2011 836 2098 stibulum,
864 2011 927 2087 et
947 2044 1044 2099 per
1072 2024 1278 2095 palmas
1308 2015 1570 2089 propositi
1610 2012 1695 2066 sui
1729 2017 1891 2077 atque
1913 2011 2141 2058 conatus

553 2128 838 2186 victoriam
887 2127 1070 2176 teneat
1123 2112 1529 2183 sempiternam.
1588 2104 1655 2157 Et
1706 2116 1774 2154 ne
1827 2104 2142 2168 putaremus

556 2235 723 2277 unum
746 2228 867 2271 esse
892 2212 959 2267 ad
987 2204 1277 2263 australem
1307 2210 1517 2270 partem
1545 2193 1742 2248 atrium
1762 2230 1776 2255 ,
1808 2188 1873 2243 de
1906 2182 2142 2241 secundo

557 2311 759 2367 dicitur
778 2303 938 2367 atrio,
969 2310 1023 2356 et
1050 2307 1221 2368 porta:
1245 2292 1367 2348 atrii
1396 2285 1672 2344 interioris
1696 2283 1747 2337 in
1778 2280 1863 2333 via
1894 2272 2141 2337 australi,

553 2411 614 2458 et
640 2412 860 2455 mensus
891 2364 933 2448 av
956 2364 1112 2461 porta
1143 2402 1312 2456 usque
1348 2383 1418 2437 ad
1457 2387 1671 2451 portam
1703 2375 1757 2429 in
1796 2371 1883 2426 via
1921 2364 2144 2423 australi

560 2503 778 2553 centum
807 2488 1020 2545 cubitus
1046 2502 1060 2538 :
1092 2491 1151 2537 ut
1180 2488 1302 2551 post
1337 2469 1688 2531 hebdomadis
1716 2474 1770 2522 et
1797 2456 2146 2519 instrumenti

564 2582 781 2640 Veteris
809 2580 1180 2637 sacramenta,
1212 2567 1295 2624 ad.
1315 2576 1515 2622 terram
1542 2561 1740 2615 bonam
1778 2562 1835 2609 et
1868 2545 2146 2618 Evangelii

563 2673 792 2747 gratiam
818 2664 1143 2739 perveniret.

636 2728 842 2836 (Gr-egi)
869 2758 1009 2826 Quid
1039 2764 1123 2812 est
1150 2754 1254 2809 hoc
1272 2790 1288 2816 ,
1313 2747 1457 2818 quod
1489 2742 1640 2815 prius
1675 2738 1728 2794 in
1754 2733 2039 2836 frontibps
2064 2728 2150 2799 pi-

564 2821 722 2910 cttira
746 2821 1068 2922 palmarum,
1093 2858 1237 2898 nunc
1261 2848 1439 2894 autem
1462 2833 1669 2907 caelatis
1684 2826 1873 2900 palma:
1896 2823 1950 2878 in
1975 2821 2153 2876 fronte

567 2961 691 3003 esse
721 2938 1122 3017 memorantur?
1162 2935 1217 2988 In
1261 2931 1513 2986 ca’latura
1553 2924 1752 2994 quippe
1788 2916 2027 2987 lapidum
2053 2926 2152 2967 ex-

568 3050 765 3109 pressa
789 3012 911 3088 esse
945 3042 1110 3098 opera
1143 3024 1412 3079 videntur.
1444 3016 1570 3081 Sed,
1603 3015 1740 3069 sicut
1761 3010 1875 3080 jam
1901 3003 2155 3075 superius

578 3129 843 3190 diximus,
882 3123 1093 3193 pictura
1130 3114 1427 3187 palmarum
1460 3116 1545 3162 est
1579 3101 1819 3160 ostensio
1855 3098 2153 3169 signorum.

1193 356 1256 414 Β.
1296 351 1552 412 RABANI
1588 345 1812 409 MAURl
1851 334 2178 399 ARCIIIEP.
2218 328 2529 390 MOGUNT.
2565 322 2853 385 OPERUM
2893 318 3073 377 PARS
3109 318 3176 373 ῐῐ.

3698 312 3794 368 956

2217 455 2331 502 stre
2359 442 2596 515 palmam
2626 439 2789 495 habet
2833 437 2881 492 is
2914 448 3077 505 quem
3123 430 3350 489 adversa
3380 440 3492 482 non
3523 424 3798 493 deﬁciunt.

2212 535 2378 605 Quasi
2402 550 2470 593 ex
2488 542 2718 601 utraque
2737 538 2891 599 parte
2913 525 3166 598 portabat
3183 520 3381 576 Paulus
3401 517 3665 589 palmam,
3684 532 3801 573 cum

2213 627 2423 683 diceret
2451 640 2466 679 :
2501 641 2521 675 ι
2548 622 2653 678 Per
2679 635 2832 676 arma
2856 616 3084 687 justitia‘
3108 630 3140 669 a
3167 610 3377 669 dextris
3403 619 3461 664 et
3480 625 3511 663 a
3551 608 3803 672 sinistris,

2214 732 2314 788 per
2332 713 2560 786 gloriam
2579 718 2635 765 et
2663 708 3073 782 ignobilitatem,
3100 720 3199 776 per
3222 700 3502 759 infamiam
3530 708 3588 755 et
3615 699 3805 775 bonum

2216 772 2451 871 famam,
2482 811 2543 859 ut
2575 772 2894 858 seductorcs
2918 808 2972 852 et
3003 772 3227 852 veraces
3253 791 3303 863 (1
3310 791 3338 846 1
3363 789 3487 846 Cor.
3520 787 3617 860 vi).
3649 772 3675 840 ι’
3700 788 3806 842 Non

2218 899 2364 953 hunc
2401 895 2628 951 adversa
2672 890 3027 962 frangebant,
3074 900 3182 941 non
3221 894 3487 954 prospera
3526 879 3580 933 in
3619 878 3808 932 mentis

2222 998 2433 1043 tumore
2459 981 2833 1041 sublevabant.
2866 977 3005 1033 llinc
3030 986 3086 1032 et
3112 975 3241 1030 hinc
3262 987 3393 1043 ergo
3421 970 3676 1042 gestabat
3704 968 3808 1039 pal-

2222 1094 2392 1143 mam,
2419 1077 2547 1148 quia
2567 1075 2701 1131 etin
2735 1070 3063 1127 adversitate
3093 1067 3265 1131 fortis,
3297 1065 3429 1119 etin
3457 1060 3809 1132 pr05peritate

2225 1169 2448 1228 humilis
2472 1165 2848 1239 permanebat.
2879 1158 3136 1232 Quisquis
3162 1157 3311 1213 enim
3335 1155 3401 1210 de
3424 1152 3705 1226 prosperis
3730 1166 3812 1206 ex-

2229 1261 2465 1325 tollitur,
2503 1257 2707 1313 habere
2744 1254 2796 1308 in
2847 1260 3000 1322 parte
3042 1250 3265 1304 dextera
3301 1244 3537 1318 palmam
3582 1242 3757 1297 nescit
3796 1255 3811 1292 :

2227 1349 2473 1423 quisquis
2501 1347 2555 1402 in
2592 1343 2922 1421 adversitate
2954 1338 3250 1410 frangitur,
3278 1342 3499 1405 portare
3521 1331 3757 1402 palmam
3784 1345 3813 1382 a

2231 1422 2453 1497 sinistro
2490 1438 2663 1493 latere
2702 1435 2936 1507 ignorat.
2973 1430 3042 1487 Ut
3074 1444 3203 1503 ergo
3238 1427 3367 1482 hinc
3400 1436 3456 1479 et
3491 1424 3618 1480 inde
3643 1422 3815 1492 palma

2233 1538 2473 1605 gestetur
2507 1529 2561 1583 in
2592 1526 2803 1591 fronte,
2840 1524 3031 1579 adesse
3066 1534 3281 1590 semper
3312 1515 3514 1571 nostris
3553 1513 3819 1568 utentibus

2234 1626 2412 1690 debet,
2443 1632 2499 1679 et
2530 1622 2584 1677 in
2617 1618 2861 1675 adversis
2887 1616 3082 1672 fiducia
3101 1655 3116 1679 ,
3153 1621 3207 1669 et
3233 1613 3285 1667 in
3314 1609 3593 1681 prosperis
3617 1606 3817 1661 timor:

2238 1731 2307 1771 ne
2346 1722 2440 1769 aut
2482 1712 2711 1766 adversa
2762 1709 2816 1763 in
2866 1704 3299 1776 desperationem
3335 1700 3699 1771 pertrahunt,
3737 1704 3823 1749 aut

2339 1818 2495 1874 spera
2523 1799 2762 1854 animum
2805 1797 2858 1851 in
2898 1796 2980 1850 sui
3020 1793 3215 1848 ﬁducia
3244 1789 3528 1846 extollant.
3566 1787 3705 1842 Hinc
3748 1795 3825 1841 est

2239 1874 2384 1964 quod
2433 1892 2573 1947 idem
2626 1887 2876 1959 egregius
2914 1880 3235 1955 praedicator
3263 1880 3523 1935 dicebat:
3562 1896 3580 1928 ι
3623 1874 3749 1931 Scio
3776 1883 3826 1929 et

2241 1980 2537 2045 humiliari,
2563 1978 2678 2034 scio
2703 1985 2758 2032 et
2787 1974 3061 2030 abundare
3084 1969 3338 2043 (Philipp.
3365 1966 3474 2038 1v);
3509 1986 3529 2019 ι
3558 1966 3760 2035 ubique
3779 1972 3826 2017 et

2242 2076 2298 2131 in
2317 2073 2568 2128 oumibus
2583 2069 2859 2125 institutus
2870 2081 3011 2130 sum,
3026 2073 3080 2119 et
3097 2061 3279 2117 satiari
3301 2070 3355 2115 et
3374 2059 3587 2114 esurire
3599 2064 3656 2112 et
3669 2056 3825 2110 abun-

2244 2168 2408 2231 dare,
2434 2172 2488 2220 et
2508 2163 2791 2235 penuriam
2816 2160 2926 2231 pati
2958 2176 2972 2212 :
3010 2178 3027 2209 (
3066 2155 3258 2212 Omnia
3297 2168 3519 2224 possum
3552 2152 3608 2205 in
3647 2165 3711 2205 eo
3744 2149 3825 2218 qui

2245 2276 2333 2316 me
2366 2256 2641 2314 confortat
2668 2253 2879 2333 (10211.).
2916 2271 2936 2303 ι
2990 2248 3369 2319 Nunquidnam
3397 2260 3492 2300 ars
3530 2253 3615 2298 est
3656 2241 3824 2310 aliqua

2247 2349 2521 2409 humiliari
2570 2355 2625 2404 et
2653 2345 2951 2410 abundare,
2987 2340 3173 2398 satiari
3203 2350 3257 2397 et
3286 2339 3529 2401 esurire,
3561 2336 3827 2391 abundare

2248 2453 2303 2500 et
2338 2441 2622 2513 penuriam
2646 2440 2779 2510 pati,
2812 2448 2871 2494 ut
2900 2455 2998 2510 pro
3026 2451 3222 2508 magno
3262 2451 3319 2490 se
3346 2434 3490 2489 scire
3519 2432 3627 2485 ista
3659 2437 3829 2485 tantus

2247 2532 2575 2606 praedicator
2607 2529 2884 2585 insinuet?
2914 2543 3002 2583 ars
3028 2526 3249 2583 omnino
3275 2532 3331 2579 et
3368 2525 3508 2578 mira
3545 2520 3831 2590 discipline

2249 2621 2500 2690 scientia,
2537 2635 2658 2693 quas
2695 2627 2808 2675 toto
2841 2619 2998 2673 nobis
3024 2616 3204 2672 cordis
3233 2624 3315 2670 est
3342 2614 3538 2669 adnisu
3564 2611 3831 2667 discenda.

2251 2719 2424 2790 Quem
2464 2717 2610 2775 enim
2651 2712 2876 2787 penuria
2914 2727 3010 2767 sua
3049 2724 3157 2765 non
3208 2706 3425 2778 frangit,
3474 2721 3505 2761 a
3544 2704 3836 2777 gratiarum

2251 2817 2467 2873 actione
2490 2827 2598 2870 non
2631 2784 2896 2868 retrahit:
2921 2808 2975 2862 in
3010 2819 3192 2860 rerum
3227 2801 3607 2874 temporalium
3639 2784 3840 2855 deside-

2256 2908 2397 2965 rium
2431 2920 2541 2962 non
2579 2901 2844 2960 accendit.
2898 2898 3014 2954 Scit
3049 2895 3326 2955 humiliari
3356 2913 3369 2949 τ
3403 2895 3507 2951 hoc
3543 2892 3694 2949 enim
3732 2891 3841 2945 loco

2256 2996 2548 3070 Apostolus
2587 2991 2885 3056 humiliari,
2934 2989 3066 3045 dicit
3107 2987 3388 3058 penuriam
3429 2984 3662 3056 perpeti.
3714 2982 3840 3037 Nam

2260 3090 2447 3146 statim
2472 3102 2505 3144 e
2526 3085 2799 3142 contrario
2841 3079 3118 3150 subjunxit
3147 3098 3160 3133 :
3200 3096 3218 3128 ‹
3241 3076 3368 3133 Scio
3408 3085 3466 3132 et
3497 3076 3795 3131 abundare.
3821 3092 3837 3124 ι

578 3164 843 3190 ωλι-...μη
885 3164 1093 3193 ιη.---
1130 3164 1317 3187 ,______
1907 3164 1931 3169 ν

576 3221 730 3276 Nunc
756 3230 887 3273 vero
909 3211 1164 3269 caelatura
1196 3204 1497 3276 palmarum
1532 3198 1764 3261 dicitur,
1803 3199 1864 3247 ut
1895 3191 2159 3246 bonorum
2186 3165 2234 3230 C
2264 3179 2366 3248 Qui
2395 3178 2540 3234 enim
2567 3174 2805 3244 acceptis
2842 3172 3004 3227 rebus
3040 3185 3148 3223 non
3186 3167 3483 3231 extollitur,
3524 3167 3616 3234 qui
3652 3180 3751 3220 eas
3786 3164 3845 3218 ad

2184 3270 2191 3276 '
2666 3265 2677 3276 ι
2749 3264 2760 3276 .
2973 3261 2984 3273 .
3034 3268 3073 3276 ,γ
3107 3274 3150 3276 η
3202 3267 3243 3276 Α.
3311 3257 3389 3276 ΜΛ
3427 3255 3569 3276 *ΛΞ-Δ
3601 3270 3705 3276 *Α*
3736 3270 3821 3276 --⁸

576 3255 730 3276 ιηιιιυ
765 3255 886 3273 πνιν
911 3255 1164 3269 νυνι-...υν-
1196 3255 1391 3276 ,νη-πηνκ
1452 3255 1459 3257 ἡ
1749 3255 1760 3261 ⁷

576 3324 801 3382 operum
836 3298 1226 3362 demonstratio
1249 3294 1580 3364 designetur.
1606 3287 1742 3358 Ipsis
1763 3282 1908 3340 enim
1937 3270 2191 3336 summis'
2265 3286 2421 3328 usum
2449 3282 2602 3334 vanae
2628 3264 2811 3337 gloria:
2837 3278 2943 3317 non
2972 3261 3265 3331 intorquet,
3302 3257 3395 3328 qui
3422 3255 3573 3311 solus
3601 3270 3710 3309 non
3733 3270 3847 3324 pos-

2069 3368 2082 3382 ι
2274 3364 2309 3382 ,9
2335 3364 2401 3382 Ι».
2436 3359 2571 3382 ---ΑΛ
2620 3355 2822 3382 Ληηηκιί
2890 3352 2982 3382 ιιι-ιλ
3016 3353 3115 3382 ΙιΛη
3142 3366 3261 3382 nllm
3301 3348 3669 3382 ἷηΑἷσηηΙΠ-ιιιε
3700 3346 3847 3382 mica.

577 3346 699 3382 υγυι
713 3346 801 3364 um
836 3346 1222 3362 uv-uv-----_---
1254 3346 1342 3351 ..-_
1371 3346 1398 3364 υ
1452 3346 1457 3347 ,
1514 3346 1522 3350 _
1630 3346 1648 3358 _

577 3395 1024 3474 praedicatoribus
1049 3391 1247 3447 dicitur
1274 3402 1290 3440 :
1330 3403 1350 3437 ι
1390 3383 1622 3439 Videant
1653 3391 1817 3449 opera
1858 3382 2039 3428 vestra
2069 3368 2165 3424 bo-
2267 3364 2407 3420 sidet
2430 3359 2575 3431 quod
2618 3355 2849 3426 accepit,
2890 3352 2985 3409 sed
3015 3353 3118 3408 hoc
3142 3366 3264 3406 cum
3300 3348 3673 3416 indigentibus
3700 3346 3849 3401 mise-

1780 3467 1791 3474 .
1827 3467 1839 3474 .
1992 3461 2023 3474 ..
2149 3467 2160 3474 .
2270 3453 2550 3474 ,,e--__n.-..
2595 3448 2779 3474 ,ιευειιει
2850 3446 2949 3474 ..ηερ
2999 3438 3273 3474 ηιπιπιΑη-η
3343 3440 3433 3474 nni
3483 3437 3724 3474 anne-nti:
3764 3436 3849 3474 ali-

583 3436 887 3474 ιΙΙαὲυΙυσισνι
902 3436 1023 3449 unus
1051 3436 1238 3447 u-v--——
1275 3436 1289 3440 -
1340 3436 1347 3437 κ
1410 3436 1418 3439 .
1438 3436 1474 3438 γὴ
1504 3436 1515 3437 γ
1688 3436 1707 3449 ⁵

583 3510 651 3549 na
674 3533 689 3558 ,
727 3498 783 3545 et
825 3485 1128 3560 glorificent
1154 3480 1368 3535 Patrem
1399 3481 1676 3535 vestrum,
1702 3467 1794 3538 qui
1827 3467 1881 3520 in
1906 3461 2059 3518 caelis
2082 3467 2167 3515 est
2268 3453 2550 3511 ricorditer
2590 3448 2812 3512 dividit,
2849 3446 2952 3501 scit
2998 3438 3293 3507 abundare,
3343 3440 3435 3509 qui
3482 3437 3725 3507 acceptis
3762 3436 3849 3489 ali-

2404 3548 2436 3560 "
2638 3559 2647 3560 κ
2680 3543 2694 3560 Ι
2721 3543 2732 3554 ⁸
2757 3538 3188 3560 νΑ----με.Α1εΑ-Α-ις
3217 3533 3421 3560 ..Λ-..ηερ
3452 3532 3626 3560 ..πίε-ιιι
3673 3530 3763 3560 εηφει
3790 3527 3844 3560 ηδ

580 3584 812 3659 (Matth.
844 3580 932 3654 v).
979 3597 997 3630 ι
1042 3575 1144 3643 Qui
1189 3572 1353 3642 igitur
1384 3568 1439 3621 in
1470 3565 1579 3621 vita
1614 3576 1712 3617 sua
1751 3560 2013 3628 impressa
2047 3565 2170 3607 esse

582 3689 773 3736 sancta
800 3688 962 3745 opera
992 3670 1395 3727 demonstrant,
1422 3658 1632 3731 palmas
1657 3654 1713 3709 in
1742 3652 1918 3707 fronte
1953 3645 2171 3702 cmlatas

586 3773 813 3833 habent,
854 3764 980 3835 quia
1028 3767 1231 3831 quanto
1272 3754 1392 3810 illos
1432 3752 1487 3806 in
1517 3755 1796 3819 posterum
1835 3738 2059 3796 victoria
2087 3749 2173 3790 se-

587 3863 809 3926 quatur,
829 3822 941 3920 jam
969 3822 1114 3902 nunc
1137 3844 1191 3898 in
1223 3838 1429 3897 sanctis
1446 3835 1559 3891 suis
1580 3830 1835 3903 eperibus
1858 3822 2171 3882 ostendunt.

593 3913 695 4004 {fel
722 3913 870 4001 certe
901 3940 1027 4010 quia
1058 3936 1216 3991 ﬁdem
1242 3947 1342 4002 per
1368 3926 1613 3990 orientis,
1664 3936 1814 3993 spem
1843 3932 1941 3990 per
1971 3913 2205 3984 aquilo-.

597 4038 710 4100 nis,
737 4005 1058 4088 charitatem
1086 4037 1216 4079 vero
1240 4036 1339 4092 per
1365 4015 1658 4076 australem
1690 4017 1899 4082 portam
1943 4005 2180 4061 diximus

590 4122 887 4196 designari.
911 4116 1216 4174 Notxndum
1240 4112 1394 4168 nobis
1415 4118 1515 4171 est.
1543 4108 1669 4177 quia
1695 4107 1748 4160 in
1777 4099 2004 4160 orientis
2023 4102 2182 4169 porta

596 4216 806 4286 pictura
836 4204 1229 4280 palmarum,in
1267 4199 1517 4270 aquilone
1556 4210 1686 4251 vero
1727 4201 1783 4249 et
1816 4188 2041 4246 meridie
2076 4198 2181 4241 cae-

598 4274 775 4361 latura
803 4274 927 4357 esSe
956 4294 1292 4368 perhibetur,
1330 4288 1457 4358 quia
1498 4284 1761 4355 contingit
1801 4294 1971 4350 saepe,
2009 4285 2069 4331 ut
2103 4274 2181 4338 hi,

606 4694 732 4740 ante
752 4674 1141 4750 omnipotentis
1168 4669 1263 4726 Dei
1294 4664 1479 4722 oculos
1511 4671 1691 4733 tegere
1721 4654 1966 4716 valeant,
1992 4650 2046 4704 in
2076 4661 2190 4702 ma-

609 4775 730 4847 gnis
751 4738 1005 4842 operibus
1024 4768 1383 4822 exercentur:
1414 4762 1471 4809 et
1488 4751 1577 4822 qui
1599 4749 1711 4819 jam
1736 4745 1948 4802 fervore
1970 4738 2193 4810 spiritus

612 4865 668 4919 in
695 4860 984 4917 virtutibus
1017 4855 1408 4913 excreverunt,
1436 4842 1594 4916 quasi
1633 4837 1889 4895 meridies
1912 4835 1965 4889 in
1992 4831 2197 4887 sanctis

613 4951 825 5010 actibus
841 4947 1210 5003 inardescunt.
1226 4941 1285 4996 ln
1305 4935 1534 4995 orientis
1554 4947 1682 5004 ergo
1695 4936 1846 5000 porta
1864 4926 2073 4997 pictura
2090 4930 2191 4986 est,

617 5045 674 5101 in
704 5039 975 5113 aquilonis
1003 5049 1132 5090 vero
1157 5039 1212 5088 et
1237 5026 1482 5085 uteridiei
1510 5023 1793 5083 celatura,
1826 5016 1952 5087 quia
1984 5013 2197 5083 signum

618 5103 892 5200 victoria,
928 5126 1073 5200 quod
1112 5128 1167 5181 in
1205 5121 1584 5180 inchoantibus
1620 5113 1958 5175 ostenditur,
2002 5106 2104 5161 hoc
2145 5103 2201 5157 in

617 5196 1018 5289 revertentibus
1041 5227 1203 5287 atque
1231 5212 1560 5270 ferventibus
1580 5210 1692 5282 jam
1717 5203 1941 5261 solidius
1965 5207 2020 5253 et
2047 5196 2205 5251 robu-

618 5321 760 5380 stius
780 5282 1013 5374 tenetur.
1035 5282 1342 5369 Notandum
1363 5314 1577 5375 quoque
1605 5307 1933 5367 magnopere
1953 5296 2037 5345 est
2062 5282 2209 5357 quod

622 5378 822 5472 dicitur
852 5427 867 5464 :
903 5423 924 5459 ι
961 5404 1090 5461 hinc
1127 5407 1184 5457 et
1218 5397 1360 5454 inde.
1394 5414 1413 5448 ι
1443 5393 1642 5449 Omnes
1667 5388 1810 5444 enim
1857 5382 1949 5454 qui
1986 5380 2053 5436 ad
2082 5378 2207 5433 vitae

622 5470 830 5564 aditum
855 5496 1151 5560 tendimus,
1182 5497 1239 5545 et
1262 5502 1331 5544 ex
1358 5486 1552 5542 dextro
1579 5489 1635 5537 et
1659 5478 1883 5534 sinistro
1915 5474 2082 5527 latere
2111 5470 2208 5525 ha-

624 5603 758 5659 bere
776 5595 1012 5670 palmam
1035 5589 1313 5647 debemus.
1344 5579 1496 5648 Quod
1517 5577 1661 5634 enim
1688 5574 1816 5630 hinc
1844 5578 1901 5626 et
1926 5567 2053 5624 inde
2076 5563 2211 5621 dici-

628 5657 743 5755 tur,
778 5657 923 5744 latus
954 5694 1251 5752 utrumque
1291 5675 1554 5745 signatur.
1600 5668 1647 5723 Α
1680 5668 1873 5723 dextro
1907 5662 2071 5733 igitur
2096 5657 2211 5729 pal-

633 5748 779 5837 mam
806 5780 971 5837 habet
998 5776 1046 5832 is
1073 5748 1232 5845 quem
1259 5779 1523 5841 prespera
1549 5775 1660 5818 non
1683 5756 1976 5821 extollunt;
2020 5767 2051 5807 a
2078 5748 2212 5807 siui-

2270 3548 2471 3606 mentis
2493 3561 2601 3602 non
2628 3543 2697 3598 ad
2720 3538 3192 3613 ingurgitationem
3217 3533 3426 3590 ventris
3452 3532 3644 3593 utitur,
3672 3530 3765 3585 sed
3789 3527 3847 3583 ad

2273 3637 2670 3710 reparationem
2698 3632 2938 3697 virtutis,
2978 3642 3077 3683 nec
3109 3627 3230 3698 plus
3268 3625 3419 3680 carni
3455 3622 3667 3687 tribuit,
3699 3633 3847 3690 quam

2274 3727 2569 3785 necessitas
2606 3724 2760 3795 petit.
2809 3721 2926 3776 Scit
2963 3717 3174 3782 satiari,
3202 3715 3293 3787 qui
3331 3714 3718 3769 alimentorum
3748 3711 3850 3764 ino—

2275 3820 2420 3891 piam
2461 3818 2580 3873 sine
2621 3811 3051 3871 murmuratione
3089 3809 3313 3872 tolerat,
3357 3821 3459 3861 nec
3494 3820 3598 3875 pro
3632 3800 3849 3858 necessi-

2279 3918 2394 3965 tate
2414 3908 2591 3964 victus
2612 3904 2725 3976 agit
2744 3902 2947 3973 aliquid
2964 3941 2980 3966 ,
3002 3900 3143 3955 unde
3170 3898 3349 3953 anima
3378 3894 3594 3967 peccati
3619 3894 3853 3963 laqueum

2279 4001 2543 4065 incurrat,
2581 3996 2687 4053 scit
2714 3994 2945 4050 esurire.
2993 3992 3166 4059 Quem
3196 4004 3348 4061 ergo,
3390 4003 3492 4043 nec
3516 3988 3572 4042 in
3598 3983 3854 4039 abundatr

2284 4093 2358 4148 tia
2395 4089 2647 4165 superbia
2684 4087 2880 4152 elevat,
2923 4097 3025 4139 nec
3049 4083 3104 4138 in
3132 4080 3460 4138 necessitate
3504 4075 3774 4147 cupiditas
3797 4073 3855 4125 ir-

2285 4159 2648 4250 ritat,'novit
2699 4176 3015 4240 abundare,
3062 4171 3213 4227 novit
3252 4169 3535 4240 penuriam
3585 4166 3722 4237 pati.
3768 4159 3853 4229 Qui

2285 4289 2409 4330 cum
2434 4272 2621 4329 statim
2653 4268 2911 4326 subderet
2940 4283 2960 4318 ι
2987 4264 3169 4320 omnia
3207 4276 3448 4332 possum,
3479 4279 3497 4311 ›
3534 4274 3607 4314 ne
3629 4254 3858 4312 elationis

2288 4381 2407 4421 esse
2423 4364 2586 4418 verba
2612 4361 2983 4423 crederemus,
3012 4354 3259 4425 adiunxit
3287 4353 3340 4408 in
3367 4367 3476 4422 quo
3498 4366 3513 4406 :
3549 4371 3568 4402 ι
3593 4352 3649 4405 in
3671 4364 3754 4413 eo,
3779 4344 3856 4417 qui

2291 4639 2458 4695 altum
2493 4635 2638 4690 enim
2675 4646 2904 4702 surgens
2940 4633 3246 4691 aresceret,
3280 4624 3327 4680 si
3366 4639 3424 4681 se
3461 4638 3494 4676 a
3530 4622 3717 4677 radice
3746 4615 3862 4673 divi-

2294 4731 2473 4787 sisset.
2525 4726 2637 4782 Sibi
2657 4724 2801 4780 enim
2829 4721 2907 4777 nil
2937 4719 3145 4783 tribuit,
3168 4715 3260 4786 qui
3288 4713 3474 4769 omnia
3506 4728 3570 4768 se
3590 4725 3746 4783 posse
3770 4721 3857 4762 non

2297 4825 2351 4879 in
2382 4837 2461 4888 se,
2492 4820 2585 4876 sed
2635 4818 2688 4872 in
2722 4831 2788 4872 eo
2825 4814 2918 4884 qui
2957 4827 3017 4868 se
3053 4808 3346 4872 confortat,
3391 4804 3617 4860 fatetur.
3654 4802 3780 4858 Hinc
3815 4803 3861 4850 et

2299 4913 2426 4970 inde
2450 4925 2577 4981 ergo
2603 4896 2926 4975 praedicator
2958 4900 3208 4974 egregius
3233 4896 3472 4969 palmam
3509 4895 3697 4958 habet,
3725 4901 3859 4961 qua!

2299 5018 2401 5059 nec
2422 4995 2749 5056 abundantia
2793 4995 2849 5049 in
2891 4992 3223 5065 superbiam,
3260 5002 3365 5044 nec
3397 4986 3585 5056 inopia
3613 4985 3683 5040 ad
3714 4978 3863 5038 avari-

2303 5100 2433 5155 tiam
2461 5093 2745 5167 pertrahit.
2784 5090 3069 5146 Discamus
3091 5086 3254 5158 igitur
3273 5082 3573 5148 abundare,
3617 5088 3679 5137 ut
3700 5081 3864 5134 cum

2305 5206 2425 5263 quas
2465 5189 2534 5244 ab
2573 5201 2639 5242 eo
2684 5182 2994 5252 accepimus
3021 5193 3145 5234 cum
3176 5173 3544 5246 indigentibus
3573 5169 3865 5242 partiamur.

2309 5260 2369 5337 ut
2397 5287 2632 5335 mentem
2656 5270 2987 5329 abundantia
3023 5282 3133 5323 non
3164 5264 3359 5329 elevet,
3397 5277 3467 5317 ne
3508 5260 3740 5315 fortasse
3759 5265 3869 5324 gall-

2309 5469 2421 5539 jam
2446 5437 2721 5520 communi
2756 5458 2921 5521 bono,
2962 5452 3058 5510 sed
3084 5449 3305 5522 proprio
3339 5447 3572 5501 lauetur.
3610 5442 3654 5495 Α
3686 5437 3873 5510 privato

2315 5514 2510 5632 gaudio
2542 5551 2754 5608 Veritas
2787 5548 2855 5602 ad
2878 5514 3167 5601 commune
3186 5514 3488 5609 discipulos
3515 5536 3747 5591 revocat,
3771 5536 3877 5579 cum

2316 5614 2411 5707 cos
2437 5647 2503 5703 de
2522 5639 2903 5717 praedicatione
2933 5634 3243 5698 redeuntes,
3266 5636 3321 5683 et
3346 5628 3413 5684 de
3441 5622 3768 5696 subiectione
3791 5614 3876 5667 da?-

2320 5705 2542 5798 monunl
2582 5738 2829 5793 nutantes
2865 5727 3154 5790 admonet,
3198 5721 3405 5778 dicens:
3430 5713 3641 5775 «Nolite
3677 5705 3877 5782 gaudere
3970 5712 3972 5727 '
