3972 6184
308 338 421 395 ςιδτ
994 339 1043 417 3

1236 336 1590 394 COMMENT.
1632 334 1699 389 IN
1737 332 2189 390 EZECHIELEM.
2230 363 2301 373 —-
2340 333 2469 388 LIB.
2511 333 2627 387 XV.

3487 332 3592 393 938

315 459 485 516 super
523 445 646 511 hoc,
672 445 766 499 sed
792 442 973 514 potius
998 443 1310 517 gaudeteet
1342 442 1626 507 exsultate,
1657 442 1785 513 quia
1808 457 1907 497 no-
1936 448 1984 505 Α
2015 456 2075 497 se
2100 440 2226 496 hinc
2253 441 2376 496 inde
2408 440 2775 511 circumspicit
2800 449 2963 510 atque
2994 456 3025 495 a
3055 442 3265 511 peccati
3289 441 3480 515 laqueo
3504 462 3601 503 cu-

316 536 465 590 mina
494 544 676 589 vestra
713 534 914 605 seriae
948 543 1077 589 sunt
1107 533 1160 588 in
1196 534 1353 589 ctelo.
1394 532 1511 588 Non
1543 533 1689 589 enim
1719 546 1910 587 omnes

317 626 479 681 electi
516 625 784 680 daemonia
828 625 1074 696 ejiciunt,
1112 625 1208 681 sed
1246 634 1429 681 tamen
1467 625 1767 681 electorum
1800 637 1911 678 om-

318 720 469 776 nium
509 720 729 774 nomina
756 718 898 776 caelo
944 726 1202 774 tenentur
1239 719 1494 789 ascripta.
1538 715 1913 771 Admonentur

313 822 448 880 ergo
473 807 720 880 discipuli
742 808 1011 877 privatam
1035 807 1276 863 laetitiam
1303 809 1574 877 deponere
1599 823 1612 860 :
1638 805 1911 861 communi

319 906 499 954 autem
524 908 579 953 et
602 906 861 968 perpetua
890 897 1145 954 felicitate
1162 897 1418 969 gaudere.
1443 896 1702 967 Quisquis
1728 896 1912 964 itaque

318 988 376 1043 in
420 1001 508 1053 eo,
551 988 694 1057 quod
735 987 874 1042 alter
912 1002 1020 1042 non
1069 987 1250 1049 habet,
1299 986 1518 1057 gaudet,
1554 1000 1622 1039 ex
1658 986 1772 1054 ipsa
1813 997 1911 1038 sua

317 1079 652 1135 abundantia
677 1078 914 1134 deterior
935 1077 1110 1133 factus
1148 1077 1400 1147 gaudium
1429 1078 1697 1145 privatum
1723 1073 1908 1129 habet.

318 1168 522 1225 Contra
570 1170 728 1240 hujus
777 1183 876 1224 nos
928 1168 1226 1238 appetitum
1289 1166 1633 1221 abundantia:
1677 1162 1912 1220 Joannes

319 1259 598 1324 admonet,
629 1257 812 1313 dicens
840 1273 854 1310 :
885 1276 903 1307 ι
935 1256 1108 1312 Nolite
1148 1256 1372 1326 diligere
1401 1254 1679 1317 mundum,
1713 1267 1815 1327 nec
1846 1268 1910 1308 ea

316 1365 444 1420 qum
472 1350 527 1405 in
549 1348 754 1407 mundo
782 1356 910 1403 sunt
933 1345 984 1419 (1
1012 1347 1173 1401 Joan.
1198 1345 1291 1417 n);
1328 1364 1346 1397 ι
1375 1345 1466 1413 qui
1492 1359 1615 1399 mox
1645 1343 1908 1397 rationem

318 1442 562 1499 subdidit
585 1455 753 1511 quare
785 1459 798 1491 ε
836 1457 855 1491 t
901 1441 947 1495 si
982 1440 1107 1509 quis
1145 1439 1324 1508 diligit
1367 1438 1648 1500 mundum,
1690 1450 1797 1490 non
1827 1442 1911 1489 est

318 1532 563 1589 eharitas
584 1531 762 1586 Patris
784 1530 837 1584 in
865 1544 931 1585 eo
960 1528 1173 1600 (Ibid.).
1208 1526 1376 1582 Nemo
1403 1526 1547 1581 enim
1576 1532 1753 1595 potest
1779 1518 1909 1580 duo-

268 1674 271 1677 .
317 1626 425 1680 bus
450 1623 683 1679 dominis
713 1621 918 1676 servire
950 1620 1165 1691 (Matth.
1192 1618 1293 1690 vi),
1331 1637 1350 1669 ι
1383 1617 1508 1686 quia
1535 1632 1641 1672 non
1666 1616 1809 1671 valet
1838 1617 1912 1672 si-

315 1714 435 1769 mul
458 1713 767 1769 transitoria
788 1719 840 1766 et
860 1721 1061 1766 teterna
1082 1726 1286 1764 amare.
1312 1707 1369 1763 Si
1388 1709 1533 1762 enim
1553 1708 1909 1762 aeternitatem

2013 532 2198 597 stodit,
2235 534 2385 588 novit
2410 533 2639 589 esurire.
2686 531 2795 587 Nos
2825 532 3029 605 itaque,
3073 533 3268 590 fratres
3305 537 3598 607 carissimi,

2012 629 2151 685 iram
2206 637 2371 701 atque
2431 631 2718 686 avaritiam
2775 632 2828 687 in
2894 632 3222 697 adversitate
3290 636 3599 709 fugientes,

2010 717 2272 775 elationes
2293 727 2349 774 et
2367 720 2722 777 immoderata
2750 722 2944 792 gaudia
2970 722 3022 776 in
3049 726 3410 794 prosperitate
3435 726 3603 782 decli-

2011 817 2237 877 nantes,
2281 812 2409 882 quia
2452 828 2550 883 per
2597 812 2792 878 ﬁdem,
2846 829 3028 884 spem,
3084 825 3247 886 atque
3281 818 3603 873 charitatem

2012 901 2291 959 interioris
2313 905 2439 960 vita:
2464 904 2664 959 atrium
2694 906 2869 961 tribus
2904 908 3073 975 portis
3110 909 3315 964 intrare
3341 911 3602 981 concupi-

2012 993 2236 1059 scimus,
2262 993 2472 1063 palmas
2501 996 2628 1052 hinc
2654 1003 2711 1050 et
2755 995 2880 1051 inde
2927 1005 3227 1054 teneamus.
3263 1000 3384 1055 «Et
3426 1000 3601 1055 intro-

2012 1084 2166 1140 duxit
2194 1101 2304 1151 me,
2328 1087 2522 1156 inquit,
2537 1088 2589 1142 in
2609 1088 2805 1142 atrium
2826 1090 3048 1144 interius
3071 1092 3139 1145 ad
3164 1100 3373 1160 portam
3398 1102 3606 1148 austra-

2011 1168 2138 1234 lem,
2172 1178 2227 1225 et
2261 1187 2480 1227 mensus
2514 1183 2609 1228 est.
2635 1182 2848 1243 portam
2869 1172 3023 1242 juxta
3054 1190 3338 1232 mensuras
3366 1178 3607 1247 superio-

2015 1271 2125 1325 res,
2147 1269 2252 1314 ete.
2290 1280 2308 1312 υ
2343 1259 2612 1332 (Ηὶετοη.)
2642 1260 2860 1332 Singula
2891 1264 3033 1317 enim
3066 1265 3204 1319 atria
3230 1266 3431 1321 habent
3451 1281 3606 1322 men-

2011 1361 2169 1403 suras
2199 1356 2254 1402 et
2282 1350 2499 1406 ordines
2528 1366 2677 1418 suos,
2700 1360 2756 1426 et
2789 1353 2843 1407 in
2876 1354 3062 1408 iisdem
3093 1359 3361 1413 mensuris
3387 1358 3602 1414 diversa

2010 1437 2185 1507 gratia
2209 1447 2314 1504 est,
2348 1439 2476 1495 dum
2500 1441 2719 1496 easdem
2745 1456 2834 1497 res
2857 1442 3015 1497 aliter
3041 1443 3094 1497 in
3122 1446 3411 1517 principio,
3440 1447 3602 1502 aliter

2012 1529 2068 1582 in
2112 1528 2383 1598 profectu,
2420 1531 2580 1586 aliter
2608 1532 2663 1584 in
2710 1531 2819 1586 fine
2855 1534 3252 1604 cognoscimus.
3294 1536 3409 1592 Hoc
3448 1552 3599 1600 vero,

2013 1619 2156 1686 quod
2184 1618 2238 1672 in
2266 1618 2618 1690 Septuaginta
2649 1636 2755 1674 non
2781 1620 3036 1687 habetur,
3063 1631 3119 1677 et
3156 1625 3481 1680 vestibulum
3504 1642 3604 1695 per

2011 1726 2201 1782 gyrum
2231 1711 2565 1783 longitudine
2587 1713 2774 1784 viginti
2802 1715 3041 1784 quinque
3079 1716 3403 1780 cubitorum,
3432 1726 3489 1773 et
3517 1718 3600 1771 la-

299 1802 616 1875 ~diligimus,
669 1811 861 1855 cuncta
894 1798 1211 1869 temporalia
1256 1798 1309 1852 in
1340 1813 1441 1853 usu
1487 1799 1676 1852 nonin
1717 1794 1911 1852 aﬂ'ectu

2018 1803 2242 1858 titudine
2266 1804 2503 1875 quinque
2536 1806 2861 1871 cubitorum,
2905 1807 3119 1863 videtur
3142 1807 3325 1864 facere
3351 1809 3606 1879 quaestio-

313 1892 679 1965 possidemus,
703 1891 830 1961 quia
855 1891 1103 1946 eamdem
1129 1890 1395 1944 rationem
1421 1888 1671 1958 protinus
1706 1887 1908 1951 subdit,

316 1986 540 2042 dicens:
561 2003 580 2036 ι
604 1983 741 2052 Quia
753 1999 934 2048 omne,
950 1984 1094 2053 quod
1113 1991 1198 2037 est
1219 1982 1273 2036 in
1295 1981 1515 2044 mundo,
1530 1979 1912 2049 concupiscen-

314 2078 399 2139 tia
450 2076 632 2132 carnis
659 2083 765 2141 est,
792 2082 849 2131 et
895 2074 1331 2143 concupiscentia
1378 2070 1683 2132 oculorum,
1719 2078 1774 2124 et
1817 2084 1909 2122 su-

316 2166 510 2239 perbia
537 2165 850 2221 vitaesldeo
879 2164 1024 2219 enim
1063 2162 1266 2218 habere
1314 2160 1516 2230 aliquid
1553 2159 1820 2222 homines,
1858 2164 1913 2212 et

316 2263 466 2318 ultra
494 2277 656 2332 quam
700 2273 925 2316 necesse
969 2266 1056 2314 est
1095 2256 1509 2326 concupiscunt,
1561 2264 1620 2308 ut
1666 2251 1914 2307 habendo

312 2356 642 2428 superbiant
662 2368 684 2408 :
707 2361 763 2409 et
789 2352 918 2423 quia
957 2352 1062 2407 hoc
1110 2350 1250 2404 allus
1277 2364 1385 2403 non
1434 2346 1616 2410 habet,
1649 2359 1707 2397 se
1737 2344 1789 2398 in
1821 2356 1913 2397 co-

294 2446 676 2519 gitationibus
702 2442 984 2501 extollant.
1039 2440 1322 2495 Discamus
1357 2436 1637 2508 penuriam
1667 2433 1801 2504 pati,
1845 2447 1914 2487 ne

314 2555 389 2597 ea
418 2556 539 2611 qua:
563 2554 671 2594 non
713 2536 999 2601 habemus,
1027 2534 1231 2588 habere
1277 2530 1443 2585 etiam
1473 2542 1596 2582 cum
1640 2524 1794 2595 culpa
1823 2537 1913 2579 re-

318 2634 607 2703 quiramus
635 2651 648 2683 2
681 2644 748 2683 ne
774 2626 960 2683 felices
1001 2633 1275 2695 putemus,
1305 2635 1442 2691 quos
1484 2619 1647 2673 rebus
1688 2623 1915 2672 onustos

318 2724 619 2780 cernimus.
668 2720 844 2775 Nimia
888 2718 1045 2773 valde
1074 2724 1201 2772 sunt
1228 2729 1310 2777 ea,
1344 2727 1465 2783 quae
1506 2710 1610 2766 sibi
1656 2708 1810 2780 quasi
1860 2709 1915 2762 in

319 2820 574 2882 sumptus
603 2796 726 2864 vitae
762 2808 1046 2880 praesentis
1084 2811 1412 2876 praeparant,
1457 2800 1623 2855 multa
1676 2804 1910 2868 portant,

321 2902 425 2958 sed
454 2902 508 2955 in
535 2901 623 2955 via
646 2899 794 2954 brevi
824 2917 837 2951 :
864 2913 1060 2970 magna
1090 2904 1173 2950 est
1202 2893 1358 2949 nobis
1384 2893 1440 2947 in
1467 2890 1571 2945 hoc
1608 2890 1802 2943 itinere
1828 2902 1917 2943 so—

321 2991 414 3046 cia
436 2997 728 3061 paupertas
743 3027 759 3054 ,
781 3002 902 3058 qua;
923 2986 1162 3041 animum
1190 2998 1297 3039 non
1318 2990 1593 3053 angustat,
1617 2996 1740 3036 cum
1765 2978 1920 3034 deest

318 3088 543 3137 terrena
572 3079 895 3152 substantia,
919 3078 986 3132 de
1010 3091 1117 3145 qua
1141 3083 1348 3130 aeterno
1363 3071 1535 3142 judici
1566 3070 1803 3125 rationes
1821 3084 1917 3139 po-

320 3189 543 3230 namus.
572 3171 816 3227 Liberius
833 3144 905 3225 ad
938 3142 1170 3238 patriam
1205 3164 1497 3229 tendimus,
1524 3162 1651 3231 quia
1678 3160 1832 3232 quasi
1859 3160 1913 3214 in
1943 3142 1989 3205 C

328 3264 419 3321 via
455 3262 691 3334 pondere
744 3274 1013 3316 caremus.
1045 3257 1328 3312 Discamus
1370 3253 1576 3315 satiari,
1616 3266 1684 3306 ne
1721 3251 1776 3304 in
1822 3264 1915 3304 su-

323 3354 541 3410 mendis
565 3350 836 3406 alimentis
878 3347 1120 3419 corporis
1146 3345 1282 3418 gulae
1312 3343 1485 3415 magis
1535 3356 1699 3412 quam
1728 3353 1917 3394 neces-

318 3444 479 3501 sitati
528 3443 849 3497 serviamus.
883 3438 1012 3494 Plus
1059 3438 1203 3492 enim
1246 3431 1708 3505 concupiscentia,
1749 3443 1915 3499 quam

324 3533 630 3590 necessitas
656 3531 792 3601 petit
824 3548 838 3583 :
871 3538 928 3584 et
953 3541 1094 3598 saepe
1122 3527 1247 3582 dum
1273 3523 1454 3579 carnis
1480 3521 1671 3590 inopia:
1703 3516 1919 3574 satisfa-

323 3640 461 3683 cere
486 3637 761 3686 curamus,
788 3620 1038 3689 voluptas
1075 3614 1339 3689 subrepit,
1364 3612 1579 3668 modum
1611 3607 1918 3664 refectionis

324 3718 546 3775 excedit
579 3736 590 3769 :
620 3716 765 3771 unde
795 3715 855 3769 lit
882 3723 942 3769 ut
975 3712 1131 3783 culpa
1164 3716 1405 3766 transeat
1434 3705 1502 3760 ad
1526 3704 1759 3774 culpam,
1788 3702 1915 3773 quia

327 3806 651 3878 plerumque
695 3804 820 3859 inde
864 3802 969 3858 alia
997 3801 1176 3858 carnis
1222 3797 1451 3860 tentatio
1494 3794 1758 3857 nascitur,
1788 3792 1918 3847 dum

330 3897 487 3954 carni
528 3893 936 3952 immoderatius
966 3893 1022 3948 in
1064 3891 1356 3947 refectione
1387 3887 1623 3944 servitur
1654 3903 1667 3939 :
1699 3899 1767 3940 ex
1793 3897 1919 3956 pec—

324 3996 459 4046 cato
478 3986 677 4043 etenim
705 3984 868 4058 primi
899 3982 1132 4038 hominis
1164 3980 1472 4037 inlirmante
1514 3985 1704 4032 natura
1731 3974 1785 4029 in
1814 3973 1919 4028 hoc

332 4081 538 4137 mundo
571 4094 696 4137 cum
732 4077 933 4135 nostris
975 4073 1361 4131 tentationibus
1401 4070 1661 4134 nascitur,
1697 4076 1752 4123 et
1791 4079 1919 4121 caro

328 4174 497 4230 nobis
522 4172 807 4242 aliquando
833 4168 1062 4238 atljutrix
1080 4174 1167 4223 est
1189 4166 1241 4220 in
1263 4166 1404 4221 bono
1425 4177 1604 4233 opere,
1630 4158 1919 4230 aliquando

330 4275 520 4322 autem
548 4264 821 4321 seductrix
855 4263 910 4317 in
960 4260 1179 4315 malum.
1221 4259 1280 4313 Si
1325 4257 1486 4328 igitur
1512 4256 1561 4308 ei
1590 4253 1710 4325 plus
1755 4266 1919 4321 quam

328 4358 596 4415 debemus
636 4355 944 4419 tribuimus,
975 4353 1182 4408 hostem
1220 4350 1489 4405 nutrimus
1521 4354 1610 4400 :et
1657 4345 1702 4399 si
1735 4356 1921 4398 neces-

326 4448 482 4505 sitati
511 4448 645 4518 ejus,
674 4461 794 4515 qua:
818 4443 1098 4510 debemus,
1123 4457 1231 4497 non
1276 4439 1570 4502 reddimus,
1599 4435 1773 4492 civem
1822 4449 1917 4488 ne-

324 4554 546 4597 eamus.
578 4537 837 4594 Satianda
864 4537 1047 4606 itaque
1074 4542 1159 4588 est
1189 4547 1338 4597 caro,
1369 4530 1462 4586 sed
1489 4530 1559 4584 ad
1593 4530 1697 4584 hoc
1726 4539 1914 4597 usque,

326 4642 395 4687 ut
421 4632 477 4686 in
502 4631 643 4686 bono
676 4628 833 4684 nobis
857 4641 1023 4698 opere
1056 4622 1308 4678 famulari
1332 4620 1583 4676 sufﬁciat.
1608 4618 1743 4673 Nam
1769 4618 1919 4687 quis-

322 4724 460 4794 quis
478 4723 533 4779 ei
562 4732 770 4777 tantum
818 4719 1025 4784 tribuit,
1049 4725 1110 4772 ut
1134 4713 1441 4784 superbiat,
1483 4711 1668 4767 satiari
1706 4710 1919 4780 penitus

328 4818 568 4887 ignorat.
597 4813 703 4868 Ars
732 4813 914 4880 itaque
941 4822 1137 4878 magna
1176 4815 1261 4871 est
1295 4803 1504 4869 satiari,
1526 4801 1917 4887 heunusquis-

324 4884 443 4979 que
470 4922 571 4977 per
616 4905 924 4961 satietatem
967 4898 1148 4954 carnis
1178 4899 1244 4952 ad
1295 4884 1633 4964 iniquitatem
1670 4907 1919 4962 prorum-

327 5009 429 5071 pat
459 4996 825 5069 turpitudinis.
850 4995 1133 5049 Discamus
1156 4989 1388 5054 esurire,
1418 4995 1478 5042 ut
1516 4984 1670 5043 nobis
1698 4992 1917 5055 prepter

328 5090 721 5148 abundantiam
746 5094 1061 5157 sequentem
1108 5090 1298 5139 nostra
1341 5081 1430 5134 hic
1479 5077 1659 5147 inopia
1685 5076 1913 5147 placeat,

332 5197 406 5237 ne
453 5195 552 5234 nos
602 5178 807 5234 ventris
860 5174 1157 5231 necessitas
1202 5173 1270 5228 ad
1320 5169 1536 5240 culpam
1578 5169 1795 5232 trahat,
1848 5181 1916 5220 ne

330 5279 617 5344 peccatum
663 5268 829 5324 menti
882 5266 983 5336 ipsi
1036 5263 1329 5335 indigentia
1373 5267 1743 5332 suggerat:et
1785 5259 1912 5312 dum

328 5375 470 5418 caro
508 5358 651 5414 fame
694 5356 944 5420 adicitur,
976 5355 1045 5409 ad
1092 5352 1443 5423 cupiditatem
1488 5350 1706 5405 animus
1736 5349 1916 5403 irrite-

332 5462 449 5517 ων,
472 5459 530 5507 ει
550 5456 758 5521 quaerat
782 5463 905 5503 cum
928 5445 1083 5516 culpa
1120 5444 1427 5513 providere,
1463 5442 1607 5497 unde
1641 5441 1795 5498 carni
1824 5457 1918 5495 va-

334 5545 450 5599 leat
490 5542 545 5595 in
572 5537 898 5595 necessitate
944 5534 1304 5591 satisfacere:
1341 5547 1411 5587 ne
1441 5547 1539 5588 cor
1580 5532 1636 5587 in
1683 5531 1919 5602 indigna-

337 5636 487 5691 tione
529 5630 797 5702 prosiliat,
825 5637 879 5683 et
910 5627 1146 5697 linguam
1200 5626 1255 5680 in
1284 5622 1730 5681 murmurationis
1763 5636 1918 5675 ama-

333 5722 631 5779 ritudinem
654 5719 936 5775 accendat.
959 5719 1061 5784 Qui
1092 5717 1255 5786 igitur
1299 5717 1350 5771 in
1383 5715 1565 5770 carnis
1604 5729 1715 5768 sua:
1743 5714 1919 5784 inepia

586 5812 855 5872 PnuoL.
904 5808 1041 5868 CX.

1945 4494 1996 4552 D

2011 1907 2154 1960 nem,
2211 1905 2433 1966 propter
2476 1898 2618 1967 quod
2666 1899 2721 1953 in
2771 1899 2943 1954 veteri
2998 1900 3443 1970 interpretatione
3491 1916 3604 1955 non

2009 1985 2244 2054 positum
2291 1996 2394 2051 est,
2426 1989 2698 2056 quomodo
2723 2002 2846 2059 post
2879 1989 3181 2060 profectum
3211 1991 3359 2046 tertii
3404 1992 3606 2062 gradus

2010 2073 2196 2141 viginti
2227 2074 2465 2145 quinque
2493 2077 2660 2133 cubiti
2686 2088 2742 2133 et
2762 2079 3001 2149 quinque
3040 2090 3312 2150 ponantur
3341 2084 3474 2139 :sed
3506 2083 3607 2139 tol-

2011 2165 2513 2238 litamhiguitatem
2548 2169 2699 2236 illud,
2740 2172 2885 2240 quod
2929 2173 3194 2242 sequitur,
3231 2193 3250 2225 t
3280 2181 3336 2230 et
3365 2176 3606 2230 vestibu-

2011 2253 2121 2308 lum
2174 2257 2294 2327 ejus
2345 2259 2412 2313 ad
2440 2260 2638 2314 atrium
2688 2263 2963 2328 exterius,
3015 2272 3071 2319 et
3121 2263 3331 2334 palmas
3375 2265 3493 2335 ejus
3546 2265 3606 2321 in

2013 2343 2211 2412 fronte,
2243 2367 2262 2398 ι
2291 2356 2351 2403 ιιι
2397 2348 2606 2407 scilicet
2658 2352 2764 2406 hoc
2804 2352 3031 2418 atrium,
3077 2354 3219 2422 quod
3270 2354 3504 2409 habebat
3547 2354 3606 2411 in

2012 2436 2345 2508 longitudine
2370 2440 2561 2509 viginti
2587 2441 2827 2512 quinque
2870 2443 3102 2509 cubitos,
3135 2451 3209 2519 et‘
3228 2444 3282 2499 in
3325 2444 3608 2503 latitudine

2014 2527 2272 2597 quinque,
2320 2544 2425 2585 non
2456 2531 2756 2599 interioris,
2784 2533 2881 2588 sed
2928 2534 3215 2590 exterioris
3255 2535 3381 2590 atrii
3424 2537 3518 2602 sit,
3545 2548 3609 2593 ut

2015 2619 2211 2689 prioris
2257 2623 2382 2677 atrii
2434 2623 2794 2691 latitudinem,
2841 2626 2944 2681 hoc
2988 2635 3098 2692 est,
3129 2627 3317 2698 viginti
3366 2628 3606 2699 quinque

2013 2710 2226 2768 cubitos
2248 2712 2539 2769 exterioris
2560 2715 2683 2769 atrii
2708 2714 2982 2784 possideat
3024 2715 3320 2785 longitudo,
3346 2729 3404 2773 et
3428 2717 3482 2771 in
3522 2716 3605 2771 la-

2019 2800 2247 2857 titudine
2288 2804 2528 2886 quinque
2552 2805 2764 2862 cubitos
2806 2814 3007 2862 teneat.
3038 2806 3184 2874 Quas
3219 2822 3525 2873 mensuras,
3552 2809 3609 2865 id

2015 2901 2121 2958 est,
2147 2892 2335 2964 viginti
2378 2894 2636 2965 quinque,
2661 2903 2716 2950 et
2742 2896 3014 2966 quinque,
3046 2896 3114 2950 ad
3160 2897 3378 2953 eosdem
3416 2913 3609 2957 sensus

2020 2982 2353 3050 referemus,
2399 2986 2573 3040 visum
2620 2986 2873 3043 videlicet
2914 2996 2969 3042 et
3012 2989 3273 3055 auditum,
3302 2997 3516 3061 gustum
3553 3001 3611 3045 et

2019 3076 2304 3131 odoratum
2324 3084 2379 3132 et
2401 3083 2624 3132 tactum.
2648 3076 2796 3144 Quas
2818 3077 2864 3132 si
2883 3078 2954 3134 ad
2975 3077 3169 3134 altiora
3192 3078 3609 3135 conscendimus

2018 3166 2306 3236 quinquies
2329 3166 2686 3236 duplicamus,
2711 3176 2767 3223 et
2794 3169 2861 3223 de
2882 3169 3189 3224 carnalibus
3208 3170 3455 3226 sensibus
3477 3170 3610 3227 faci-

2018 3269 2140 3308 mus
2157 3253 2447 3323 spiritales,
2464 3265 2524 3309 ut
2537 3262 2617 3309 est
2642 3255 2769 3310 illud
2792 3275 2805 3311 :
2835 3274 2853 3307 ι
2878 3255 3078 3312 Levate
3095 3258 3281 3315 oculos
3300 3269 3534 3326 vestros,
3553 3271 3612 3317 et

2018 3346 2195 3402 videte
2222 3348 2478 3417 quoniam
2500 3346 2616 3417 jam
2657 3347 2794 3403 albae
2821 3363 3028 3404 messes
3053 3359 3180 3405 sunt
3202 3351 3273 3405 ad
3295 3353 3609 3408 metendum

2019 3436 2201 3510 (Ιοαη.
2244 3438 2352 3510 tv);
2389 3457 2406 3490 ι
2463 3446 2562 3494 et:
2597 3456 2615 3487 ι
2658 3437 2759 3505 Qui
2800 3437 2964 3493 habet
3003 3453 3164 3494 aures
3192 3440 3467 3506 audiendi,
3511 3456 3610 3497 au-

2018 3528 2305 3599 diat(Luc.
2345 3528 2553 3601 Vlli);)
2585 3538 2681 3585 et:
2720 3546 2739 3579 ι
2771 3529 2995 3585 Gustate
3038 3538 3093 3585 et
3141 3531 3317 3585 videte
3349 3532 3608 3603 quoniam

2019 3618 2201 3675 suavis
2227 3626 2312 3674 est
2354 3618 2615 3674 Dominus
2647 3616 2833 3689 (Psal.
2879 3618 3120 3689 xxxtu);
3163 3627 3272 3691 of;
3306 3638 3319 3671 :
3354 3639 3372 3670 ‹
3401 3619 3607 3675 Christi

2019 3712 2193 3767 bonus
2209 3711 2346 3766 odor
2371 3726 2557 3766 sumus
2577 3710 2633 3764 in
2664 3709 2750 3765 his
2776 3709 2869 3779 qui
2897 3708 3123 3764 credunt
3153 3707 3252 3780 (ll
3285 3707 3407 3763 Cor.
3432 3708 3538 3783 n);
3576 3730 3596 3761 υ

2018 3813 2074 3860 et
2101 3804 2154 3858 in
2183 3802 2409 3859 Joannis
2441 3802 2668 3873 epistola
2704 3802 2901 3858 dicitur
2930 3820 2944 3856 :
2973 3820 2991 3854 ‹
3021 3800 3176 3869 Quod
3219 3802 3526 3857 audivimus
3551 3810 3611 3859 et

2018 3894 2272 3959 vidimus,
2303 3902 2357 3949 et
2382 3907 2575 3948 manus
2596 3901 2795 3948 nostra:
2826 3890 3203 3962 palpaverunt,
3232 3890 3300 3947 de
3318 3891 3483 3946 verbo
3520 3891 3604 3946 vi-

2018 3996 2088 4045 tae
2118 3987 2173 4059 (Ι
2192 3988 2353 4043 Joan.
2384 3986 2458 4057 t);
2495 4006 2514 4039 ι
2548 3994 2604 4041 ει
2626 3986 2692 4041 ad
2721 3994 3026 4041 extremum
3076 3999 3437 4055 nequaquam,
3462 3996 3523 4039 ut
3545 3984 3605 4038 in

2019 4077 2424 4150 septentrionali
2443 4077 2603 4150 plaga
2626 4085 2832 4148 septem
2856 4085 3068 4133 tantum
3088 4077 3287 4149 gradus
3312 4076 3606 4141 sufﬁciunt,

2019 4172 2113 4228 sed
2138 4179 2261 4243 post
2297 4179 2504 4241 septem
2533 4169 2846 4227 octonarius
2889 4170 3106 4239 ponitur
3130 4184 3410 4233 numerus,
3442 4178 3502 4224 ut
3541 4170 3610 4224 de

2022 4260 2301 4333 Synagoga
2343 4260 2413 4315 ad
2464 4259 2784 4324 Ecclesium,
2815 4259 2882 4314 de
2925 4257 3097 4313 veteri
3140 4258 3501 4312 instrumento
3536 4258 3611 4311 ad

2020 4367 2239 4419 novum,
2273 4352 2341 4408 de
2369 4352 2599 4407 terrenis
2624 4351 2693 4405 ad
2711 4350 2951 4405 coelestia
2982 4357 3337 4403 transeamus.

2096 4461 2116 4493 ι
2150 4443 2218 4497 Ει
2263 4442 2567 4497 introduxit
2598 4456 2683 4495 me
2728 4442 2782 4494 in
2812 4439 3009 4493 atrium
3060 4438 3289 4494 interius
3337 4455 3432 4509 per
3462 4440 3607 4496 viam

2027 4554 2045 4585 ι
2079 4533 2422 4598 orientalem,
2446 4540 2501 4587 et
2528 4545 2748 4586 mensus
2776 4537 2860 4585 est
2896 4537 3109 4598 portam
3137 4530 3433 4584 secundum
3462 4546 3609 4586 men-

2027 4644 2046 4676 ι
2079 4639 2237 4679 suras
2264 4623 2569 4693 superiores
2594 4620 2886 4675 thalamum
2912 4616 3028 4685 ejus
3051 4626 3105 4673 et
3135 4616 3368 4675 frontem
3389 4622 3528 4690 ejus,
3551 4632 3609 4677 et

2028 4733 2046 4766 ‹
2078 4713 2343 4770 vestibula
2379 4710 2514 4780 ejus,
2568 4710 2708 4766 sicut
2737 4724 2919 4781 supra,
2962 4719 3018 4762 et
3062 4708 3334 4778 fenestras
3376 4712 3513 4782 ejus,
3550 4725 3608 4769 et

2029 4825 2047 4858 ι
2078 4804 2403 4861 vestibulum
2442 4804 2495 4859 in
2537 4803 2799 4869 circuitu,
2832 4801 3165 4872 longitudine
3214 4804 3607 4876 quinquaginta

2028 4915 2046 4948 ε
2079 4896 2381 4953 cubitorum
2402 4905 2458 4951 et
2484 4896 2770 4951 latitudine
2799 4895 2989 4966 viginti
3010 4896 3250 4967 quinque
3275 4898 3604 4964 cubitorum,

2030 5004 2050 5037 Ι
2082 4994 2140 5042 et
2164 4985 2488 5042 vestibulum
2516 4984 2651 5055 ejus,
2688 4985 2741 5040 id
2779 4993 2883 5052 est,
2908 4986 3033 5040 atrii
3082 4987 3387 5043 exterioris.
3421 5007 3439 5039 ι
3477 4987 3607 5057 (Pro

2022 5094 2131 5148 quo
2165 5078 2513 5149 Septuaginta
2561 5086 2617 5132 et
2660 5077 3018 5149 Symmachus
3070 5080 3370 5133 interiorem
3411 5093 3608 5148 posue-

2023 5172 2193 5243 runt.)
2222 5191 2241 5223 ι
2273 5167 2342 5224 Ει
2359 5170 2551 5241 palma:
2572 5169 2773 5225 caelata:
2798 5170 2853 5224 in
2882 5169 3060 5226 fronte
3083 5167 3199 5237 ejus
3221 5170 3350 5224 hinc
3378 5178 3434 5223 et
3459 5169 3604 5234 inde,

2029 5280 2047 5313 ι
2080 5270 2137 5319 ει
2170 5262 2224 5316 in
2249 5269 2373 5318 octo
2392 5261 2650 5333 gradibus
2669 5275 2928 5317 ascensus
2949 5260 3086 5330 ejus.
3118 5279 3136 5310 ι
3171 5260 3247 5314 De
3286 5259 3605 5327 septentrio-

2024 5353 2130 5408 nali
2154 5353 2329 5424 plaga,
2362 5354 2416 5407 in
2458 5353 2618 5424 cujus
2647 5353 2843 5408 atrium
2885 5359 3092 5421 septem
3119 5357 3327 5404 tantum
3354 5349 3607 5415 ascende-

2019 5442 2182 5498 batur
2201 5442 2479 5513 gradibus,
2495 5442 2691 5497 transit
2709 5441 2777 5496 ad
2797 5440 3085 5496 australem
3105 5446 3315 5509 portam
3327 5446 3382 5492 et
3405 5439 3605 5493 atrium

2020 5533 2260 5604 ejusdem
2294 5533 2461 5605 plagae
2489 5552 2503 5587 :
2528 5532 2601 5587 ad
2626 5532 2770 5602 quod
2799 5547 2907 5586 non
2942 5530 3115 5584 solum
3159 5536 3388 5597 septem,
3417 5535 3479 5582 ut
3514 5542 3607 5582 su-

2023 5638 2140 5693 pra,
2179 5623 2274 5681 sed
2303 5632 2360 5677 et
2402 5632 2529 5678 octo
2565 5622 2823 5695 gradibus
2871 5620 3184 5676 ascenditur
3211 5659 3225 5672 .
3255 5618 3506 5675 videlicet
3545 5628 3606 5672 ut

2023 5730 2122 5783 per
2156 5721 2338 5769 vetera
2366 5724 2705 5768 transeamus
2729 5712 2797 5768 ad
2821 5725 2957 5765 nova
2994 5718 3088 5763 :et
3110 5715 3170 5762 ut
3200 5708 3388 5778 loquar
3429 5705 3605 5763 mani-

3043 5799 3124 5860 30
