3972 6184
416 300 529 355 959

1064 298 1123 353 Β.
1166 296 1419 354 RABAM
1452 288 1675 355 MAURI
1710 299 2026 356 ARCHIEP.
2069 293 2378 355 MOGUNT.
2421 294 2721 354 ορειιυΜ
2746 296 2928 354 PARS
2965 297 3031 353 ll.

3590 303 3691 359 9m

416 406 630 475 festius,
676 426 774 482 per
806 408 1141 480 patriarchas
1183 418 1238 465 et
1283 412 1576 482 prophetas
1621 413 1898 467 veniamus
1934 412 2000 465 ad
2032 419 2076 475 Α
2108 409 2258 465 fusus
2285 410 2353 465 sit
2373 416 2430 464 et
2451 408 2884 472 infusus,dicens
2902 425 2998 479 per
3021 411 3363 481 prophetam,
3386 415 3521 484 «qui
3551 422 3694 472 tenet

416 502 721 572 apostolos,
764 511 823 555 ut
864 503 917 555 in
957 501 1126 555 altero
1163 503 1457 557 hebdomas
1502 504 1557 557 in
1592 504 1763 559 altero
1799 504 2002 572 ogdoas

421 595 513 649 sit.
563 594 714 649 Nunc
761 602 941 647 autem
969 594 1117 648 venit
1167 594 1235 649 ad
1276 594 1550 660 ultimum,
1582 596 1693 651 imo
1749 596 1817 649 ad
1860 610 2004 649 sum-

416 697 588 745 mum,
615 689 671 735 et
695 681 987 736 introducit
1020 682 1338 751 prophetam
1364 698 1464 753 per
1494 684 1637 738 viam
1664 692 1836 752 porta:
1864 684 2003 738 inte-

416 769 603 832 rioris,
621 769 734 823 sive
760 784 859 838 per
880 770 1109 836 atrium,
1130 773 1200 825 ad
1226 773 1369 841 quod
1399 773 1508 826 itur
1527 788 1627 843 per
1651 773 1791 827 viam
1817 773 2002 827 orien-

418 857 598 911 talem.
629 857 728 911 Via
754 856 908 926 juxta
939 858 1293 931 Septuaginta
1316 862 1368 914 in
1401 862 1506 916 hoc
1532 869 1740 916 tantum
1776 862 2005 916 habetur

416 946 558 1011 loco,
588 948 641 1001 in
669 950 1075 1017 septentrionali
1124 960 1178 1005 et
1202 951 1427 1006 australi
1470 953 1625 1022 plaga
1662 953 1888 1007 omnino
1926 962 2005 1007 ta—

415 1040 521 1092 cita
550 1048 634 1093 est
660 1058 673 1093 :
705 1050 763 1095 ut
790 1042 1063 1109 possimus
1084 1042 1383 1113 intelligere
1415 1043 1469 1097 in
1516 1042 1766 1098 orientali
1797 1050 2006 1097 tantum

412 1136 570 1195 porta
597 1127 741 1182 illam
766 1128 1165 1199 intelligendam
1190 1130 1353 1194 viam,
1377 1146 1497 1199 qum
1518 1131 1648 1184 dicit
1672 1148 1686 1182 :
1706 1148 1724 1181 ι
1753 1130 1867 1200 Ego
1885 1145 2005 1184 sum

414 1218 528 1282 via,
556 1228 611 1272 et
635 1220 764 1284 vita,
794 1228 848 1274 et
873 1220 1077 1274 veritas
1106 1219 1287 1290 (Jean.
1323 1220 1488 1291 x1v}.»
1518 1220 1622 1273 Per
1649 1220 1823 1290 ipsum
1861 1220 2006 1273 enim

414 1309 665 1364 venimus
688 1310 753 1363 ad
781 1309 1016 1364 Patrem.
1039 1310 1108 1364 Et
1134 1310 1199 1364 de
1222 1311 1338 1380 ipso
1356 1312 1618 1380 scriptum
1650 1320 1771 1365 est:
1808 1329 1827 1362 ι
1855 1310 2004 1366 Beati

414 1401 751 1456 immaculati
776 1403 827 1456 in
850 1402 939 1455 via
958 1399 1128 1473 (Paul.
1153 1403 1365 1475 cxvm),
1392 1422 1413 1455 ›
1437 1403 1529 1473 qui
1555 1402 1689 1456 nihil
1712 1401 1780 1457 de
1803 1401 2004 1456 Christi

416 1492 698 1547 sinistrum
731 1492 967 1561 sapiunt,
998 1493 1093 1547 sed
1127 1493 1257 1547 ﬁdes
1283 1508 1471 1547 eorum
1503 1508 1637 1562 pura
1676 1500 1780 1558 est,
1809 1502 1865 1547 et
1912 1506 2007 1546 ne-

416 1598 685 1652 quaquam
736 1582 1109 1637 hzereticorum
1148 1583 1307 1637 sorde
1354 1582 1555 1652 polluta
1602 1591 1705 1637 est.
1752 1583 2006 1652 idemque

417 1687 673 1728 numerus
701 1670 1081 1738 thalamorum,
1109 1671 1365 1727 frontium
1409 1684 1463 1727 et
1512 1671 1928 1737 vestibulorum,
1951 1681 2007 1726 et

2101 499 2299 554 cmlum
2328 499 2509 568 palmo
2534 507 2591 553 et
2617 508 2818 553 terram
2846 500 3048 570 pugillo
3079 500 3215 571 (Isa.
3236 502 3351 576 IL),
3380 524 3399 554 ι
3431 513 3493 559 ut
3509 509 3696 561 omnia

2102 589 2172 642 ab
2195 588 2288 643 illo
2325 589 2616 643 videantur
2638 588 2863 642 includi.
2893 589 2959 642 Et
2984 605 3199 645 rursum
3232 609 3246 644 :
3282 610 3302 643 ι
3327 592 3538 648 Οωιωη
3562 597 3694 651 mihi

2101 677 2281 743 sedes,
2304 686 2449 732 terra
2501 685 2680 731 autem
2706 676 2998 732 scabellum
3043 677 3239 747 pedum
3284 695 3526 736 meorum
3552 683 3689 753 (Art.

2102 768 2231 836 vn);
2272 786 2294 819 ι
2322 775 2384 820 ut
2430 766 2571 819 intra
2626 766 2810 821 omnia
2859 766 3163 822 credendus
3212 768 3305 833 sit,
3356 768 3517 837 juxta
3566 770 3692 824 illud

2108 854 2455 926 Virgilianum
2483 853 2640 925 (En.
2672 870 2749 920 v1,
2779 854 2907 926 723)
2938 874 2952 909 :

2230 996 2475 1064 l’rincipio
2494 997 2666 1064 coelum
2686 1010 2741 1064 ac
2757 1004 2937 1064 terras,
2952 1013 3248 1064 clamatque
3269 1001 3541 1064 liquentes.

2230 1059 2598 1124 Lucentemque
2620 1060 2817 1124 globum
2843 1060 2969 1109 lume
2988 1059 3283 1124 Titaniaque
3305 1059 3439 1113 astra

2228 1121 2438 1185 Spiritus
2458 1123 2591 1185 intus
2611 1121 2723 1185 alit;
2743 1126 2995 1183 totamque
3023 1124 3179 1172 infusa
3202 1121 3294 1185 per
3315 1135 3450 1175 artus

2285 1194 2373 1231 ens
2388 1183 2541 1242 agitat
2562 1182 2762 1244 molem,
2785 1189 2840 1231 et
2856 1182 3035 1245 magno
3056 1197 3112 1233 se
3145 1182 3350 1247 corpore
3375 1188 3571 1236 miscet.

2105 1300 2348 1373 Cumque
2374 1318 2475 1374 per
2499 1318 2649 1358 arma
2673 1302 2902 1373 justitia:
2931 1321 2964 1360 a
2992 1307 3276 1363 dextriset
3297 1309 3571 1375 sinistris,
3598 1325 3698 1382 per

2106 1396 2332 1469 gloriam
2361 1405 2416 1451 et
2440 1396 2811 1467 ignominiam,
2839 1413 2937 1467 per
2956 1400 3150 1455 bonam
3175 1409 3226 1454 3t
3250 1401 3448 1456 malam
3470 1401 3698 1470 famam,

2105 1502 2204 1559 per
2232 1487 2415 1541 laudes
2441 1494 2499 1541 et
2524 1487 2947 1556 vituperationes
2968 1489 3253 1545 victoriam
3276 1492 3344 1546 de
3366 1491 3471 1546 isto
3498 1492 3696 1548 sacello

2107 1580 2409 1650 ceperimus
2427 1619 2443 1644 ,
2478 1588 2608 1634 tunc
2633 1579 2825 1649 palma:
2851 1579 3010 1635 nobis
3032 1580 3233 1635 dantur
3255 1597 3322 1637 ex
3349 1590 3585 1651 utroque
3621 1581 3699 1635 la-

2108 1680 2246 1735 tere,
2278 1684 2414 1738 quos
2453 1684 2553 1724 nec
2592 1669 2787 1740 gaudia
2836 1679 3137 1736 mutavere,
3170 1686 3271 1726 nec
3322 1686 3551 1738 mteror,
3596 1688 3697 1727 nec

415 1762 781 1817 fenestrarum
833 1771 890 1816 et
915 1761 1134 1817 luminis
1178 1777 1389 1826 earum,
1418 1770 1473 1817 et
1520 1762 1707 1817 eadem
1753 1776 2004 1817 mensura
2037 1766 2079 1825 Β
2106 1779 2388 1835 prospera,
2438 1777 2539 1818 nec
2586 1764 2810 1818 adversa
2850 1765 3199 1834 superabunt,
3246 1774 3301 1821 et
3353 1770 3695 1835 nequaquarl

412 1854 764 1925 longitudinis
798 1863 854 1907 et
896 1853 1194 1908 latitudinis
1216 1853 1627 1924 quinquaginta,
1661 1852 1911 1908 videlicet
1946 1861 2001 1907 et

413 1943 602 2013 viginti
644 1943 882 2012 quinque
926 1943 1227 1997 cubitorum
1265 1952 1606 1998 sacramenta
1651 1956 1996 1998 conservans.

413 2035 481 2088 Et
511 2036 835 2091 vestibulum
859 2037 976 2106 ejus
1000 2045 1169 2106 porta:
1211 2037 1325 2091 sive
1369 2037 1494 2090 atrii
1530 2036 1827 2102 interioris,
1857 2037 2001 2105 quod

404 2125 563 2194 juxta
615 2125 930 2180 liehraicum
977 2127 1219 2181 exterius
1266 2127 1503 2195 ponitur,
1530 2135 1589 2180 ut
1636 2126 1886 2181 orientali
1922 2126 2001 2181 lu-

406 2220 560 2274 mine
589 2220 771 2274 omnia
798 2226 1084 2273 teneantur
1108 2218 1335 2284 inclusa,
1362 2219 1656 2273 secundum
1685 2217 1833 2284 illud,
1858 2217 2002 2288 quod

411 2309 672 2377 scriptum
703 2316 822 2363 est:
854 2308 965 2364 Nec
1009 2317 1115 2375 est,
1161 2309 1253 2379 qui
1299 2324 1358 2364 se
1416 2309 1712 2364 abscondat
1745 2324 1775 2363 a
1826 2308 2004 2362 calore

403 2400 546 2468 ejus.
580 2400 675 2455 Sin
724 2407 905 2455 autem
951 2411 1006 2456 et
1047 2400 1289 2455 exterius
1335 2407 1392 2454 et
1420 2400 1655 2454 interius
1685 2400 2002 2470 accipimus,

410 2492 632 2557 atrium,
661 2490 740 2546 sic
762 2490 1171 2561 intelligendum
1198 2491 1448 2562 estquod
1490 2489 1657 2556 Deus,
1692 2497 1750 2545 et
1773 2488 2006 2544 circum-

2107 1868 2206 1923 per
2233 1863 2357 1908 octo
2397 1854 2617 1924 gradus,
2664 1854 2804 1908 sicut
2846 1853 2902 1908 in
2950 1854 3217 1924 aquilonis
3259 1855 3441 1926 plaga,
3473 1871 3575 1911 nec
3603 1870 3698 1927 per

2106 1951 2311 2013 septem
2338 1953 2392 1999 et
2417 1954 2559 2009 octo,
2589 1944 2729 1998 sicut
2755 1946 2809 1999 in
2854 1945 3079 2001 meridie
3122 1947 3452 2012 continetur,
3480 1950 3576 2003 sed
3600 1963 3698 2018 per

2106 2045 2313 2107 septem
2343 2045 2551 2090 tantum
2590 2039 2792 2107 gradus
2822 2036 2890 2091 ad
2916 2052 3125 2092 summa
3164 2039 3601 2102 conscendimus,
3631 2053 3699 2094 eo

2105 2126 2248 2195 quod
2289 2124 2518 2180 sullieiat
2548 2125 2701 2180 nobis
2741 2125 3004 2180 octonarii
3029 2126 3263 2190 numeri,
3291 2126 3347 2181 id
3382 2134 3490 2189 est,
3529 2140 3697 2179 evan-

2105 2214 2334 2286 gelicum
2363 2222 2782 2279 sacramentum,
2809 2222 2870 2268 ut
2912 2214 3182 2284 possimus
3200 2213 3357 2283 juxta
3377 2214 3695 2285 Apostolum

2106 2305 2287 2359 dicere
2319 2320 2332 2356 :
2371 2321 2388 2353 ι
2436 2302 2499 2357 Et
2526 2303 2574 2358 si
2618 2317 2943 2358 noveramus
2967 2304 3260 2358 secundum
3291 2319 3515 2359 carnem
3540 2303 3699 2358 Chri-

2107 2402 2271 2461 stum,
2300 2394 2393 2450 sed
2414 2394 2527 2465 jam
2555 2410 2701 2450 nunc
2729 2409 2837 2449 non
2872 2395 3121 2451 novimus
3154 2410 3276 2450 eunt
3305 2396 3387 2468 (11
3412 2395 3539 2451 Cor.
3562 2395 3636 2469 v),
3668 2413 3694 2449 ι

2110 2487 2432 2542 subauditur
2451 2488 2605 2559 juxta
2633 2503 2878 2544 carnem.

1399 2805 1698 2883 LIBER
1776 2801 2224 2884 DECIMUS
2299 2804 2722 2884 SEXTUS.

486 3051 543 3106 Si
583 3062 744 3119 quem
790 3051 969 3101 movet
1023 3058 1125 3099 cur
1160 3042 1213 3097 in
1266 3042 1580 3113 prophetica
1625 3045 2002 3116 explanatione
2031 3057 2076 3119 (ς
2108 3048 2273 3114 enim,
2319 3047 2461 3117 quod
2511 3048 2565 3103 in
2615 3047 3068 3118 consequentibus
3114 3047 3328 3113 dicitur,
3368 3050 3700 3107 vestibulum

407 3143 676 3213 quosdam
704 3137 873 3193 libros
920 3135 1214 3206 longiores,
1259 3133 1524 3203 quosdam
1574 3151 1704 3192 vero
1730 3137 2007 3194 breviores

416 3231 856 3292 condiderimus,
915 3227 1196 3296 ipsamque
1262 3226 1599 3295 prophetiam
1655 3243 1763 3284 non
1810 3230 2004 3300 mquali

413 3323 590 3395 spatio
629 3317 992 3383 diviserimus,
1021 3316 1094 3370 ita
1144 3324 1204 3369 ut
1234 3316 1479 3385 quredam
1522 3332 1650 3387 pars
1675 3318 1857 3389 plures
1885 3336 2005 3376 ver-

406 3428 507 3468 sus
540 3411 763 3475 habere,
790 3407 1036 3478 quaedam
1066 3420 1195 3461 vero
1239 3406 1539 3475 pauciores,
1589 3409 1726 3463 sciat
1771 3411 1876 3466 hoc
1921 3411 2002 3465 fa-

411 3514 539 3557 cere
564 3496 956 3568 explanationis
983 3493 1347 3551 diﬂicultatcm
1374 3504 1430 3550 et
1454 3498 1835 3567 mysteriorum
1880 3514 2006 3568 pro-

406 3593 754 3649 funditatem.
805 3589 897 3645 Sic
931 3588 1077 3644 enim
1130 3587 1366 3656 majores
1413 3591 1621 3657 nostri,
1651 3607 1881 3661 quorum
1910 3608 2007 3647 au-

411 3682 719 3739 ctoritatem
777 3680 1057 3749 sequimur
1103 3686 1159 3733 et
1217 3678 1413 3750 stylum
1479 3679 1794 3747 imitamur,
1844 3696 2006 3752 agere

412 3778 833 3838 consueverunt,
891 3777 953 3825 ut
987 3770 1041 3825 in
1088 3770 1497 3826 obscurioribus
1543 3769 1676 3827 locis
1722 3772 2004 3829 tractando

411 3863 615 3919 diutius
669 3868 1035 3927 morarentur,
1090 3869 1146 3915 et
1189 3860 1242 3915 in
1291 3860 1640 3918 lucidioribus
1689 3862 1843 3917 ocius
1885 3878 2003 3917 mo-

412 3955 539 4009 dum
578 3951 933 4022 expositionis
978 3951 1277 4022 explerent.
1327 3953 1480 4010 Unde
1516 3951 1629 4022 jam
1660 3954 1795 4010 duos
1837 3953 2004 4010 libros

415 4043 483 4097 de
505 4041 818 4098 conditione
843 4040 1023 4110 templi
1053 4051 1517 4109 eousummantes,
1539 4044 1633 4114 qui
1662 4052 1787 4099 sunt
1835 4044 1890 4099 in
1908 4059 2002 4099 ονε

414 4136 539 4189 dine
590 4134 754 4189 totius
801 4134 980 4204 operis
1019 4135 1509 4203 quartusdecimus,
1537 4147 1591 4191 et
1642 4139 2003 4209 quintusdeci-

416 4241 554 4287 lllllS,
607 4224 847 4290 tertium,
872 4224 964 4294 qui
1000 4224 1053 4279 in
1081 4225 1271 4279 ordine
1304 4225 1547 4282 decimus
1569 4238 1753 4283 sextus
1779 4239 1882 4295 est,
1906 4231 1999 4285 ubi

2106 3140 2226 3209 ejus
2253 3141 2575 3210 respiciebat
2600 3140 2652 3195 in
2704 3141 2900 3195 atrium
2940 3140 3201 3203 exterius,
3254 3143 3563 3197 ostenditur
3592 3143 3695 3197 hoc

2105 3234 2301 3288 atrium
2342 3232 2510 3287 fuisse
2550 3233 2878 3287 intrinsecus
2909 3242 2927 3286 :'
2955 3246 3051 3302 per
3074 3243 3194 3302 quae
3216 3232 3495 3303 profectus
3518 3235 3699 3305 ingre-

2107 3324 2302 3379 dientis
2350 3323 2675 3388 ostenditur,
2726 3321 2854 3377 dum
2912 3323 2966 3376 in
3020 3322 3245 3392 singulis
3292 3322 3427 3378 locis
3474 3326 3695 3379 nomina

2106 3426 2479 3481 mensurasque
2521 3421 2648 3467 sunt
2686 3411 2944 3481 pr0prire,
2973 3419 3028 3465 et
3077 3409 3329 3466 fenestra:
3362 3426 3463 3480 per
3499 3412 3693 3466 circui-

2107 3510 2219 3556 tum
2249 3502 2469 3557 luminis
2514 3501 2671 3572 plena
2727 3502 2967 3557 scientia:
3004 3501 3254 3557 universa
3301 3511 3692 3569 monstrantes,

2107 3600 2161 3645 et
2181 3608 2278 3661 per
2304 3591 2687 3662 quinquaginta
2714 3601 2770 3646 et
2795 3591 2984 3663 viginti
3007 3591 3242 3662 quinque
3283 3593 3472 3648 cubita
3500 3595 3692 3649 remis-

2108 3689 2276 3743 sionis
2320 3687 2733 3758 divinorumque
2758 3703 3013 3742 sensuum
3045 3696 3384 3743 sacramenta
3424 3697 3553 3747 sunt
3593 3704 3690 3759 po-

2108 3781 2232 3845 sita,
2263 3788 2323 3835 ut
2350 3781 2403 3834 in
2445 3780 2711 3836 vestibulo
2755 3781 2878 3834 atrii
2911 3780 3187 3836 interioris
3215 3781 3373 3850 positi
3413 3783 3690 3837 exteriora

2107 3871 2408 3935 videamus,
2437 3878 2490 3925 et
2527 3869 2921 3940 praeteritorum
2964 3878 3020 3925 et
3049 3872 3394 3941 praesentium
3442 3873 3685 3927 notitiam

2107 3959 2553 4029 contemplantes,
2581 3974 2677 4030 per
2702 3975 2864 4030 quam
2892 3960 3173 4016 veniamus
3203 3960 3271 4015 ad
3306 3960 3555 4030 duplices
3579 3961 3689 4032 pal-

2107 4066 2225 4108 mas
2249 4060 2411 4121 atque
2446 4051 2725 4115 victorias,
2757 4059 2813 4105 et
2851 4058 2975 4106 octo
3016 4050 3278 4121 graduum
3309 4052 3572 4122 mysteria
3600 4067 3691 4107 oe-

2103 4153 2444 4211 gnoscamus,
2475 4139 2786 4209 introgressi
2823 4139 3224 4211 gazophylacia,
3245 4140 3296 4193 in
3325 4141 3528 4209 quibus
3557 4151 3687 4197 lem-

2103 4231 2176 4301 pli
2206 4230 2407 4286 divitia:
2435 4230 2798 4294 continentur,
2828 4239 2881 4283 et
2911 4230 3158 4284 lavantur
3185 4230 3461 4285 orationes
3490 4239 3689 4286 nostra:

408 4318 495 4372 vir
517 4317 626 4383 ille,
654 4317 745 4387 qui
781 4317 896 4372 lucc
919 4315 1098 4371 omnia
1128 4316 1403 4387 propheta:
1428 4319 1664 4374 ostendit
1684 4321 1855 4391 ipsum
1876 4339 2000 4392 pro-
2026 4385 2065 4392 __
2101 4320 2171 4375 ab
2198 4321 2343 4376 omni
2376 4320 2534 4376 sorde
2570 4320 2776 4389 peccati
2808 4333 2823 4373 :
2854 4335 3158 4390 mensmque
3187 4332 3254 4374 ex
3282 4330 3514 4390 utraque
3534 4332 3689 4392 parte

408 4408 628 4477 phetam
672 4385 973 4461 introduxit
1021 4406 1087 4461 ad
1129 4385 1362 4475 portam,
1395 4422 1517 4476 qua:
1563 4385 1891 4479 respiciebat
1931 4411 1999 4466 ad
2026 4385 2076 4444 Ῐ)
2100 4409 2240 4464 bina:
2283 4417 2407 4464 sunt
2442 4385 2652 4479 positis,
2691 4417 2750 4462 ut
2796 4408 3029 4478 primum
3073 4385 3385 4463 immoletur
3428 4385 3687 4465 holocau-

401 4497 738 4567 aquilonem,
771 4497 850 4553 sic
886 4497 1144 4553 inchoare
1173 4496 1535 4554 decernimus.

811 4655 1169 4731 SEQUITUR
1200 4655 1430 4714 CAPUT
1470 4657 1584 4713 xu.

492 4786 511 4819 ι
545 4768 613 4822 Ει
641 4769 935 4824 introduxit
966 4786 1051 4825 me
1080 4771 1147 4825 ad
1173 4778 1409 4840 portam,
1442 4786 1563 4841 quae
1585 4772 1906 4843 respiciebat
1930 4774 1999 4830 ad

372 4884 383 4893 κ
410 4879 441 4914 1
478 4860 803 4931 aquilonem.
829 4861 898 4917 Et
926 4878 1144 4918 mensus
1167 4872 1268 4929 est,
1288 4865 1581 4919 secundum
1609 4882 1887 4923 mensuras
1910 4883 2001 4924 su-

414 4969 439 5006 e
475 4966 737 5024 pertores,
762 4953 1055 5008 thalamum
1087 4952 1224 5024 ejus,
1264 4956 1494 5013 frontem
1517 4956 1634 5025 ejus
1669 4967 1723 5013 et
1760 4959 2000 5015 vestibu-

416 5062 441 5093 η
480 5042 589 5097 lum
627 5041 747 5112 ejus
769 5050 826 5097 et
844 5040 1107 5099 fenestras
1137 5045 1272 5115 ejus,
1297 5062 1395 5117 per
1435 5048 1998 5120 circuitum,longitu-

422 5153 441 5185 ι
479 5135 602 5190 diue
620 5132 1009 5204 quinquaginta
1052 5136 1357 5192 cubitorum
1395 5149 1451 5195 et
1492 5139 1772 5196 latitudine
1812 5141 1998 5212 viginti

425 5242 445 5275 ι
483 5225 723 5295 quinque
744 5224 1072 5290 cubitorum,
1101 5233 1155 5279 et
1182 5227 1502 5282 vestibulum
1535 5229 1651 5299 ejus
1680 5229 2001 5300 respiciebat

418 5331 438 5364 c
478 5313 546 5369 ad
567 5315 762 5368 atrium
785 5313 1117 5375 exterius.et
1141 5316 1392 5369 caelatura
1414 5317 1715 5387 palmarum
1739 5318 1792 5373 in
1826 5318 2001 5374 fronte

416 5421 439 5453 ς
476 5402 617 5460 illius
650 5403 775 5458 hinc
812 5412 867 5458 et
899 5402 1044 5469 inde,
1076 5403 1129 5458 in
1183 5414 1386 5474 septem
1438 5408 1695 5478 gradibus
1745 5423 2002 5465 ascensus

421 5510 443 5542 ε
481 5491 619 5561 ejus.
653 5511 672 5544 ι
700 5500 805 5548 etc.
832 5491 1102 5565 (Ηὶει-οη.)
1131 5493 1494 5549 lntroducitur
1514 5511 1643 5569 ergo
1680 5513 1894 5552 rursum
1934 5497 2002 5552 ad

411 5591 647 5649 portam,
674 5599 795 5654 qua:
843 5584 1164 5654 respiciebat
1208 5584 1276 5640 ad
1318 5585 1641 5655 aquilonem,
1673 5588 1764 5643 sed
1794 5602 2001 5655 nequa-

413 5681 578 5733 quam
596 5679 654 5725 ut
677 5687 836 5743 supra
866 5673 932 5727 ad
961 5674 1156 5728 atrium
1180 5675 1440 5742 exterius,
1461 5675 1554 5729 sed
1580 5676 1823 5731 interius.
1853 5676 1909 5730 In
1935 5692 2001 5732 eo

2100 4509 2263 4564 stmn,
2289 4501 2429 4569 quod
2459 4507 2626 4555 totum
2654 4514 2808 4554 sacer
2836 4499 2972 4571 ignis
2996 4508 3253 4566 assumat,
3277 4500 3401 4555 dein
3434 4516 3536 4570 pro
3557 4517 3680 4572 pec-

2101 4602 2245 4657 cato,
2290 4599 2346 4647 et
2392 4592 2458 4646 ad
2503 4600 2803 4647 extremum
2860 4607 2962 4663 pro
3016 4592 3336 4663 ignorantia,
3400 4596 3548 4663 quod
3603 4592 3680 4648 vel

2100 4682 2334 4738 scientes
2364 4682 2752 4747 commisimus,
2777 4682 2861 4736 vel
2908 4683 3235 4753 ignorantes.
3263 4682 3344 4736 Ad
3385 4683 3534 4739 latus
3558 4698 3684 4754 quo-

2099 4786 2203 4841 que
2244 4771 2501 4845 exterius,
2525 4769 2681 4839 juxta
2712 4769 3221 4843 Septuaginta,erat
3269 4772 3419 4827 rivus
3450 4773 3680 4829 fabrefa-

2100 4874 2238 4928 ctus,
2267 4864 2357 4933 qui
2382 4862 2817 4919 holocauslorum
2847 4864 3060 4919 cineres
3087 4871 3142 4918 et
3170 4864 3418 4919 carnium
3442 4864 3681 4935 jurulen-

2103 4954 2205 5009 tias
2232 4953 2491 5009 eﬂ‘erebat
2538 4955 2780 5010 exterius
2809 4973 2822 5009 :
2870 4956 2985 5010 sive
3022 4964 3179 5011 erant
3210 4956 3329 5010 dum
3371 4971 3595 5024 mensze,
3631 4967 3682 5012 et

2101 5043 2169 5097 ad
2200 5042 2341 5097 latus
2365 5042 2594 5097 alterum
2626 5043 2874 5099 vestibuli
2924 5044 3163 5114 ejusdem
3190 5052 3361 5113 portae
3383 5045 3507 5100 duae
3534 5056 3680 5100 men-

2101 5148 2194 5198 sae,
2228 5132 2279 5187 id
2306 5141 2408 5196 est,
2437 5147 2500 5187 ex
2544 5142 2773 5203 utraque
2799 5141 2953 5203 parte
2980 5142 3257 5202 quaternm
3301 5142 3539 5202 quatuor
3564 5134 3680 5189 hinc

2099 5232 2153 5279 et
2173 5233 2405 5293 quatuor
2431 5224 2573 5278 inde.
2610 5224 2675 5277 Et
2697 5232 2821 5293 post
2849 5232 3059 5294 tergum
3083 5224 3197 5278 sive
3223 5224 3290 5277 ad
3321 5223 3468 5277 latus
3500 5237 3677 5277 earum

2101 5316 2218 5371 alim
2244 5325 2368 5371 octo
2397 5328 2617 5378 mensae,
2642 5323 2699 5368 ut
2733 5313 2891 5368 simul
2922 5313 3121 5367 faciant
3150 5327 3369 5368 mensas
3412 5312 3676 5373 sedecim;

2076 5421 2207 5475 ,quo
2245 5420 2470 5459 numero
2498 5405 2877 5474 prophetarum
2918 5403 3173 5474 mysteria
3201 5400 3673 5458 demonstrantur;

2101 5506 2160 5551 ut
2185 5496 2442 5566 quidquid
2460 5493 2740 5549 otl‘erimus
2768 5509 2865 5563 per
2890 5493 3257 5564 evangelicum
3294 5492 3673 5563 dignationem,

2098 5586 2411 5656 praedictum
2430 5599 2614 5639 eorum
2630 5584 3107 5639 vaticinationibus
3123 5583 3497 5652 approbemus.
3514 5578 3681 5646 Quod-

2102 5692 2207 5745 quc
2248 5675 2550 5730 inferuntur
2577 5684 2806 5745 quatuor
2843 5690 3040 5731 mensa:
3068 5676 3133 5730 de
3171 5675 3438 5744 lapilihus
3466 5671 3681 5743 quadris
