3972 6184
222 389 325 445 θη

1159 373 1508 434 COMMENT.
1550 369 1615 426 IN
1656 364 2109 424 EZECIIIELEM.
2150 395 2221 404 —
2257 364 2384 419 LIB.
2427 363 2565 420 XVI.

3381 367 3487 422 9H

218 505 539 561 exstructas,
567 503 624 549 et
645 494 730 548 ha:
759 492 887 561 ipsa:
914 489 978 544 ad
1002 487 1327 545 sacriﬁcium
1349 485 1808 541 holocaustorum,
1842 482 1887 540 Α
1914 472 2039 526 lone
2068 472 2484 528 describuntur?
2513 449 2801 540 Aspirante
2830 470 2942 525 Deo
2970 484 3162 540 magna
3195 470 3494 527 intentione

222 592 315 648 tsti
344 597 472 645 sunt
500 586 605 640 vivi
634 584 858 654 lapides,
886 581 976 651 qui
1003 579 1289 635 volvuntur
1320 591 1480 646 super
1511 584 1732 635 terram,
1754 578 1810 624 et

222 687 425 742 habent
477 694 662 737 secum
708 675 1019 747 angularem
1073 672 1330 743 lapidem,
1377 684 1485 738 quo
1532 664 1730 720 veteris
1758 669 1814 717 et

225 777 352 835 novi
387 770 732 830 Instrumenti
772 768 1008 840 parietes
1049 764 1414 820 continentur.
1451 758 1687 825 Quartus
1716 769 1811 808 au-

224 879 337 923 tem
395 878 653 920 numerus
695 858 1005 928 evangelica
1063 860 1403 910 sacramenta
1451 851 1809 910 demonstrat,

225 954 562 1026 longitudine
582 960 637 1007 et
658 949 941 1004 latitudine
962 946 1166 1001 habens
1187 958 1351 998 unum
1380 941 1621 997 cubitum
1649 946 1705 993 et
1726 935 1812 991 di-

227 1047 475 1109 midium,
500 1044 552 1097 id
579 1056 674 1113 per
702 1040 964 1111 quadrum
996 1056 1008 1090 :
1039 1052 1158 1105 quae
1183 1032 1341 1088 simul
1366 1031 1554 1103 juncta
1578 1037 1691 1082 tres
1720 1041 1814 1081 cu-

229 1139 373 1193 bitos
410 1134 631 1190 faciunt.
665 1132 767 1198 Qui
813 1138 924 1184 tres
964 1128 1152 1191 cubiti,
1199 1126 1401 1181 habent
1443 1124 1495 1177 in
1530 1119 1814 1175 altitudine

228 1226 469 1282 cubitum
500 1237 665 1277 unum
696 1239 709 1275 :
739 1229 796 1274 ut
827 1217 1081 1289 mysteria
1114 1213 1397 1270 Trinitatis
1427 1211 1586 1267 unius
1623 1208 1811 1274 cubiti,

228 1316 335 1373 hoc
360 1327 466 1380 est,
511 1314 706 1369 divina:
742 1311 1043 1383 majestatis
1092 1323 1347 1364 mensura
1400 1310 1706 1366 conservet,
1734 1301 1814 1356 di-

231 1417 392 1464 cente
419 1404 648 1461 Domino
678 1405 746 1458 ad
767 1401 1058 1472 discipulos
1091 1418 1103 1454 :
1142 1420 1160 1451 ‹
1189 1400 1288 1464 lte,
1320 1397 1588 1467 baptizate
1626 1406 1815 1449 omnes

231 1504 425 1567 gentes
477 1494 529 1548 in
573 1491 790 1546 nomine
819 1489 997 1543 Patris
1024 1498 1079 1543 et
1121 1486 1242 1542 Filii
1269 1494 1325 1542 et
1358 1485 1593 1556 Spiritus
1645 1480 1817 1538 sancti

233 1584 451 1656 (Matth.
479 1580 693 1653 xxvm).
735 1600 753 1632 ι
787 1579 991 1634 Nomen
1017 1586 1196 1632 autem
1226 1577 1319 1632 Dei
1351 1575 1505 1645 quasi
1530 1588 1671 1628 unus
1698 1571 1819 1625 alti-

234 1677 438 1732 tudinis
465 1675 679 1729 cubitus
702 1679 808 1738 est,
836 1672 930 1743 qui
958 1678 1069 1726 tres
1111 1669 1486 1739 complectitur
1513 1665 1815 1737 proprieta-

234 1778 319 1823 tes
347 1776 404 1822 et
429 1766 741 1822 holocausta
773 1763 1103 1819 oblationum
1148 1770 1457 1816 nostrarum
1486 1772 1699 1827 semper
1725 1771 1816 1811 as-

1915 578 2052 633 opus
2069 571 2152 618 est
2185 563 2362 617 sinum
2387 569 2548 616 tanta:
2573 560 2952 631 profunditatis
2972 561 3248 629 indagare.
3267 559 3327 615 Si
3347 562 3494 617 enim

1912 664 2191 726 ruinarum
2236 656 2452 711 nomine
2496 665 2711 709 sanctos
2739 653 3120 723 praedicatores
3163 654 3495 724 accepimus,

1914 746 2192 802 sciendum
2223 746 2377 801 nobis
2403 753 2506 810 est,
2537 745 2663 814 quia
2684 750 2685 753 ‘
2706 759 2812 798 una
2842 750 2926 798 est
2952 743 3191 799 Ecclesia
3220 743 3275 798 in
3303 746 3499 815 praedi-

1914 841 2189 896 catoribus
2211 838 2540 894 Testamenti
2564 836 2771 893 Veteris
2806 852 2871 891 ac
2911 836 3065 891 Novi.
3092 836 3267 891 Porta:
3316 848 3498 893 autem

1916 940 2122 1000 septem
2143 929 2229 984 vel
2248 937 2373 985 octo
2394 928 2592 1000 gradus
2612 928 2812 982 habent
2848 946 2861 981 :
2895 928 3021 997 quia
3061 930 3233 983 sancti
3265 928 3499 999 Spiritus

1916 1022 2286 1093 septiformem
2319 1022 2547 1094 gratiam
2593 1020 2934 1077 concorditer
2971 1022 3283 1089 praedicant.
3333 1020 3498 1076 Octa-

1921 1130 2047 1169 vum
2071 1130 2201 1170 vero
2239 1115 2465 1184 gradum
2506 1110 2827 1166 annuntiant
2861 1111 3234 1167 retributionis
3260 1121 3498 1166 :etcrnae.

1923 1201 2075 1258 Unde
2109 1202 2371 1272 scriptum
2392 1210 2479 1257 est
2505 1218 2519 1257 :
2558 1220 2577 1253 ι
2615 1201 2691 1256 Da
2718 1207 2926 1271 partem
2948 1209 3150 1270 septem
3180 1218 3281 1257 nec
3310 1217 3415 1257 non
3444 1211 3503 1257 et

1917 1300 2041 1346 octo
2072 1289 2264 1362 (Etcli.
2295 1290 2396 1360 xi).
2433 1311 2451 1344 ι
2477 1290 2616 1358 Quid
2637 1291 2819 1360 itaque
2840 1290 3022 1345 dicere
3050 1306 3334 1359 possumus
3353 1300 3503 1346 exte-

1920 1383 2093 1439 riores
2117 1391 2302 1452 portas
2323 1384 2423 1439 nisi
2452 1384 2703 1454 antiquos
2725 1392 2906 1453 patres
2926 1382 3113 1449 fuisse,
3131 1384 3221 1454 qui
3250 1400 3347 1454 per
3366 1401 3506 1455 prm-

1919 1481 2074 1543 cepta
2097 1473 2230 1544 legis
2257 1483 2520 1530 noverant
2540 1490 2702 1545 opera
2726 1473 2907 1544 populi
2938 1474 3128 1546 magis,
3151 1490 3312 1545 quam
3336 1476 3504 1531 corda

1920 1563 2236 1618 custodire?
2263 1572 2323 1618 ut
2361 1563 2649 1619 interiores
2680 1572 2863 1633 portas
2891 1565 3272 1634 praedicatores
3302 1576 3506 1621 sanctae

1920 1653 2178 1709 Ecclesia;
2205 1656 2498 1711 debeamus
2519 1656 2788 1725 accipere,
2808 1656 2899 1725 qui
2922 1656 3253 1725 spiritalibus
3286 1660 3507 1716 monitis

1922 1744 2308 1815 discipulorum
2330 1761 2550 1801 suorum
2571 1746 2733 1799 corda
2756 1745 3084 1811 custodiunt,
3111 1761 3180 1801 ne
3206 1748 3362 1802 malis
3386 1764 3507 1817 qua:

233 1857 419 1912 sum“.
454 1855 628 1925 super
670 1855 815 1925 ipsas
842 1862 1024 1909 autem
1054 1861 1287 1921 quamm-
1320 1864 1536 1905 ωεηεειδ
1562 1848 1817 1904 holocau-
1844 1842 1891 1901 B
1920 1853 2025 1891 non
2056 1838 2285 1906 faciunt,
2310 1838 2394 1893 vel
2442 1839 2497 1893 in
2530 1838 2949 1909 cogitationibus
2992 1836 3348 1893 delectentur.
3401 1839 3507 1894 Per

233 1954 445 2002 storum
478 1945 544 2000 de
564 1944 705 1999 vivis
743 1941 1009 2013 lapidibus
1048 1950 1373 2005 exstructas,
1397 1954 1624 2009 quarum
1645 1938 1820 2009 longi-

237 2037 368 2092 tudo
407 2046 463 2092 et
501 2037 728 2092 altitudo
761 2045 816 2092 et
850 2034 1077 2090 latitudo
1100 2032 1372 2103 descripta
1405 2040 1520 2096 est,
1545 2040 1820 2101 ponuntur

238 2143 384 2189 vasa,
408 2128 463 2182 in
488 2127 682 2197 quibus
702 2125 1014 2189 immolatur
1030 2124 1401 2180 holocaustum
1416 2131 1735 2192 martyrum,
1752 2118 1819 2174 de

238 2218 431 2288 quibus
456 2218 653 2272 dicitur
681 2234 696 2271 :
730 2235 749 2268 ι
779 2216 1022 2271 Pretiosa
1050 2216 1104 2270 in
1126 2220 1414 2284 conspectu
1437 2211 1648 2267 Domini
1673 2225 1821 2266 mors

239 2317 552 2389 sauptorum
598 2307 716 2376 ejus
762 2304 943 2377 (Psal.
980 2306 1154 2376 cxv);
1197 2324 1216 2357 ι
1251 2313 1309 2359 et
1347 2317 1534 2359 eorum
1564 2300 1818 2365 victimae,

239 2399 331 2469 qui
370 2397 699 2453 continentia
735 2404 792 2452 et
825 2396 1067 2466 corporis
1100 2395 1387 2451 sanctitate
1440 2392 1651 2448 animas
1695 2398 1822 2447 suas

241 2486 524 2543 immolant
567 2484 816 2540 Domino.
869 2484 1280 2555 Mensarumque
1328 2484 1556 2538 istarum
1602 2480 1821 2536 nomina

241 2583 373 2648 puto
420 2576 476 2631 in
507 2574 757 2631 Mattbteo
805 2583 861 2631 et
898 2574 1068 2642 Luca,
1113 2575 1318 2640 Marco,
1350 2580 1407 2627 et
1445 2572 1654 2628 Joanne
1696 2588 1826 2642 apo-

240 2668 399 2725 stolis
443 2667 709 2723 contineri
741 2684 755 2720 :
793 2681 1022 2735 quarum
1068 2681 1268 2721 corona
1299 2665 1530 2734 desuper
1557 2660 1695 2718 ﬂexa
1742 2662 1825 2716 in-

241 2759 518 2813 trinsecus
544 2772 642 2826 per
668 2757 956 2813 circuitum
998 2757 1268 2827 margines
1312 2753 1598 2817 ambiebat,
1634 2764 1695 2809 ut
1723 2755 1822 2810 ho-

244 2848 484 2903 locausta
511 2848 809 2903 contineret
848 2847 1193 2912 intrinsecus,
1219 2858 1273 2902 et
1302 2862 1407 2902 non
1433 2847 1631 2916 passim
1658 2845 1826 2903 ﬂuere

244 2941 602 3012 permitteret,
653 2946 966 3009 teneretque
1011 2953 1202 2993 carnes
1248 2937 1554 3002 oblationis,
1602 2937 1717 2992 sive
1767 2944 1829 2992 ut

248 3028 392 3084 LXX
415 3030 824 3095 transtulerunt,
855 3047 873 3080 ι
906 3029 974 3083 Et
998 3030 1127 3101 ipsa:
1152 3043 1351 3083 mensa:
1378 3035 1530 3082 tectae
1556 3034 1713 3082 erant
1737 3026 1828 3081 de-

248 3136 434 3191 super,
466 3140 485 3173 ›
519 3129 737 3190 propter
765 3120 1018 3175 imbrium
1045 3118 1357 3174 violentiam
1388 3127 1444 3172 ct
1486 3117 1658 3173 aestivi
1698 3115 1829 3172 solis

247 3189 469 3265 nimiam
498 3189 819 3275 Siccitatem,
847 3218 908 3264 ut
935 3225 1129 3266 carnes
1153 3211 1382 3278 desuper
1402 3208 1590 3278 positae
1618 3208 1830 3279 possint
1854 3189 1900 3253 C

248 3299 430 3353 dicere
454 3313 575 3353 cum
601 3300 862 3369 propheta
892 3313 907 3352 :
941 3316 961 3350 ι
1002 3298 1105 3354 Per
1131 3299 1275 3353 diem
1298 3297 1379 3353 sol
1407 3312 1511 3353 non
1540 3304 1662 3352 uret
1694 3312 1825 3363 nos,

247 3407 424 3463 neque
464 3391 591 3446 luna
613 3406 712 3461 per
745 3399 957 3448 noctem
984 3388 1156 3463 (Psal.
1180 3391 1339 3463 cxx);
1384 3408 1403 3442 ι
1442 3403 1672 3459 quorum
1699 3387 1828 3442 alte-

248 3497 371 3539 rum
423 3482 604 3537 nimiis
630 3482 821 3551 pluviis
864 3491 919 3537 et
969 3484 1375 3553 tempestatibus
1418 3481 1828 3537 tribulationum

247 3571 495 3628 dissolvit
522 3572 839 3638 oblationes,
883 3572 1111 3628 alterum
1136 3573 1440 3628 vehementi
1487 3581 1620 3627 aestu
1649 3586 1831 3642 perse-

248 3669 527 3722 cutionum
558 3682 804 3722 arescere
829 3666 959 3721 facit
984 3666 1243 3736 quidquid
1276 3665 1516 3721 oblatum
1548 3674 1651 3720 est.
1714 3675 1779 3729 ,ν

322 3754 388 3825 (C
396 3758 526 3829 reg.)
560 3757 685 3812 Πλιιο
706 3758 1000 3828 prophetia:
1032 3758 1195 3812 verba
1225 3757 1458 3813 lectione
1487 3756 1657 3828 magis
1687 3755 1830 3811 indi-

250 3855 401 3919 gent,
428 3863 589 3916 quam
616 3848 967 3918 expositione.
995 3847 1069 3902 Ea
1096 3848 1241 3903 enim
1277 3849 1330 3902 in
1357 3847 1527 3915 tribus
1558 3847 1731 3917 portis
1752 3861 1833 3901 re-

249 3940 546 4009 plicantur,
572 3954 694 4009 qua:
718 3940 953 3994 secundo
987 3938 1100 4007 jam
1133 3940 1217 3993 vel
1257 3941 1417 3994 tertio
1455 3938 1522 3993 de
1548 3938 1831 3994 exteriori-

252 4035 354 4087 bus
389 4031 536 4086 dieta
578 4040 725 4096 sunt,
748 4046 919 4103 pauca
954 4047 1084 4087 vero
1131 4031 1187 4086 in
1234 4046 1422 4086 earum
1471 4030 1832 4100 descriptione

250 4132 652 4193 permutantur.
686 4123 841 4178 Nunc
864 4138 992 4194 ergo
1018 4123 1371 4192 quaerendum
1402 4121 1558 4177 nobis
1585 4130 1691 4187 est,
1712 4135 1832 4191 quae

252 4217 372 4271 istae
403 4226 515 4270 tres
566 4223 734 4285 porta:
781 4214 1067 4269 interiores
1088 4213 1235 4268 sint:
1266 4211 1349 4267 vel
1381 4211 1510 4281 quid
1538 4219 1642 4277 est,
1690 4211 1832 4280 quod

251 4306 567 4361 earumdem
591 4314 871 4376 portarum
897 4304 1157 4360 vestibula
1193 4304 1379 4373 viginti
1404 4303 1644 4373 quinque
1682 4303 1833 4357 cubi—

252 4400 324 4453 tis
349 4398 402 4451 in
424 4397 773 4469 longitudine,
796 4404 850 4451 et
870 4397 1107 4465 quinque
1128 4395 1324 4449 cubitis
1346 4395 1399 4447 in
1422 4393 1704 4448 latitudine
1728 4407 1835 4447 me-

253 4490 467 4543 tiuntur
497 4505 510 4540 :
539 4487 619 4542 vel
657 4503 754 4541 cur
782 4488 851 4541 ad
877 4502 971 4542 eas
994 4502 1098 4542 non
1136 4495 1363 4556 septem,
1397 4485 1538 4541 sicut
1565 4486 1633 4540 de
1658 4487 1831 4555 portis

250 4578 616 4632 exterioribus
661 4578 862 4632 dictum
893 4575 1099 4642 fuerat,
1147 4578 1240 4631 sed
1286 4585 1410 4631 octo
1446 4575 1701 4645 gradibus
1741 4591 1831 4630 as-

251 4670 524 4723 cenditur.
579 4668 739 4723 Porta
785 4667 928 4722 enim
989 4668 1113 4722 atrii
1161 4667 1464 4731 interioris,
1517 4681 1636 4734 quat
1680 4679 1836 4735 supe-

254 4759 372 4813 rius
405 4757 550 4811 dicta
577 4764 676 4817 est.
725 4758 790 4813 de
820 4757 906 4812 bis
936 4758 1108 4812 tribus
1138 4757 1310 4828 portis
1353 4755 1702 4811 interioribus
1729 4772 1837 4810 non

251 4858 363 4912 est,
393 4848 521 4917 quia
555 4846 642 4901 illa
666 4856 856 4903 contra
885 4847 1110 4902 orientis
1136 4854 1192 4902 et
1227 4846 1496 4916 aquilonis
1518 4854 1728 4916 portam
1759 4862 1841 4901 re.»

253 4939 468 5009 spicere
497 4938 710 4993 dicitur.
738 4938 860 4994 Istae
897 4946 1073 4993 autem
1110 4938 1336 5008 singulae
1374 4936 1603 4991 interius
1645 4937 1711 4991 ad
1746 4953 1841 4991 au-

252 5039 434 5084 strum
479 5027 559 5082 vel
589 5030 849 5083 orientem
890 5038 946 5084 et
986 5028 1289 5098 aquilonem
1339 5030 1529 5097 posita:
1561 5042 1683 5082 esse
1729 5043 1841 5083 mc-

254 5127 561 5174 rnorantur.
596 5117 749 5175 Unde
780 5127 923 5174 recte
970 5135 1068 5190 per
1097 5119 1238 5172 illam
1280 5119 1458 5173 aditus
1488 5118 1716 5172 interior
1750 5118 1843 5172 de-

255 5213 525 5282 signatur,
539 5211 687 5278 quia,
705 5211 843 5264 sicut
865 5209 1190 5280 praacedcnti
1216 5208 1486 5264 locutione
1501 5207 1615 5277 jam
1637 5209 1838 5263 dictum

256 5312 366 5363 est,
394 5300 478 5353 vel
526 5299 677 5353 Juda:
705 5308 761 5353 et
802 5300 1114 5371 gentilitati,
1144 5299 1227 5354 vel
1274 5300 1843 5369 inchoantibusatque

258 5393 315 5446 in
345 5392 488 5446 bono
520 5394 1006 5461 perseverantibus,
1045 5392 1128 5446 vel
1165 5407 1195 5447 a
1216 5394 1357 5449 bono
1384 5393 1718 5457 cadentibus,
1751 5392 1844 5448 sed

258 5491 385 5553 post
412 5481 596 5549 culpas
616 5497 712 5550 per
739 5482 1111 5551 pmnitentiam
1138 5482 1484 5551 surgentibus
1505 5492 1667 5552 patet.
1695 5481 1847 5537 Nunc

259 5581 446 5626 autem
491 5582 773 5641 postquam
818 5572 1043 5640 singulae
1085 5573 1137 5625 in
1168 5573 1377 5626 oriente
1402 5582 1456 5625 et
1498 5573 1773 5641 aquilone,
1794 5581 1849 5626 et

260 5673 456 5718 austro
508 5672 677 5732 porta:
727 5664 1014 5735 descripta:
1063 5672 1212 5728 sunt,
1262 5680 1359 5718 cur
1399 5662 1670 5719 interioris
1724 5665 1850 5719 atrii

260 5769 482 5809 rursum
499 5762 672 5824 porta:
698 5754 921 5825 singulae
946 5756 1002 5807 in
1023 5763 1207 5808 austro
1228 5762 1282 5808 et
1294 5754 1503 5808 oriente
1523 5763 1686 5823 atque
1703 5756 1855 5825 aqui-

1860 4535 1911 4594 D

1922 1925 2044 1982 illas
2069 1928 2215 1983 enim
2267 1936 2472 1998 septem
2500 1928 2756 1998 gradibus
2780 1927 2995 1982 ascendi
3027 1927 3254 1992 dicitur;
3278 1928 3505 1983 istarum

1922 2030 2054 2072 vero
2076 2027 2200 2073 octo
2220 2020 2485 2089 graduum
2506 2034 2765 2076 ascensus
2784 2035 2905 2076 esse
2930 2021 3262 2092 perhibetur,
3290 2021 3416 2091 quia
3450 2031 3511 2077 et

1921 2107 1977 2162 in
1989 2110 2338 2163 veneratione
2350 2108 2483 2181 legis
2495 2109 2612 2165 dies
2626 2111 2885 2181 septimus
2897 2110 3016 2176 fuit,
3031 2120 3087 2166 et
3099 2112 3151 2166 in
3165 2111 3313 2167 Novo
3325 2112 3513 2168 Testa-

1921 2207 2110 2253 mento
2133 2207 2361 2256 octavus
2380 2202 2497 2256 dies
2515 2216 2636 2257 cum
2665 2211 3009 2259 sacramento
3030 2211 3115 2258 est
3135 2221 3149 2257 :
3173 2204 3220 2258 is
3238 2203 3507 2270 videlicet,

1923 2287 2015 2356 qui
2040 2288 2341 2343 dominicus
2364 2289 2687 2359 appellatur,
2717 2292 2808 2360 qui
2845 2292 3039 2348 tertius
3058 2308 3088 2347 a
3122 2292 3391 2363 passione,
3413 2294 3511 2349 sed

1922 2387 2148 2434 octavus
2170 2394 2199 2432 a
2227 2380 2533 2436 conditione
2561 2389 2665 2447 est,
2695 2383 2821 2451 quia
2844 2390 2900 2437 et
2927 2383 3214 2453 septimum
3240 2384 3505 2453 sequitur.

1997 2488 2094 2545 Sin
2128 2506 2258 2547 vero
2285 2500 2565 2562 portarum
2594 2492 2812 2547 nomine
2837 2492 2981 2548 solos
3009 2492 3356 2564 intelligimus
3380 2509 3507 2551 san-

1923 2590 2043 2637 ctos
2080 2583 2348 2653 apostolos
2385 2584 2676 2656 designari,
2742 2586 2834 2655 qui
2868 2585 3119 2641 videlicet
3154 2586 3311 2655 primi
3352 2587 3510 2642 nobis

1925 2682 2052 2729 sunt
2105 2684 2307 2731 sanctae
2354 2675 2610 2732 Ecclesiae
2658 2678 3063 2748 praedicatores,
3094 2685 3148 2733 et
3180 2678 3338 2733 ﬁdem
3387 2696 3509 2746 nos,

1924 2779 2078 2835 spem
2117 2773 2280 2835 atque
2306 2768 2626 2823 charitatem
2653 2782 2865 2824 summo
2901 2781 3065 2839 opere
3092 2777 3275 2824 tenere
3315 2769 3515 2825 docue-

1925 2865 2092 2911 runt:
2121 2857 2221 2927 ipsi
2248 2858 2432 2928 itaque
2454 2860 2612 2914 nobis
2651 2860 2701 2913 in
2731 2860 2816 2914 his
2848 2860 3136 2914 virtutibus
3167 2868 3335 2929 porta:
3364 2868 3507 2925 sunt,

1927 2949 2022 3017 qui
2049 2964 2149 3004 nos
2182 2966 2281 3022 per
2305 2952 2523 3013 easdem
2565 2952 2796 3006 virtutes
2833 2952 2901 3005 ad
2948 2951 3261 3006 interiorem
3301 2950 3514 3007 intelle-

1929 3049 2075 3095 ctum
2096 3050 2315 3098 aeternae
2333 3043 2609 3114 sapientiae
2622 3042 2923 3113 perducunt
2943 3061 2956 3096 :
2980 3042 3073 3097 sed
3093 3043 3136 3097 si
3158 3042 3259 3113 ipsi
3280 3042 3506 3097 exterio-

1930 3146 2021 3186 res
2048 3141 2177 3187 sunt
2203 3143 2391 3204 porta),
2439 3148 2575 3203 quos
2610 3133 2917 3203 accepimus
2947 3118 3231 3189 interiores
3251 3135 3275 3188 ?
3299 3133 3357 3189 Si
3383 3147 3516 3190 vero

1931 3226 2034 3295 ipsi
2050 3226 2336 3283 interiores
2358 3236 2503 3291 sunt,
2521 3240 2656 3297 quos
2676 3226 3022 3297 intelligimus
3049 3226 3381 3282 exteriores?
3396 3227 3509 3294 Qua

1930 3314 1985 3368 in
2014 3328 2075 3368 re
2110 3314 2330 3385 intelligi
2374 3315 2579 3368 utiliter
2603 3320 2799 3383 potest,
2858 3314 2982 3382 quia
3026 3314 3125 3383 ipsi
3158 3316 3310 3370 nobis
3363 3325 3515 3372 exte-

1931 3406 2103 3461 riores
2154 3404 2315 3460 simul
2359 3414 2414 3459 et
2443 3404 2728 3459 interiores
2777 3411 2948 3474 portae
2977 3411 3120 3458 sunt.
3181 3403 3315 3459 Cum
3369 3406 3516 3460 enim

1932 3494 2111 3549 adhuc
2157 3493 2537 3549 inchoantibus
2572 3508 2679 3548 non
2709 3493 2815 3547 alta
2850 3500 2905 3547 et
2932 3493 3183 3563 mystica,
3236 3493 3329 3549 sed
3368 3509 3514 3563 qua:-

1931 3586 2055 3641 dam
2082 3601 2203 3656 qua:
2228 3587 2346 3657 capi
2366 3585 2661 3655 praevalent
2686 3585 3001 3655 przedicant,
3025 3594 3194 3654 portae
3217 3586 3515 3641 exteriores

1930 3686 2075 3734 sunt.
2127 3677 2262 3734 Cum
2312 3692 2442 3733 vero
2484 3676 2739 3748 perfectis
2781 3675 3046 3747 profunda
3076 3687 3132 3732 et
3156 3678 3385 3749 mystica
3430 3678 3511 3734 lo-

1930 3776 2195 3839 quuntur,
2228 3776 2399 3838 portae
2427 3767 2732 3823 interiores.
2786 3767 3075 3822 Videamus
3109 3768 3343 3837 qualiter
3360 3776 3517 3837 porta

1931 3860 2174 3916 exterior
2198 3867 2384 3931 pateat
2416 3877 2429 3914 :
2463 3878 2482 3912 α
2527 3857 2645 3913 Non
2669 3858 2817 3930 potui
2845 3858 3001 3914 vobis
3027 3858 3195 3928 loqui,
3226 3859 3380 3929 quasi
3410 3860 3519 3928 spi-

1931 3950 2199 4016 ritalibus,
2228 3950 2322 4005 sed
2350 3949 2504 4020 quasi
2528 3949 2855 4005 carnalibus.
2882 3949 3159 4020 Tanquam
3188 3949 3425 4020 parvulis
3464 3949 3517 4004 in

1931 4042 2168 4106 Christo,
2225 4042 2311 4099 lac
2345 4042 2500 4097 vobis
2545 4049 2733 4114 potum
2768 4041 2913 4107 dedi,
2962 4057 3068 4097 non
3096 4057 3272 4098 escam
3299 4041 3349 4113 (1
3387 4039 3512 4096 Cor.

1933 4132 2057 4205 nt).
2095 4151 2115 4185 ι
2169 4130 2461 4187 Videamus
2514 4131 2747 4203 qualiter
2803 4140 2958 4202 porta
3014 4132 3242 4186 interior
3293 4140 3517 4202 pateat:

1937 4244 1957 4275 ε
2003 4223 2338 4293 Sapientiam
2363 4221 2793 4291 loquimurinter
2818 4221 3086 4293 perfectos
3134 4219 3185 4291 (l
3225 4219 3348 4274 Cor.
3377 4219 3459 4289 ιι).
3496 4242 3512 4271 ι

1932 4310 2223 4366 Videamus
2262 4319 2442 4366 utrum
2499 4312 2687 4366 eadem
2726 4311 2841 4380 ipsa
2885 4311 2957 4365 sit
3000 4318 3152 4379 porta
3198 4308 3424 4363 interior
3467 4318 3523 4363 et

1932 4402 2171 4457 exterior
2218 4418 2232 4453 :
2300 4420 2318 4452 ι
2364 4400 2713 4471 Sapientibus
2774 4408 2830 4454 et
2879 4397 3253 4466 insipientibus
3310 4396 3523 4451 debitor

1935 4507 2053 4547 sum
2108 4491 2281 4563 (Rom.
2309 4491 2370 4564 ι).
2414 4511 2432 4544 ι
2486 4491 2588 4559 Qui
2638 4489 2853 4544 rursum
2894 4488 3068 4543 dicit:
3106 4504 3125 4537 ‹
3172 4486 3296 4541 Sive
3343 4497 3524 4540 mente

1939 4587 2250 4641 excedimus
2299 4586 2431 4649 Deo,
2489 4585 2604 4639 sive
2644 4582 2808 4638 sobrii
2847 4594 3034 4636 sumus
3075 4578 3229 4634 vobis
3267 4577 3352 4650 (11
3396 4575 3521 4632 Cor.

1941 4675 2019 4748 v).
2060 4696 2079 4728 ι
2131 4675 2188 4729 In
2212 4669 2315 4729 hoc
2343 4675 2511 4739 enim,
2555 4672 2696 4743 quod
2727 4670 3141 4741 coritemplando
3167 4677 3223 4723 et
3251 4668 3521 4739 loquendo

1944 4765 2279 4834 sapientibus
2338 4772 2521 4818 mente
2575 4761 2807 4825 excedit,
2858 4768 3011 4831 porta
3056 4760 3284 4814 interior
3315 4767 3440 4814 est:
3469 4759 3526 4815 in

1947 4857 2050 4910 hoc
2085 4868 2235 4913 vero,
2292 4853 2434 4921 quod
2472 4852 2712 4921 parvulis
2750 4851 2928 4906 sobrie
2974 4851 3027 4905 in
3060 4849 3443 4921 praedicatione
3470 4864 3529 4905 se

1950 4948 2234 5010 temperat,
2274 4950 2330 4999 et
2365 4950 2566 5008 quanta
2596 4941 2856 4994 ebrietate
2894 4939 3115 5010 spiritus
3137 4938 3451 4993 infundatur
3472 4939 3526 4993 in

1948 5041 2128 5088 mente
2148 5046 2270 5085 cum
2291 5030 2548 5101 praedicat
2568 5045 2673 5085 non
2689 5030 2942 5095 ostendit,
2965 5029 3291 5085 exteriorem
3314 5037 3531 5099 portam

1947 5137 2006 5178 se
2039 5136 2159 5177 esse
2186 5120 2514 5176 manifestat.
2554 5120 2659 5190 Ipsi
2709 5122 2891 5190 itaque
2927 5128 2981 5175 et
3003 5121 3305 5176 exteriores
3354 5127 3525 5187 porta:

1948 5214 2105 5270 nobis
2132 5222 2260 5268 sunt
2284 5220 2339 5268 et
2368 5213 2672 5277 interiores,
2722 5227 2841 5281 qua:
2871 5228 2968 5267 nos
3004 5212 3135 5267 etin
3187 5212 3362 5280 primo
3383 5210 3534 5263 aditu

1951 5303 2100 5368 ﬁdei,
2124 5303 2412 5375 speratque
2434 5301 2716 5358 charitatis
2741 5302 3046 5366 instituunt,
3061 5309 3119 5355 et
3134 5314 3260 5355 cum
3279 5300 3389 5369 jam
3409 5312 3535 5369 pro-

1955 5393 2260 5449 ﬁcientibus
2295 5392 2534 5448 caelestis
2581 5391 2733 5462 regni
2782 5391 3039 5461 mysteria
3094 5390 3392 5459 praedicant
3437 5402 3537 5458 per

1955 5486 2287 5542 subtiliorem
2347 5501 2565 5542 sensum
2634 5500 2733 5541 nos
2782 5486 2848 5539 ad
2900 5484 3156 5540 interiora
3208 5483 3532 5553 perducunt.

1960 5576 2117 5633 Unde
2153 5585 2207 5631 ct
2247 5593 2344 5646 per
2383 5585 2588 5647 septem
2625 5576 2824 5647 gradus
2842 5574 3018 5646 grius
3058 5588 3314 5627 ascensus
3352 5586 3535 5627 earum

1958 5666 2302 5729 describitur,
2360 5674 2415 5720 et
2453 5667 2795 5736 postmodum
2823 5678 2919 5732 per
2943 5672 3104 5717 octo:
3136 5677 3233 5730 per
3281 5671 3533 5716 octavum

1958 5759 2159 5813 etenim
2183 5757 2410 5821 gradum
2435 5757 2578 5812 illius
2607 5758 2730 5811 vitae
2756 5754 3014 5811 mvsteria
3045 5753 3345 5813 signantur.
3376 5767 3537 5821 quam
