3972 6184
525 353 630 412 M5

1158 349 1217 404 Β.
1261 348 1517 405 ΒᾹΒᾹΝΙ
1557 348 1778 403 ΜᾹΙΠΠ
1815 347 2111 403 ARClllEP

2215 348 2486 405 IOGUNT.
2530 348 2819 406 OPERUM
2855 349 3036 405 PARS
3078 350 3143 404 ῐῐ.

3696 351 3781 406 9η

528 469 587 522 in
611 465 836 522 secretis
862 463 975 518 suis
1007 462 1230 531 perfecti
1267 460 1592 530 intelligunt,
1646 459 1735 528 qui
1767 455 1879 527 jam
1911 469 2103 515 cuncta
2136 465 2182 524 Λ
2210 461 2603 531 cognoscimus.
2647 460 2797 515 llane
2826 471 3005 516 autem
3056 461 3262 532 antiqui
3294 460 3484 516 Patres
3523 469 3783 519 venturam

529 557 841 627 temporalia
866 562 1043 609 mente
1074 554 1454 610 transcendere
1490 558 1758 607 noverunt
1789 568 1801 603 :
1836 551 1924 619 qui
1966 567 2106 621 prac-

510 658 734 705 sentem
760 647 923 700 vitam
941 660 1058 713 ilum
1073 653 1277 714 septem
1300 645 1509 698 dierum
1527 645 1799 700 curriculo
1821 643 2109 711 evolvitur,

510 770 515 776 -
527 742 687 812 plene
708 739 1009 809 despiciunt
1040 758 1051 791 :
1085 738 1175 807 qui
1198 738 1265 792 de
1287 737 1475 792 intima
1507 737 1964 809 contemplatione
1992 755 2101 810 pas-

510 839 744 885 »cuntur.
773 829 981 884 Habent
1010 829 1176 900 igitur
1196 837 1362 899 μοι-ιω
1392 829 1651 899 spiritalis
1673 831 1884 885 :cdilicii
1903 839 2110 902 septem

518 923 896 993 grazluszquia
917 923 1163 977 timorem
1188 922 1420 987 Domini,
1440 922 1695 993 pietatem
1724 932 1780 978 et
1808 925 2108 989 scientiam,

529 1012 900 1068 fortitudinem
927 1022 980 1067 et
1010 1014 1316 1077 consilium,
1343 1013 1675 1068 intellectum
1702 1023 1757 1069 et
1790 1016 2111 1085 sapientiam

531 1106 646 1159 suis
677 1106 1012 1160 auditoribus
1040 1106 1356 1175 prtedicanl.
1404 1105 1508 1160 Sed
1537 1122 1658 1160 cum
1680 1106 1793 1176 jam
1821 1107 2001 1162 omnia
2029 1107 2110 1162 di—

528 1196 667 1251 mitti
694 1198 1031 1267 przccipiunt,
1086 1213 1207 1253 eum
1237 1199 1308 1253 nil
1356 1199 1411 1252 in
1447 1200 1549 1253 hoc
1573 1200 1773 1254 mundo
1829 1200 1975 1271 diligi
2021 1200 2115 1255 ad-

524 1294 801 1348 moneant,
821 1286 892 1340 nil
917 1302 1014 1355 per
1033 1286 1283 1341 affectum
1312 1287 1497 1349 teucri,
1524 1303 1646 1342 cum
1674 1288 2113 1358 contemplationi

506 1378 764 1434 caelestis
808 1377 995 1445 patriae
1047 1376 1249 1431 intendi
1300 1384 1462 1446 atque
1503 1377 1556 1432 in
1596 1376 1712 1445 ejus
1739 1377 1965 1431 suadent
1994 1391 2113 1448 my-

508 1470 708 1525 steriis
737 1468 1015 1532 delectari,
1052 1468 1276 1536 gradum
1309 1469 1510 1523 addunt
1539 1478 1594 1523 et
1618 1467 1685 1522 ad
1716 1467 1973 1521 interiora
2000 1474 2109 1522 tra-

508 1561 735 1632 ‘jicitmt.
760 1562 863 1616 Istc
888 1562 1087 1632 gradus
1106 1602 1119 1624 ,
1152 1561 1380 1615 docente
1395 1559 1636 1614 Veritate
1654 1601 1667 1623 ,
1695 1559 1906 1614 cuidam
1936 1568 2115 1614 osten—

512 1669 618 1707 sus
646 1662 729 1709 est
758 1672 771 1706 :
800 1654 884 1706 cui
916 1668 1036 1707 cum
1068 1652 1201 1722 legis
1228 1658 1496 1721 prmcepta
1531 1651 1864 1716 dicerentur,
1892 1665 2114 1721 respon-

512 1744 603 1798 dit
629 1764 639 1774 -
670 1764 689 1797 ς
718 1744 842 1799 llaec
863 1744 1042 1797 omnia
1100 1741 1363 1796 custodiri
1388 1757 1415 1793 a
1435 1740 1722 1809 juventute
1752 1754 1869 1794 mea
1894 1738 2109 1811 (Matth.

2213 566 2336 605 esse
2360 552 2659 606 certissime
2684 551 3135 606 credideruntzet
3157 552 3319 606 etiam
3341 567 3465 605 cum
3490 552 3697 608 nullum
3720 556 3789 609 ad-

2213 643 2317 696 huc
2343 643 2585 712 ejusdem
2612 643 3026 698 resurrectionis
3053 643 3358 713 exemplum
3387 652 3660 698 tenerent.
3689 644 3788 713 Qua

2216 734 2377 802 igitur
2412 734 2759 788 damnatione
2783 735 2927 806 digni
2964 745 3124 798 sunt,
3156 735 3247 804 qui
3281 743 3339 789 et
3365 734 3673 805 exemplum
3693 734 3787 804 iam

2216 823 2508 879 Dominicis
2530 825 2946 879 resurrectionis
2968 835 3318 897 acceperunt,
3336 837 3391 881 ct
3412 836 3594 883 tamen
3619 827 3686 881 de
3708 843 3791 881 sua

2214 917 2616 971 resurrectione
2642 916 2922 971 dillidunt?
2951 918 3150 987 Pignus
3187 926 3393 977 tenent.
3417 926 3476 972 et
3508 918 3672 972 ﬁdem
3702 933 3791 972 non

2214 1008 2413 1063 habent
2443 1027 2455 1061 :
2485 1009 2745 1063 ecclesias
2787 1009 3015 1077 replent,
3042 1009 3135 1063 sed
3167 1009 3291 1077 quia
3316 1010 3383 1063 de
3410 1009 3794 1063 resurrectione

2214 1113 2314 1152 sua
2351 1099 2616 1162 dubitant,
2684 1110 2867 1154 mente
2919 1115 3088 1154 vacua
3137 1109 3304 1154 stant.
3359 1100 3571 1155 llabent
3626 1108 3793 1153 autem

2216 1191 2501 1246 interiores
2548 1202 2716 1262 porta:
2751 1192 3037 1254 vestibula,
3067 1207 3188 1262 quae
3237 1192 3425 1262 viginti
3471 1202 3527 1245 et
3574 1193 3797 1261 quinque

2216 1283 2415 1351 cubitis
2442 1284 2495 1338 in
2527 1284 2917 1355 longitudinem
2951 1286 3269 1339 metiuntur.
3302 1284 3358 1339 Si
3401 1285 3549 1339 enim
3574 1293 3701 1340 octo
3728 1292 3796 1340 ter

2216 1374 2462 1430 ducimus
2484 1376 2551 1430 ad
2579 1376 2771 1444 viginti
2794 1384 3026 1446 quatuor
3048 1376 3417 1447 pervenimus,
3437 1377 3525 1431 cui
3548 1393 3688 1430 unus
3712 1376 3797 1430 ad-

2216 1465 2382 1531 ditur,
2413 1474 2473 1519 ut
2492 1466 2680 1536 viginti
2706 1476 2759 1520 et
2782 1466 3020 1537 quinque
3043 1477 3343 1521 teneamus.
3394 1466 3688 1522 Auditores
3725 1475 3798 1522 et-

2217 1554 2361 1610 enim
2391 1556 2538 1619 boni,
2583 1557 2674 1626 qui
2700 1557 2856 1627 quasi
2885 1557 3150 1611 vestibula
3185 1558 3428 1627 qutcdam
3467 1567 3597 1613 sunt
3623 1567 3797 1627 porta-

2216 1662 2362 1709 rum,
2395 1654 2612 1703 aeternae
2641 1649 2755 1717 Spei
2795 1647 3258 1718 longanimitatem
3309 1657 3516 1712 tenent,
3556 1657 3799 1703 octavum

2219 1737 2361 1791 diem
2387 1738 2441 1792 in
2465 1737 2749 1792 Trinitatis
2776 1736 2879 1793 fide
2904 1738 3171 1793 sustinent
3200 1757 3211 1791 ι
3240 1753 3362 1809 qua:
3387 1738 3651 1803 Trinitas,
3686 1740 3801 1809 quia

506 1851 637 1898 'm',
661 1834 785 1886 Luc.
805 1833 1010 1900 χγιη),ι
1030 1833 1342 1902 quasienim
1362 1834 1412 1886 in
1428 1843 1630 1904 septem
1645 1831 1901 1904 gradibus
1918 1831 2117 1892 stabat,
2152 1831 2194 1889 Β
2223 1832 2362 1883 unus
2400 1837 2485 1884 est
2515 1827 2675 1893 Deus,
2723 1836 2847 1882 octo
2870 1829 3085 1898 quidem
3130 1844 3228 1899 per
3263 1837 3345 1883 ter
3368 1828 3596 1893 ducunt,
3634 1830 3727 1884 sed
3756 1829 3801 1884 in

514 1937 690 1977 cuma
708 1920 987 1990 juventute
1015 1935 1110 1976 sua
1141 1937 1198 1977 se
1221 1922 1401 1976 omnia
1431 1921 1729 1976 custodisse
1753 1922 1975 1989 diceret.
2006 1920 2115 1974 Sed

523 2011 571 2066 ei
604 2026 725 2066 mox
751 2010 974 2064 dicitur:
996 2029 1013 2061 ι
1032 2011 1222 2064 Adhuc
1244 1998 1533 2064 unum'tibi
1559 2010 1731 2075 deest,
1757 2013 1802 2065 si
1830 2011 1914 2065 vis
1930 2008 2112 2079 perfe-

502 2115 645 2159 ~ctus
667 2119 807 2168 esse,
831 2102 987 2167 vade,
1012 2103 1182 2156 vende
1207 2102 1388 2156 omnia
1411 2118 1531 2172 qua:
1557 2102 1724 2157 habes
1748 2110 1802 2156 et
1826 2103 1891 2157 da
1912 2117 2113 2172 paupe-

526 2196 697 2259 ribus,
724 2190 786 2249 et
803 2194 1026 2249 habebis
1054 2195 1369 2248 thesaurum
1391 2193 1445 2247 in
1476 2192 1633 2258 ctelo,
1665 2202 1719 2247 et
1740 2193 1863 2246 veni
1889 2207 2116 2262 sequere

523 2300 631 2339 me.
685 2303 704 2337 ι
758 2284 815 2338 In
847 2284 1044 2354 quibus
1082 2283 1262 2338 verbis
1307 2290 1558 2337 octavum
1597 2282 1845 2350 equidem
1891 2282 2115 2352 gradum

526 2374 677 2439 vidit,
735 2375 829 2430 sed
873 2375 1171 2429 ascendere
1206 2373 1394 2438 noluit,
1447 2374 1572 2443 quia
1615 2373 1787 2429 tristis
1832 2374 2113 2429 abscessit.

523 2466 779 2536 Quisquis
841 2465 1023 2536 itaque
1088 2465 1417 2535 contemptis
1494 2463 1658 2520 rebus
1734 2464 2118 2535 temporalibus

523 2556 842 2611 aeternitatis
870 2554 1322 2625 contemplatione
1369 2554 1632 2625 pascitur,
1692 2553 1931 2610 ctelestis
1966 2554 2116 2625 regni

526 2648 719 2719 gaudia
770 2649 1017 2713 rimatur,
1077 2656 1199 2718 post
1235 2655 1441 2718 septem
1469 2646 1673 2716 gradus
1717 2662 1855 2715 quos
1880 2646 2119 2702 timendo

522 2747 582 2795 et
604 2738 878 2809 Operando
904 2748 1067 2808 atque
1105 2738 1383 2794 intellectu
1414 2737 1695 2808 sapientia:
1723 2736 2120 2794 succrescendo

522 2827 719 2892 tenuit,
757 2834 952 2882 octavo
989 2828 1156 2897 gradu
1188 2826 1467 2881 interioris
1488 2834 1659 2896 porta:
1704 2828 1907 2883 aditum
1952 2827 2122 2882 intra-

527 2918 624 2971 vit.
678 2915 782 2970 Per
808 2923 1060 2971 octavum
1088 2931 1303 2986 quoque
1344 2932 1653 2981 numerum,
1703 2927 1759 2973 et
1789 2918 1910 2973 dies
1932 2919 2120 2974 aeterni

520 3007 714 3078 iudicii
767 3014 822 3062 et
866 3007 1047 3062 carnis
1095 3006 1425 3062 resurrectio
1477 3006 1807 3074 designatur.
1870 3006 2021 3063 Unde
2068 3017 2124 3063 et

527 3097 767 3167 psalmus
814 3096 905 3165 qui
945 3111 1045 3167 pro
1072 3105 1265 3151 octavo
1300 3096 1573 3158 scribitur,
1630 3112 1658 3150 a
1697 3111 1897 3167 pavore
1932 3097 2120 3167 judicii

2214 1920 2376 1974 unius
2406 1920 2502 1974 Dei
2543 1919 2883 1975 confessione
2930 1920 3246 1975 solidantur.
3283 1920 3453 1974 Plana
3487 1928 3617 1975 sunt
3646 1922 3802 1975 vesti-

2215 2010 2340 2065 bula
2365 2028 2379 2064 :
2405 2010 2531 2080 quia
2560 2011 2779 2065 humilia
2805 2019 2935 2065 sunt
2966 2011 3129 2066 corda
3172 2012 3481 2066 auditorum
3519 2013 3799 2065 bonorum.

2217 2098 2428 2155 llabent
2453 2099 2840 2170 longitudinem
2873 2118 2886 2154 :
2921 2101 3045 2170 quia
3071 2101 3125 2155 in
3156 2101 3273 2171 spei
3300 2110 3661 2170 perseverant
3695 2101 3802 2155 lon-

2216 2189 2551 2260 ganimitate.
2594 2190 2794 2261 Viginti
2822 2201 2878 2245 et
2905 2191 3144 2260 quinque
3174 2192 3373 2246 cubitis
3414 2207 3609 2247 earum
3637 2193 3796 2264 longi-

2219 2280 2348 2334 tudo
2398 2290 2745 2335 mensuratur
2783 2296 2797 2333 :
2835 2282 2959 2351 quia
3018 2283 3474 2337 resurrectionem
3520 2284 3702 2338 carnis
3752 2285 3803 2339 in

2217 2380 2405 2426 octava
2431 2387 2527 2441 per
2566 2372 2888 2427 Trinitatem
2912 2373 3163 2437 credunt,
3199 2383 3254 2428 et
3277 2375 3527 2429 eamdem
3570 2385 3802 2430 sanctam

2221 2464 2541 2526 Trinitatem
2578 2480 2742 2519 unum
2770 2480 2891 2521 esse
2924 2466 3090 2520 Deum
3122 2464 3377 2520 fatentur.
3437 2465 3653 2522 Habent
3675 2483 3802 2538 quo-

2220 2571 2325 2624 que
2354 2557 2593 2626 quinque
2621 2557 2832 2613 cubitos
2872 2559 2925 2612 in
2952 2557 3291 2613 latitudinem
3324 2577 3337 2613 :
3363 2560 3493 2629 quia
3521 2576 3623 2630 per
3648 2562 3805 2617 vitam

2222 2646 2519 2716 simplicem
2552 2662 2672 2716 qua:
2696 2648 2935 2717 quinque
2962 2648 3212 2703 sensibus
3232 2649 3470 2713 ducitur,
3493 2651 3644 2706 circa
3671 2667 3805 2705 amo-

2223 2752 2338 2791 rem
2355 2740 2582 2808 proximi
2608 2739 2918 2794 dilatantur.
2951 2740 3017 2795 Et
3041 2742 3354 2809 notandum,
3380 2745 3506 2814 quia
3526 2755 3803 2815 postquam

2221 2834 2500 2894 portarum
2532 2827 2795 2882 vestibula
2819 2830 3063 2899 superius
3094 2831 3196 2886 alia
3228 2834 3373 2887 dicta
3398 2843 3548 2899 sunt,
3574 2844 3804 2904 postmo-

2225 2918 2352 2972 dum
2383 2918 2724 2984 vestibulum,
2775 2921 2917 2989 quod
2952 2923 3192 2993 quinque
3222 2924 3530 2979 cubitorum
3566 2928 3725 2984 habet
3750 2929 3802 2983 in

2227 3008 2585 3074 latitudinem,
2619 3012 2859 3065 exterius
2884 3012 3158 3081 respicere
3183 3013 3401 3068 dicitur.
3458 3015 3599 3082 Quia
3646 3019 3799 3072 nimi-

2229 3115 2351 3154 rum
2379 3109 2503 3154 sunt
2535 3101 2810 3156 auditores
2838 3101 2945 3167 alii,
3008 3104 3099 3172 qui
3151 3103 3484 3159 intellectum
3536 3107 3804 3162 interioris

533 3199 619 3245 est
666 3190 976 3253 inchoatus,
1029 3204 1152 3244 cum
1185 3188 1385 3244 dicitur
1413 3207 1428 3241 :
1461 3206 1481 3238 ι
1550 3188 1793 3253 Domine,
1856 3206 1925 3247 ne
1954 3190 2008 3246 in
2038 3192 2117 3246 ira
2145 3193 2190 3256 ρ
2221 3188 2346 3242 vita:
2365 3189 2535 3258 magis
2553 3189 2847 3244 virtutibus
2886 3190 3216 3259 proliciendo
3242 3204 3550 3263 penetrant.
3591 3197 3659 3251 Et
3683 3208 3799 3252 sunt

531 3291 623 3336 tua
672 3297 869 3355 arguas
909 3296 1017 3344 me,
1074 3296 1248 3351 neque
1300 3282 1354 3337 in
1384 3280 1569 3337 furore
1596 3291 1688 3337 tuo
1735 3285 1996 3357 corripias
2029 3300 2117 3341 me

522 3372 700 3446 (Psal.
741 3373 839 3445 vi).
873 3393 892 3424 ι
949 3372 1102 3427 Nunc
1146 3373 1291 3428 enim
1330 3382 1541 3444 tempus
1568 3382 1652 3429 est
1677 3375 2061 3432 misericordia:
2098 3394 2114 3430 :

525 3466 581 3523 in
619 3466 708 3519 illo
738 3474 916 3520 autem
956 3465 1162 3535 judicio
1195 3466 1313 3521 dies
1338 3466 1471 3531 irae,
1514 3466 1568 3520 in
1604 3481 1713 3536 quo
1737 3466 1986 3523 videlicet
2028 3467 2117 3524 die

524 3572 685 3612 omne
713 3558 812 3612 hoc
848 3565 1058 3626 tempus
1102 3556 1312 3622 finitur,
1361 3558 1504 3628 quod
1526 3566 1732 3627 septem
1754 3559 1946 3615 diebus
1970 3560 2116 3615 evol-

528 3652 676 3703 vitur
709 3666 721 3702 :
755 3656 811 3704 et
831 3649 975 3718 quod
1000 3656 1122 3718 post
1150 3657 1358 3719 septem
1385 3650 1502 3704 dies
1531 3649 1795 3719 sequitur,
1820 3648 1944 3717 jure
1968 3659 2116 3706 octa-

520 3753 641 3803 vus.
673 3739 995 3810 appellatur,
1047 3740 1099 3794 in
1138 3754 1245 3810 quo
1288 3749 1342 3797 et
1372 3755 1502 3795 caro
1535 3749 1718 3795 nostra
1766 3750 2012 3811 resurget
2046 3756 2113 3796 ex

519 3830 766 3902 pulvere,
799 3841 859 3885 ut
884 3831 1001 3887 sive
1024 3833 1161 3887 bona
1196 3832 1310 3888 sive
1338 3831 1479 3887 mala
1511 3831 1619 3902 egit
1655 3831 1879 3900 recipiat
1906 3847 1937 3887 a
1975 3834 2113 3887 veri-

522 3929 658 3976 tate.
723 3920 873 3976 Unde
906 3936 1003 3990 per
1037 3922 1214 3991 legem
1249 3937 1464 3992 quoque
1512 3933 1703 3978 octavo
1742 3923 1828 3978 die
1859 3922 1976 3978 fieri
2005 3923 2115 3978 cir—

518 4008 786 4063 cumcisio
809 4008 1050 4083 iubetur.
1087 4008 1220 4064 Nam
1246 4027 1343 4080 per
1366 4012 1686 4075 membrum,
1717 4013 1860 4083 quod
1882 4013 2114 4068 circum—

524 4097 746 4161 ciditur,
780 4096 1022 4152 mortalis
1049 4101 1362 4171 propagatio
1389 4112 1700 4170 generatur,
1736 4103 2110 4159 deced‘entium

524 4196 577 4240 et
623 4185 1024 4241 succedentium
1064 4203 1322 4245 numerus
1351 4201 1596 4262 augetur.
1649 4194 1755 4249 Sed
1786 4195 1913 4263 quia
1943 4196 1998 4249 in
2022 4210 2110 4250 re-

524 4276 863 4331 surréctione
903 4284 1240 4331 mortuorum
1281 4293 1384 4333 nec
1428 4281 1610 4335 carnis
1653 4281 1766 4351 iam
1796 4284 2111 4355 propagatio

520 4365 720 4435 agitur,
763 4372 819 4419 et
847 4367 1091 4423 decessio
1135 4375 1299 4437 atque
1330 4370 1604 4425 successio
1633 4371 1777 4426 nulla
1799 4374 1925 4437 erit,
1979 4377 2107 4444 quia

526 4474 548 4507 ‹
595 4470 771 4526 neque
813 4457 1036 4521 nubent,
1093 4473 1269 4528 neque
1298 4459 1594 4526 nubentur,
1660 4462 1755 4517 sed
1776 4472 1935 4518 erunt
1965 4466 2107 4520 sicut

2220 3280 2438 3351 quidam
2465 3280 2755 3351 simplices,
2778 3282 2872 3351 qui
2894 3282 3030 3336 bene
3056 3283 3291 3351 quidem,
3314 3285 3412 3338 sed
3430 3284 3592 3353 juxta
3620 3302 3799 3343 sensus

2219 3388 2509 3442 corporeos
2534 3374 2737 3428 vivunt.
2774 3374 2927 3428 Unde
2950 3382 3004 3428 et
3033 3375 3272 3430 exterius
3301 3377 3576 3446 respicere
3619 3378 3795 3433 dicun-

2221 3474 2310 3518 tur
2341 3482 2355 3518 :
2387 3464 2542 3534 quasi
2585 3465 2731 3519 enim
2762 3473 2914 3519 extra
2947 3465 3265 3534 respiciunt,
3291 3467 3415 3535 quia
3435 3464 3591 3534 juxta
3623 3484 3797 3524 sensus

2218 3569 2511 3625 corporeus
2545 3554 2751 3609 vivunt.
2814 3554 2919 3610 Sed
2952 3564 3129 3610 tamen
3175 3559 3418 3613 exterius
3457 3561 3795 3630 respicientes

2216 3645 2364 3700 intus
2389 3654 2515 3700 sunt
2546 3664 2558 3698 ε
2587 3645 2712 3714 quia
2761 3645 2859 3701 etsi
2905 3661 3097 3701 sensus
3125 3661 3417 3717 corporeus
3461 3648 3795 3719 intelligendo

2216 3735 2599 3790 transcendere
2618 3735 2890 3799 nesciunt,
2914 3735 3071 3791 fidem
3099 3747 3275 3792 tamen
3301 3748 3466 3807 atque
3487 3740 3790 3794 charitateui

2216 3824 2492 3880 humiliter
2519 3833 2720 3882 tenent.
2750 3826 2815 3880 Et
2843 3826 2991 3882 intus
3021 3843 3149 3898 ergo
3170 3835 3298 3883 sunt
3341 3828 3396 3882 in
3421 3830 3652 3899 spiritali
3671 3830 3789 3885 ardi-

2215 3915 2337 3990 ticio
2367 3932 2466 3988 per
2494 3933 2758 3984 amorem,
2789 3926 2844 3975 et
2867 3920 3023 3989 quasi
3052 3920 3199 3975 foras
3227 3920 3527 3990 respiciunt
3553 3937 3651 3992 per
3674 3922 3792 3974 sim-

2212 4010 2531 4080 plicitatem.
2564 4012 2750 4068 Potest
2778 4027 2878 4083 per
2897 4013 3219 4068 vestibulum
3246 4013 3389 4084 quod
3427 4014 3666 4069 exterius
3711 4026 3793 4066 re»

2211 4100 2396 4169 spicit,
2447 4101 2584 4157 fides
2618 4102 2991 4158 inchoantium
3017 4104 3315 4174 designari,
3364 4113 3419 4161 et
3441 4119 3540 4175 per
3566 4104 3796 4160 vestibu-

2211 4187 2322 4244 lum
2362 4190 2504 4259 quod
2546 4199 2632 4246 est
2676 4192 2934 4256 interius,
2981 4192 3114 4248 ﬁdes
3158 4192 3516 4264 perfector-um
3557 4196 3650 4264 qui
3683 4193 3791 4264 jam

2211 4295 2305 4352 per
2346 4296 2468 4336 eam
2502 4282 2555 4337 in
2587 4283 2880 4338 virtutibus
2912 4284 3169 4339 emittant.
3227 4284 3458 4340 Possunt
3486 4285 3649 4339 etiam
3703 4300 3796 4354 per

2210 4373 2531 4429 vestibulum
2556 4375 2787 4431 interius
2806 4386 3074 4447 prtecepta
3100 4377 3317 4441 altiora,
3342 4393 3441 4447 per
3467 4377 3787 4433 vestibulum

2212 4481 2343 4521 vero
2370 4468 2512 4537 quod
2545 4469 2763 4539 respicit
2787 4469 3024 4524 exterius
3060 4478 3326 4540 prtccepta
3353 4471 3531 4526 adhuc
3574 4471 3788 4525 minima

520 4545 698 4614 angeli
736 4546 827 4601 Dei
868 4546 922 4601 in
945 4545 1083 4603 coelo
1124 4546 1339 4620 (Matth.
1365 4548 1500 4622 xm)
1521 4591 1535 4614 ,
1568 4571 1591 4602 »η
1635 4559 1826 4608 octavo
1858 4552 1946 4608 die
1975 4570 2111 4623 νηρ-
2139 4542 2188 4601 Ι)
2215 4555 2453 4627 figurari.
2512 4555 2616 4612 Per
2648 4557 2971 4612 vestibulum
2998 4557 3195 4629 quippe
3239 4560 3348 4613 itur
3369 4559 3443 4614 ad
3489 4559 3691 4630 gradus
3741 4567 3791 4611 et

519 4637 721 4707 cipitnr
743 4639 1058 4708 praeputium
1084 4640 1246 4695 incidi
1271 4659 1284 4695 :
1318 4641 1391 4697 ibi
1421 4642 1565 4697 enim
1589 4641 1763 4698 locum
1787 4644 1898 4715 jam
1928 4647 2109 4702 carnis

521 4731 839 4800 propagatio
881 4747 986 4787 non
1019 4733 1196 4798 habet,
1246 4735 1335 4790 ubi
1372 4751 1663 4808 resurgens
1695 4753 1827 4795 caro
1854 4754 2105 4809 perseve-

523 4819 757 4874 rantiam
786 4823 1105 4878 aeternitatis
1131 4825 1309 4879 habet.
1348 4825 1452 4880 Per
1481 4827 1585 4881 hoc
1609 4831 1909 4883 membrum
1938 4839 2097 4884 mater

520 4909 677 4980 virgo
707 4910 1003 4976 descendit,
1047 4929 1167 4984 quae
1199 4916 1366 4970 Deum
1396 4916 1449 4971 in
1483 4927 1640 4971 utero
1663 4918 1779 4979 sine
1800 4918 1971 4973 virilis
1990 4936 2109 4973 car-

521 5001 611 5059 nis
646 5004 976 5060 admixtione
1003 5009 1271 5076 concepit,
1330 5011 1421 5078 qui
1452 5010 1660 5079 primus
1697 5012 1851 5068 nobis
1889 5020 2106 5067 aeternae

524 5098 712 5171 patria:
736 5096 959 5169 gloriam
986 5099 1038 5154 in
1065 5114 1161 5155 sua
1195 5103 1591 5158 resurrectione
1620 5105 1936 5159 monstravit
1966 5123 1979 5157 :
2013 5107 2105 5173 (μή

520 5205 755 5262 surgens
775 5203 808 5244 a
832 5189 1060 5244 mortuis
1076 5189 1190 5259 jam
1211 5206 1316 5247 non
1344 5193 1599 5260 moritur,
1641 5203 1696 5249 et
1719 5210 1867 5251 mors
1885 5196 1934 5250 ei
1963 5196 2102 5250 ultra

522 5300 631 5340 non
671 5281 1074 5340 dominabitur:
1106 5282 1368 5352 nobisque
1409 5284 1713 5356 exemplum
1738 5285 1904 5351 dedit,
1956 5293 2015 5339 ut
2039 5301 2103 5340 ea

523 5374 641 5429 lleri
668 5374 721 5428 in
747 5371 835 5427 die
861 5371 1050 5428 ultimo
1102 5372 1169 5427 de
1201 5381 1383 5427 nostra
1425 5388 1589 5429 carne
1632 5376 1943 5441 credamus,
1984 5390 2106 5446 quae

525 5462 662 5518 facta
689 5462 755 5517 de
771 5476 936 5516 carne
956 5461 1100 5517 illius
1126 5460 1178 5515 in
1208 5461 1294 5516 die
1323 5464 1736 5520 resurrectionis
1768 5465 2102 5536 agnovimus.

523 5550 630 5607 Sed
655 5552 781 5620 quia
810 5568 989 5608 sermo
1015 5551 1262 5609 nobisdc
1287 5552 1472 5608 carnis
1493 5555 1891 5611 resurrectione
1928 5569 1986 5610 se
2026 5555 2105 5610 in-

524 5642 667 5705 tulit,
692 5644 843 5698 triste
872 5643 1032 5697 nimis
1052 5651 1108 5697 et
1130 5643 1283 5698 valde
1303 5642 1528 5713 lugubre
1557 5651 1661 5712 est,
1681 5644 1823 5713 quod
1840 5645 2103 5713 quosdam

524 5727 585 5781 in
604 5728 843 5784 Ecclesia
866 5740 1038 5797 stare,
1057 5741 1112 5787 ct
1132 5732 1198 5787 de
1227 5732 1411 5787 carnis
1435 5732 1830 5787 resurrectione
1854 5733 2103 5789 dubitare

2215 4656 2425 4718 portam
2456 4667 2469 4702 :
2498 4649 2626 4719 quia
2657 4664 2753 4719 per
2788 4660 3054 4721 prmcepta
3088 4651 3487 4722 praedicationis
3537 4651 3788 4723 pertingi~

2215 4747 2302 4792 tur
2342 4741 2410 4795 ad
2436 4741 2666 4798 virtutes
2717 4751 2878 4812 atque
2916 4742 3117 4798 aditum
3140 4744 3326 4815 gratim
3353 4744 3616 4800 celestis.
3663 4744 3788 4800 Cum

2212 4843 2343 4883 vero
2384 4830 2606 4900 iubetur
2631 4832 2750 4887 aliis
2791 4833 2843 4886 in
2874 4834 3199 4904 cogitatione
3241 4849 3340 4890 sua
3374 4844 3581 4891 teterna
3628 4835 3788 4890 medi-

2216 4920 2337 4981 tari,
2403 4922 2643 4977 caelestia
2703 4938 2916 4992 sapere,
2961 4924 3148 4995 eisque
3189 4926 3387 4981 dicitur
3447 4927 3501 4981 in
3552 4925 3784 4997 psalmis

2214 5010 2430 5080 hymnis
2458 5020 2514 5066 et
2541 5013 2765 5068 canticis
2789 5014 3123 5084 spiritalibus
3150 5017 3352 5081 vivere,
3379 5016 3538 5085 quasi
3569 5017 3787 5072 interius

2210 5102 2534 5159 vestibulum
2556 5105 2859 5160 ostenditur
2887 5105 3026 5176 quod
3056 5107 3445 5178 quinquaginta
3484 5108 3684 5163 cubitis
3716 5106 3787 5159 la-

2210 5193 2461 5261 titudine,
2484 5203 2540 5250 et
2565 5195 2753 5266 viginti
2779 5206 2832 5252 et
2856 5198 3093 5268 quinque
3117 5197 3400 5253 latitudine
3422 5207 3783 5253 mensuratur.

2211 5281 2287 5335 De
2317 5283 2511 5351 quibus
2532 5284 2773 5339 numeris
2799 5301 2942 5341 nunc
2971 5294 3236 5348 tacemus,
3262 5287 3387 5356 quia
3418 5302 3487 5342 ex
3508 5287 3596 5341 his
3623 5287 3786 5342 multa

2204 5369 2316 5439 jam
2371 5374 2618 5442 superius
2657 5374 2908 5430 diximus.
2960 5374 3095 5431 Cum
3143 5392 3274 5431 vero
3314 5377 3435 5431 aliis
3482 5377 3786 5446 praccipitur

2212 5463 2365 5517 uxori
2408 5464 2493 5516 vir
2532 5464 2769 5519 debitum
2800 5465 3008 5532 reddat,
3063 5466 3314 5522 similiter
3354 5475 3532 5521 autem
3578 5474 3633 5519 ct
3655 5479 3789 5518 onr

2211 5554 2349 5619 viro,
2406 5555 2559 5623 quasi
2604 5555 2946 5621 vestibulum,
3000 5559 3141 5627 quod
3180 5558 3416 5612 exterius
3444 5557 3661 5629 respicit
3696 5556 3786 5610 de-

2209 5645 2472 5716 signatur.
2531 5646 2682 5714 Quod
2709 5649 2957 5723 quamvis
2994 5658 3147 5705 extra
3194 5650 3464 5721 respiciat,
3524 5659 3581 5705 et
3610 5659 3785 5703 tamen

2210 5735 2355 5792 intus
2382 5745 2485 5799 est,
2528 5738 2655 5808 quia
2684 5738 2834 5795 rudis
2862 5739 3073 5803 auditor
3112 5741 3285 5797 adhuc
3314 5741 3444 5812 agit,
3496 5740 3638 5810 quod
3662 5754 3783 5795 car-
