3972 6184
253 299 366 355 955

1194 298 1551 356 COMMENT.
1597 299 1661 355 IN
1704 300 2161 359 EZEClllEl.Ell.
2204 335 2274 344 —
2314 301 2441 359 LIB.
2483 305 2619 360 XVI.

3434 312 3543 370 Mli

253 415 343 471 nis
368 422 493 479 est;
521 422 578 468 et
617 421 795 469 tamen
847 430 877 467 a
925 414 1454 471 bonoruuutumero
1494 415 1704 470 alienus
1749 432 1854 471 non
1883 419 1934 479 Α
1964 419 2112 473 taciti
2138 421 2558 491 reprehendunt,
2596 432 2652 478 et
2675 421 2930 494 lacrymis
2962 427 3319 498 insequuntur
3366 451 3550 502 omne,

254 516 364 562 est.
399 506 588 561 Potest
624 513 805 560 autem
833 517 889 560 et
921 520 1018 577 per
1044 506 1276 561 orientis
1316 517 1530 577 portam
1564 508 1848 574 Dominus,

254 603 313 652 et
349 610 449 666 per
492 595 662 652 austri
697 594 881 651 iudica
906 637 922 661 ,
971 611 1070 666 per
1112 598 1382 668 aquilonis
1414 614 1543 653 vero
1590 614 1852 655 conversa

253 686 533 758 gentilitas
562 687 854 757 designari.
907 686 1015 741 Sed
1043 687 1146 742 hac
1175 688 1228 743 in
1252 705 1329 754 re,
1358 691 1588 759 quaestio
1611 693 1851 745 animum

251 776 459 848 pulsat,
503 793 602 832 cur
637 777 690 831 in
728 778 995 847 superiori
1035 780 1347 835 narratione
1376 781 1655 851 prophetze
1702 782 1855 852 prius

253 867 538 923 orientalis
555 868 901 938 postmodum
914 868 1203 939 aquilonis,
1220 885 1286 923 ac
1300 870 1494 925 deinde
1507 870 1676 924 austri
1695 878 1850 940 porta

254 960 532 1031 descripta
556 971 643 1016 est
684 979 698 1014 :
745 975 978 1031 cumque
1014 961 1232 1017 easdem
1268 969 1455 1030 portas
1492 961 1548 1016 in
1590 960 1854 1017 anteriori

255 1056 400 1112 atrio
428 1064 701 1123 narraret,
726 1056 881 1126 prius
902 1064 1114 1126 portam
1145 1056 1338 1120 austri,
1384 1055 1575 1111 deinde
1602 1055 1852 1121 orientis,

253 1156 312 1205 et
331 1150 493 1204 tertio
532 1148 587 1202 in
616 1147 736 1203 loco
753 1148 1040 1218 descripsit
1066 1146 1353 1217 aquilonis.
1408 1145 1520 1201 Cur
1544 1154 1723 1200 autem
1748 1161 1855 1201 non

254 1239 510 1294 eumdem
555 1239 825 1301 ordinem,
862 1254 1025 1308 quem
1055 1246 1299 1308 cmperat
1344 1238 1538 1302 tenuit,
1582 1238 1678 1292 sed
1709 1237 1856 1293 hunc

257 1331 314 1384 in
343 1339 623 1399 portarum
672 1321 1038 1399 descriptione
1089 1327 1464 1397 permutavit;
1513 1335 1572 1381 ut
1612 1335 1669 1381 et
1703 1326 1854 1397 prius

255 1420 467 1476 diceret
491 1420 717 1475 orientis
734 1428 968 1489 portam,
996 1418 1267 1487 aquilonis
1293 1426 1350 1472 et
1382 1416 1578 1480 austri,
1622 1423 1680 1471 et
1708 1421 1855 1484 post-

257 1510 479 1565 modum
510 1512 703 1575 austri,
725 1510 955 1565 orientis
972 1520 1027 1565 et
1056 1509 1358 1580 aquilonis?
1382 1508 1487 1565 Sed
1512 1508 1557 1563 si
1584 1506 1855 1578 aquilonis

257 1599 482 1654 nomine
528 1599 803 1670 gentilitas
838 1599 1173 1671 designatur,
1216 1599 1430 1654 cunctis
1483 1599 1733 1654 studiose
1769 1596 1851 1653 le-

254 1688 511 1757 gentibus
569 1690 757 1758 liquet,
829 1689 956 1758 quia
1008 1699 1135 1743 ante
1172 1688 1512 1760 Synagogam
1577 1686 1854 1757 gentilitas

257 1780 385 1834 fuit.
415 1780 551 1835 Nam
585 1780 764 1836 [leber
795 1781 942 1851 ipse,
981 1797 1012 1834 a
1039 1796 1147 1849 quo
1171 1781 1382 1836 Hebraei
1416 1779 1667 1851 appellati
1697 1785 1845 1842 sunt,
1879 1773 1924 1831 B

254 1885 327 1924 ex
355 1870 604 1940 gentibus
635 1870 842 1926 electus
879 1880 980 1926 est.
1032 1870 1254 1927 Dicatur
1300 1887 1432 1942 ergo
1478 1881 1634 1941 porta
1663 1871 1847 1926 orien-

257 1961 386 2016 talis
413 1969 539 2016 ante
565 1972 776 2032 portam
798 1962 1070 2033 aquilonis
1095 1971 1152 2017 et
1180 1964 1371 2026 austri,
1423 1964 1549 2032 quia
1573 1964 1627 2017 in
1653 1964 1848 2019 divini-

258 2062 375 2109 tate
400 2070 497 2111 sua
530 2055 787 2111 Dominus
808 2065 934 2110 ante
962 2054 1317 2126 gentilitatem
1343 2062 1399 2109 et
1421 2051 1659 2109 Judaeum
1691 2064 1850 2112 natus

256 2154 366 2209 est,
401 2144 529 2214 quia
554 2153 610 2199 et
637 2156 765 2198 ante
790 2145 972 2200 omnia
1000 2145 1218 2200 smcnla.
1257 2145 1480 2200 Dicatur
1509 2159 1637 2201 vero
1664 2162 1851 2201 narra-

259 2236 408 2290 tione
426 2237 775 2305 snbsequenti
804 2246 961 2305 porta
995 2237 1188 2302 austri,
1219 2236 1447 2291 orientis
1470 2246 1525 2291 et
1544 2238 1845 2308 aquilonis:

256 2326 386 2395 quia
418 2326 746 2396 Redemptor
774 2337 958 2383 noster
984 2328 1037 2381 in
1073 2328 1307 2382 humana
1345 2335 1541 2382 natura
1581 2329 1724 2383 inter
1755 2328 1851 2384 Ju-

256 2415 437 2471 daram
470 2425 527 2470 et
570 2417 924 2488 gentilitatem
975 2419 1122 2473 nasci
1164 2418 1416 2487 dignatus
1441 2427 1545 2485 est,
1587 2421 1762 2488 quiet
1793 2421 1848 2475 in

260 2508 371 2562 line
396 2508 696 2578 Synagoga:
723 2508 884 2571 venit,
914 2516 968 2562 et
989 2516 1115 2561 ante
1145 2507 1356 2561 initium
1384 2507 1656 2575 Ecclesiae,
1683 2524 1848 2578 quam

257 2614 323 2652 ex
356 2597 611 2668 gentibus
635 2597 869 2669 collegit.
928 2597 985 2651 ln
1009 2600 1185 2667 prima
1207 2611 1361 2668 ergo,
1414 2597 1467 2651 id
1489 2607 1594 2663 est,
1645 2598 1851 2652 descri-

259 2688 467 2758 ptione,
538 2689 610 2743 sit
642 2688 925 2743 orientalis
961 2696 1116 2758 porta
1172 2699 1298 2743 ante
1336 2697 1546 2758 portam
1583 2689 1849 2757 aquilonis

256 2788 317 2833 et
337 2779 529 2833 austri.
583 2780 641 2834 ln
673 2779 908 2835 secunda
952 2786 1132 2834 autem
1184 2777 1323 2833 inter
1345 2786 1553 2849 portam
1580 2780 1751 2834 austri
1793 2787 1850 2833 et

257 2871 552 2940 aquilonis,
599 2870 826 2926 orientis
853 2859 1009 2939 porta
1054 2869 1384 2923 nominetur.
1431 2867 1570 2935 Quia
1598 2876 1656 2923 et
1673 2882 1743 2923 ex
1763 2867 1847 2922 di-

261 2962 489 3017 vinitate
533 2960 824 3017 antecessit
871 2961 1073 3026 omnia,
1134 2968 1190 3013 et
1216 2974 1280 3015 ex
1315 2960 1650 3015 humanitate
1700 2959 1851 3014 venit

257 3052 406 3107 inter
443 3052 621 3107 omnia
657 3069 671 3106 :
725 3051 817 3121 qui
848 3059 902 3106 et
935 3049 1245 3107 decedentis
1277 3047 1476 3105 ludam
1512 3049 1634 3106 (litis
1670 3049 1849 3105 factus

1954 514 2099 581 quod
2124 527 2185 567 se
2205 512 2382 583 egisse
2412 514 2596 585 inique
2626 516 3009 573 meminerunt.
3042 520 3193 577 Unde
3223 524 3552 597 hic'quoque
3586 584 3589 589 ,

1954 603 2021 657 de
2055 604 2215 669 ostio,
2245 606 2389 674 quod
2416 615 2502 661 est
2542 607 2596 661 in
2619 605 2889 665 frontibus
2946 620 3223 681 portarum
3253 616 3500 673 subditur
3532 638 3548 675 :

1959 713 1978 745 ι
2035 694 2111 749 lbi
2161 693 2414 752 lavabant
2459 697 2853 754 holocaustum.
2920 721 2936 753 ι
2999 702 3101 770 Qui
3151 706 3297 759 enim
3347 722 3410 763 se
3457 724 3552 778 per

1956 785 2116 840 fidem
2167 788 2221 843 in
2251 791 2662 846 conversatione
2700 801 2887 847 sancta
2923 793 3151 849 Domino
3188 797 3544 867 devoverent,

1956 876 2332 933 holocaustum
2381 879 2611 935 Domino
2658 880 2784 937 facti
2838 891 2986 939 sunt.
3046 885 3153 941 Sed
3200 890 3328 958 quia
3366 891 3546 947 adhuc

1956 968 2123 1023 multa
2157 969 2209 1023 in
2260 985 2321 1025 se
2376 971 2443 1026 de
2494 974 2829 1043 corruptibili
2868 991 2966 1030 sua
3020 992 3186 1034 carne
3246 981 3555 1050 patiuntur,

1955 1061 2081 1129 quia
2109 1062 2287 1118 adhuc
2322 1064 2374 1118 in
2400 1065 2483 1119 eis
2501 1067 2682 1121 cordis
2712 1069 2973 1123 munditia
2999 1073 3232 1129 sordidis
3262 1078 3547 1147 cog’tatio-

1956 1151 2115 1205 uibus
2146 1150 2479 1221 inquinatur,
2509 1155 2752 1225 quotidie
2778 1159 2845 1213 ad
2871 1159 3143 1232 lacrymas
3174 1167 3421 1229 redeunt,
3452 1185 3544 1227 as-

1955 1240 2125 1295 siduis
2153 1240 2370 1299 ﬂetibus
2416 1243 2727 1316 afﬂiguntur
2757 1267 2770 1302 :
2800 1259 3117 1308 sanctorum
3159 1257 3301 1311 enim
3325 1258 3549 1318 Panum

1954 1328 2097 1383 dicta
2132 1339 2188 1422 et
2208 1330 2351 1388 facta
2374 1335 2747 1402 considerant,
2809 1347 2864 1394 et
2905 1355 3028 1396 cum
3054 1359 3114 1399 se
3136 1346 3385 1418 indignos
3415 1365 3550 1422 pete.

1955 1427 2096 1483 sant,
2149 1421 2202 1475 in
2235 1432 2515 1491 portarum
2557 1428 2696 1483 ostio
2732 1431 3104 1489 holocaustum
3144 1436 3346 1495 lavant.
3407 1421 3549 1502 Ecce

1955 1515 2157 1607 etenim
2176 1517 2298 1586 quis
2318 1534 2416 1589 pro
2437 1520 2631 1576 timore
2659 1526 3048 1595 omnipdtentis
3070 1530 3283 1587 Domini
3308 1548 3429 1591 esse
3450 1553 3550 1607 pa-

1957 1606 2098 1662 tiens
2123 1609 2340 1666 devovit
2366 1630 2377 1666 :
2404 1612 2535 1668 nulli
2566 1616 2870 1672 convicium
2901 1635 3000 1689 pro
3024 1624 3270 1696 convicio
3296 1606 3545 1696 reddere,

1954 1698 2137 1752 omnia
2187 1701 2569 1770 :equanimiter
2616 1705 2866 1762 tolerare.
2915 1709 2982 1764 Et
3028 1695 3206 1767 tanien
3239 1730 3365 1771 cum
3404 1695 3548 1774 hune

1956 1790 2281 1844 contumelia
2320 1792 2389 1846 ab
2416 1807 2514 1849 ore
2534 1797 2766 1864 proximi
2796 1798 2944 1853 illata
2983 1803 3165 1858 subito
3190 1811 3544 1876 percusserit,

1958 1879 2208 1936 turbatus
2234 1881 2372 1938 forte
2399 1884 2599 1955 aliquid
2634 1886 2896 1957 loquitur,
2945 1893 3089 1960 quod
3120 1894 3264 1964 loqui
3303 1913 3407 1952 non:
3450 1899 3544 1955 :le—

1955 1968 2071 2023 buit
2120 1988 2133 2024 :
2182 1979 2330 2027 certe
2376 1973 2480 2029 istc
2528 1977 2640 2046 jam
2670 1977 3042 2036 holocaustum
3069 1993 3174 2048 est,
3220 1988 3314 2041 sed
3371 1991 3546 2046 all-uc

1958 2057 2298 2127 inquinatum
2342 2080 2355 2115 :
2404 2063 2637 2121 fortasse
2697 2076 2884 2123 contra
2951 2070 3130 2128 illatas
3192 2080 3548 2139 contumelias

1956 2152 2269 2220 patientiam
2298 2156 2563 2224 exhibuit,
2608 2159 2803 2216 tacitus
2858 2167 3175 2234 permansit,
3229 2172 3323 2225 sed
3366 2181 3545 2230 tamen

1956 2248 2145 2295 contra
2172 2243 2389 2299 easdem
2413 2247 2792 2315 contumelias,
2822 2266 2957 2321 quas
2988 2263 3183 2323 portat,
3216 2259 3400 2316 dolore
3428 2273 3549 2318 tan-

1957 2329 2121 2399 gitur,
2175 2332 2399 2403 ejusque
2440 2336 2654 2392 animus
2703 2338 2757 2393 in
2797 2340 3065 2397 c‘haritate
3109 2347 3405 2403 sanciatur.
3448 2349 3549 2408 Pa—

1960 2419 2145 2473 tientia
2174 2422 2317 2475 enim
2347 2437 2470 2476 vera
2489 2433 2591 2489 est,
2618 2440 2738 2494 quae
2759 2435 2814 2481 et
2842 2427 3014 2496 ipsum
3044 2440 3209 2497 amat,
3239 2449 3398 2503 quem
3423 2450 3549 2509 por-

1960 2516 2039 2562 tat
2085 2526 2097 2561 :
2150 2523 2275 2564 nam
2302 2511 2535 2567 tolerare
2567 2515 2661 2569 sed
2690 2516 2890 2582 odisse,
2934 2534 3039 2571 non
3069 2528 3152 2573 est
3191 2523 3360 2577 virtus
3393 2541 3547 2581 man-

1956 2599 2276 2663 suetudinis,
2306 2603 2401 2656 sed
2425 2602 2785 2661 velamentum
2812 2606 3027 2663 furoris.
3062 2610 3159 2664 llic
3194 2612 3374 2681 itaque
3404 2628 3549 2686 supr

1959 2690 2010 2743 in
2043 2691 2373 2761 cogitatione
2424 2709 2520 2749 sua
2571 2710 2629 2751 se
2664 2695 2894 2765 iudicat,
2945 2701 3295 2768 reprehendit
3341 2718 3546 2761 semet-

1958 2781 2132 2849 ipsum
2182 2784 2308 2852 quia
2362 2785 2508 2841 dolet
2553 2807 2566 2841 :
2608 2804 2709 2843 nec
2762 2797 2943 2845 tamen
2990 2793 3131 2862 apud
3183 2808 3245 2849 se
3293 2795 3553 2866 praevalet

1955 2872 2204 2929 obtinere
2234 2890 2300 2930 ne
2335 2876 2532 2931 doleat.
2562 2877 2682 2932 Jam
2709 2895 2839 2950 ergo
2859 2895 2957 2950 per
2984 2883 3179 2937 bonam
3206 2885 3550 2944 devotionem

1957 2965 2326 3020 holocaustum
2356 2977 2460 3034 est,
2506 2970 2600 3023 sed
2636 2976 2813 3025 tamen
2853 2986 2949 3041 per
2972 2973 3234 3039 dolorem,
3284 2991 3393 3045 quo
3430 2986 3553 3033 tau-

1956 3058 2100 3127 gitur
2127 3057 2302 3113 adhuc
2335 3058 2695 3128 inquinatum.
2721 3061 2870 3118 Alius
2895 3078 2960 3118 ea
2998 3078 3118 3133 qua:
3137 3067 3377 3136 possidet
3406 3067 3548 3137 apud

255 3155 346 3200 est
368 3186 383 3211 ,
419 3154 474 3199 et
511 3145 889 3213 subsequentis
916 3143 1233 3214 gentilitatis
1260 3141 1492 3197 initium.
1518 3142 1688 3213 Igitur
1724 3143 1851 3212 quia
1878 3131 1923 3193 (ἶ
1955 3149 2306 3218 semetipsum
2345 3151 2586 3206 decrevit
2628 3154 2992 3224 indigentibus
3015 3131 3231 3213 cun-cla
3276 3131 3548 3227 tribuere,

257 3251 359 3302 ea,
395 3251 516 3307 qua:
571 3238 798 3291 necdum
852 3236 992 3291 dicta
1035 3233 1283 3299 fuerant,
1343 3241 1401 3286 ut
1454 3231 1683 3287 Domino
1738 3231 1849 3285 lar-

255 3329 440 3401 gieote
471 3326 763 3397 potuimus,
823 3327 1000 3382 rimati
1039 3341 1249 3391 sumus,
1315 3333 1371 3379 et
1401 3339 1466 3378 ea
1493 3339 1615 3392 quae
1654 3323 1852 3392 stepius

255 3422 372 3475 sint
405 3419 661 3489 replicata
716 3418 1178 3473 transcurrimus:
1216 3431 1359 3469 nunc
1400 3415 1468 3470 ad
1490 3429 1552 3471 ea
1582 3414 1848 3479 venimus,

255 3527 382 3580 qud:
427 3510 506 3564 sic
536 3509 642 3578 iam
684 3524 778 3579 per
811 3508 1056 3565 ordinem
1095 3508 1366 3569 dicuntur,
1423 3514 1484 3559 ut
1520 3505 1574 3559 in
1598 3505 1679 3559 cis
1715 3518 1853 3573 pene

259 3600 394 3654 nihil
422 3601 490 3655 de
520 3601 623 3665 his,
665 3616 784 3669 quae
811 3600 952 3654 dicta
982 3608 1128 3664 sunt,
1186 3597 1494 3666 replicetur.

338 3710 356 3742 ι
410 3693 469 3746 ΕΙ
494 3707 590 3762 per
618 3692 824 3761 singula
859 3690 1240 3761 gazophylacia
1264 3690 1463 3744 ostium
1503 3689 1555 3743 in
1583 3689 1851 3743 frontibus

264 3808 283 3837 ι
331 3786 635 3857 portarum,
661 3787 730 3841 ibi
768 3788 1025 3842 lavabant
1062 3786 1455 3841 holocaustum.
1498 3805 1518 3838 ι
1583 3783 1849 3857 (Grc-ger.)

256 3877 657 3947 Gazophylacia
686 3877 937 3946 superius
958 3877 1191 3931 diximus
1217 3877 1381 3932 corda
1404 3878 1711 3940 doctorum,
1733 3891 1852 3944 quze

257 3969 505 4024 scientia:
547 3968 760 4024 divitias
812 3980 1034 4024 servant
1064 3987 1077 4023 :
1108 3969 1315 4024 frontes
1338 3979 1518 4024 autem
1570 3977 1850 4039 portarum

259 4070 389 4116 sunt
447 4061 611 4115 verba
663 4069 826 4129 atque
874 4074 1037 4129 opera
1076 4061 1520 4130 praedicatorum,
1560 4061 1614 4114 in
1652 4061 1852 4130 quibus

258 4166 357 4206 eos
406 4148 537 4204 foris
575 4151 941 4221 agnoscimus,
998 4149 1185 4219 quales
1231 4151 1372 4219 apud
1406 4165 1465 4205 se
1523 4151 1853 4207 intrinsecus

258 4240 467 4293 vivant.
519 4239 613 4295 Est
642 4249 821 4293 autem
862 4239 1060 4293 ostium
1098 4254 1193 4309 per
1222 4238 1606 4310 gazophylacia
1638 4239 1852 4310 singula

255 4333 316 4387 in
356 4330 625 4385 frontibus
652 4338 928 4399 portarum
958 4347 971 4383 :
1003 4330 1128 4399 quia
1170 4329 1542 4398 unusquisque
1576 4330 1766 4384 doctor
1795 4330 1850 4384 in

258 4438 358 4476 cor
380 4423 426 4476 'e
456 4422 719 4476 auditoris
749 4422 1080 4477 iutellectmn
1107 4423 1281 4491 aperit
1312 4422 1364 4475 in
1391 4422 1549 4477 dictis
1581 4432 1637 4477 et
1661 4424 1845 4492 operi-

258 4513 364 4567 bus
396 4510 641 4566 Patrum.
692 4513 826 4567 (lum
866 4512 1009 4568 enim
1043 4511 1187 4569 Petri
1227 4512 1453 4581 apostoli
1504 4515 1845 4583 prmdicatio-

258 4618 387 4658 netu
423 4603 766 4668 discutimus,
829 4619 950 4659 cum
1002 4603 1153 4657 Pauli
1207 4605 1366 4659 verba
1416 4613 1846 4673 perscrutamur,

255 4709 384 4749 cum
409 4691 633 4747 Joannis
660 4693 1005 4764 Evangelium
1036 4694 1453 4762 investigamus,
1508 4705 1671 4765 atque.
1708 4698 1850 4753 inter

255 4785 379 4840 hate
429 4786 608 4839 verbis
648 4785 923 4840 auditores
960 4793 1174 4841 nostros
1216 4787 1282 4839 ad
1309 4787 1585 4843 meliorem
1641 4790 1850 4847 intelle-

255 4884 407 4931 ctum
439 4874 722 4942 trahimus,
784 4879 912 4947 quid
951 4879 1094 4933 aliud
1122 4880 1333 4950 agimus
1391 4881 1495 4936 nisi
1543 4885 1741 4938 ostium
1796 4887 1849 4941 in

257 4976 541 5039 portarum
594 4968 865 5025 frontibus
916 4971 1243 5040 aperimus?
1297 4971 1518 5027 Dicatur
1561 4988 1691 5045 ergo
1754 4990 1851 5045 per

257 5060 489 5139 singula,
519 5061 898 5132 gazophylacia
943 5063 1140 5117 ostium
1174 5061 1226 5117 in
1250 5061 1522 5118 frontibus
1547 5073 1845 5133 portarum,

257 5154 388 5226 quia
414 5156 459 5209 si
489 5156 678 5209 doctor
704 5157 825 5219 hoc,
850 5156 993 5225 quod
1012 5156 1267 5226 loquitur,
1298 5155 1660 5225 apostolorum
1690 5156 1850 5213 dictis

258 5246 486 5302 minime
535 5246 843 5311 confirmat,
894 5247 949 5301 in
990 5245 1261 5302 frontibus
1315 5256 1595 5316 portarum
1646 5248 1846 5302 ostium

258 5354 368 5393 non
388 5337 550 5392 habet
576 5355 589 5390 :
616 5337 717 5391 etsi
748 5337 946 5392 ostium
972 5352 1077 5391 non
1105 5337 1285 5400 habet,
1313 5336 1416 5391 dici
1438 5334 1549 5405 jam
1576 5338 1848 5408 gazophy-

257 5431 458 5485 lacium
486 5430 746 5501 spiritalis
777 5430 988 5485 aedilicii
1014 5446 1118 5484 non
1159 5439 1338 5501 putest
1366 5450 1379 5484 :
1410 5432 1535 5500 quia
1570 5432 1615 5486 si
1655 5431 1738 5485 his
1767 5430 1848 5485 iu-

259 5522 533 5579 tellectum
593 5538 700 5577 non
730 5522 921 5593 aperit,
980 5521 1171 5576 doctor
1218 5537 1324 5576 non
1366 5529 1470 5576 est.
1525 5520 1659 5576 Cum
1718 5536 1847 5576 vero

256 5618 539 5673 auditores
567 5616 690 5669 boni
730 5629 825 5683 per
845 5629 939 5669 ora
973 5613 1280 5669 docentium
1310 5613 1673 5684 apostolorum
1703 5614 1846 5668 dicta

256 5715 314 5762 ct
337 5720 504 5777 opera
552 5713 909 5775 cognoscunt,
958 5703 1142 5774 culpas
1187 5720 1317 5759 snas
1351 5703 1490 5774 apud
1523 5703 1845 5772 semctipsos

1875 4474 1927 4533 D

1954 3239 2088 3292 nihil
2129 3239 2348 3295 sibimet
2389 3258 2696 3306 reservare,
2745 3246 2913 3300 vitam
2949 3263 3103 3302 suam
3146 3251 3244 3305 soli
3299 3262 3552 3322 superum

1951 3328 2327 3398 gubernationi
2376 3331 2734 3387 committere.
2778 3333 2885 3388 Sed
2935 3337 3060 3390 dum
3105 3340 3309 3406 przebet
3349 3358 3552 3413 paupe-

1952 3418 2104 3472 ribus
2131 3435 2251 3489 quze
2278 3420 2461 3486 habet,
2493 3420 2721 3477 fortasse
2774 3426 3029 3493 cogitatio
3064 3432 3260 3486 mentis
3291 3433 3545 3504 subripit,

1952 3523 2070 3577 qua:
2095 3508 2226 3564 dicit
2252 3527 2265 3563 :
2300 3511 2444 3567 unde
2469 3513 2620 3568 vives
2648 3514 2694 3569 si
2720 3523 2914 3570 cuncta
2937 3516 3186 3573 dederis?
3210 3521 3318 3576 Nec
3365 3533 3549 3581 tamen

1953 3599 2164 3656 desistit
2212 3603 2455 3658 tribuere
2502 3622 2515 3658 :
2571 3607 2664 3661 sed
2704 3607 2847 3676 quod
2896 3608 3049 3665 hctus
3093 3611 3223 3666 dare
3283 3628 3548 3684 cmperat,

1952 3693 2297 3760 postmodum
2349 3695 2521 3749 tristis
2575 3698 2799 3766 praebet.
2856 3699 2995 3765 Quid
3043 3700 3199 3768 hujus
3248 3717 3399 3759 mens
3444 3707 3548 3763 nisi

1952 3783 2338 3838 misericordize
2386 3784 2758 3842 holocaustum
2806 3797 2921 3854 est,
2967 3793 3061 3844 sed
3109 3799 3285 3846 tamen
3322 3810 3417 3864 per
3447 3798 3544 3852 tii-

1951 3873 2154 3927 stitiam
2181 3873 2523 3944 cogitationis
2545 3876 2924 3946 inquinatum?
2943 3879 3050 3933 Aut
3078 3882 3220 3935 enim
3246 3883 3548 3941 deliberare

1952 3981 2163 4021 summa
2208 3980 2315 4021 non
2345 3968 2554 4032 debuit,
2611 3977 2704 4023 aut
2744 3978 2869 4041 post
2897 3971 3342 4030 deliberationem
3400 3976 3552 4030 multo

1952 4059 2114 4114 modo
2159 4059 2430 4115 dubitare.
2492 4059 2645 4116 Alius
2690 4071 3002 4134 contempta
3060 4067 3243 4121 mttndi
3294 4067 3546 4138 superbia

1951 4148 2188 4202 honores
2224 4155 2388 4217 atque
2416 4148 2705 4219 dignitates
2740 4151 2899 4221 hujus
2944 4155 3124 4209 szeculi
3178 4156 3416 4210 decrevit
3464 4158 3547 4210 vi-
3605 4194 3611 4205 .

1953 4247 2101 4293 tare:
2135 4237 2382 4293 ultimum
2427 4241 2628 4310 appetit
2675 4242 2817 4297 inter
2841 4244 3088 4298 homines
3131 4244 3304 4299 locum
3339 4255 3543 4311 tenere,

1951 4339 2007 4383 ut
2050 4338 2196 4385 tanto
2232 4330 2500 4386 excelsior
2538 4333 2846 4387 inveniatur
2882 4334 2934 4388 in
2974 4336 3310 4404 permanenti
3342 4319 3564 4406 gloria,

1953 4430 2154 4488 tutante
2195 4420 2449 4477 humilior
2491 4423 2751 4493 aspicitur
2785 4424 2838 4477 in
2871 4425 3169 4477 transeunti
3195 4424 3322 4477 vita.
3351 4425 3402 4503 ls
3434 4425 3536 4479 fur-

1957 4521 2099 4566 tasse
2135 4527 2257 4567 cum
2290 4517 2410 4568 sese
2450 4514 2628 4567 subito
2681 4528 2711 4566 a
2741 4513 2991 4582 proximo
3022 4512 3223 4583 despici
3273 4517 3539 4584 agnoscit,

1950 4601 2269 4671 dedignatur
2298 4617 2396 4657 cur
2432 4602 2724 4671 despicitur
2752 4620 2767 4655 ε
2800 4601 2913 4654 vult
2933 4602 3151 4672 quidem
3189 4618 3309 4658 esse
3340 4605 3390 4658 in
3425 4606 3541 4663 loco

1955 4692 2162 4757 humili,
2188 4693 2281 4747 sed
2319 4700 2501 4746 tamen
2551 4692 2756 4746 attendi
2797 4692 3216 4761 contemptibilis
3262 4709 3366 4746 non
3404 4694 3539 4750 vult.

1956 4785 2109 4839 llunc
2146 4784 2258 4854 jam
2286 4784 2500 4838 devotio
2531 4783 2729 4847 elevat,
2772 4783 2865 4838 sed
2886 4783 3062 4838 adlmc
3101 4784 3387 4840 infirmitas
3420 4800 3543 4856 graa

1956 4885 2063 4931 vat.
2105 4876 2224 4932 Jam
2252 4891 2380 4945 ergo
2403 4890 2497 4946 per
2523 4876 2862 4932 devotionem
2902 4876 3273 4932 holocaustum
3301 4887 3403 4943 est,
3445 4879 3537 4938 sed

1954 4968 2131 5023 adhuc
2157 4984 2223 5023 ex
2260 4964 2576 5021 infirmitate
2622 4965 2981 5035 inquinatum.
3024 4965 3089 5021 lli
3119 4967 3317 5036 itaque,
3364 4969 3453 5038 qui
3483 4970 3541 5024 in

1951 5060 2051 5124 eis,
2075 5074 2195 5130 qua:
2226 5059 2427 5129 optime
2461 5059 2810 5124 devoverunt,
2860 5057 3038 5128 aliqua
3071 5058 3403 5113 infirmitatis
3429 5075 3538 5114 sua:

1950 5152 2107 5220 culpa
2131 5158 2441 5222 tanguntur,
2489 5164 2610 5204 cum
2633 5162 2731 5218 per
2758 5150 2921 5204 verba
2951 5149 3230 5204 doctorum
3264 5149 3405 5204 dicta
3434 5149 3537 5203 Pa-

1952 5250 2093 5296 trum
2141 5240 2465 5307 intelligunt,
2513 5244 2569 5293 et
2601 5238 2654 5293 in
2692 5245 2890 5308 quanta
2910 5237 3068 5307 culpa
3116 5237 3333 5307 iaceant
3375 5252 3537 5308 agno-

1950 5340 2129 5396 scunt,
2195 5347 2361 5401 seque
2404 5331 2549 5400 ipsos
2595 5331 2927 5401 ptruitentiae
2968 5328 3220 5385 lamentis
3252 5329 3532 5383 alliciunt:

1950 5425 2321 5479 holocaustum
2363 5422 2415 5476 in
2450 5421 2593 5476 ostio
2626 5428 2905 5490 portarum
2964 5419 3165 5474 lavant.
3234 5418 3525 5473 Sciendum

1950 5532 2080 5571 vero
2109 5524 2213 5580 est,
2247 5515 2371 5585 quia
2394 5514 2499 5568 hoc
2538 5513 2679 5568 inter
2709 5512 3033 5568 sacriﬁcium
3069 5519 3232 5579 atque
3272 5509 3527 5564 holocauo

1950 5617 2091 5663 stum
2141 5608 2306 5662 distat
2347 5624 2359 5659 :
2398 5604 2542 5675 quod
2588 5619 2749 5659 omne
2788 5603 3158 5658 holocaustum
3204 5601 3526 5656 sacriﬁcium

1947 5709 2049 5764 est,
2081 5697 2173 5753 sed
2201 5714 2305 5752 non
2349 5710 2507 5752 omne
2534 5693 2858 5749 sacriﬁcium
2897 5691 3289 5748 holocaustum.
3340 5691 3395 5744 lu
3438 5706 3495 5744 sa
