3972 6184
456 320 461 323 ’
475 311 577 369 9‘7

1108 310 1169 363 Β.
1210 305 1459 361 ΒΑΒΑΜ
1495 305 1714 359 MAURI
1749 302 2068 358 Ai‘tutlllﬂ’.
2103 300 2413 356 MUCUNT.
2458 299 2742 355 Ol’ERUM
2780 299 2961 355 l’AllS
2998 296 3065 353 ll.

3638 298 3740 354 9&8

480 430 681 487 orificio
708 429 849 482 enim
888 442 1012 495 pars
1029 425 1245 495 pecudis
1273 441 1285 476 :
1322 423 1376 475 in
1403 421 1773 476 holocaustum
1801 434 1927 471 vero
1972 427 2050 472 to—
2081 422 2127 477 Λ
2155 417 2313 469 nobis
2344 425 2427 471 est
2471 430 2606 485 opus
2632 423 2877 469 nostrum
2926 415 3085 484 quale
3118 416 3210 478 sit,
3255 431 3374 484 qua:
3402 415 3660 487 cogitatio
3686 419 3742 471 in

474 533 590 577 tum
611 535 769 591 pecus
795 517 974 573 offerri
1001 521 1369 569 consueverat.
1419 510 1569 567 Unde
1593 519 1648 564 et
1679 508 2051 564 holocaustum

475 611 671 665 Latina
698 612 872 678 lingua
903 616 1070 660 totum
1099 604 1375 658 incensum
1408 602 1623 655 dicitur.

549 699 838 755 Pensemus
883 682 1031 767 ergo,
1077 695 1204 764 quid
1256 704 1341 747 est
1388 692 1740 753 sacrificium,
1784 689 1912 758 quid
1963 688 2055 742 bo-

476 789 772 841 locaustum
801 805 812 839 :
840 802 959 841 cum
1000 786 1144 840 enim
1172 784 1294 854 quis
1315 797 1472 837 suum
1524 780 1724 849 aliquid
1756 781 1865 834 Deo
1888 778 2050 841 vovit,

414 896 431 903 ’
480 888 535 933 et
571 878 770 948 aliquid
825 892 930 929 non
978 876 1144 939 vovit,
1204 872 1528 928 sacrificium
1570 880 1673 925 est.
1745 870 1878 925 Cum
1924 884 2054 921 vero

478 982 638 1023 omne
682 965 822 1035 quod
869 965 1052 1029 habet,
1102 978 1261 1018 omne
1311 963 1452 1030 quod
1497 960 1661 1022 vovit,
1711 973 1871 1013 omne
1913 959 2054 1026 quod

477 1058 638 1129 sapit,
708 1053 1062 1123 omnipotenti
1116 1053 1225 1121 Deo
1272 1050 1503 1113 voverit,
1536 1048 1908 1103 holocaustum
1950 1052 2050 1098 est.

477 1145 613 1201 Nam
643 1154 772 1200 sunt
806 1145 1046 1213 quidam,
1086 1143 1177 1211 qui
1207 1141 1382 1195 adhuc
1410 1147 1590 1192 mente
1640 1138 1694 1190 in
1723 1137 1823 1190 hoc
1855 1132 2054 1188 mundo

479 1237 800 1299 retinentur,
853 1243 907 1289 et
954 1241 1133 1287 tamen
1184 1248 1249 1286 ex
1296 1229 1556 1301 possessis
1606 1230 1767 1282 rebus
1815 1225 2053 1280 subsidia

479 1327 762 1397 egentibus
781 1327 1106 1387 ministrant,
1134 1337 1418 1393 oppressos
1444 1319 1730 1375 defendere
1754 1318 2008 1372 festinant
2039 1336 2051 1368 :

480 1417 571 1471 isti
609 1416 664 1470 in
685 1416 856 1479 bonis,
896 1430 1016 1484 qua:
1038 1412 1241 1467 faciunt
1287 1409 1610 1466 sacrificium
1634 1408 1889 1470 oll'erunt,
1932 1407 2055 1475 quia

482 1518 533 1561 et
566 1506 765 1575 aliquid
787 1506 853 1577 de
877 1520 972 1560 sua
1016 1505 1228 1559 actione
1262 1503 1373 1557 Deo
1424 1502 1720 1562 immolant,
1769 1510 1825 1552 et
1852 1498 2054 1567 aliquid

482 1597 831 1666 sibimetipsis
890 1603 1183 1649 reservant.
1239 1593 1304 1647 Et
1337 1601 1462 1647 sunt
1505 1591 1742 1661 quidam,
1788 1589 1881 1658 qui
1925 1586 2054 1642 nihil

482 1686 829 1755 sibimetipsis
854 1693 1092 1748 servant,
1154 1684 1249 1738 sed
1277 1696 1517 1745 sensum,
1564 1680 1823 1750 linguam,
1864 1678 2053 1740 vitam,

2155 522 2337 577 opere,
2366 521 2486 575 qua:
2527 506 2755 561 intentio
2798 506 2851 559 in
2898 506 3224 576 cogitatione
3255 524 3268 559 :
3301 517 3354 561 et
3384 522 3510 561 cum
3557 520 3743 562 nostro

2154 600 2296 655 bono
2328 598 2478 668 operi
2529 599 2765 652 admixta
2813 598 3017 668 aliquid
3050 586 3269 653 malitia'
3314 600 3399 654 vel
3433 616 3616 670 prava:
3655 602 3740 657 di-

2155 690 2404 744 lectionis
2460 689 2822 759 agnoscimus,
2858 690 3155 744 redeamus
3194 691 3263 745 ad
3304 690 3578 762 lacrymas
3603 733 3616 754 ,
3665 692 3735 747 la-

2156 795 2344 833 vemus
2373 778 2765 834 holocaustum.
2793 777 2932 832 Sunt
2953 789 3134 834 autem
3164 781 3383 849 quidam
3412 782 3506 851 qtti
3538 792 3735 851 semet:

2157 871 2303 938 ipsos
2354 872 2407 924 in
2474 870 2683 938 magnis
2736 870 3045 926 actionibus
3093 872 3324 926 Domino
3372 848 3733 936 devoverunt;

2157 972 2318 1029 atque
2344 962 2410 1014 ad
2440 968 2645 1013 tantam
2683 960 3069 1029 perfectionem
3100 965 3437 1031 perveniunt,
3466 973 3528 1018 ut
3558 965 3627 1019 ab
3659 970 3738 1021 eis

2158 1050 2300 1104 nulla
2362 1065 2596 1119 unquam
2654 1047 2967 1105 diﬂicultate
3021 1050 3354 1106 flectantur:
3400 1054 3658 1122 quatinus
3683 1056 3736 1108 in

2156 1141 2544 1195 deliberatione
2601 1141 2890 1205 castitatis,
2931 1157 3272 1211 nequaquam
3302 1160 3433 1200 caro
3477 1146 3533 1199 in
3576 1162 3738 1215 prava

2157 1230 2499 1300 cogitationis
2539 1230 2894 1284 delectatione
2932 1231 3171 1286 animum
3221 1243 3451 1288 sternat.
3512 1234 3647 1289 Nam
3685 1245 3739 1290 et

2157 1319 2420 1389 signando
2446 1333 2544 1387 per
2569 1320 2967 1388 suggestionem
2999 1320 3193 1389 pulsat,
3231 1337 3458 1393 surgere
3484 1340 3593 1379 non
3620 1340 3739 1394 per-

2158 1409 2411 1472 mittitur,
2428 1409 2554 1478 quia
2579 1408 2763 1478 vigore
2779 1409 2969 1479 judieii
2995 1410 3252 1465 calcatur.
3269 1410 3327 1465 In
3352 1411 3738 1467 deliberatione

2157 1516 2373 1571 quoque
2398 1500 2673 1571 patientia:
2693 1516 2791 1555 nec
2820 1516 3000 1556 sermo
3027 1502 3364 1558 inordinatus
3394 1504 3464 1558 ab
3493 1519 3591 1559 ore
3616 1520 3738 1572 pro-

2158 1593 2303 1656 deat,
2321 1606 2420 1647 nec
2440 1591 2592 1647 dolor
2612 1593 2807 1647 tacitus
2827 1592 3066 1646 animum
3087 1602 3317 1661 premat,
3334 1594 3470 1648 utin
3494 1593 3741 1664 largitate

2158 1682 2510 1751 eleemosynte
2524 1680 2666 1734 nulla
2683 1681 2875 1750 inopiae
2887 1680 3120 1748 suspicio
3136 1681 3411 1736 tristitiam
3425 1689 3668 1751 generet,
3682 1690 3741 1736 ut

481 1788 645 1848 atque
672 1775 1025 1831 substantiam
1077 1788 1238 1843 quam
1290 1778 1668 1842 perceperunt,
1701 1767 2056 1837 omnipotenti
2090 1788 2136 1846 Β
2163 1772 2218 1825 in
2242 1771 2629 1826 deliberatione
2651 1770 2972 1825 humilitatis
2993 1769 3171 1824 nullus
3197 1770 3488 1839 despectus
3503 1771 3738 1824 animum

482 1868 595 1922 Deo
622 1865 920 1920 immolant.
981 1863 1119 1930 Quid
1142 1862 1230 1917 isti
1268 1861 1374 1916 nisi
1402 1861 1776 1914 holocaustum
1804 1857 2057 1921 offerunt,

482 1960 596 2012 imo
626 1955 794 2025 magis
821 1954 1190 2008 holocaustum
1218 1951 1396 2005 fiunt?
1436 1949 1759 2004 lsraeliticus
1786 1947 1930 2001 enim
1964 1961 2059 2015 po-

482 2047 642 2118 pulus
677 2046 909 2114 primum
958 2043 1284 2098 sacrificium
1329 2044 1382 2096 in
1417 2042 1651 2112 Egypto
1700 2040 1914 2104 obtulit,
1977 2054 2061 2093 se-

484 2137 718 2193 cundum
747 2150 877 2189 vero
921 2135 972 2188 in
1002 2149 1203 2188 eremo.
1264 2132 1365 2199 Qui
1398 2133 1578 2200 itaque
1619 2130 1798 2185 adhuc
1825 2138 2060 2183 mentem

487 2228 651 2283 habet
682 2227 737 2279 in
761 2224 977 2289 saeculo,
1005 2225 1099 2278 sed
1126 2223 1248 2277 boni
1272 2222 1386 2290 jam
1416 2221 1617 2291 aliquid
1639 2229 1915 2290 operatur,
1948 2220 2061 2274 Deo

487 2316 809 2373 sacriﬁcium
859 2314 1053 2369 obtulit
1100 2314 1154 2367 in
1202 2313 1455 2384 Egypto.
1507 2312 1606 2378 Qui
1650 2327 1778 2366 vero
1828 2325 2063 2381 prmsens

487 2405 741 2463 saeculum
764 2403 989 2466 deserit,
1038 2410 1094 2457 et
1118 2402 1229 2473 agit
1250 2402 1388 2456 bona
1416 2415 1535 2469 quze
1560 2400 1721 2465 valet,
1768 2398 1921 2468 quasi
1947 2396 2061 2466 jam

488 2493 725 2566 Egypto
772 2492 1027 2548 derelicta
1052 2532 1068 2556 ,
1123 2492 1449 2546 sacrificium
1499 2491 1704 2560 praebet
1748 2490 1802 2544 ln
1832 2502 2059 2543 eremo:

486 2585 615 2655 quia
659 2582 872 2654 repulso
921 2583 1146 2653 strepitu
1208 2582 1600 2637 desideriorum
1648 2579 1944 2635 carnalium
2010 2579 2063 2631 in

488 2676 686 2732 mentis
730 2688 840 2730 suae
878 2675 1059 2743 quiete
1121 2683 1283 2743 atque
1339 2673 1626 2728 solitudine
1670 2672 1781 2728 Deo
1825 2669 2067 2725 immolat

487 2766 748 2835 quidquid
775 2774 1047 2835 cperatur.
1111 2763 1368 2830 Quamvis
1390 2778 1542 2833 ergo,
1573 2762 1713 2818 sicut
1739 2762 1941 2817 dictum
1960 2768 2063 2823 est,

490 2856 812 2911 sacrificium
850 2856 918 2910 sit
946 2855 1340 2919 holocaustum,
1397 2853 1574 2924 majus
1608 2863 1788 2908 tamen
1812 2861 1896 2906 est
1917 2850 2066 2906 holo-

489 2953 736 3007 onustum
764 2944 1028 3000 sacrificio
1060 2963 1073 2997 :
1107 2945 1233 3012 quia
1262 2959 1292 2997 a
1320 2953 1519 3008 mente,
1546 2957 1668 3012 qua:
1692 2941 1851 3011 huius
1882 2940 2065 2995 mtindi

489 3036 776 3099 dilectione
811 3048 916 3087 non
940 3032 1226 3103 premitur,
1265 3038 1436 3086 totum
1468 3030 1520 3083 in
1544 3026 1931 3098 omnipotentis
1965 3026 2063 3081 Dei

2162 1864 2428 1918 mordeat.
2450 1861 2557 1917 Sed
2577 1876 2699 1917 cum
2718 1863 2828 1931 jam
2847 1862 2900 1916 in
2929 1862 3035 1926 his,
3064 1876 3187 1930 quae
3214 1869 3363 1915 recte
3383 1860 3736 1925 devoverunt,

2160 1970 2280 2011 sese
2313 1952 2525 2009 fortiter
2571 1951 2849 2015 exhibent,
2893 1952 3075 2020 priora
3123 1960 3302 2005 tamen
3331 1961 3579 2018 peccata,
3623 1968 3740 2023 qua:

2161 2048 2228 2101 ab
2252 2046 2384 2117 ipsis
2408 2053 2535 2099 ante
2562 2046 2759 2100 bonam
2782 2042 3224 2098 deliberationem
3256 2052 3567 2113 perpetrata
3594 2053 3736 2103 sunt.

2161 2136 2228 2191 ad
2255 2136 2571 2192 memoriam
2601 2135 2873 2190 deducunt
2902 2143 2958 2188 et
2987 2134 3245 2203 plangunt
3271 2134 3536 2203 quidquid
3560 2135 3740 2189 illicite

2160 2230 2336 2299 egisse
2356 2227 2733 2283 meminerunt.
2760 2226 2824 2280 lli
2848 2227 3027 2295 itaque
3046 2242 3145 2295 per
3160 2227 3322 2280 vitam
3347 2241 3515 2294 quam
3538 2235 3737 2291 tenent,

2161 2321 2533 2376 holocaustum
2584 2327 2729 2382 sunt,
2785 2319 2879 2374 sed
2933 2334 3031 2388 per
3071 2318 3257 2383 vitam,
3300 2335 3467 2387 quam
3502 2328 3630 2374 ante
3666 2330 3741 2374 te-

2162 2420 2425 2473 nuerant,
2473 2409 2832 2479 inquinatum.
2864 2408 3075 2463 Lavant
3110 2424 3241 2477 ergo
3276 2410 3653 2465 holocaustum
3685 2412 3737 2464 in

2162 2501 2303 2555 Ostio
2347 2506 2665 2569 portarum.
2719 2498 2846 2567 quia
2900 2498 2955 2551 in
3022 2497 3295 2552 intellectu
3346 2514 3512 2567 quem
3570 2499 3742 2567 perci-

2163 2589 2319 2659 piunt
2345 2586 2412 2641 de
2434 2586 2593 2645 dictis
2618 2585 2840 2641 Patrum
2857 2626 2872 2650 ,
2909 2586 3158 2641 lamentis
3182 2602 3241 2642 se
3273 2588 3607 2656 quotidianis
3633 2588 3742 2641 alli-

2164 2678 2335 2742 ciunt,
2365 2687 2419 2731 et
2447 2676 2709 2731 mundant
2734 2676 2900 2730 vitam
2937 2676 3211 2747 lacrymis,
3239 2692 3401 2746 quam
3437 2678 3622 2747 pravis
3645 2677 3743 2731 alio

2165 2768 2382 2837 quando
2402 2767 2612 2822 actibus
2642 2767 3076 2837 inquinaverunt.
3120 2766 3229 2822 Nos
3254 2768 3436 2837 itaque
3465 2770 3609 2822 inter
3630 2771 3744 2823 hac

2165 2859 2236 2913 ad
2262 2858 2423 2911 vitam
2455 2856 2784 2926 prteteritam
2816 2858 3013 2912 mentis
3052 2857 3240 2911 oculos
3281 2858 3624 2921 reducamus,
3654 2872 3742 2911 re-

2167 2951 2533 3011 miniseamur.
2568 2949 2662 3019 qui
2706 2947 2924 3011 fuimus,
2974 2964 3096 3002 cum
3125 2947 3307 3002 mundi
3351 2946 3511 3015 hujus
3546 2963 3745 3002 concu-

2166 3040 2454 3110 piscentias
2479 3053 2828 3109 sequerentur
2852 3056 2863 3092 :
2901 3048 2955 3092 et
2984 3040 3029 3093 si
3052 3037 3277 3093 Domino
3306 3048 3420 3094 toto
3445 3038 3609 3093 corde
3632 3053 3744 3092 ser-

487 3123 759 3183 sacriﬁcio
785 3121 1112 3185 incenditur,
1147 3120 1292 3190 quod
1311 3117 1563 3173 habetur.
1624 3117 1735 3172 δθίί
1778 3114 2059 3172 sciendum
2089 3125 2135 3187 C
2165 3128 2342 3182 vimus
2372 3168 2387 3194 ’
2444 3129 2574 3198 quia
2628 3143 2729 3182 nos
2799 3142 3053 3198 peccasse
3098 3129 3446 3184 meminimus
3476 3169 3492 3193 ’
3540 3128 3739 3184 deﬂua-

485 3216 777 3284 nobis_est,
821 3213 946 3281 quia
969 3222 1096 3267 sunt
1121 3211 1360 3282 quidam,
1390 3211 1479 3280 qui
1508 3210 1670 3265 etiam
1698 3207 1952 3264 sarculum
1980 3222 2066 3262 re~

485 3306 814 3378 linquentes.
865 3310 1032 3357 totum
1090 3302 1331 3373 quidem,
1375 3302 1518 3371 quod
1560 3301 1779 3367 habent,
1812 3298 2065 3364 oderunt,

484 3382 602 3451 sed’
613 3405 791 3449 tamen
815 3393 869 3447 in
894 3392 1069 3456 bonis,
1101 3406 1221 3462 qua:
1240 3401 1426 3461 agunt,
1455 3392 1676 3446 minime
1701 3404 2071 3459 compungun-

484 3497 597 3550 tur,
641 3493 699 3540 et
727 3486 930 3540 bonum
990 3482 1131 3552 quod
1165 3490 1333 3552 agunt
1401 3482 1772 3537 holocaustum
1817 3488 1901 3534 est
1929 3498 1943 3532 :
1973 3477 2070 3533 sed

483 3574 610 3644 quia
656 3573 786 3628 flere
838 3588 908 3628 ac
950 3572 1269 3640 semetipsos
1305 3569 1551 3638 judicare
1587 3570 1855 3635 nesciunt,
1903 3582 2068 3636 seque

486 3679 555 3719 ex
596 3677 783 3719 amore
824 3662 892 3716 ad
926 3660 1195 3732 lacrymas
1239 3675 1345 3714 non
1382 3657 1706 3725 accendunt,
1767 3655 2064 3728 perfectum

481 3769 669 3810 eorum
693 3753 1063 3811 holocaustum
1088 3768 1195 3807 non
1238 3762 1342 3807 est.
1384 3748 1525 3807 llinc
1548 3751 1693 3807 enim
1721 3765 1818 3820 per
1841 3747 2068 3807 Psalmi-

483 3851 628 3902 stam
662 3844 897 3899 dicitur:
941 3860 960 3894 ι
1006 3842 1210 3898 Memor
1254 3843 1322 3897 sit
1369 3844 1626 3897 Dominus
1665 3843 1916 3898 sacrificii
1964 3847 2063 3912 tui,

481 3941 541 3987 et
569 3925 946 3987 holocaustum
979 3938 1127 3984 tuum
1156 3930 1351 4002 pingue
1379 3931 1471 3984 fiat
1500 3928 1670 4001 (Psal.
1705 3931 1841 4003 xxx).
1883 3951 1901 3984 ι
1954 3934 2063 3988 llo-

485 4020 788 4076 locaustum
817 4018 1017 4088 quippe
1056 4018 1259 4073 siccum
1307 4028 1410 4083 est,
1466 4018 1665 4072 bonum
1703 4035 1859 4090 opus,
1922 4023 2064 4091 quod

484 4109 749 4164 orationis
768 4108 1025 4177 lacryma:
1046 4123 1152 4161 non
1184 4106 1487 4161 infundunt.
1538 4106 1915 4164 Holocaustum
1939 4125 2066 4165 vero

489 4200 688 4270 pingue
735 4206 841 4265 est,
893 4196 1112 4271 quando
1157 4198 1281 4261 hoc,
1311 4198 1455 4265 quod
1489 4198 1626 4252 bene
1657 4198 1856 4268 agitur,
1906 4200 2065 4254 corde

487 4288 681 4345 humili
714 4290 877 4346 etiam
908 4301 1008 4358 per
1037 4287 1307 4358 laerymas
1343 4286 1613 4357 irrigatur.
1669 4287 1818 4343 Unde
1849 4304 2064 4343 rursum

482 4380 683 4436 dicitur
712 4395 726 4434 :
769 4398 787 4431 ι
843 4379 1169 4434 liotocausta
1200 4376 1483 4433 medullata
1501 4375 1721 4432 offeram
1753 4377 1847 4433 tibi
1887 4376 2059 4448 (Psal.

479 4474 625 4544 uv).
680 4491 698 4522 ι
752 4470 1015 4539 Quisquis
1052 4469 1196 4524 enim
1242 4469 1439 4524 bonum
1488 4484 1622 4539 opus
1663 4468 1792 4537 agit,
1859 4470 1953 4523 sed
1996 4485 2063 4524 ex
2092 4458 2143 4515 D

479 4562 862 4633 omnipotentis
892 4562 991 4617 Dei
1019 4577 1203 4617 amore
1224 4569 1384 4630 atque
1410 4561 1677 4616 desiderio
1716 4560 1841 4615 flere
1872 4563 2061 4627 nescit,

482 4652 854 4710 holocaustum
888 4654 1079 4718 habet,
1135 4654 1227 4709 sed
1274 4651 1559 4708 medullam
1602 4653 1656 4707 in
1686 4652 2061 4708 holocaustum

479 4761 589 4802 non
612 4746 794 4801 habet.
833 4745 936 4813 Qui
968 4761 1096 4801 vero
1129 4745 1268 4799 bona
1302 4752 1581 4813 operatur,
1616 4752 1671 4798 et
1709 4744 1906 4798 visioni
1936 4742 2054 4812 jam

476 4834 750 4889 Creatoris
791 4836 873 4889 sui
908 4835 1101 4899 inhiat,
1171 4844 1334 4905 atque
1367 4835 1435 4889 ad
1466 4843 1684 4889 aeterna:
1731 4833 2062 4904 contempla-

476 4923 641 4983 tionis
688 4924 878 4992 gaudia
932 4925 1214 4993 pervenire
1260 4924 1498 4991 festinat,
1557 4941 1723 4995 seque
1765 4926 1938 4997 ipsum
1990 4940 2059 4980 ex

477 5028 685 5079 amore,
738 5029 845 5083 quo
883 5015 1223 5080 accenditur,
1269 5015 1322 5070 in
1363 5014 1577 5071 fletibus
1625 5024 1847 5081 mactat,
1901 5016 2056 5071 bolo-

474 5113 663 5163 causta
698 5104 931 5159 Domino
966 5104 1252 5160 medullata
1282 5105 1449 5162 dedit.

545 5216 885 5274 Studendum
912 5229 1043 5286 ergo
1070 5215 1233 5270 nobis
1272 5225 1355 5273 est
1380 5226 1437 5274 et
1463 5218 1605 5273 mala
1634 5218 1874 5273 funditus
1893 5218 2058 5272 relin-

471 5325 661 5381 quere,
686 5318 745 5365 et
761 5309 909 5365 bona
941 5323 1063 5379 quae
1107 5307 1405 5367 sufﬁcimus
1431 5311 1649 5380 operari
1675 5329 1689 5364 :
1720 5319 1883 5379 atque
1911 5318 1971 5364 ut
2001 5310 2053 5365 in

465 5400 601 5469 ipsis
620 5399 777 5456 bonis
801 5410 927 5469 quas
947 5398 1180 5470 agimus,
1211 5413 1397 5455 amore
1423 5401 1611 5456 aeterni
1656 5400 1877 5455 luminis
1905 5417 2054 5456 com-

466 5505 772 5562 pungamur
800 5508 813 5544 :
847 5490 960 5559 ipse
984 5489 1129 5544 enim
1159 5490 1340 5545 cordis
1370 5491 1627 5546 tenebras
1654 5490 1876 5545 discutit
1900 5505 2054 5543 amor

468 5580 624 5645 Iuris,
661 5587 721 5634 ut
766 5579 1019 5635 subtilius
1052 5579 1237 5635 videre
1262 5579 1557 5644 valeamus,
1591 5595 1659 5634 ne
1686 5595 1792 5649 qua
1825 5580 1875 5633 in
1900 5581 2053 5635 bonis

462 5681 586 5735 quur
602 5667 808 5736 agimus
825 5683 989 5736 prava
1013 5669 1356 5724 misceantur.
1375 5669 1836 5724 Considerandum
1860 5670 2053 5741 quippe

2167 3234 2290 3274 mus
2317 3219 2372 3273 in
2417 3218 2651 3283 ﬂetibus,
2692 3217 2938 3274 lavemus
2976 3219 3368 3274 holocaustum.
3404 3219 3543 3274 Ecce
3572 3220 3741 3274 omni-

2165 3311 2375 3382 potenti
2404 3312 2515 3366 Deo
2557 3310 2871 3366 devovimus
2916 3310 3221 3366 castitatem
3269 3320 3538 3376 nostram,
3564 3312 3659 3366 sed
3694 3312 3738 3366 si

2167 3402 2345 3457 adhuc
2374 3403 2652 3457 immunda
2692 3401 2950 3472 cogitatio
2996 3410 3226 3458 mentem
3258 3403 3528 3471 inquinat,
3563 3403 3738 3457 redea-

2168 3512 2289 3551 mus
2310 3496 2378 3551 ad
2413 3494 2705 3566 lacrymas,
2750 3494 2991 3549 lavemus
3022 3494 3416 3549 holocaustum.
3460 3494 3602 3549 Ecce
3644 3508 3736 3563 pa-

2169 3587 2412 3641 tientiam
2442 3602 2543 3642 nos
2569 3600 2790 3641 servare
2812 3586 3167 3650 decrevimus,
3218 3585 3266 3640 si
3310 3585 3493 3639 adhuc
3518 3586 3596 3639 ira
3626 3599 3737 3654 per-

2170 3678 2371 3744 turbat,
2403 3680 2446 3735 si
2476 3688 2711 3734 mentem
2740 3679 2936 3733 tacitus
2956 3677 3107 3732 dolor
3125 3678 3428 3741 excruciat,
3463 3677 3738 3732 redeamus

2168 3771 2235 3825 ad
2281 3769 2591 3841 laerymas:
2625 3769 2865 3823 lavemus
2892 3767 3284 3822 holocaustum.
3335 3766 3479 3820 Ecce
3506 3764 3621 3834 jam
3647 3781 3737 3819 vo-

2167 3863 2344 3916 vimus
2380 3875 2627 3931 possessa
2657 3860 2928 3922 tribuere,
2951 3858 3184 3926 atquein
3212 3858 3314 3911 hoc
3342 3857 3547 3910 mundo
3573 3854 3738 3910 humi-

2167 3957 2272 4010 lem
2306 3955 2481 4009 locum
2510 3962 2718 4014 tenere,
2742 3951 2809 4007 de
2836 3966 2942 4020 qua
2963 3951 3140 4021 adhuc
3159 3950 3400 4003 animum
3434 3948 3628 4016 impia:
3653 3962 3737 4000 su-

2166 4046 2335 4114 spicio
2355 4044 2627 4113 deprimit,
2646 4042 2690 4096 si
2713 4042 2997 4110 despectus
3021 4040 3251 4110 proximi
3275 4040 3328 4092 in
3349 4039 3533 4108 aliqua
3555 4054 3649 4091 nos
3670 4037 3747 4089 in-

2167 4134 2474 4204 dignatione
2491 4130 2791 4195 confnndit,
2808 4131 3090 4185 redeamus
3104 4130 3170 4184 ad
3192 4129 3484 4198 lacrymas,
3504 4126 3740 4179 lavemus

2167 4225 2560 4279 holocaustum.
2597 4220 2919 4291 Maguusest
2960 4219 3160 4274 etenim
3198 4218 3433 4272 creatori
3460 4227 3647 4271 nostro
3672 4214 3737 4267 ad

2168 4315 2507 4384 recipiendos
2556 4312 2715 4367 ﬂetus
2769 4311 3055 4367 humilium
3112 4310 3501 4365 misericordia:
3570 4311 3738 4364 sinus.

2170 4403 2272 4459 Ubi
2300 4404 2444 4457 enim
2500 4400 2972 4456 innumerabilium
2996 4400 3275 4454 hominum
3314 4398 3474 4452 fletus
3508 4396 3739 4467 suscepti

2168 4504 2315 4558 sunt,
2368 4494 2441 4547 ibi
2487 4493 2662 4547 locum
2699 4505 2855 4545 suum
2903 4491 3201 4545 inventura:
3238 4497 3364 4543 sunt
3395 4499 3450 4543 et
3495 4487 3742 4558 lacryaae

2162 4596 2378 4642 nostrae.

2239 4700 2255 4730 ι
2290 4679 2355 4733 Et
2383 4679 2436 4733 in
2464 4678 2731 4735 vestibulo
2775 4687 2943 4749 porta:
2976 4678 3095 4733 dua:
3142 4692 3342 4733 mensae
3384 4677 3516 4732 hinc
3546 4685 3602 4732 et
3626 4676 3738 4729 duae

2170 4789 2190 4822 ί
2229 4784 2427 4824 mensa:
2459 4769 2601 4832 inde,
2627 4778 2687 4824 ut
2724 4769 3033 4823 immoletur
3061 4782 3221 4838 super
3242 4782 3339 4822 eas
3370 4767 3736 4823 holocaustum

2170 4876 2188 4908 ι
2225 4866 2281 4912 et
2301 4872 2401 4926 pro
2436 4867 2663 4926 peccato
2687 4866 2743 4912 et
2777 4873 2876 4928 pro
2904 4856 3122 4912 delicto.
3146 4855 3214 4911 Et
3241 4857 3309 4912 ad
3337 4857 3482 4911 latus
3505 4857 3734 4911 exterius

2171 4965 2189 4997 ι
2220 4949 2363 5016 quod
2407 4947 2652 5003 ascendit
2697 4948 2765 5001 ad
2798 4948 2998 5002 ostium
3048 4955 3236 5016 portre,
3272 4960 3395 5015 qua:
3446 4947 3623 5018 pergit
3672 4945 3731 4997 ad

2165 5052 2185 5086 ι
2222 5034 2546 5105 aquilonem,
2581 5035 2700 5088 dum
2747 5049 2975 5099 mensae;
3002 5043 3057 5088 et
3082 5033 3314 5088 adlatus
3358 5033 3589 5088 alterum
3618 5039 3730 5085 ante

2161 5149 2182 5184 ι
2216 5131 2539 5185 vestibulum
2586 5138 2774 5201 portae,
2802 5130 2921 5184 dua:
2974 5143 3195 5183 mensae.
3247 5128 3493 5194 Quatuor
3543 5140 3729 5181 mensa:

2161 5240 2181 5273 ι
2208 5222 2334 5276 hinc
2352 5229 2408 5275 et
2429 5229 2663 5289 quatuor
2690 5233 2891 5276 mensa:
2912 5219 3035 5274 inde
3065 5234 3164 5289 per
3194 5219 3363 5272 latera
3386 5227 3574 5289 portat.
3605 5217 3729 5272 Octo

2162 5333 2181 5365 ι
2224 5327 2425 5368 mensa:
2450 5320 2608 5367 erant
2638 5327 2800 5382 super
2828 5326 2965 5381 quas
2988 5310 3360 5365 immolabant.
3400 5329 3421 5364 ι
3452 5306 3651 5382 (6ης.)
3672 5306 3725 5361 In

2154 5402 2350 5471 quibus
2382 5400 2634 5456 videlicet
2660 5402 2840 5456 verbis
2885 5416 3081 5471 magna
3128 5400 3304 5471 caligo
3325 5400 3612 5456 dubietatis
3638 5397 3728 5451 ob—

2154 5496 2347 5559 oritur,
2379 5503 2560 5548 utrum
2600 5493 2717 5549 haec
2763 5493 2831 5550 de
2874 5510 2977 5548 una
3023 5504 3179 5562 porta
3218 5493 3498 5563 qualibet,
3554 5509 3618 5547 an
3662 5493 3725 5544 de

2155 5582 2388 5646 duabus,
2443 5597 2510 5636 an
2557 5583 2624 5637 de
2654 5582 2881 5653 singulis
2918 5584 3090 5653 portis
3138 5584 3425 5638 dicantur:
3475 5583 3565 5639 sed
3605 5583 3726 5635 dum

2159 5683 2432 5744 quaternm
2455 5688 2651 5727 mensa:
2679 5674 2962 5745 perlatcra
2989 5673 3387 5740 describuntur,
3413 5688 3473 5726 ac
3497 5680 3715 5743 postme-
