3972 6184
265 303 377 359 949

1199 304 1559 362 (ΖΟΜΜΕΝΤ.
1599 303 1662 359 IN
1706 300 2161 359 EZEL‘HIELEM.
2203 333 2271 342 —-
2310 300 2438 355 LIB.
2483 298 2622 354 XVI.

3438 300 3549 358 930

264 418 398 473 dum
428 416 481 471 in
510 432 721 472 summa
770 417 1133 473 conclusionis
1162 421 1402 475 dicitur:
1446 426 1463 470 ἡ
1492 420 1628 475 Octo
1656 434 1858 474 mensa:
1888 419 1936 477 Α
1964 414 2217 485 possibile
2262 424 2346 471 est
2390 415 2606 485 placere
2660 415 2769 469 Deo
2795 415 2980 484 (Hebr.
3014 415 3110 485 xi).
3161 433 3179 467 ι
3218 416 3284 470 Et
3335 432 3548 471 rursum

260 514 430 561 erant
457 520 621 575 super
645 521 782 575 quas
818 506 1229 575 immolabant,»
1260 518 1411 579 patet
1438 511 1565 581 quia
1605 511 1711 566 hoc
1750 510 1862 581 spi-

264 599 411 654 ritus
442 614 549 653 non
586 600 653 654 de
700 599 929 669 singulis
963 600 1134 669 portis
1188 616 1327 670 quas
1362 602 1610 670 superius
1660 601 1863 656 descri-

261 699 455 761 pserat
492 691 654 746 dicat.
701 690 837 759 Quia
867 692 911 746 si
943 700 1112 762 porta:
1158 708 1253 748 sex
1305 694 1554 762 superius
1591 703 1860 749 enarrata:

259 791 568 851 quaternas
594 796 809 837 mensas
830 798 933 851 per
954 783 1123 837 latera
1161 784 1448 849 haberent,
1480 783 1642 838 simul
1666 800 1859 841 omnes

267 888 377 927 non
404 880 550 936 octo,
586 872 682 928 sed
713 873 1074 944 quadraginta
1103 883 1157 927 et
1198 883 1325 929 octo
1355 875 1687 930 dicerentur.
1716 875 1860 929 Rur-

265 978 389 1018 sum
432 962 478 1016 si
511 962 614 1017 hoc
653 963 720 1018 de
747 979 852 1017 una
888 963 1107 1030 dicitur,
1131 980 1329 1033 magno
1363 965 1644 1021 obstaculo
1672 975 1857 1021 nostra

267 1055 625 1126 intelligentia
693 1056 1112 1122 reverberatur,
1157 1057 1300 1126 quod
1357 1065 1480 1126 post
1521 1057 1857 1129 descriptum

262 1157 440 1215 porta
465 1147 808 1211 vestibulum,
830 1148 924 1202 ubi
963 1148 1084 1203 dua:
1113 1164 1313 1204 mensa:
1339 1148 1466 1204 hinc
1497 1157 1553 1204 et
1576 1150 1695 1205 duae
1732 1149 1859 1205 inde

264 1253 390 1293 esse
416 1246 654 1293 narratae
700 1247 850 1303 sunt,
910 1242 1091 1296 adhuc
1126 1242 1195 1296 ad
1244 1241 1389 1297 latus
1414 1242 1677 1307 exterius,
1713 1245 1857 1311 quod

264 1331 517 1385 ascendit
543 1331 612 1387 ad
634 1331 833 1386 ostium
856 1340 1048 1400 portae,
1077 1347 1197 1401 quze
1226 1333 1406 1404 pergit
1433 1334 1502 1389 ad
1521 1333 1855 1402 aquilonem,

264 1420 389 1475 dum
417 1435 541 1475 esse
565 1436 768 1476 mensa:
802 1433 1177 1479 memorantur
1209 1441 1222 1478 :
1265 1432 1428 1493 atque
1460 1425 1854 1496 subjungitur:

265 1528 291 1561 ‹
324 1510 393 1564 Et
422 1511 490 1564 ad
528 1511 667 1566 latus
699 1511 925 1567 alterum
957 1523 1082 1569 ante
1122 1514 1449 1570 vestibulum
1492 1524 1691 1585 portat,
1739 1516 1858 1571 dum

263 1616 500 1667 niensze;
526 1621 544 1653 ι
570 1603 614 1657 si
640 1603 785 1657 enim
814 1604 952 1658 intra
980 1605 1305 1661 vestibulum
1319 1616 1490 1675 porta:
1503 1607 1644 1661 bina:
1657 1621 1760 1676 per
1781 1607 1858 1661 la-

265 1702 384 1747 tera
402 1708 603 1747 mensae
624 1701 799 1759 erant,
829 1710 953 1749 cum
983 1697 1265 1762 subditur,
1303 1716 1321 1749 ‹
1350 1697 1416 1752 Et
1435 1698 1509 1752 ad
1532 1697 1671 1754 latus
1699 1707 1854 1754 exte-

1964 507 2227 576 seriptum
2268 514 2352 562 est
2382 524 2400 560 :
2455 526 2472 556 ι
2522 505 2685 560 Fides
2730 505 2850 560 sine
2901 504 3164 575 Operibus
3213 514 3426 560 mortua
3466 515 3547 560 est

1964 596 2107 667 (Jac.
2138 597 2223 668 ιι).
2270 617 2288 649 ι
2322 597 2420 651 Est
2456 606 2638 651 autem
2697 596 2748 649 in
2777 595 3069 652 dilectione
3110 596 3342 665 proximi
3395 594 3551 649 nobis

1963 686 2221 754 patientia
2248 694 2304 741 et
2332 686 2643 756 benignitas
2670 688 3044 741 conservanda
3072 705 3089 740 :
3123 686 3248 757 quia
3271 686 3338 741 de
3360 686 3552 740 eadem

1961 777 2250 833 dilectione
2304 778 2570 846 scriptum
2619 786 2738 855 est:
2791 797 2809 829 ‹
2863 777 3117 833 Charitas
3167 778 3386 847 patiens
3444 788 3551 839 est,

1962 870 2191 941 benigna
2245 879 2328 926 est
2384 869 2447 941 (Ι
2506 869 2633 924 Cor.
2668 870 2827 942 xui).
2878 889 2897 921 ι
2943 869 3165 925 Patiens
3221 870 3436 925 scilicet
3492 877 3552 922 ut

1962 961 2107 1016 illata
2176 977 2207 1015 a
2264 961 2530 1031 proximis
2573 960 2715 1015 mala
2757 961 3141 1029 mquanimiter
3190 969 3388 1032 portet.
3451 959 3553 1014 Bc-

1961 1054 2124 1125 nigna
2150 1063 2357 1120 autem,
2401 1063 2460 1109 ut
2494 1069 2594 1110 sua
2643 1055 2782 1109 bona
2816 1054 3083 1124 proximis
3118 1052 3552 1109 desiderabilitcr

1960 1146 2260 1214 impendat.

2011 1237 2183 1292 Habet
2196 1246 2575 1306 quoqucporta
2590 1238 2847 1301 exterior,
2857 1237 3102 1293 videlicet
3120 1236 3201 1291 lex
3212 1277 3227 1303 ,
3240 1237 3346 1291 duo
3360 1236 3551 1302 latera,

1960 1329 2234 1399 spiritales
2260 1329 2450 1384 Patres
2475 1338 2530 1384 et
2544 1329 2821 1384 carnalem
2846 1328 3125 1399 populum.
3152 1327 3209 1382 lu
3226 1327 3547 1398 quibussin-

1958 1420 2098 1491 gulis
2110 1420 2250 1475 bina:
2264 1434 2462 1475 mensa:
2474 1428 2618 1484 sunt,
2636 1420 2764 1488 quia
2780 1419 2944 1474 habet
2954 1417 3284 1488 spiritalibus
3298 1417 3552 1473 Patribus

1959 1511 2262 1587 doctrinam
2289 1519 2344 1566 et
2359 1510 2723 1582 prophetiam,
2750 1510 2916 1565 habet
2929 1510 2982 1563 iu
3009 1509 3214 1564 carnali
3232 1509 3427 1578 populo
3449 1509 3553 1564 cir-

1960 1601 2350 1656 cnmcisionem
2364 1608 2419 1654 et
2434 1599 2783 1655 sacriﬁcium.
2800 1599 2859 1654 ln
2874 1600 2962 1655 his
2974 1600 3182 1670 itaque,
3210 1608 3334 1654 octo
3348 1600 3552 1654 mensis

1964 1690 2298 1756 immolatur,
2327 1690 2452 1758 quia
2480 1689 2740 1759 quidquid
2774 1689 2907 1745 tich
2931 1691 3127 1754 credit,
3158 1691 3418 1760 quidquid
3440 1692 3548 1745 vita

264 1783 382 1837 rius
405 1783 527 1838 dum
558 1799 780 1850 incusso,
808 1793 971 1856 atque
1004 1787 1071 1841 ad
1094 1787 1235 1842 latus
1264 1789 1496 1844 alterum
1524 1798 1655 1844 ante
1682 1789 1851 1845 vesti-
1883 1776 1929 1834 Β
1958 1779 2013 1834 in
2060 1778 2310 1849 exemplo
2338 1779 2463 1835 bOHi
2488 1779 2671 1849 operis
2711 1780 2970 1845 Οὸιϐηάὶι,
3002 1780 3263 1850 quidquid
3291 1782 3551 1850 ριιιὶειιιὶει

263 1871 451 1928 bidem
472 1874 592 1928 dua:
615 1890 835 1941 mensae,
866 1897 884 1929 ι
911 1877 1054 1932 inter
1073 1894 1207 1948 quas
1229 1878 1391 1933 etiam
1410 1888 1593 1948 porta,
1620 1894 1741 1950 quae
1762 1894 1850 1934 rc-

263 1964 422 2034 spicit
450 1965 592 2020 viam
623 1967 892 2036 aquilonis
913 1984 1035 2025 esse
1056 1979 1409 2035 memoratur,
1436 1972 1681 2041 profecto
1703 1980 1855 2041 patet

261 2054 412 2109 aliud
435 2056 759 2111 vestibulum
791 2057 1118 2115 intrinsecus
1146 2068 1310 2130 atque
1349 2060 1493 2115 aliud
1517 2061 1855 2117 extrinsecus

260 2146 456 2213 fuisse,
479 2148 609 2217 quia
641 2156 697 2204 et
730 2150 882 2218 prius
918 2160 1074 2220 porta
1107 2152 1355 2218 interior,
1407 2160 1463 2207 et
1507 2152 1853 2222 postmodum

259 2239 370 2293 hoc
393 2238 451 2293 in
471 2238 591 2295 loco
616 2240 853 2295 exterior
878 2242 1146 2312 aquilonis
1172 2251 1329 2312 porta
1349 2243 1696 2299 describitur.
1718 2243 1855 2298 Nam

258 2347 390 2388 eum
438 2341 549 2388 tres
589 2343 776 2402 portas
824 2334 1074 2404 superius
1108 2335 1426 2405 descripsit,
1485 2343 1598 2390 tres
1639 2351 1856 2404 quoque

264 2424 403 2479 alias
434 2424 709 2480 interioris
735 2425 859 2479 atrii
886 2439 1009 2480 esse
1038 2427 1383 2492 memoravit,
1417 2440 1647 2494 quarum
1674 2437 1855 2481 extre-

264 2531 412 2571 mam
457 2514 726 2584 aquilonis
769 2524 983 2584 portam
1015 2523 1362 2582 narraverat,
1392 2515 1508 2580 sed,
1557 2526 1616 2570 ut
1663 2515 1857 2585 praedi-

263 2615 416 2661 ctum
440 2614 545 2671 est,
572 2605 696 2659 atrii
721 2605 1012 2661 interioris.
1033 2604 1187 2660 Nunc
1212 2620 1342 2675 ergo
1365 2620 1486 2659 cum
1511 2605 1631 2660 dna:
1652 2621 1857 2661 mensa:

264 2697 396 2752 hinc
422 2696 475 2750 in
506 2703 678 2767 porta:
701 2696 973 2752 vestibulo
1010 2705 1070 2751 et
1115 2696 1223 2750 duo
1252 2711 1452 2750 mensa:
1481 2696 1605 2751 inde
1652 2696 1858 2751 descri-

262 2787 488 2853 buntur,
519 2788 692 2843 adhuc
718 2788 785 2843 de
810 2788 999 2843 eadem
1028 2786 1291 2856 {interiori
1318 2796 1475 2856 porta
1526 2802 1706 2841 sermo
1733 2802 1858 2841 con-

259 2881 490 2945 texitur,
513 2880 715 2950 quippe
751 2895 875 2935 cum
927 2878 1177 2949 protinus
1214 2878 1572 2945 subinfertur,
1624 2879 1752 2948 quia
1788 2879 1859 2933 ad

260 2970 409 3026 latus
436 2971 697 3035 exterius,
729 2971 872 3039 quod
912 2969 1159 3025 ascendit
1183 2968 1251 3023 ad
1275 2969 1474 3024 ostium
1520 2976 1710 3038 portae,
1737 2983 1857 3037 qme

257 3063 525 3133 pertingit
547 3062 615 3116 ad
646 3061 952 3130 aquilonem
991 3061 1112 3115 duae
1139 3076 1360 3126 mensae,
1388 3070 1443 3116 et
1491 3060 1559 3115 ad
1599 3058 1742 3115 latus
1779 3060 1860 3114 al-

1974 1871 2256 1928 humiliter
2292 1872 2511 1938 tolerat,
2533 1872 2798 1942 quidquid
2833 1872 3552 1945 henignitaslargitermini-

1955 1971 2109 2027 strat,
2125 1963 2387 2033 quidquid
2399 1963 2648 2017 doctrina
2661 1963 2953 2019 salubriter
2965 1965 3140 2029 docet,
3159 1964 3418 2034 quidquid
3434 1981 3554 2034 pro-

1956 2055 2140 2124 phetia
2168 2055 2222 2108 in
2252 2062 2532 2125 posterum
2556 2063 2876 2124 pmmonet,
2903 2055 3168 2126 quidquid
3204 2056 3550 2113 circumcisio

1957 2147 2027 2200 ad
2052 2146 2368 2201 mandatum
2414 2146 2657 2201 exterius
2685 2146 2889 2216 ligavit,
2920 2147 3182 2217 quidquid
3214 2148 3545 2203 sacriﬁcium

1956 2252 2022 2291 ex
2048 2236 2335 2292 devotione
2357 2236 2637 2292 olliercntis
2660 2237 2791 2307 egit,
2817 2238 2868 2292 in
2898 2238 3288 2308 omnipotentis
3312 2238 3403 2293 Dei
3423 2253 3550 2293 ocu-

1956 2329 2039 2384 los
2065 2328 2168 2383 hoc
2203 2342 2327 2383 esse
2356 2327 2631 2382 victimam
2653 2328 2894 2384 ostendit
2927 2347 2939 2382 :
2982 2330 3034 2383 in
3068 2327 3185 2398 lege
3212 2329 3359 2383 enim
3382 2329 3548 2383 etiam

1956 2432 2055 2488 per
2084 2417 2305 2474 carnale
2357 2417 2726 2484 sacrilicium,
2782 2418 2910 2487 quid
2943 2419 3171 2488 populus
3228 2418 3333 2473 nisi
3385 2419 3550 2473 devo-

1960 2511 2167 2564 tionem
2197 2508 2282 2563 sui
2312 2507 2495 2563 cordis
2536 2508 2882 2563 immolabat?
2914 2509 3221 2564 Notandum
3253 2526 3384 2565 vero
3404 2511 3548 2579 quod

1959 2607 2195 2671 quatuor
2227 2613 2426 2653 mensa:
2457 2598 2799 2654 solummodo
2830 2600 2900 2654 ad
2953 2601 3334 2657 holocaustum
3376 2602 3549 2658 fuisse

1960 2699 2353 2754 memorantur,
2408 2706 2545 2760 quas
2593 2690 2843 2746 videlicet
2893 2691 3145 2748 vestibuli
3190 2703 3362 2763 portae
3410 2694 3549 2747 intc-

1962 2782 2123 2837 rioris
2146 2780 2471 2850 accipimus,
2514 2789 2573 2835 ut
2599 2781 2666 2835 de
2713 2780 2936 2851 reliquis
2965 2794 3200 2851 quatuor
3247 2783 3551 2838 sentiamus

1959 2874 2087 2944 quia
2115 2874 2184 2928 ad
2229 2872 2560 2928 sacriﬁciqu
2589 2880 2923 2928 constructae
2953 2873 3195 2939 fuerunt,
3220 2888 3325 2928 non
3356 2874 3426 2929 ad
3452 2873 3550 2928 ho-

1959 2965 2286 3020 locaustum.
2353 2962 2745 3019 Holocaustum
2807 2964 2952 3019 enim
3013 2966 3158 3020 sicut
3206 2965 3552 3035 praecedente

1957 3059 2071 3130 jam
2128 3057 2401 3113 locutione
2450 3055 2729 3127 professus
2758 3072 2900 3123 sum,
2939 3067 3113 3113 totum
3159 3058 3439 3113 incensum
3468 3058 3552 3112 di-

258 3166 441 3211 terum
486 3164 613 3210 ante
661 3154 982 3210 vestibulum
1030 3163 1201 3225 portze
1246 3155 1365 3210 dua:
1413 3170 1634 3210 mensae.
1692 3154 1853 3210 Porta
1885 3135 1928 3196 (ἶ
1960 3151 2121 3207 citur.
2151 3150 2220 3205 Et
2259 3150 2344 3204 lex
2381 3150 2601 3219 quidem
2647 3150 2817 3204 Deum
2853 3166 2917 3206 ac
2943 3151 3250 3222 proximum
3278 3151 3446 3223 diligi,
3468 3152 3553 3206 di-

259 3263 394 3318 ergo
423 3247 650 3301 interior
683 3247 838 3301 lunas
887 3262 984 3316 per
1028 3246 1201 3302 latera
1240 3246 1295 3301 in
1324 3246 1593 3301 vestibulo
1641 3261 1857 3302 mensas

257 3337 466 3392 habere
488 3337 758 3408 descripta
784 3345 887 3403 est,
905 3345 961 3392 et
984 3346 1141 3408 porta
1167 3337 1668 3397 exterieesimiliter
1680 3338 1854 3392 binas.

258 3430 510 3496 Quatuor
536 3438 717 3485 autem
750 3430 878 3485 hinc
916 3439 973 3485 et
999 3439 1233 3500 quatuor
1260 3431 1386 3485 inde
1414 3445 1615 3484 mensa:
1647 3430 1858 3498 pariter

258 3519 422 3585 ﬁunt,
449 3520 576 3575 dmn
598 3537 697 3591 per
723 3521 893 3577 latera
921 3522 1132 3593 singula
1154 3523 1293 3578 binae
1319 3523 1374 3576 in
1397 3521 1663 3577 vestibulo
1686 3529 1857 3590 portae

259 3611 541 3667 interioris
573 3612 715 3668 bina;
762 3613 891 3668 hinc
931 3622 988 3668 et
1036 3596 1161 3669 inde
1183 3615 1425 3669 exterius
1479 3614 1534 3668 in
1583 3612 1856 3683 aquilonis

258 3715 419 3774 porta
445 3703 843 3768 describuntur,
893 3721 1015 3776 qua:
1070 3705 1232 3761 simul
1261 3721 1450 3761 omnes
1473 3713 1598 3761 octo
1647 3712 1774 3759 sunt
1801 3704 1856 3758 in

253 3795 459 3867 quibus
493 3795 825 3852 immolatur.
865 3798 1258 3853 Possunteuim
1288 3805 1567 3867 portarum
1608 3796 1852 3861 nomine,

258 3885 409 3941 sicut
453 3887 702 3956 superius
730 3888 934 3943 dictum
978 3898 1085 3952 est,
1137 3888 1311 3943 sancti
1343 3887 1732 3957 praedicatores
1778 3887 1856 3941 in-

261 3975 431 4044 telligi
460 3992 474 4030 :
523 3984 585 4029 ut
612 3978 938 4032 vestibulum
979 3987 1153 4048 porta:
1195 3978 1268 4033 sit
1300 3978 1554 4048 populus,
1605 3980 1697 4049 qui
1726 3981 1856 4033 dum

259 4074 447 4120 mente
498 4064 688 4120 humili
736 4068 903 4122 verba
955 4068 1357 4137 prtedicationis
1399 4069 1655 4139 suscipit,
1705 4070 1758 4123 in
1790 4085 1857 4126 eo

263 4171 468 4211 mensae
514 4157 581 4212 ad
627 4158 956 4213 sacriﬁcium
1001 4175 1069 4213 ex
1115 4159 1412 4214 virtutibus
1438 4167 1853 4215 construuntur.

262 4249 503 4305 ﬁrmum
531 4250 667 4304 nihil
695 4250 877 4305 obstat
899 4251 943 4305 si
971 4257 1184 4320 portam
1226 4251 1526 4321 accipimus
1553 4251 1678 4317 hoc,
1708 4252 1856 4322 quod

263 4342 425 4397 nobis
454 4357 550 4412 per
575 4357 672 4397 ora
702 4342 1114 4412 praedicandum
1144 4341 1283 4397 sacri
1316 4342 1515 4412 eloquii
1549 4342 1857 4399 intellectus

261 4432 529 4502 aperitur,
562 4440 620 4487 ut
647 4431 974 4488 vestibulum
1010 4441 1178 4503 portae
1203 4433 1447 4504 ejusdem
1475 4435 1632 4490 nobis
1658 4436 1853 4505 prt’edi-

256 4526 498 4582 cationis
526 4525 690 4581 verba
713 4527 844 4593 sint,
876 4542 998 4597 qum
1022 4528 1178 4597 prius
1207 4529 1485 4584 humiliter
1530 4531 1854 4601 accipimus,

261 4626 324 4672 ut
350 4627 473 4689 post
495 4617 561 4671 ad
583 4618 724 4672 sacri
747 4617 946 4688 eloquii
981 4618 1398 4689 intelligentiam
1439 4622 1747 4677 veniamus.
1773 4622 1859 4678 Sit

259 4710 450 4778 itaque
499 4708 656 4764 nobis
707 4716 864 4778 porta
925 4709 1153 4764 interior
1182 4709 1593 4765 Testamentum
1620 4710 1853 4779 Novum,

257 4807 420 4871 porta
466 4814 597 4853 vero
647 4798 886 4854 exterior
914 4799 1321 4855 Testamentum
1361 4800 1571 4856 Vetus:
1622 4805 1747 4872 quia
1800 4814 1857 4859 et

259 4891 367 4946 hoc
420 4889 718 4958 spiritalem
744 4889 1077 4947 intellectum
1102 4894 1277 4962 aperit
1308 4934 1323 4959 ,
1351 4901 1408 4947 et
1447 4893 1578 4948 illud
1630 4896 1855 4950 rudibus

256 4981 441 5035 adhuc
471 4980 744 5035 mentibus
766 4981 820 5034 in
852 4981 1078 5037 historia
1107 4984 1247 5038 sacri
1268 4984 1468 5055 eloquii
1498 4984 1737 5040 litteram
1759 5002 1854 5041 cu-

257 5069 507 5125 stodivit.
541 5069 715 5125 liabet
759 5080 939 5127 autem
970 5070 1125 5143 porta
1160 5074 1389 5129 interior
1418 5075 1473 5129 in
1504 5090 1699 5146 magna
1735 5076 1849 5146 jam

258 5161 612 5217 multitudine
637 5161 872 5217 ﬁdelium
897 5165 1220 5234 populorum
1242 5165 1348 5219 duo
1362 5165 1556 5230 latera,
1576 5167 1849 5230 videlicet,

258 5255 609 5312 dilectionem
634 5254 731 5311 Dei
762 5263 817 5310 et
845 5256 1190 5312 dilectionem
1218 5257 1472 5328 proximi.
1506 5259 1652 5312 Bime
1672 5268 1852 5314 autem

259 5360 468 5402 mensae
498 5356 625 5401 sunt
646 5347 774 5403 hinc
800 5355 857 5402 et
904 5347 1051 5414 inde,
1076 5349 1201 5419 quia
1235 5349 1288 5403 in
1314 5348 1601 5404 dilectione
1624 5348 1719 5405 Dei
1763 5367 1856 5406 nc-

260 5437 506 5493 eessario
548 5438 785 5492 tenenda
834 5447 917 5494 est
965 5439 1100 5495 ﬁdes
1154 5443 1211 5493 et
1256 5439 1386 5494 vita.
1455 5439 1512 5494 In
1567 5440 1859 5497 dilectione

257 5538 446 5585 autem
478 5532 711 5600 proximi
741 5532 902 5589 debet
946 5546 1290 5602 summopere
1316 5532 1596 5601 patientia:
1640 5536 1857 5592 bonitas

258 5626 547 5680 custodiri.
576 5626 671 5679 Est
692 5625 835 5680 enim
863 5626 923 5679 in
948 5624 1236 5681 dilectione
1265 5623 1361 5680 Dei
1387 5626 1697 5681 necessaria
1724 5627 1858 5682 ﬁdes

261 5729 319 5776 ct
348 5720 476 5783 vita,
507 5718 632 5788 quia
658 5717 909 5774 videlicet
933 5718 1197 5788 scriptum
1238 5727 1320 5774 est
1351 5736 1362 5771 :
1402 5737 1419 5768 ι
1458 5718 1586 5772 Sine
1619 5716 1719 5772 ﬁde
1761 5719 1861 5772 im-

1962 3244 2085 3298 vina
2116 3243 2373 3296 mandata
2415 3240 2678 3295 custodiri
2722 3242 2993 3311 praecipit,
3027 3243 3097 3297 ab
3123 3243 3429 3298 alienarum
3460 3258 3548 3297 re-

1961 3346 2080 3386 rum
2139 3329 2581 3398 concupiscentia
2623 3329 2940 3398 compescit,
2987 3344 3096 3384 non
3144 3339 3325 3384 tamen
3363 3331 3548 3384 omnia

1959 3421 2160 3476 dimitti
2187 3418 2364 3488 jubet.
2398 3418 2455 3472 In
2498 3418 2855 3474 Testamento
2904 3428 3085 3475 autem
3113 3419 3264 3475 Novo
3316 3437 3419 3475 nos
3453 3420 3551 3475 Ye-

1961 3512 2094 3567 ritas
2133 3517 2469 3567 contestatur
2501 3507 2732 3564 dicens:
2774 3529 2791 3562 ι
2824 3509 2937 3565 Nisi
2977 3512 3101 3580 quis
3151 3512 3549 3566 renuntiaverit

1958 3603 2211 3661 munibus
2254 3617 2376 3671 qua:
2402 3599 2672 3671 possidet,
2710 3615 2819 3655 non
2841 3609 3022 3671 potest
3070 3616 3226 3656 incus
3251 3602 3548 3671 discipulus

1958 3709 2079 3751 esse
2103 3692 2265 3765 (Luc.
2294 3706 2414 3751 xiv;
2451 3688 2643 3744 Matth.
2690 3690 2834 3763 xvi).
2875 3711 2894 3742 ι
2937 3691 3117 3761 Atque
3143 3691 3339 3746 iterum
3372 3692 3544 3747 dicit:

1966 3807 1984 3840 ι
2011 3786 2115 3855 Qui
2138 3784 2253 3840 vult
2276 3782 2461 3837 venire
2486 3788 2606 3851 post
2630 3797 2739 3847 me,
2764 3785 2995 3855 abneget
3021 3783 3367 3852 semetipsum
3392 3781 3547 3853 (an.

1960 3878 2073 3950 ix).
2133 3896 2153 3928 ι
2201 3873 2397 3928 Mensm
2440 3886 2570 3940 ergo
2618 3873 2894 3928 interioris
2947 3881 3120 3943 portat
3173 3872 3546 3928 holocaustum

1961 3970 2163 4024 habent
2190 3983 2205 4022 :
2229 3968 2357 4039 quia
2395 3968 2448 4023 in
2495 3965 2785 4021 virtutibus
2817 3964 3151 4019 Tcstamenti
3182 3963 3342 4029 Novi,
3392 3964 3548 4033 quasi

1959 4074 2057 4131 per
2087 4060 2466 4115 holocaustum
2502 4057 2686 4113 ontuia
2720 4054 3079 4119 incendimus,
3124 4054 3345 4125 quando
3367 4055 3545 4108 ninni—

1959 4153 2079 4216 bus,
2107 4166 2229 4221 quae
2252 4149 2559 4220 huiusmodi
2599 4154 2729 4202 sunt
2764 4147 3159 4201 renuntiamus.
3195 4144 3395 4200 Mensa:
3417 4161 3548 4200 vero

1959 4251 2129 4313 porta:
2169 4241 2459 4296 exterioris
2506 4238 2835 4296 sacriﬁcium
2886 4237 3109 4301 habent,
3143 4236 3238 4290 sed
3293 4236 3549 4290 holocau-

1959 4347 2106 4392 stum
2148 4351 2255 4390 nou
2297 4337 2520 4399 habent,
2575 4333 2702 4403 quia
2745 4336 3011 4402 prmcepta
3067 4327 3259 4400 legalia
3305 4326 3544 4380 decimas

1961 4427 2144 4483 olferri
2182 4427 2396 4497 iubent,
2445 4425 2540 4480 sed
2583 4424 2782 4478 dimitti
2828 4419 3008 4477 omnia
3057 4434 3163 4473 non
3207 4417 3421 4487 jubeut.
3474 4418 3559 4481 De.

1963 4519 2239 4575 interioris
2287 4527 2468 4572 autem
2511 4513 2762 4569 vestibuli
2811 4518 3046 4580 quatuor
3074 4509 3279 4564 mensis
3320 4509 3543 4573 dicitur,

1960 4620 2021 4666 ut
2048 4609 2356 4665 inunoletur
2384 4619 2547 4675 super
2575 4619 2670 4658 cas
2699 4602 3073 4657 holocaustum
3102 4609 3156 4655 et
3199 4616 3295 4669 pro
3324 4608 3547 4669 peccato

1959 4712 2013 4758 ct
2035 4717 2132 4772 pro
2155 4699 2370 4754 delicto.
2388 4696 2501 4750 Hoc
2522 4693 2725 4748 etenim
2750 4691 2892 4746 inter
2911 4697 3194 4761 peccatqu
3211 4697 3266 4744 et
3289 4689 3547 4744 delictum

1960 4796 2147 4857 distat,
2168 4793 2313 4864 quod
2338 4797 2620 4862 peccatum
2641 4794 2725 4840 est
2746 4784 2885 4838 mala
2910 4782 3113 4849 facere,
3135 4783 3392 4839 delictum
3418 4799 3547 4837 vero

1965 4888 2103 4942 bona
2134 4885 2509 4955 dereli.:qucre
2548 4900 2561 4935 :
2595 4896 2714 4950 qum
2754 4893 3099 4948 summopere
3141 4883 3267 4930 sunt
3294 4876 3543 4930 tenenda.

1963 4978 2058 5032 Vel
2088 4985 2368 5047 peccatum
2394 4981 2543 5030 certe
2572 4972 2626 5026 in
2653 4984 2817 5039 opere
2842 4976 2947 5033 est,
2979 4968 3234 5024 delictum
3261 4968 3312 5022 iu
3336 4968 3544 5039 cogita-

1962 5069 2126 5125 tione.
2160 5067 2325 5121 Recte
2351 5079 2480 5135 ergo
2505 5063 2559 5118 in
2589 5060 2863 5117 interioris
2892 5069 3062 5131 porta:
3086 5069 3315 5129 quatuor
3344 5059 3547 5113 mensis

1957 5159 2268 5215 immolatur
2298 5156 2671 5212 holocaustum
2708 5159 2764 5208 et
2802 5165 2902 5222 pro
2936 5160 3158 5221 peccato
3196 5158 3251 5207 et
3282 5166 3381 5220 pro
3416 5149 3547 5204 deli-

1957 5265 2047 5312 cto
2077 5274 2091 5310 :
2119 5254 2248 5324 quia
2272 5251 2582 5322 quicunque
2608 5246 2844 5320 potuerit
2871 5246 2976 5301 hoc
3016 5244 3269 5301 saecuth
3306 5258 3547 5313 praesens

1958 5346 2116 5419 plene
2144 5355 2524 5406 contemnere,
2567 5348 2623 5395 et
2652 5336 3033 5407 derelinquens
3058 5334 3241 5390 omnia
3286 5332 3546 5401 seiuetip-

1961 5457 2084 5497 sum
2106 5437 2338 5495 Domino
2376 5434 2749 5490 holocaustum
2790 5431 2950 5495 dare,
2995 5429 3110 5499 ipse
3146 5425 3259 5496 jam
3308 5425 3547 5495 perfecte

1961 5532 2110 5587 novit
2138 5537 2191 5585 ct
2205 5535 2425 5599 peccata
2446 5525 2626 5595 operis
2654 5523 2926 5594 plangere,
2951 5530 3006 5576 et
3026 5524 3243 5590 peccata
3265 5516 3546 5586 cogitatio-

1964 5619 2185 5687 nis,vcl
2243 5618 2384 5688 quod
2433 5615 2633 5670 malum
2683 5613 2826 5669 fecit.
2876 5610 2957 5664 vel
2991 5609 3132 5678 quod
3165 5605 3548 5660 debuitl'acerc

1963 5721 2184 5781 bonum,
2212 5712 2352 5784 quod
2395 5727 2498 5766 non
2549 5709 2693 5764 fecit.
2726 5706 2826 5771 Qui
2853 5702 3050 5758 ctenim
3107 5709 3275 5755 totum
3320 5696 3543 5760 dimisit,
