3972 6184
423 316 521 371 951

1065 314 1124 368 Β.
1166 312 1422 368 MBAN!
1458 313 1677 369 MAURI
1714 309 2032 367 ARCHIEP.
2075 311 2383 369 MOGUNT.
2422 311 2709 369 OPERUM
2748 313 2931 370 PARS
2984 315 3049 370 ll.

3593 320 3699 375 952

422 432 607 501 culpas
635 446 762 487 suas
800 429 852 483 in
883 427 1093 484 ﬁetibus
1114 428 1228 497 jam
1258 425 1480 482 liberius
1518 426 1804 497 conspicit.
1835 426 2003 483 Cum-
2034 433 2078 488 Α
2111 423 2378 497 [Lateres]
2429 425 2759 489 ceciderunt,
2807 425 2901 481 sed
2949 426 3174 495 quadris
3203 384 3474 495 lapidibus
3523 428 3698 483 aediﬁ-

421 538 527 593 que
556 520 672 591 eius
701 529 932 576 mentem
971 526 1183 571 terrena
1234 532 1361 572 cura
1419 533 1525 571 non
1556 517 1845 587 prmpedit',
1897 532 2001 586 pro

422 629 586 684 opere
608 611 765 669 simul
795 618 1026 665 mentem
1060 624 1212 664 suam
1240 609 1597 678 omnipotenti
1627 609 1852 664 Domino
1872 608 2000 677 quid

423 703 587 765 aliud,
608 715 767 771 quam
792 699 1161 753 holocaustum
1190 699 1376 753 dedit?
1400 698 1581 767 Neque
1600 699 1705 753 hoc
1730 713 1758 751 a
1793 698 2004 752 ratione

420 792 632 847 videtur
650 799 989 854 extraneum,
1008 790 1149 859 quod
1172 788 1440 857 Propheta
1463 804 1584 842 cmn
1602 788 1745 842 latus
1762 788 2001 841 exterius

421 881 700 935 diceretet
726 880 925 934 ostium
979 887 1147 948 portze
1183 878 1513 941 nominaret,
1554 878 1780 941 addidit,
1817 896 1834 928 ι
1881 892 2003 947 qua:

418 971 595 1044 pergit
644 970 709 1024 ad
764 969 1090 1038 aquilonem.
1141 987 1159 1019 ι
1212 967 1271 1020 ln
1307 968 1567 1021 exteriori
1624 968 1768 1021 enim
1821 976 2004 1021 custo-

418 1063 564 1118 diam
596 1061 791 1117 litterre
833 1061 919 1116 lex
947 1061 1069 1115 data
1100 1061 1399 1114 tenebatur.
1433 1059 1644 1114 Ostium
1672 1074 1803 1114 vero
1829 1067 2000 1129 porta:

419 1161 504 1207 est
531 1153 648 1223 ipse
697 1152 988 1207 historicus
1036 1151 1345 1205 intellectus
1372 1150 1529 1220 legis,
1562 1150 1654 1219 qui
1692 1149 1757 1202 ad
1788 1149 1999 1203 Domini

418 1245 670 1299 timorem
701 1244 865 1299 ducit.
895 1243 1026 1309 Quae
1052 1251 1203 1311 porta
1242 1241 1309 1294 ad
1335 1240 1643 1310 aquilonem
1672 1253 1897 1308 pergere
1919 1238 2001 1292 di-

419 1335 581 1399 citur,
629 1334 751 1403 quia
779 1333 860 1387 lex
893 1332 1082 1386 eadem
1123 1332 1222 1385 sub
1262 1331 1455 1384 timore
1482 1329 1750 1383 minarum
1802 1326 1993 1398 frigida

416 1426 615 1497 judaici
667 1425 846 1496 populi
890 1426 1054 1479 corda
1097 1417 1465 1478 constrinxit?
1508 1421 1663 1489 quasi
1703 1421 1847 1475 enim
1905 1435 2002 1488 per

418 1515 654 1571 calorem
680 1515 767 1569 ille
789 1514 1019 1584 pepulus
1042 1521 1307 1576 curreret,
1342 1511 1386 1565 si
1416 1519 1683 1580 praecepta
1729 1510 1999 1564 dominica

418 1621 486 1661 ex
522 1621 708 1661 amore
761 1613 1050 1660 servasset.
1096 1603 1203 1657 Sed
1258 1602 1384 1672 quia
1420 1602 1520 1654 sub
1570 1602 1764 1656 timore
1807 1603 2001 1656 mortis

418 1699 715 1771 propositae
772 1698 1010 1752 litteram
1072 1694 1387 1755 custodivit,
1450 1694 1602 1762 quasi
1671 1694 1723 1748 in
1783 1703 2002 1765 torpore

2102 516 2350 570 cabimus
2389 515 2523 587 (lea.
2560 517 2660 586 rx).
2697 534 2715 567 ι
2756 516 2959 572 Videns
2995 516 3195 587 quippe
3246 516 3301 571 in
3352 527 3542 573 sancta
3591 520 3694 575 Ec-

2104 604 2267 658 clesia
2313 605 2607 674 apostolos,
2653 613 2926 677 martyres
2981 614 3145 675 atque
3193 606 3446 661 doctores
3473 622 3699 679 surgere

2104 695 2171 749 de
2200 694 2435 764 lapidum
2480 710 2633 760 casu,
2674 697 2724 749 id
2761 705 2862 759 est,
2891 696 2957 750 de
2993 695 3307 751 Judacorum
3356 698 3692 765 perditione,

2104 787 2285 841 minus
2330 786 2501 841 doluit
2532 804 2545 840 :
2574 789 2701 856 quia
2740 788 3128 856 omnipotentis
3158 786 3251 841 Dei
3279 786 3573 842 aediﬁcium
3593 829 3608 853 ,
3640 790 3693 843 id

2103 885 2186 929 est
2230 887 2474 930 sanctam
2518 875 2842 941 Ecclesiam,
2894 878 2959 931 de
2989 876 3216 946 quadris
3264 876 3535 946 lapidibus
3564 880 3694 933 aedi.

2103 964 2253 1019 ﬁcari
2306 966 2606 1036 conspexit.
2652 965 2849 1021 Mensae
2901 981 3033 1038 ergo
3071 976 3307 1037 quatuor
3358 968 3428 1023 de
3473 971 3694 1039 quadris

2100 1060 2369 1131 lapidibus
2391 1068 2815 1125 construuntur:
2844 1061 2969 1132 quia
3000 1062 3132 1116 ﬁdes
3160 1069 3215 1116 et
3257 1061 3395 1126 vita,
3425 1063 3691 1131 patientia

2100 1161 2156 1206 et
2208 1151 2508 1221 benignitas
2563 1149 2631 1206 de
2703 1152 2816 1205 vita
2876 1162 3190 1206 sanctorum
3255 1151 3309 1205 in
3380 1153 3692 1221 exemplum

2102 1242 2243 1297 data.-
2293 1250 2421 1298 sunt
2445 1242 2799 1311 sequentibus
2828 1240 3061 1312 populis,
3109 1250 3168 1294 ut
3205 1239 3318 1309 jam
3364 1242 3692 1297 vestibulum

2102 1348 2317 1388 mensas
2345 1334 2563 1398 haheat,
2599 1333 2652 1388 id
2682 1341 2785 1398 est,
2824 1333 3055 1387 virtutes
3078 1330 3205 1387 vitzé
3228 1331 3462 1403 populus
3488 1342 3690 1397 teneat,

2102 1426 2154 1479 in
2189 1425 2388 1494 quibus
2414 1425 2770 1495 omnipotenti
2824 1425 2936 1479 Deo
2963 1424 3230 1479 orationis
3274 1423 3608 1478 sacriﬁcium
3637 1425 3690 1478 in

2102 1531 2195 1569 ara
2239 1516 2325 1570 sui
2373 1516 2556 1571 cordis
2599 1516 2873 1571 incendat.
2912 1515 3185 1585 Quidquid
3234 1517 3436 1570 etenim
3473 1516 3602 1569 boni
3629 1514 3695 1569 ﬁ-

2101 1605 2251 1660 deles
2292 1606 2351 1661 S.
2387 1605 2642 1661 Ecclesiae
2683 1606 2864 1676 populi
2915 1605 3000 1661 vel
3057 1605 3300 1660 fecerunt
3336 1605 3423 1659 vel
3464 1605 3688 1669 faciunt,

2107 1698 2208 1753 hoc
2238 1698 2288 1752 in
2318 1698 2570 1768 exemplo
2610 1698 2676 1753 de
2714 1698 3129 1768 prmdicatorum
3168 1711 3392 1751 suorum
3423 1697 3539 1750 vita
3565 1712 3688 1751 sus-

417 1791 635 1861 frigoris
663 1788 941 1843 remansit.
971 1788 1098 1842 Inde
1124 1787 1278 1841 novis
1308 1786 1519 1855 populis
1545 1794 1748 1840 mterna
1778 1788 2000 1855 praemia
2036 1780 2078 1838 Β
2105 1797 2385 1859 ceperunt.
2437 1788 2591 1845 Unde
2621 1789 2766 1843 enim
2817 1801 3033 1842 mensas
3081 1788 3185 1841 hoc
3228 1786 3565 1840 vestibulum
3597 1787 3693 1839 ha-

420 1882 746 1945 amantibus,
773 1897 876 1933 non
912 1888 1092 1933 autem
1131 1876 1445 1946 temporalia
1493 1884 1759 1931 tormenta
1798 1876 2000 1941 timen-

421 1974 563 2027 tibus
592 1980 755 2041 atque
800 1970 910 2038 jam
956 1967 1257 2023 calentibus
1285 1966 1520 2021 dicitur:
1563 1986 1580 2016 ι
1616 1965 1731 2021 Non
1783 1967 1998 2035 accepi-

420 2064 520 2119 stis
542 2063 788 2131 spiritum
819 2058 1100 2115 servitutis
1154 2059 1354 2113 iterum
1407 2059 1459 2112 in
1508 2058 1722 2124 timore,
1756 2059 1849 2112 sed
1886 2060 1998 2127 spi-

419 2153 583 2206 ritum
628 2148 932 2221 adoptionis
987 2148 1039 2201 in
1096 2162 1204 2216 quo
1249 2145 1547 2201 clamamus
1577 2165 1588 2199 :
1616 2146 1790 2210 Abba,
1841 2146 2003 2200 Pater

419 2243 598 2314 (Rom.
630 2244 770 2313 VIII).
809 2261 827 2293 ι
852 2242 1075 2295 Dicatur
1096 2255 1243 2310 ergo,
1289 2247 1523 2309 quatuor
1549 2253 1751 2293 mensa:
1792 2239 1917 2293 hinc
1948 2248 1999 2292 et

417 2344 651 2404 quatuor
687 2348 886 2389 mensae
932 2333 1058 2387 inde
1099 2345 1197 2402 per
1221 2332 1389 2385 latera
1437 2338 1627 2400 portm.
1679 2330 1822 2385 Dum
1853 2332 1999 2386 enim

417 2427 555 2482 ﬁdes
580 2435 634 2481 et
665 2426 793 2489 vita,
821 2424 1068 2479 doctrina
1094 2432 1148 2478 et
1172 2423 1456 2493 prephetia
1478 2422 1529 2476 in
1559 2423 1824 2478 bonorum
1854 2440 2004 2477 meu-

416 2519 565 2573 tibus
589 2517 843 2581 custodit,
878 2523 1034 2586 porta
1058 2523 1266 2579 nostra,
1301 2514 1352 2568 id
1379 2522 1488 2579 est,
1517 2512 1827 2568 intellectus
1858 2513 1999 2567 sacri

414 2607 615 2680 eloquii
641 2615 879 2679 quatuor
913 2622 977 2661 ex
1011 2605 1182 2661 latere
1218 2620 1436 2660 mensas
1463 2606 1644 2659 habet.
1675 2605 1920 2675 Cumque
1945 2607 2000 2661 in

412 2697 820 2772 proﬁcientibus
850 2697 1062 2768 populis
1107 2706 1295 2752 sancta
1328 2696 1639 2766 praedicatio
1684 2697 1998 2767 patientiam

414 2799 474 2848 et
511 2790 898 2859 benignitatem
952 2797 1154 2854 servat,
1204 2804 1325 2859 quze
1374 2790 1528 2859 prius
1583 2788 1639 2843 in
1689 2790 2000 2846 carnalibus

415 2878 880 2936 circumcisionem
902 2886 957 2932 et
971 2877 1298 2932 sacriﬁcium
1312 2878 1625 2942 custodivit,
1643 2891 1845 2933 mensa:
1857 2894 1998 2948 quo-

415 2986 523 3040 que
547 2976 799 3040 quatuor,
824 2968 979 3037 quasi
1007 2982 1074 3021 ex
1104 2966 1209 3021 alio
1234 2965 1407 3020 latere
1437 2976 1812 3021 monstrantur
1836 2986 1848 3020 :
1878 2982 1999 3038 qum

414 3061 576 3118 simul
599 3073 792 3115 omnes
811 3068 935 3115 octo
960 3060 1030 3115 ad
1059 3057 1448 3113 immolandum
1471 3057 1628 3124 ﬁunt,
1660 3069 1898 3129 quatuor
1915 3062 1999 3116 vi-

417 3152 612 3208 delicet
663 3151 952 3206 interiores
1004 3150 1072 3204 ad
1122 3148 1521 3214 holocaustum,
1575 3158 1810 3219 quatuor
1866 3166 1996 3207 vero
2026 3135 2069 3196 Ο

413 3243 717 3298 exteriores
742 3243 811 3297 ad
846 3240 1198 3297 sacriﬁcium.
1232 3239 1368 3308 Quia
1398 3248 1455 3294 et
1483 3238 1559 3303 hi,
1585 3240 1677 3309 qui
1709 3242 1763 3296 in
1806 3250 1991 3297 sancta

413 3335 659 3391 Ecclesia
681 3335 862 3401 ﬁdem,
878 3335 1064 3398 vitam,
1085 3334 1399 3405 patientiam
1423 3345 1586 3407 atque
1599 3335 1992 3406 benignitatem

414 3428 746 3492 custodiunt,
772 3427 999 3482 summis
1020 3426 1131 3495 jam
1156 3427 1342 3496 procul
1371 3427 1534 3482 dubio
1558 3427 1849 3481 virtutibus
1877 3426 1995 3495 pol-

412 3519 543 3575 lent.
572 3519 643 3574 Et
662 3518 716 3573 hi
738 3520 828 3589 qui
855 3519 908 3573 in
931 3534 1203 3589 synagoga
1225 3518 1525 3574 doctrinam
1557 3527 1611 3572 et
1632 3518 1992 3588 prophetiam,

412 3611 879 3667 circumcisionem
904 3620 959 3666 et
975 3610 1302 3665 sacriﬁcium
1326 3619 1710 3681 cognoverunt,
1733 3611 1838 3664 alia
1862 3608 1968 3665 oﬂ‘e
1984 3641 1997 3651 -

411 3702 583 3757 renda
601 3710 762 3771 atque
774 3701 1123 3769 sibimetipsis
1137 3700 1239 3754 alia
1255 3700 1555 3764 retinendo,
1571 3700 1872 3755 devotionis
1884 3715 1996 3754 sua:

410 3793 688 3849 victimam
725 3792 1085 3863 omnipotenti
1128 3791 1357 3847 Domino
1394 3791 1675 3846 dederunt.
1721 3789 1828 3845 Sed
1866 3791 1993 3860 quia

414 3884 667 3955 superius
681 3883 882 3939 dictum
904 3889 1008 3947 est,
1024 3882 1228 3937 idcirco
1243 3897 1456 3937 mensas
1468 3889 1701 3951 quatuor
1719 3881 1996 3935 interioris

412 3976 666 4032 vestibuli
703 3990 823 4029 esse
872 3981 1215 4029 constructas
1244 3983 1302 4027 ut
1339 3973 1647 4028 immoletur
1695 3987 1858 4042 super
1902 3986 1997 4026 eas

414 4067 791 4123 holocaustum
841 4072 896 4117 et
946 4078 1044 4132 pro
1078 4074 1300 4132 peccato
1336 4073 1391 4118 et
1436 4079 1535 4133 pro
1582 4062 1797 4118 delicto.
1843 4062 1997 4118 Unde

410 4172 615 4213 mensa:
646 4161 971 4210 constructa:
1001 4153 1109 4208 sint
1129 4194 1142 4217 ,
1180 4153 1404 4207 inferius
1443 4152 1686 4222 aperitur
1709 4168 1833 4207 cum
1868 4150 1997 4206 sul:-

411 4253 558 4309 ditur
585 4271 596 4307 :

488 4368 505 4400 ι
550 4347 792 4415 Quatuor
818 4355 995 4398 autem
1054 4355 1255 4395 mensa:
1282 4340 1348 4393 ad
1400 4339 1774 4394 holocaustum
1818 4340 1885 4394 de
1913 4340 1991 4393 la—

416 4460 437 4494 c
463 4440 680 4512 pidibus
704 4436 927 4509 quadris
953 4440 1265 4489 exstructre.
1305 4452 1321 4482 ι
1350 4430 1497 4498 Quos
1523 4440 1702 4484 autem
1741 4432 1842 4484 hoe
1872 4431 1990 4485 loco

2102 1879 2276 1945 heret,
2326 1878 2432 1934 nisi
2471 1880 2708 1948 quadros
2761 1876 2969 1947 lapides
3018 1876 3352 1930 invenisset?
3378 1875 3517 1929 Cum
3563 1888 3690 1944 ergo

2103 1988 2132 2026 a
2165 1971 2363 2042 populo
2420 1969 2565 2024 ﬁdeli
2625 1970 2692 2025 ad
2753 1968 3039 2023 inritandas
3087 1967 3324 2021 virtutes
3373 1974 3687 2020 sanctorum

2103 2065 2515 2135 praedicatorum
2546 2062 2655 2117 vita
2694 2060 3070 2131 cognoscitur,
3124 2057 3369 2130 profecto
3419 2058 3477 2112 in
3526 2058 3689 2112 vesti-

2102 2158 2228 2213 bulo
2280 2157 2347 2211 de
2406 2152 2630 2225 quadris
2685 2152 2954 2222 lapidibus
3004 2165 3206 2205 mensa:
3274 2156 3687 2204 construuntur.

2103 2248 2301 2302 Habuit
2347 2260 2479 2301 vero
2525 2252 2582 2298 et
2623 2243 2908 2316 Synagoga
2960 2250 3014 2295 et
3069 2240 3345 2311 Spiritales
3396 2248 3588 2308 patres
3636 2238 3705 2291 in.

2102 2336 2344 2393 doctrina
2379 2347 2540 2404 atque
2564 2333 2869 2404 prophetia,
2901 2346 2967 2385 ex
3006 2330 3203 2401 quibus
3231 2329 3541 2400 exemplum
3572 2330 3709 2381 vitae

2103 2426 2155 2479 in
2190 2425 2481 2479 virtutibus
2508 2423 2770 2487 traheret,
2806 2422 2903 2477 sed
2934 2421 3086 2476 rudis
3118 2419 3237 2488 ejus
3264 2420 3497 2490 populus
3518 2419 3691 2489 magis

2100 2533 2197 2587 per
2226 2517 2473 2570 timorem
2509 2514 2753 2569 serviens
2796 2527 2958 2582 quam
3009 2527 3107 2582 per
3131 2525 3396 2574 amorem,
3450 2523 3689 2579 sequens

2100 2612 2268 2665 vitam
2298 2618 2514 2680 patrum
2552 2608 2724 2663 noluit
2753 2608 2953 2662 imitari
2986 2622 3151 2676 quam
3186 2605 3341 2669 vidit,
3372 2613 3540 2675 atque
3562 2604 3682 2659 ideo

2100 2709 2257 2772 porta
2284 2702 2545 2766 exterior,
2574 2714 2695 2769 quae
2717 2699 2782 2753 ad
2808 2698 3117 2767 aquilonem
3149 2696 3430 2767 pertingit,
3469 2711 3711 2751 mensas

2102 2807 2211 2846 non
2258 2791 2424 2846 habet
2462 2798 2517 2846 et
2572 2789 2971 2845 holocaustum.
3002 2785 3110 2843 Sed
3166 2788 3291 2856 quia
3334 2788 3453 2841 haac
3500 2801 3688 2841 mora-

2101 2883 2225 2939 liter
2254 2884 2511 2947 diximus,
2539 2890 2712 2936 restat
2746 2882 2923 2937 adhuc
2948 2889 3009 2935 ut
3034 2881 3251 2935 easdem
3282 2894 3501 2934 mensas
3522 2893 3692 2948 super

2101 2974 2508 3044 intelligentiam
2553 2974 2788 3044 typicam
2831 2974 3256 3042 perscrutemur.
3293 2968 3460 3025 Porta
3486 2971 3690 3025 etenim

2100 3075 2285 3123 nostra
2317 3066 2371 3120 in
2405 3063 2646 3119 interiori
2687 3061 2951 3117 vestibulo
2984 3069 3218 3131 quatuor
3252 3074 3471 3114 mensas
3498 3058 3689 3136 habet,

2102 3159 2229 3229 quia
2255 3166 2440 3212 sancta
2469 3154 2711 3210 Ecclesia
2741 3153 2807 3208 ad
2841 3152 3201 3207 eruditionem
3250 3150 3492 3204 ﬁdelium
3518 3165 3692 3220 popu-

2101 3251 2272 3305 lorum
2301 3256 2534 3319 quatuor
2554 3245 2856 3316 regentium
2882 3243 3097 3298 ordines
3120 3241 3349 3309 accepit,
3379 3256 3517 3309 quos
3548 3240 3692 3294 Pan.

2100 3342 2183 3396 lus
2207 3357 2274 3396 ex
2307 3340 2448 3394 dono
2474 3336 2864 3407 omnipotentis
2892 3332 3099 3388 Domini
3127 3340 3428 3393 enumerat.
3454 3332 3642 3386 dicens
3670 3350 3685 3385 :

2104 3449 2123 3482 ‹
2151 3430 2270 3499 Ipse
2289 3428 2437 3483 dedit
2460 3426 2722 3496 quosdam
2744 3424 2960 3494 quidem
2982 3421 3275 3491 apostolos,
3298 3422 3567 3489 quosdam
3592 3435 3694 3473 au-

2101 3529 2205 3573 tem
2242 3515 2556 3587 prophetas,
2595 3514 2731 3569 alios
2768 3526 2899 3567 vero
2924 3510 3305 3582 cvangelistas,
3339 3508 3480 3564 alios
3507 3516 3690 3563 autem

2096 3618 2342 3680 pastores
2372 3617 2427 3662 et
2454 3607 2706 3663 doctores
2735 3605 2953 3677 (Ephes.
2988 3602 3083 3673 tv).
3123 3622 3141 3655 ι
3178 3603 3436 3658 Pastores
3474 3609 3690 3658 veroet

2098 3700 2344 3754 doctores
2389 3714 2554 3752 unum
2599 3697 2899 3769 regentium
2958 3696 3204 3751 ordinem
3248 3696 3518 3759 nominat,
3566 3695 3689 3763 quia

2096 3805 2313 3862 gregem
2351 3789 2444 3843 Dei
2474 3790 2587 3860 ipse
2614 3788 2882 3843 veraciter
2911 3788 3107 3858 pascit,
3138 3786 3231 3856 qui
3260 3785 3442 3841 docet.
3489 3784 3692 3839 Ilabuit

2095 3896 2311 3951 quoque
2338 3890 2392 3935 et
2416 3893 2569 3949 porta
2600 3878 2839 3933 exterior
2863 3893 3078 3932 mensas
3101 3885 3353 3945 quatuor,
3382 3876 3510 3945 quia
3536 3875 3688 3929 vide-

2096 3974 2222 4028 licet
2271 3975 2384 4043 ipsa
2439 3987 2707 4043 synogoga
2755 3971 3080 4026 exteriorem
3132 3969 3541 4024 observantiam
3593 3982 3690 4037 per

2097 4067 2368 4135 principes
2395 4064 2756 4127 sacerdotum,
2778 4071 2833 4117 et
2859 4063 3102 4117 seniores
3130 4060 3329 4129 populi,
3359 4074 3459 4129 per
3480 4059 3689 4112 scribas

2096 4169 2258 4225 atque
2291 4156 2593 4211 Pharisazos
2621 4153 2817 4219 tenuit,
2849 4154 2941 4221 qui
2982 4151 3187 4206 scilicet
3222 4149 3482 4203 Pharisaei
3520 4149 3686 4202 etiam

2099 4251 2231 4321 legis
2286 4250 2535 4305 doctores
2581 4247 2758 4302 vocati
2817 4253 2963 4300 sunt.
3024 4242 3151 4298 Sive
3189 4251 3368 4296 autem
3426 4241 3482 4294 in
3531 4251 3688 4294 exte-

2101 4340 2233 4393 riori
2277 4353 2370 4393 seu
2399 4338 2453 4391 in
2483 4336 2724 4391 interiori
2773 4342 2929 4404 porta
2960 4333 3079 4387 dua:
3108 4346 3306 4386 mensa:
3357 4330 3487 4385 hinc
3539 4338 3689 4393 sunt,

2100 4438 2152 4483 et
2181 4429 2299 4482 dua:
2335 4428 2493 4481 inde:
2526 4425 2651 4495 quia
2690 4426 2742 4479 in
2792 4422 3029 4479 exordiis
3069 4422 3182 4475 suis
3222 4426 3411 4473 sancta
3447 4417 3690 4472 Ecclesia

411 4499 619 4601 lapides
686 4499 923 4598 quadros
976 4524 1330 4595 accipiemus,
1383 4520 1487 4576 nisi
1550 4520 1817 4590 quoslibet
1868 4499 2372 4588 san-Dapostolos
2432 4523 2490 4569 et
2545 4514 2835 4584 prophetas
2885 4510 3096 4565 habuit.
3155 4508 3460 4577 PrOpbetas
3507 4516 3688 4562 autem

410 4629 529 4677 ctos
554 4634 784 4690 quorum
810 4617 919 4672 vita
971 4616 1025 4670 in
1071 4613 1431 4684 prosperitate
1477 4610 1995 4680 atqueadversitatc

409 4715 564 4770 novit
610 4711 823 4766 fortiter
876 4709 1060 4765 stare?
1088 4706 1249 4776 Lapis
1299 4705 1501 4760 etenim
1545 4703 1784 4772 quadrus
1841 4717 1995 4771 mque

412 4811 523 4857 stat
576 4801 627 4854 in
668 4812 994 4869 quocunque
1039 4796 1210 4850 latere
1267 4792 1430 4848 fuerit
1471 4806 1680 4846 versus.
1740 4790 1997 4860 Quisquis

412 4905 544 4959 ergo
586 4890 639 4943 in
682 4886 1039 4957 prosperitate
1085 4900 1189 4939 non
1227 4882 1522 4948 extollitur,
1568 4882 1621 4935 in
1669 4881 1997 4935 adversitate

412 4996 524 5037 non
589 4977 854 5047 frangitur
885 5016 899 5040 ,
966 4974 1307 5029 suasionibus
1369 4972 1436 5027 ad
1504 4970 1644 5026 mala
1712 4987 1818 5025 non
1887 4980 1998 5024 tra-

411 5071 594 5134 hitur,
642 5065 1127 5137 vituperationibus
1169 5079 1200 5116 a
1258 5063 1399 5117 bono
1451 5078 1616 5133 opere
1675 5077 1781 5117 non
1843 5077 1999 5116 revo-

411 5173 591 5230 catur,
643 5160 781 5233 lapis
824 5159 1062 5231 quadrus
1098 5168 1199 5222 est,
1244 5166 1298 5212 et
1338 5159 1492 5227 quasi
1542 5173 1611 5213 ex
1648 5157 1795 5212 omni
1826 5155 1998 5210 latere

411 5267 614 5314 statum
644 5255 826 5319 habet,
866 5251 958 5322 qui
1005 5264 1190 5305 casum
1223 5248 1277 5302 in
1324 5249 1565 5319 qualibet
1590 5247 1995 5317 permutatione

411 5365 519 5407 non
549 5350 731 5404 habet.
763 5345 925 5401 Certe
952 5356 1075 5399 cum
1096 5339 1404 5395 Judazorum
1427 5339 1683 5411 populum
1720 5339 1993 5409 Propheta

412 5460 444 5495 a
475 5441 581 5496 ﬁde
628 5438 806 5509 perire
833 5442 1209 5506 cognosceret,
1239 5440 1294 5487 et
1319 5440 1536 5487 sanctos
1564 5431 1838 5502 apostolos
1867 5448 1992 5487 sur-

412 5523 552 5602 gere
574 5529 628 5583 in
661 5526 958 5583 Ecclesiam
1000 5523 1330 5594 praaviderit,
1378 5538 1474 5592 per
1498 5539 1635 5593 quos
1659 5522 1810 5579 tnulti
1866 5530 1992 5578 sunt

409 5636 481 5676 ex
508 5630 756 5691 geuttbus
797 5620 849 5673 in
894 5617 1015 5672 ﬁdei
1047 5624 1102 5671 et
1140 5616 1266 5669 vita:
1320 5613 1635 5669 fortitudine
1676 5613 1910 5680 solidati,
1940 5613 1994 5667 in

417 5727 607 5781 magna
635 5710 999 5765 consolatione
1054 5707 1265 5762 locutus
1299 5713 1399 5771 est,
1448 5704 1635 5760 dicens
1667 5723 1679 5758 :
1712 5724 1730 5756 α
1766 5704 1995 5775 Lapides

2099 4612 2328 4668 dicimus
2354 4626 2460 4664 non
2505 4624 2619 4673 eos,
2663 4607 2754 4677 qui
2799 4607 2855 4660 in
2886 4604 3054 4660 veteri
3083 4602 3279 4672 pupulo
3328 4601 3566 4665 fuerant,
3594 4601 3687 4656 sed

2096 4718 2212 4768 eos,
2270 4700 2361 4772 qui
2418 4700 2472 4754 in
2530 4709 2718 4754 sancta
2777 4696 3020 4751 Ecclesia
3073 4702 3192 4765 post
3243 4693 3519 4763 apostolos
3563 4698 3689 4748 sunt

2098 4792 2292 4847 exorti.
2332 4789 2626 4845 Posteriori
2678 4802 2894 4857 quoque
2941 4794 3183 4855 tempore
3206 4785 3349 4853 quod
3400 4798 3549 4837 nunc
3577 4792 3685 4843 est.

2100 4882 2264 4937 habet
2291 4879 2649 4950 evangelistas
2689 4886 2853 4947 atque
2881 4877 3150 4933 doctores.
3181 4874 3321 4941 Quia
3352 4888 3487 4928 vero
3511 4873 3688 4928 Evan-

2097 4972 2295 5043 gelium
2324 4970 2527 5026 bonum
2567 4968 2814 5023 nuntium
2843 4967 3060 5031 dicitur,
3090 4963 3457 5036 evangelistas
3504 4964 3689 5034 utique

2098 5062 2431 5133 appellamus
2447 5102 2462 5127 ,
2490 5061 2582 5131 qui
2613 5059 2833 5115 rudibus
2852 5058 3066 5129 populis
3081 5058 3221 5111 bona
3240 5056 3433 5125 patriae
3450 5054 3688 5110 cmicstis

2098 5154 2441 5209 annuntiant.
2457 5151 2559 5217 Qui
2586 5150 2837 5205 videlicet
2860 5147 3207 5217 evangelista:
3223 5156 3386 5214 atque
3407 5146 3680 5205 doctores,

2097 5255 2153 5301 et
2173 5244 2339 5314 priori
2353 5243 2570 5313 quidem
2592 5251 2834 5311 tempore
2860 5237 3209 5303 fuerunt,'sed
3223 5251 3368 5291 nunc
3388 5250 3562 5305 usque
3576 5234 3682 5290 Do-

2101 5335 2248 5389 mino
2270 5332 2529 5402 largiente
2542 5337 2879 5402 permanent,
2894 5328 3021 5397 quia
3034 5325 3471 5395 adhuc-quotidie
3496 5333 3551 5379 et
3563 5322 3688 5378 inﬁ-

2100 5428 2249 5483 deles
2270 5425 2494 5497 populos
2514 5426 2581 5480 ad
2609 5424 2950 5488 ﬁdem‘trabi,
2965 5431 3021 5479 et
3044 5421 3227 5477 ﬁdeles
3255 5435 3502 5491 quosque
3524 5420 3574 5474 in
3588 5419 3684 5473 bo-

2102 5537 2199 5576 nos
2212 5533 2391 5574 mores
2402 5533 2498 5589 per
2518 5519 2768 5574 doctores
2791 5515 2995 5571 erudiri
3014 5515 3417 5586 cognoscimus.
3443 5509 3682 5589 Apostoli

2102 5625 2231 5667 vero
2258 5618 2312 5663 et
2338 5608 2614 5677 propheta:
2661 5606 2731 5661 ab
2757 5607 2862 5661 hoc
2892 5614 3133 5674 tempore
3179 5603 3435 5674 praesenti
3485 5596 3683 5656 sublati

2103 5709 2267 5758 sunt:
2318 5707 2476 5768 atque
2510 5697 2631 5752 ideo
2659 5695 2913 5761 dicimus,
2959 5696 3085 5765 quia
3115 5710 3328 5749 mensas
3380 5693 3476 5746 has
3514 5696 3688 5762 portat
