3972 6184
313 286 418 340 933

1239 286 1593 344 COMMENT.
1634 288 1701 344 ΙΝ
1741 289 2196 347 EZECHIELEM.
2234 325 2305 335 —
2340 295 2469 352 LIB.
2510 296 2646 355 XVI.

3475 314 3581 370 955

311 405 533 495 nostra,
558 395 612 450 id
646 404 753 461 est,
783 405 984 452 sanctae
1009 396 1284 495 Ecclesiae,
1329 401 1485 495 quasi
1511 401 1565 454 in
1591 401 1699 495 alio
1727 401 1896 456 latere
1927 411 1973 463 Α
2002 403 2071 456 ad
2101 403 2464 469 testimonium
2503 407 2706 465 Paulus
2745 412 3004 468 occurrit.
3049 415 3341 476 Videamus
3378 438 3444 478 an
3472 428 3593 495 ejus

313 487 497 551 habet,
522 495 580 542 et
604 494 776 555 portae
798 503 920 557 qum
938 489 1117 558 pergit
1151 490 1219 544 ad
1239 490 1544 559 aquilonem
1577 491 1713 547 duas
1749 508 1898 546 men-

312 593 402 633 sas
430 578 560 632 hinc
588 584 646 632 et
670 578 805 632 duas
830 579 977 643 inde,
1006 580 1227 633 eosdem
1256 596 1394 650 quos
1417 581 1652 636 diximus
1693 582 1900 651 princi-

311 686 409 741 I-es
432 671 775 727 sacerdotum
800 681 856 726 et
903 672 1149 726 seniores
1180 673 1361 743 populi
1403 673 1458 726 in
1492 672 1684 743 majori
1712 682 1900 728 aucto-

314 762 472 815 ritate
513 761 792 832 regiminis
831 778 844 814 :
874 761 1084 816 scribas
1109 776 1323 830 quoque
1355 770 1413 815 et
1439 762 1766 827 Pharisaeos,
1805 763 1895 831 qui

314 850 433 904 rudi
450 849 521 905 illi
538 850 736 920 populo
746 850 941 905 minori
956 849 1075 905 loco
1090 850 1444 920 przefuerunt.
1464 850 1571 905 Sed
1592 852 1677 906 ba:
1699 867 1899 908 mensa:

303 937 462 1008 juxta
487 948 700 1009 portam
737 948 885 1002 sunt,
914 956 1037 1009 qua:
1086 941 1152 995 ad
1198 940 1506 1010 aquilonem
1537 942 1733 1011 pergit,
1772 942 1898 1011 quia

311 1046 437 1086 cum
462 1038 698 1100 quatuor
718 1030 808 1085 isti
834 1030 1056 1086 ordines
1077 1031 1274 1101 populo
1293 1040 1608 1099 praeessent,
1628 1047 1898 1103 synagoga

314 1120 370 1174 in
429 1120 807 1190 persecutione
869 1121 1225 1189 redemptoris
1285 1122 1459 1176 nostri
1517 1123 1775 1187 saeviens,
1832 1124 1900 1178 ad

312 1219 588 1278 torporem
613 1209 852 1280 perfidia:
885 1211 1150 1280 prorupit.
1179 1210 1311 1278 Quae
1339 1220 1523 1267 tamen
1568 1226 1769 1268 mensa:
1799 1214 1901 1268 ha-

311 1301 552 1356 buerunt
593 1300 944 1366 sacrificium,
983 1303 1125 1370 quod
1148 1301 1302 1369 juxta
1331 1302 1502 1357 solam
1548 1303 1785 1358 litteram
1816 1312 1898 1358 te-

314 1400 553 1447 nuerunt
583 1411 595 1446 :
646 1393 788 1447 unde
813 1401 869 1447 et
899 1394 965 1446 ad
995 1403 1267 1463 torporem
1298 1394 1517 1465 frigoris
1556 1394 1721 1466 lapsae
1751 1406 1894 1459 sunt,

312 1482 441 1551 quia
483 1480 696 1536 flamma
723 1483 948 1551 spiritus
978 1498 1253 1539 succensae
1287 1500 1393 1539 non
1441 1470 1587 1539 sunt.
1617 1484 1901 1542 lnterioris

314 1583 497 1630 autem
530 1590 730 1629 mensa:
756 1574 1132 1657 holocaustum
1158 1578 1381 1642 habent,
1417 1577 1543 1646 quia
1566 1577 1682 1633 sive
1706 1579 1759 1633 in
1781 1595 1901 1635 cor-

312 1663 473 1718 dibus
495 1664 865 1734 apostolorum
892 1673 1059 1734 atque
1076 1667 1486 1736 prophetarum,
1511 1683 1604 1724 seu
1635 1669 1690 1723 in
1715 1679 1898 1725 mente

310 1756 768 1828 evangelistarum
830 1766 993 1827 atque
1053 1758 1336 1814 doctorum
1388 1760 1530 1829 ignis
1581 1761 1805 1831 spiritus
1841 1772 1899 1816 et
1926 1744 1973 1804 Β

313 1849 450 1903 arsit
477 1858 535 1905 et
570 1849 743 1913 ardet‘,
772 1849 863 1917 qui
892 1864 994 1918 pro
1021 1862 1089 1904 eo
1123 1850 1269 1920 quod
1309 1865 1526 1906 omnem
1560 1866 1748 1907 eorum
1799 1867 1895 1908 co-

311 1938 628 2008 gitationem
660 1938 715 1991 in
744 1939 886 1993 bono
936 1954 1100 2009 opere
1148 1941 1387 1996 absumit
1426 1941 1643 1998 flamma
1695 1945 1899 1999 amoris

314 2027 435 2092 Dei,
477 2027 630 2097 quasi
662 2027 1035 2083 holocaustum
1067 2038 1239 2084 totum
1278 2030 1462 2097 simul,
1507 2033 1650 2102 quod
1695 2033 1901 2088 invenit

313 2119 575 2174 i:.cendit.
620 2118 1003 2175 Holocaustum
1043 2121 1189 2175 enim
1235 2119 1489 2185 offerunt,
1544 2123 1633 2192 qui
1682 2124 1797 2179 sive
1844 2123 1899 2178 in

310 2208 456 2264 bono
510 2224 676 2280 opere
723 2225 820 2265 seu
866 2210 919 2264 in
974 2219 1162 2266 sancta
1215 2210 1543 2281 cogitatione
1592 2213 1902 2269 medullitus

313 2303 709 2357 accenduntur.
738 2301 937 2357 Mensae
971 2316 1102 2357 vero
1141 2303 1227 2358 ha:
1251 2319 1318 2357 ex
1361 2305 1588 2373 quadris
1634 2301 1903 2374 lapidibus

315 2394 476 2448 facta:
508 2403 674 2449 sunt:
713 2393 843 2463 quia
872 2392 1001 2447 dum
1034 2393 1276 2462 quotidie
1304 2395 1447 2448 sacri
1475 2394 1676 2463 eloquii
1715 2397 1767 2449 in
1790 2397 1905 2453 suis

312 2484 571 2538 cordibus
597 2481 759 2537 verba
792 2481 1155 2548 meditantur,
1200 2482 1268 2537 ad
1311 2481 1645 2537 offerendum
1673 2485 1903 2540 Domino

310 2576 477 2630 verba
501 2574 764 2629 orationis
807 2573 1202 2639 holocaustum,
1228 2575 1385 2643 quasi
1412 2589 1480 2628 ex
1513 2577 1798 2645 quadratis
1825 2578 1905 2632 la-

311 2667 530 2740 pidibus
551 2666 906 2724 conferuntur
940 2684 954 2720 :
989 2666 1154 2721 verba
1182 2667 1385 2721 etenim
1409 2666 1709 2737 Scriptum
1733 2684 1906 2725 sacrae

313 2758 520 2829 lapides
539 2758 728 2827 quadri
759 2765 908 2822 sunt,
937 2757 1064 2827 quia
1080 2758 1282 2828 ubique
1311 2766 1478 2822 stant,
1509 2774 1632 2828 quze
1657 2775 1725 2813 ex
1755 2760 1905 2815 nullo

313 2851 485 2905 latere
508 2848 948 2918 reprehensibilia
972 2848 1341 2903 inveniuntur.
1362 2847 1495 2902 Nam
1519 2849 1573 2903 in
1588 2864 1751 2905 omne
1761 2850 1904 2918 quod

312 2940 646 3011 prazteritum
671 2946 914 3003 narrant,
941 2939 995 2992 in
1018 2952 1178 2993 omne
1201 2938 1344 3007 quod
1371 2946 1658 2993 venturum
1690 2954 1905 2993 annun-

313 3035 473 3096 tiant,
520 3032 573 3086 iu
604 3046 764 3087 omne
797 3032 940 3102 quod
978 3031 1256 3085 moraliter
1287 3031 1611 3100 przedicant,
1665 3031 1718 3084 in
1743 3045 1905 3086 omne

2000 496 2109 549 vita
2136 497 2319 552 cubito
2349 499 2561 570 integro
2580 514 2942 559 mensuretur.
2977 508 3116 562 Dicit
3146 520 3351 579 autem,
3379 533 3398 565 ι
3419 516 3593 582 Quot-

2000 593 2132 679 quot
2174 586 2398 655 perfecti
2439 606 2657 657 sumus,
2690 593 2795 648 hoc
2837 598 3110 665 sapiamus
3151 599 3375 674 (Philip.
3418 608 3523 679 ιιι).
3567 627 3588 661 ι

2001 674 2294 767 Videamus
2314 679 2359 733 si
2386 679 2441 733 in
2472 680 2592 748 his,
2621 699 2743 752 qua:
2777 686 2847 740 de
2889 689 3001 742 Deo
3039 692 3235 759 sentit,
3271 693 3384 761 jam
3418 674 3597 767 perci-

1999 765 2195 835 pienda
2226 770 2485 861 mysteria
2514 772 2751 840 perfecte
2783 779 3088 834 tetenderit.
3113 782 3215 849 Qui
3241 786 3401 840 dixit:
3422 765 3450 838 -ι
3480 790 3594 861 Ego

2000 870 2088 910 me
2108 871 2212 910 non
2235 858 2472 913 arbitror
2493 864 2969 929 comprehendisse
2991 869 3038 938 (1
3047 871 3211 943 bid.);
3243 892 3259 923 ι
3292 876 3384 943 qui
3408 858 3596 934 rursus

1999 946 2108 1001 ait;
2140 965 2160 998 ι
2197 946 2277 1002 Ex
2316 958 2473 1017 parte
2508 954 2905 1021 cognoscimus,
2937 967 2992 1011 et
3018 974 3082 1013 ex
3124 971 3277 1029 parte
3305 967 3598 1033 propheta-

2000 1056 2122 1096 mus
2146 1058 2160 1093 :
2187 1055 2314 1096 cum
2339 1049 2520 1096 autem
2549 1046 2780 1110 venerit,
2811 1049 2954 1115 quod
2984 1050 3283 1117 perfectum
3314 1064 3398 1109 est
3417 1095 3432 1118 ,
3461 1072 3589 1111 eva-

2000 1136 2248 1191 cuabitur
2270 1136 2410 1206 quod
2439 1153 2504 1193 ex
2530 1151 2684 1207 parte
2708 1149 2793 1194 est
2816 1141 2864 1211 (Ι
2892 1142 3015 1196 Cor.
3038 1145 3181 1216 xui).
3216 1166 3234 1198 ι
3264 1146 3368 1213 Qui
3396 1150 3591 1203 iterum

2000 1226 2168 1281 dicit:
2215 1246 2235 1277 ι
2281 1227 2437 1282 Nunc
2461 1243 2728 1299 cognosco
2769 1245 2835 1284 ex
2875 1244 3061 1299 parte,
3110 1244 3238 1290 tunc
3282 1247 3459 1292 autem
3500 1256 3597 1294 co-

1999 1332 2257 1386 gnoscam
2287 1318 2430 1372 sicut
2455 1326 2508 1372 et
2532 1320 2780 1386 cognitus
2803 1336 2920 1374 sum
2945 1322 3156 1393 (lbid.).
3190 1346 3207 1376 i
3236 1326 3293 1381 Si
3317 1343 3450 1399 ergo
3475 1346 3596 1400 pcr-

1999 1405 2175 1462 fectus
2191 1418 2295 1473 est,
2312 1418 2368 1462 et
2383 1423 2448 1463 ex
2473 1419 2628 1479 parte
2649 1414 2945 1482 cognoscit,
2965 1416 3203 1471 cubitum
3231 1419 3411 1485 habet,
3429 1436 3597 1489 quan-

2001 1502 2116 1549 tum
2138 1496 2207 1549 ad
2233 1510 2311 1558 se,
2345 1496 2441 1550 sed
2465 1505 2645 1552 tamen
2671 1499 2954 1555 dimidium
2992 1518 3155 1574 super
3176 1522 3254 1561 se.
3282 1506 3596 1562 Tenduntur

2001 1600 2131 1655 erg.)
2158 1586 2210 1640 in
2244 1587 2709 1657 longanimitatem
2745 1595 2859 1660 spei
2900 1594 3061 1647 corda
3093 1605 3405 1651 sanctorum
3427 1640 3441 1663 ,
3482 1608 3597 1654 len-

2001 1677 2199 1731 dautur
2222 1678 2278 1731 in
2312 1678 2666 1748 perfectione,
2692 1696 2852 1748 quam
2893 1684 3094 1738 habent
3128 1687 3312 1741 cubito
3342 1705 3469 1753 uno,
3501 1692 3597 1744 sed

2000 1767 2126 1838 quia
2189 1768 2366 1823 adhuc
2418 1769 2576 1839 plene
2630 1772 2816 1827 videre
2863 1789 2970 1828 non
3022 1787 3285 1845 possunt,
3337 1779 3428 1833 ubi
3482 1779 3598 1848 spei

2000 1856 2214 1912 oculum
2243 1858 2484 1922 mittunt,
2527 1860 2630 1915 hoc
2657 1861 2800 1931 quod
2837 1879 2999 1932 super
3024 1881 3187 1919 unum
3222 1867 3462 1922 cubitum
3498 1870 3596 1923 ha-

1998 1946 2147 2013 bent,
2162 1948 2216 2002 in
2239 1947 2461 2003 dimidio
2477 1951 2659 2005 cubito
2676 1952 2978 2007 recidetur:
3003 1964 3273 2022 quatenus
3296 1957 3348 2010 in
3364 1957 3466 2013 hac
3488 1958 3599 2014 vita

2001 2054 2215 2109 semper
2237 2055 2298 2097 se
2322 2041 2669 2109 imperfectos
2696 2045 3056 2113 aspiciant,et
3075 2047 3355 2102 ardentius
3384 2050 3449 2101 ad
3472 2064 3601 2119 per-

2001 2128 2291 2183 fectionem
2334 2139 2577 2184 currant.
2621 2130 2840 2187 Habent
2870 2148 3084 2202 quoque
3124 2151 3325 2191 mensae
3364 2137 3605 2192 latitudi-

2003 2232 2128 2273 nem
2157 2218 2324 2273 cubiti
2352 2218 2512 2274 unius
2539 2228 2590 2274 et
2628 2220 2871 2287 dimidii,
2921 2224 3048 2292 quia
3089 2234 3404 2279 sanctorum
3436 2228 3600 2281 corda

2006 2309 2059 2365 in
2108 2311 2396 2367 charitatis
2438 2313 2791 2383 amplitudine
2834 2315 3051 2369 dilatata
3093 2316 3248 2384 juxta
3294 2319 3601 2386 proximum

2004 2416 2165 2471 quem
2199 2402 2428 2472 diligunt
2470 2411 2527 2458 et
2568 2405 2781 2468 vident,
2821 2406 3022 2460 habent
3055 2408 3338 2461 cubitum:
3378 2414 3605 2477 pessum

2005 2493 2149 2548 enim
2186 2493 2426 2563 perfecte
2466 2495 2725 2565 diligere,
2771 2511 2911 2565 quos
2946 2496 3186 2566 perfecte
3225 2498 3408 2552 valent
3442 2497 3602 2567 juxta

2005 2583 2209 2652 aliquid
2236 2584 2398 2639 scire.
2432 2583 2870 2654 Omnipoteutem
2913 2601 3040 2641 vero
3076 2588 3242 2640 Deum
3287 2587 3602 2643 medullitus

2006 2674 2264 2745 diligunt,
2311 2673 2621 2729 medullitus
2661 2682 2997 2743 sequuntur,
3029 2676 3125 2730 sed
3170 2686 3349 2731 tamen
3388 2685 3600 2731 tantum

2007 2764 2229 2836 diligere
2258 2779 2363 2819 non
2392 2772 2650 2833 possunt,
2681 2773 2943 2834 quantum
2982 2765 3217 2821 debent:
3258 2768 3384 2837 quia
3421 2767 3601 2822 adhuc

2008 2871 2116 2912 non
2142 2856 2325 2912 valent
2354 2856 2537 2911 videre
2557 2871 2718 2927 quem
2747 2857 2996 2927 diligunt,
3023 2866 3079 2911 et
3114 2873 3368 2913 mensura
3397 2859 3603 2914 amoris

2009 2951 2187 3006 minor
2206 2961 2308 3010 est.
2324 2951 2419 3005 ubi
2447 2951 2624 3006 adhuc
2651 2965 2906 3006 mensura
2941 2952 3121 3006 minor
3149 2962 3234 3007 est
3261 2954 3602 3023 cognitionis.

1949 3095 1974 3117 π
2012 3041 2193 3112 Super
2215 3056 2379 3095 unum
2399 3055 2530 3111 ergo
2562 3040 2804 3096 cubitum
2831 3041 3031 3096 habent
3055 3050 3111 3096 et
3138 3041 3450 3096 dimidium:
3476 3043 3605 3112 quia

313 3124 457 3194 quod
486 3123 805 3193 spiritaliter
830 3131 1047 3187 sonant,
1094 3124 1247 3193 quasi
1270 3125 1322 3178 in
1352 3125 1566 3180 diverso
1604 3124 1774 3179 latere
1793 3131 1906 3179 sta-
1932 3102 1978 3156 α
2009 3102 2112 3190 ιιοᾷ
2139 3134 2222 3187 eis
2242 3130 2356 3199 jam
2387 3131 2441 3185 in
2463 3102 2654 3185 ξιωοιοθ
2690 3132 2959 3200 integrum
2987 3140 3093 3196 εει,
3134 3132 3278 3200 quod
3309 3132 3467 3187 valde
3494 3102 3602 3187 'mi-

315 3225 429 3269 tum
446 3217 671 3281 habent,
697 3216 824 3286 quia
850 3216 1327 3285 reprehensionem
1354 3233 1461 3272 non
1487 3218 1706 3272 habent.
1725 3218 1900 3275 Corda

312 3312 499 3381 itaque
524 3318 832 3365 sanctorum
879 3323 1080 3364 mensa
1110 3307 1202 3364 Dei
1228 3318 1375 3372 sunt,
1415 3309 1483 3363 ad
1517 3308 1899 3365 holocaustum

315 3417 385 3455 ex
428 3401 653 3470 quadris
689 3399 960 3471 lapidibus
1007 3408 1336 3454 exstructis:
1378 3399 1504 3467 quia
1550 3400 1642 3470 qui
1690 3414 1905 3470 semper

315 3491 412 3546 Dei
467 3491 738 3561 cogitant,
790 3490 1113 3560 semetipsos
1169 3489 1398 3544 Domino
1447 3506 1478 3543 a
1532 3491 1740 3546 carnali
1789 3492 1899 3546 vita

314 3580 371 3635 in
404 3580 731 3651 cogitatione
777 3588 1034 3635 mactant.
1064 3580 1214 3635 Unde
1251 3580 1514 3649 scriptum
1549 3588 1633 3636 est
1671 3598 1684 3634 :
1726 3599 1745 3632 ι
1792 3580 1899 3635 Lex

316 3671 414 3726 Dei
459 3672 579 3741 ejus
619 3672 672 3726 in
724 3673 889 3727 corde
942 3672 1149 3742 ipsius,
1210 3680 1263 3727 et
1314 3686 1421 3727 non
1481 3673 1905 3743 supplantabun~

318 3771 409 3816 tur
468 3777 686 3833 gressus
729 3761 844 3831 ejus
888 3759 1071 3833 (Psal.
1124 3762 1348 3835 xxxvn).
1400 3782 1417 3814 ι
1472 3763 1540 3817 Ει
1579 3765 1723 3818 unde
1768 3764 1905 3818 scri-

316 3860 469 3921 ptum
505 3853 739 3907 dicitur:
773 3871 791 3903 ι
824 3852 883 3905 lu
931 3852 1094 3907 corde
1125 3866 1245 3907 meo
1272 3853 1533 3907 abscondi
1562 3852 1776 3921 eloquia
1808 3862 1899 3907 tua

319 3953 381 3999 ut
434 3960 538 3999 non
584 3960 870 4015 peccarem
902 3946 997 4000 tibi
1037 3945 1214 4018 (Psal.
1243 3945 1454 4016 eumn).
1487 3966 1506 3999 ι
1552 3946 1660 4003 Sed
1706 3961 1906 4002 mensa!

319 4038 405 4091 lue
451 4037 592 4090 unde
642 4037 752 4091 sint
788 4045 1116 4092 constructae
1165 4036 1503 4106 agnovimus,
1540 4038 1703 4092 etiam
1753 4036 1907 4106 cujus

321 4143 593 4183 mensura:
616 4129 725 4184 sint
750 4129 1054 4184 audiamus.
1085 4128 1378 4198 Sequitur:

396 4237 414 4268 ι
448 4218 803 4289 Longitudiue
842 4219 999 4272 unius
1036 4220 1200 4275 cubiti
1242 4228 1295 4273 et
1339 4218 1577 4284 dimidii,
1624 4219 1908 4275 latitudine

326 4326 347 4360 ι
377 4308 536 4363 unius
564 4308 730 4363 cubiti
760 4317 816 4362 et
840 4308 1077 4375 dimidii,
1102 4320 1157 4364 et
1179 4309 1462 4365 altitudine
1492 4311 1656 4365 cubiti
1679 4312 1857 4366 unius.
1880 4331 1899 4365 ι

2005 3228 2220 3282 nusest,
2239 3219 2410 3282 idest,
2436 3218 2677 3273 cbaritas
2694 3234 2815 3272 cum
2829 3218 3092 3287 proximo,
3109 3228 3272 3290 atque
3297 3221 3425 3276 illud
3449 3221 3503 3275 in
3525 3222 3607 3277 eis

2005 3311 2148 3380 quod
2170 3310 2325 3364 vaide
2350 3309 2528 3378 majus
2551 3317 2653 3373 est,
2677 3309 2730 3363 id
2758 3318 2845 3363 est
2874 3325 3028 3364 amor
3058 3312 3174 3375 Dei,
3200 3327 3360 3380 quem
3392 3327 3499 3366 non
3528 3314 3609 3367 vi-

2004 3399 2152 3461 dent,
2177 3398 2352 3452 adhuc
2378 3398 2645 3466 integrum
2666 3412 2773 3450 non
2795 3406 2898 3451 83L
2913 3398 3153 3453 Altitudo
3167 3415 3295 3455 vero
3326 3416 3607 3456 mensura-

2004 3504 2125 3543 rum
2139 3499 2219 3544 est
2234 3488 2399 3543 cubiti
2422 3488 2603 3541 unius.
2622 3486 2753 3553 Quis
2773 3496 2859 3542 est
2878 3488 3019 3542 enim
3041 3488 3268 3543 altitudo
3288 3501 3606 3548 sanctorum

2003 3581 2109 3636 nisi
2134 3580 2519 3635 invisibilium?
2545 3580 2649 3635 Per
2675 3580 2832 3634 fidem
2872 3582 3014 3635 enim
3037 3581 3297 3647 creditur,
3325 3586 3468 3653 quod
3496 3600 3606 3640 non

2004 3671 2234 3725 videtur.
2257 3671 2434 3739 Atque
2457 3669 2576 3724 ideo
2598 3672 2696 3739 per
2717 3668 3141 3738 hancjustorum
3166 3687 3319 3728 mens
3335 3674 3401 3728 ad
3420 3674 3605 3729 altitu-

2003 3760 2184 3815 dinem
2215 3759 2462 3823 ducitur,
2494 3769 2552 3813 ut
2577 3768 2771 3814 cuncta
2808 3759 3044 3815 visibilia
3073 3762 3334 3831 despiciat
3355 3764 3408 3817 in
3433 3773 3607 3831 terra,

2004 3857 2059 3904 et
2101 3864 2165 3903 ea
2207 3864 2329 3918 quae
2371 3849 2521 3903 audit
2561 3849 2851 3905 invisibilia
2890 3863 3150 3921 sequatur
3191 3853 3245 3907 in
3286 3854 3446 3909 coelo.
3495 3855 3604 3911 Sed

2005 3958 2174 3997 unum
2195 3941 2436 3996 cubitum
2460 3942 2624 3997 habet
2645 3942 2874 3997 altitudo
2905 3957 3305 4009 mensurarum,
3332 3945 3456 4015 quia
3485 3946 3605 4000 uni-

2007 4041 2091 4088 tas
2111 4041 2194 4087 est
2214 4031 2337 4087 fidei
2362 4032 2415 4087 in
2437 4033 2602 4088 corde
2618 4033 2861 4087 omnium
2885 4043 3219 4089 sanctorum.
3244 4034 3418 4091 Unum
3439 4036 3603 4090 Deum

2004 4136 2126 4175 esse
2154 4120 2511 4186 Trinitatem,
2559 4130 2617 4176 et
2660 4121 2851 4178 Patres
2892 4123 3227 4180 Testamenti
3269 4126 3513 4192 Veteris,
3549 4135 3604 4181 et

2003 4216 2388 4286 pnedicatores
2407 4216 2633 4286 professi
2661 4226 2790 4272 sunt
2813 4216 3145 4273 Testamenti
3176 4218 3334 4272 Novi.
3357 4218 3599 4273 Altitudo

2006 4310 2190 4377 itaque
2210 4323 2586 4363 mensurarum
2612 4309 2687 4363 nil
2713 4325 2821 4364 uno
2851 4310 3034 4363 cubito
3061 4309 3293 4379 amplius
3315 4310 3502 4372 habet,
3528 4311 3600 4365 nil

323 4396 479 4468 Saepe
504 4406 684 4451 autem
715 4398 951 4453 diximus
988 4399 1380 4470 longitudinem
1422 4400 1491 4454 ad
1530 4399 1906 4469 longanimita-
1935 4438 1989 4497 Ι)
2014 4398 2194 4451 minus
2222 4414 2235 4449 :
2262 4398 2388 4466 quia
2408 4398 2461 4451 in
2483 4413 2676 4468 magna
2700 4397 2800 4453 sibi
2822 4397 3028 4451 unitate
3047 4398 3343 4452 concordat
3360 4398 3601 4452 omnium

323 4500 433 4543 tem
454 4488 589 4556 spei.
605 4486 941 4541 latitudinem
959 4503 1086 4541 vero
1105 4487 1173 4541 ad
1198 4488 1482 4543 charitalis
1502 4489 1910 4559 amplitudinem

320 4575 614 4645 pertinere.
641 4574 840 4630 Mensa:
859 4588 1009 4644 ergo,
1033 4590 1157 4645 qua:
1177 4576 1243 4628 ad
1275 4577 1645 4632 holocaustum
1670 4585 1912 4633 constru-

321 4677 426 4721 ctu:
456 4673 601 4730 sunt,
630 4664 964 4736 longitudine
992 4665 1158 4719 cubiti
1182 4664 1344 4719 unius
1366 4672 1423 4719 et
1444 4666 1654 4719 dimidii
1681 4667 1912 4720 metiun-

322 4769 415 4809 tur
441 4771 457 4809 :
492 4756 619 4825 quia
647 4764 817 4811 sancti
849 4755 1036 4810 Patres
1068 4765 1233 4824 atque
1264 4755 1548 4818 doctores,
1590 4756 1682 4824 qui
1710 4770 1770 4810 se
1795 4756 1914 4811 lon-

323 4846 615 4917 ganimiter
632 4847 701 4901 ad
727 4855 936 4901 secreta
961 4846 1074 4915 spei
1104 4845 1310 4900 intima:
1333 4845 1652 4911 extendunt,
1685 4862 1784 4916 per
1808 4848 1912 4903 hoc

324 4937 468 5006 quod
514 4936 571 4991 in
606 4937 898 4992 virtuti':us
941 4937 1159 5002 vivunt,
1200 4945 1462 5007 quantum
1509 4937 1576 4991 ad
1619 4938 1910 4992 humanam

325 5028 546 5098 quidem
591 5044 903 5084 mensuram
953 5031 1218 5099 pertinet,
1261 5029 1416 5083 valde
1464 5029 1689 5099 perfecti
1746 5040 1907 5086 sunt:

325 5129 588 5189 quantum
619 5135 749 5176 vero
769 5122 839 5176 ad
860 5121 1039 5176 divina
1074 5121 1164 5176 illa
1197 5121 1476 5192 mysteria,
1515 5136 1634 5189 quae
1659 5122 1817 5192 plene
1840 5124 1908 5178 ab

327 5211 548 5266 homine
577 5212 694 5281 capi
737 5227 842 5266 non
874 5219 1130 5283 possunt,
1181 5206 1417 5281 quandiu
1460 5211 1516 5266 iu
1554 5213 1655 5267 hac
1694 5213 1910 5268 mortali

326 5316 495 5356 carne
533 5303 862 5367 subsistunt,
905 5302 1127 5372 perfecti
1168 5318 1275 5357 non
1316 5311 1461 5357 sunt.
1506 5303 1562 5358 ln
1606 5305 1911 5375 semetipsis

325 5408 459 5464 ergo
474 5390 588 5461 jam
612 5396 851 5450 cubitum
884 5397 1104 5461 habent,
1131 5396 1184 5450 in
1211 5397 1320 5451 Deo
1347 5405 1530 5451 autem
1556 5396 1734 5453 adhuc
1760 5399 1912 5454 cubi-

328 5492 444 5537 tum
491 5499 597 5539 non
641 5486 879 5541 habent:
931 5487 1056 5557 quia
1099 5487 1212 5558 jam
1256 5488 1474 5557 quidem
1521 5489 1575 5543 in
1621 5486 1913 5542 virtutibus

327 5574 487 5643 plene
512 5576 818 5646 proficiunt,
850 5579 944 5634 sed
976 5588 1153 5633 tamen
1185 5577 1387 5647 aliquid
1416 5579 1484 5633 de
1514 5579 1623 5634 Deo
1651 5579 1826 5633 adhuc
1845 5592 1911 5633 ea

2018 4485 2151 4542 fides
2176 4485 2418 4541 Patrum.
2447 4487 2553 4542 Sed
2588 4487 2641 4540 bi
2676 4487 2766 4555 qui
2795 4485 2907 4553 jam
2948 4486 3002 4540 in
3040 4486 3450 4557 longanimitate
3483 4487 3602 4557 spei

2016 4576 2244 4631 summis
2270 4575 2563 4630 virtutibus
2588 4574 2964 4644 proficientes,
3007 4591 3173 4629 unum
3222 4584 3277 4630 et
3319 4576 3601 4632 dimidium

2015 4667 2259 4722 cubitum
2307 4666 2545 4729 habent,
2587 4675 2749 4732 atque
2786 4665 2840 4718 in
2868 4665 3154 4720 latitudine
3180 4666 3463 4722 charitatis
3494 4683 3603 4723 uno

2018 4771 2083 4811 ac
2105 4754 2332 4811 dimidio
2361 4755 2546 4810 cubito
2569 4754 2896 4809 metiuntur:
2931 4756 2985 4809 in
3013 4755 3299 4811 altitudine
3324 4771 3454 4811 vero
3476 4757 3600 4812 fidei

2013 4862 2125 4902 uno
2148 4846 2332 4900 cubito
2358 4855 2706 4910 excrescunt,
2740 4845 2918 4916 magni
2951 4855 3080 4900 sunt
3100 4854 3156 4901 et
3179 4861 3390 4901 summa
3423 4847 3599 4902 admi-

2017 4937 2231 4992 ratione
2255 4935 2572 4991 venerandi.
2613 4929 2832 4992 Dehent'
2855 4950 2987 5006 ergo
3016 4936 3363 5005 parvulorum
3390 4937 3602 4992 animas

2015 5031 2077 5091 iu_
2098 5028 2220 5082 sinu
2262 5042 2375 5082 sua:
2401 5027 2830 5083 conversationis
2871 5027 3150 5096 suscipere
3195 5035 3360 5097 atque
3405 5041 3499 5081 eas
3545 5026 3598 5081 in

2014 5128 2306 5188 conspectu
2348 5119 2558 5174 Domini
2605 5118 2753 5174 velut
2787 5119 3060 5188 quoddam
3111 5118 3480 5175 holocaustum
3536 5133 3600 5173 ae

2015 5211 2344 5267 sacrificium
2376 5210 2596 5266 offerre.
2631 5210 2786 5267 Unde
2813 5218 2937 5282 apte
2961 5212 3244 5281 sequitur:

2092 5321 2110 5353 ι
2150 5301 2326 5371 Super
2355 5317 2495 5371 quas
2533 5311 2741 5372 ponunt
2779 5318 2907 5358 vasa
2956 5304 3010 5357 in
3057 5302 3253 5372 quibus
3290 5301 3602 5357 immolatur

2022 5411 2041 5444 ι
2080 5393 2453 5449 holocaustum
2486 5404 2543 5450 et
2578 5394 2819 5450 victima.
2859 5414 2881 5449 ι
2910 5395 3050 5462 Quid
3080 5394 3227 5450 enim
3258 5402 3384 5449 sunt
3403 5393 3602 5448 anima:

2018 5485 2256 5542 fidelium
2288 5487 2392 5542 nisi
2435 5503 2563 5542 vasa
2604 5497 2822 5553 sancta,
2856 5503 2978 5557 quae
3011 5488 3234 5542 verbum
3270 5486 3485 5557 pictatis
3509 5500 3602 5540 ca-

2019 5576 2193 5645 piunt,
2211 5585 2272 5631 ut
2296 5593 2365 5632 ex
2385 5594 2571 5633 eorum
2598 5580 2869 5634 mentibus
2902 5578 3274 5633 holocaustum
3293 5579 3416 5632 vitae
3440 5585 3601 5645 atque

333 5675 490 5736 parte
532 5679 880 5739 cognoscunt.
917 5669 1057 5724 Ecce
1100 5670 1292 5724 iterum
1328 5669 1379 5722 in
1421 5684 1673 5724 mensura
1715 5684 1918 5724 mensa)
2019 5668 2283 5722 orationis
2312 5669 2662 5724 iuunolctur?
2690 5668 2826 5724 llinc
2859 5679 2938 5724 est
2969 5670 3168 5739 etenim
3189 5710 3203 5737 ,
3233 5666 3377 5739 quod
3402 5666 3600 5722 Paulus
