3972 6184
412 270 520 329 955

1050 269 1114 324 Β.
1153 269 1407 326 RABANI
1446 271 1667 327 MAURl
1705 270 2025 325 AllClllEl".
2064 268 2376 325 MOGUNT.
2419 269 2703 325 OPEllUM
2742 272 2921 326 PARS
2962 271 3026 327 Il.

3574 274 3674 328 956

414 404 539 446 cum
554 388 731 444 adhuc
751 388 901 441 rudis
916 395 1060 442 esset
1080 387 1132 441 in
1150 387 1273 440 ﬁdei
1294 360 1594 450 vocatione,
1611 385 1737 454 quia
1755 385 1870 455 jam
1898 384 2001 437 Do-
2028 389 2076 444 Α
2099 382 2363 451 judicium
2392 390 2448 435 et
2485 382 2913 437 misericordiam
2952 392 3010 437 et
3058 384 3239 437 ﬁdem.
3284 386 3408 439 llaec
3448 391 3677 454 uporlllil

415 479 550 534 mini
573 478 738 533 verba
767 485 1101 548 perceperat,
1129 484 1183 529 et
1202 476 1407 531 caelesti
1428 477 1600 545 gratia
1624 475 1813 544 plenus
1846 484 1995 540 erat,

418 583 516 623 vas
544 568 864 639 appellatur,
889 582 1009 620 cum
1036 566 1254 631 dicitur,
1279 581 1376 620 vas
1398 566 1685 620 electionis
1720 566 1856 619 mihi
1890 576 1994 621 est.

2101 471 2281 525 facere
2309 478 2368 524 et
2393 470 2483 524 illa
2505 486 2613 525 non
2638 471 2893 526 omittere
2921 470 3138 542 (Matth.
3164 473 3345 543 mn).
3379 493 3399 525 ο
3428 474 3529 528 l’er
3542 474 3680 543 judi-

2100 563 2243 617 cium
2266 562 2466 632 quippe
2485 569 2543 616 et
2568 561 2997 616 misericordiam
3020 570 3077 616 et
3098 561 3284 627 ﬁdem,
3298 562 3469 631 major
3489 565 3679 632 digitus

419 657 558 714 Hinc
583 667 826 728 pastores
850 666 1014 726 atque
1051 657 1302 713 doctores
1330 656 1600 727 Propheta
1630 656 1887 711 admonet
1912 658 1997 711 di-
2098 651 2431 720 operationis
2464 651 2786 706 ostenditur.
2803 650 2907 705 Per
2926 652 3203 706 mentham
3228 666 3359 706 vero
3377 664 3429 706 et
3444 655 3690 708 anethum

419 764 578 803 cens:
605 768 622 798 ι
646 747 974 801 Mundamiui
998 747 1089 816 qui
1111 746 1264 801 fertis
1281 762 1408 801 vasa
1434 746 1643 801 Domini
1667 746 1800 818 (lsa.
1821 746 1949 818 LII);
1976 767 1993 798 ι

419 838 521 907 ipsi
542 838 763 900 etenim,
798 838 950 905 quasi
983 852 1182 891 mensae
1221 836 1431 891 Domini
1461 852 1588 890 vasa
1619 845 1866 905 portant,
1906 837 1999 906 qui

418 929 582 989 vitam
606 928 841 982 ﬁdelium
863 929 1156 984 erudiendo
1179 929 1428 994 tolerant,
1447 928 1841 998 utquandoque
1861 929 2002 982 hanc

419 1018 647 1073 Domino
689 1018 754 1071 ad
798 1018 1169 1074 holocaustum
1217 1029 1271 1074 et
1309 1019 1636 1074 sacriﬁcium
1680 1021 1998 1091 perducant.

418 1106 526 1162 Sed
555 1122 731 1176 neque
774 1109 878 1162 hoc
921 1109 1254 1181 negligenter
1291 1110 1605 1164 intuendum
1645 1122 1744 1174 est,
1776 1113 1917 1180 quod
1947 1113 2001 1167 in

416 1197 622 1250 eisdem
651 1196 818 1262 vasis,
848 1198 1223 1253 holocaustum
1256 1208 1311 1253 et
1338 1200 1555 1254 victima
1582 1201 1782 1255 dicitur
1810 1205 2004 1257 inuno-

418 1286 541 1339 lari.
572 1285 953 1342 Holocaustum
991 1289 1157 1352 enim,
1190 1288 1332 1343 sicut
1365 1290 1613 1360 superius
1634 1290 1893 1355 diximus,
1924 1291 2003 1344 vi-

417 1379 581 1433 ctima
607 1386 714 1433 est.
750 1378 875 1432 .Non
908 1389 1087 1433 tamen
1109 1381 1329 1434 victima
1362 1396 1576 1450 semper
1605 1382 2000 1449 holocaustum,

418 1468 544 1536 quia
569 1484 695 1524 cum
719 1470 847 1539 quid
871 1485 937 1523 ex
967 1479 1123 1540 parte
1147 1471 1403 1535 oiTertur,
1436 1488 1503 1527 ex
1532 1482 1687 1543 parte
1717 1476 1997 1540 retinetur,

418 1558 746 1613 sacriﬁcium
789 1560 1005 1629 quidem
1048 1569 1153 1625 est,
1198 1563 1293 1616 sed
1335 1562 1707 1619 holocaustum
1747 1580 1854 1619 non
1894 1575 1999 1620 est.

426 1646 570 1701 Sunt
599 1662 724 1703 vero
753 1649 807 1703 in
835 1649 1177 1704 multitudine
1203 1666 1398 1721 magna
1426 1651 1662 1708 ﬁdelium
1691 1654 1877 1724 aliqui,
1907 1657 2002 1725 qui

418 1754 505 1804 ea,
535 1755 656 1809 qua:
685 1741 868 1794 mundi
890 1752 1039 1807 sunt,
1069 1743 1250 1796 omnia
1281 1743 1627 1813 relinquunt,
1659 1754 1863 1817 cuncta~
1882 1763 2004 1816 quae

418 1830 697 1897 possident
726 1832 999 1896 tribuunt,
1041 1832 1177 1887 nihil
1220 1833 1570 1904 sibimetipsis
1606 1832 1906 1902 reservant,
1933 1838 2003 1893 ad

416 1926 675 1973 aeternam
699 1921 927 1989 patriam
954 1923 1263 1978 medullitus
1290 1924 1568 1991 anhelant,
1600 1942 1764 1996 seque
1789 1944 1859 1983 ex
1887 1937 2002 1985 toto

419 2010 584 2063 corde
611 2009 663 2063 in
701 2010 955 2082 lacrymis
984 2021 1243 2067 mactant.
1279 2014 1343 2068 lli
1384 2016 1635 2072 videlicet
1675 2033 1801 2073 vasa
1839 2035 2003 2090 super

421 2112 663 2153 mensam
693 2109 838 2164 sunt,
874 2104 925 2154 in
957 2102 1153 2171 quibus
1174 2105 1486 2159 immolatur
1507 2106 1901 2163 holocaustum.
1934 2110 2003 2165 Et

418 2199 547 2243 sunt
571 2188 680 2254 alii,
713 2190 804 2259 qui
833 2206 1020 2246 curam
1047 2193 1279 2263 propriae
1312 2195 1503 2251 domus
1528 2207 1741 2267 gerunt,
1770 2198 1838 2255 de
1876 2199 2002 2257 ﬁliis

419 2278 693 2349 cogitant,
739 2281 926 2349 eisque
970 2282 1340 2339 htereditatem
1388 2296 1637 2353 servant,
1687 2289 1780 2358 qui
1825 2299 2002 2345 tamen

417 2367 608 2422 aterni
644 2366 834 2435 judieii
880 2385 1152 2427 memores
1197 2373 1630 2430 misericordiam
1674 2379 2003 2450 pauperibus

419 2456 759 2528 impendunt,
784 2461 1039 2517 alimenta
1065 2480 1131 2520 ac
1152 2466 1476 2522 vestimenta
1504 2469 1585 2523 eis
1614 2486 1681 2525 ex
1709 2482 1865 2541 parte
1893 2489 2002 2543 qua

422 2548 763 2606 decreverint
793 2554 1035 2608 tribuunt
1067 2573 1079 2607 :
1120 2557 1174 2611 hi
1219 2558 1473 2614 nimirum
1498 2576 1625 2616 vasa
1653 2578 1819 2633 super
1850 2580 2004 2621 men-

421 2657 538 2696 sam
564 2652 712 2709 sunt,
739 2645 791 2698 in
821 2645 1018 2713 quibus
1054 2648 1274 2703 victima
1315 2651 1592 2707 immolata
1635 2663 1741 2720 est,
1772 2672 1878 2711 non
1910 2659 2006 2713 ho-

420 2733 745 2789 locaustum.
778 2736 912 2802 Quia
939 2738 1083 2792 enim
1112 2741 1374 2809 patientia
1408 2753 1465 2797 et
1502 2745 1748 2800 doctrina
1788 2758 2005 2805 sancto-

422 2842 545 2881 rum
571 2827 910 2883 admonendo
931 2837 988 2883 et
1007 2832 1353 2898 sustinendo,
1389 2835 1664 2891 suadendo
1699 2846 1862 2907 atque
1896 2849 2006 2894 ter-

424 2918 595 2975 rendo
614 2918 844 2974 aliorum
864 2921 1028 2975 corda
1048 2938 1219 2992 usque
1240 2924 1307 2978 ad
1332 2925 1433 2979 hoc
1456 2928 1732 2993 erudiunt,
1748 2939 1808 2983 ut
1825 2933 2003 2986 omnia

421 3010 706 3074 deserant,
739 3018 795 3063 et
836 3018 978 3065 totos
1014 3026 1074 3066 se
1114 3013 1168 3066 in
1214 3028 1399 3069 amore
1442 3014 1652 3071 Domini
1684 3020 1998 3076 accendant.

2103 753 2160 799 et
2187 743 2461 814 cyminum
2489 742 2689 812 digitus
2714 742 2902 812 procul
2933 742 3099 797 dubio
3118 742 3377 797 minimus
3401 745 3676 813 ﬁguratur.

2103 835 2229 889 llaec
2258 849 2387 905 ergo
2408 834 2651 903 oportuit
2675 834 2874 898 facere,
2896 842 2953 887 et
2981 833 3071 887 illa
3095 850 3202 887 non
3231 834 3486 888 omittere
3516 852 3528 886 :
3557 835 3678 905 quia

2102 926 2147 980 si
2172 940 2308 995 opus
2339 935 2586 980 nostrum
2610 924 2789 995 palmo
2827 926 3007 981 metiri
3049 926 3331 991 volumus,
3358 927 3442 982 sic
3465 941 3680 982 necesse

2102 1026 2187 1072 est
2225 1027 2285 1072 ut
2329 1017 2583 1073 tendatur
2622 1016 2911 1076 minimus.
2956 1027 3227 1085 quatenus
3270 1017 3447 1089 major
3488 1018 3682 1087 digitus

2105 1123 2209 1162 non
2253 1106 2578 1161 attrahatur.
2616 1106 2763 1165 Bene
2809 1115 2992 1161 autem
3026 1122 3150 1160 cum
3188 1122 3501 1162 mensarum
3545 1106 3680 1161 labia

2104 1196 2425 1261 metiuntur,
2447 1205 2503 1252 et
2525 1211 2782 1251 mensura
2809 1196 2972 1265 palmi
3006 1196 3225 1260 dicitur,
3254 1197 3474 1251 additur
3494 1197 3676 1251 unius:

2105 1296 2162 1340 ut
2185 1300 2251 1339 ex
2279 1288 2559 1340 doctorum
2587 1285 2974 1355 praedicatione
2997 1294 3139 1339 srcut
3177 1285 3356 1341 unitas
3394 1295 3607 1341 tenetur
3631 1287 3681 1340 in

2105 1377 2228 1440 ﬁde,
2259 1376 2332 1430 ita
2365 1391 2581 1445 quoque
2624 1376 2805 1431 unitas
2850 1376 3113 1430 mentium
3141 1386 3386 1431 servetur
3417 1377 3473 1430 in
3502 1393 3679 1446 opere,

2104 1484 2173 1523 ne
2197 1482 2295 1539 per
2321 1483 2459 1538 opus
2486 1467 2708 1528 bonum,
2731 1467 2873 1536 quod
2903 1467 3043 1521 alter
3064 1467 3197 1537 agit,
3227 1466 3366 1521 alter
3389 1468 3457 1521 ad
3486 1468 3683 1521 discor-

2104 1560 2206 1614 diae
2237 1559 2437 1614 malum
2467 1567 2805 1629 prorumpat.
2849 1559 2928 1614 lta
2951 1560 3096 1613 enim
3133 1558 3272 1614 bona
3313 1575 3481 1628 opera
3514 1560 3683 1614 facere

2105 1653 2383 1716 debemus,
2428 1661 2488 1707 ut
2518 1667 2618 1723 per
2660 1653 2777 1707 hanc
2816 1666 3031 1722 quoque
3059 1668 3182 1706 cum
3212 1652 3298 1706 his
3340 1668 3466 1706 cum
3496 1653 3684 1721 quibus

2034 1733 2079 1790 Β
2107 1742 2338 1797 vivimus
2367 1743 2780 1797 unanimitatem
2820 1758 2876 1796 tn
2916 1750 3180 1812 quantum
3228 1750 3373 1797 recte
3403 1758 3684 1811 possumus

2107 1846 2523 1888 conservemus:
2555 1832 2608 1887 id
2632 1841 2745 1897 est,
2770 1848 2878 1886 non
2910 1832 3245 1896 deserendo,
3275 1833 3418 1900 quod
3446 1832 3681 1902 agimus,

2106 1925 2202 1980 sed
2245 1924 2625 1993 praeveniendo
2665 1924 2822 1979 bonis
2850 1922 3297 1992 persuasionibus
3347 1922 3553 1976 malum
3584 1923 3685 1976 dis-

2107 2019 2306 2077 cordia:
2350 2019 2495 2089 quod
2551 2018 2825 2073 timemus.
2872 2015 3214 2072 Pensandum
3256 2031 3387 2071 vero
3414 2025 3506 2071 est
3539 2016 3683 2070 valde

2108 2112 2251 2181 quod
2280 2109 2516 2165 dicitur:
2564 2126 2584 2159 ι
2614 2109 2741 2178 quia
2763 2107 3080 2162 earumdem
3108 2120 3420 2161 mensarum
3444 2106 3588 2160 labia
3611 2107 3686 2159 in-

2111 2201 2278 2255 terius
2305 2207 2430 2255 sunt
2469 2199 2666 2254 reﬂexa
2693 2213 2750 2252 τι
2770 2206 2900 2254 tunc
2929 2197 3072 2254 enim
3100 2211 3409 2253 mensarum
3441 2196 3587 2251 labia
3613 2197 3688 2250 in-

2109 2290 2382 2345 trinsecus
2404 2287 2775 2353 reﬂectuntur,
2804 2289 3024 2357 quando
3048 2288 3297 2343 doctores
3321 2288 3393 2342 ad
3414 2286 3689 2343 tonscien-

2109 2378 2241 2432 tiam
2262 2386 2521 2433 revocant
2548 2378 2712 2432 tacita
2734 2377 3062 2449 cogitatione
3082 2378 3226 2446 quod
3248 2378 3462 2442 dicunt,
3482 2379 3689 2449 quando

2108 2468 2431 2537 semctipsos
2454 2467 2725 2522 subtiliter
2749 2476 3164 2537 perscrutantur
3198 2468 3244 2521 si
3279 2466 3523 2533 faciunt,
3554 2467 3689 2538 quod

2111 2557 2425 2627 loquuntur.
2445 2556 2645 2611 Doctor
2661 2572 2792 2627 ergo
2813 2557 2902 2611 cui
2921 2557 2987 2611 de
3010 2557 3307 2628 disciplinae
3328 2559 3691 2612 moderamine

2109 2649 2257 2720 loqui
2284 2663 2508 2704 necesse
2529 2656 2637 2713 est,
2664 2663 2906 2704 mensam
2936 2648 3031 2704 Dei
3053 2665 3173 2704 esse
3202 2664 3262 2705 se
3284 2650 3444 2714 sciat,
3473 2667 3595 2721 quae
3618 2652 3690 2703 in-

2112 2750 2199 2797 tus
2223 2741 2433 2795 labrum
2464 2739 2707 2796 reﬂectat
2734 2759 2745 2794 :
2784 2750 2846 2795 ut
2866 2741 3013 2810 quod
3034 2741 3277 2797 docendo
3300 2740 3565 2811 lnquitur,
3597 2744 3693 2797 hoc

2110 2833 2211 2889 sub
2265 2833 2611 2890 discretionis
2645 2833 2839 2903 spiritu
2887 2833 3175 2904 vigilanter
3211 2842 3493 2903 operetur,
3527 2851 3624 2889 nec
3645 2837 3689 2889 si

2111 2925 2357 2991 quaedam
2387 2922 2491 2977 sibi
2516 2924 2705 2978 deesse
2730 2923 3062 2988 considerat,
3092 2934 3306 2993 oportet
3324 2934 3386 2979 ut
3407 2926 3481 2980 ab
3512 2942 3692 2981 eorum

2112 3010 2498 3079 praedicatione
2522 3011 2870 3085 conticescet.
2895 3012 3070 3067 Locus
3095 3014 3295 3084 quippe
3312 3013 3430 3082 ejus
3453 3016 3621 3087 exigit
3640 3024 3694 3069 ut

423 3098 667 3154 Aliorum
697 3113 826 3154 vero
852 3100 918 3154 ad
944 3102 1047 3155 hoc
1076 3116 1247 3172 usque
1274 3104 1570 3172 instruunt,
1596 3109 1800 3179 utquia
1823 3113 2005 3167 omnia

2111 3099 2380 3169 loquatur.
2413 3100 2606 3156 Verbis
2632 3116 2760 3173 ergo
2786 3102 2900 3157 suis
2926 3104 3277 3174 semetipsum
3307 3107 3619 3170 conveniat,
3644 3116 3697 3162 et

421 3188 732 3257 relinquere
763 3204 869 3242 non
904 3190 1120 3255 valent,
1151 3192 1234 3245 vel
1262 3208 1328 3247 ex
1354 3203 1509 3263 parte
1537 3212 1643 3266 qua
1677 3199 2003 3267 praevalent,

422 3280 805 3355 misericordes
833 3280 988 3347 ﬁant,
1024 3291 1080 3336 et
1103 3284 1284 3338 carnis
1308 3298 1494 3339 curam
1521 3302 1642 3342 cum
1663 3288 1858 3342 animae
1875 3304 2009 3345 cura

422 3375 763 3445 partiantur,
793 3391 995 3431 mensae
1028 3376 1239 3432 Domini
1277 3378 1345 3433 de
1379 3380 1602 3448 quadris
1631 3379 1900 3449 lapidibus
1930 3383 2011 3437 in-

422 3473 644 3520 structae
672 3481 802 3521 vasa
837 3476 1057 3536 portant
1095 3468 1151 3522 in
1192 3469 1391 3538 quibus
1419 3469 1729 3525 immolatur
1755 3472 2011 3527 holocau-

428 3562 566 3608 stum
600 3563 655 3608 et
675 3555 931 3611 victima:
968 3556 1097 3626 quia
1125 3565 1179 3611 et
1216 3556 1468 3627 perfecti,
1489 3560 1632 3614 sicut
1668 3562 1869 3615 dictum
1893 3569 2007 3626 est,

422 3659 548 3698 cum
586 3644 767 3698 omnia
814 3644 1085 3708 deserunt,
1121 3653 1295 3701 totum
1334 3662 1430 3702 cor
1469 3648 1525 3703 in
1568 3664 1755 3705 amore
1796 3650 2010 3708 Domini

423 3735 749 3801 accendunt,
791 3748 848 3791 et
887 3736 1191 3807 imperfecti
1222 3738 1548 3794 sacriﬁcium
1574 3739 1806 3796 oﬁ'erunt
1826 3781 1842 3807 ,
1867 3743 2011 3811 quod

424 3842 491 3880 ex
518 3837 672 3894 parte
695 3826 1046 3885 devoverunt.
1075 3827 1371 3899 Sequitur:

504 3934 523 3967 ι
561 3917 630 3970 Et
650 3917 790 3970 labia
821 3933 1007 3972 earum
1046 3918 1208 3988 palmi
1251 3921 1409 3975 unius
1448 3922 1645 3978 reﬂexa
1682 3924 2011 3981 intrinsecus

425 4020 524 4075 per
552 4006 860 4060 circuitum.
891 4026 910 4058 ι
950 4007 1088 4074 Quid
1116 4011 1341 4075 esthoc,
1366 4014 1508 4081 quod
1533 4030 1842 4070 mensarum
1868 4017 2011 4073 labia

424 4095 609 4165 palmo
637 4096 963 4160 metiuntur,
998 4097 1102 4151 nisi
1132 4100 1275 4167 quod
1306 4100 1359 4153 in
1396 4102 1576 4170 palmo
1612 4120 1806 4161 manus
1836 4108 2013 4162 tendi-

429 4196 538 4250 tur,
568 4196 623 4242 et
646 4187 819 4242 sancti
846 4187 1038 4243 Patres
1064 4197 1229 4258 atque
1253 4189 1507 4248 doctores
1527 4208 1591 4247 ca
1616 4194 1934 4263 praedicant,
1956 4199 2009 4252 in

429 4276 632 4345 quibus
656 4276 961 4331 auditorum
993 4291 1155 4347 opera
1185 4280 1690 4349 tendanturiQuasi
1718 4285 1864 4339 enim
1892 4302 2011 4341 ma-

429 4382 558 4422 num
585 4366 950 4433 extendimus,
981 4382 1105 4423 cum
1134 4384 1300 4439 Opera
1331 4379 1518 4426 nostra
1554 4372 1863 4430 dilatamus.
1902 4376 2010 4432 Lo-

2112 3190 2156 3244 si
2180 3205 2285 3245 non
2308 3189 2427 3256 ideo
2445 3189 2702 3259 loquitur,
2718 3192 2846 3262 quia
2866 3208 2973 3246 non
2992 3204 3269 3262 operatur,
3286 3196 3408 3250 ideo
3418 3206 3690 3265 cperetur,

2112 3277 2239 3346 quia
2274 3277 2422 3349 loqui
2443 3279 2804 3349 compellitur.
2832 3279 2932 3336 Ubi
2960 3282 3141 3351 itaque
3168 3298 3227 3338 se
3251 3286 3526 3355 conspicit
3541 3302 3697 3355 Opere

2113 3367 2335 3438 implere
2360 3370 2503 3438 quod
2524 3370 2688 3433 dicit,
2727 3372 2801 3427 ibi
2832 3372 3111 3430 auditores
3139 3376 3450 3442 admoneat,
3488 3396 3696 3434 eorum-

2112 3472 2218 3527 que
2245 3458 2454 3514 animos
2478 3459 2548 3514 ad
2584 3461 2820 3516 studium
2849 3462 3009 3519 bonae
3047 3468 3381 3535 operationis
3412 3472 3694 3525 accendat.

2116 3548 2218 3604 Ubi
2244 3557 2423 3603 autem
2446 3550 2678 3606 necdum
2710 3567 2768 3607 se
2792 3553 2943 3609 videt
2968 3555 3240 3624 implesse,
3270 3559 3416 3627 quod
3438 3560 3694 3630 loquitur,

2113 3639 2182 3692 ad
2206 3639 2347 3693 bona
2371 3639 2439 3694 de
2463 3641 2660 3709 quibus
2687 3643 2965 3698 auditores
2986 3646 3260 3711 admonet,
3284 3663 3344 3702 se
3369 3665 3590 3720 quoque
3611 3666 3697 3720 pa.

2115 3727 2249 3782 riter
2279 3728 2577 3784 inﬂammet
2604 3743 2661 3785 ut
2689 3732 2802 3801 ipse
2827 3734 2993 3788 etiam
3030 3736 3192 3790 simul
3218 3739 3392 3794 discat
3417 3740 3473 3794 in
3506 3757 3696 3809 opere,

2112 3824 2256 3894 quod
2283 3840 2381 3895 per
2406 3839 2530 3880 eum
2561 3826 2800 3897 loquitur
2818 3829 3030 3884 Veritas
3052 3831 3103 3884 in
3125 3832 3534 3899 praedicatione.
3552 3834 3699 3904 Saepe

2115 3915 2263 3969 enim
2287 3916 2430 3984 quod
2459 3917 2691 3972 vivendo
2714 3919 2987 3975 nescimus
3018 3922 3278 3989 compulsi
3306 3922 3586 3980 locutione
3610 3928 3700 3979 «εο-

2113 4004 2303 4058 ctrina:
2327 4004 2600 4075 loquendo
2621 4006 2902 4073 discimus,
2932 4018 2987 4064 et
3013 4011 3140 4065 dum
3166 4011 3233 4066 de
3263 4014 3599 4083 cogitatione
3621 4016 3700 4087 pi-

2114 4096 2287 4168 gritia:
2313 4104 2512 4151 nostrae
2530 4106 2714 4153 reatus
2736 4100 2979 4154 nascitur
3000 4101 3054 4156 in
3068 4112 3265 4166 mente.
3285 4106 3537 4161 eamdem
3559 4123 3700 4163 men-

2114 4196 2223 4243 tem
2245 4189 2590 4259 compunctio
2615 4189 2799 4245 subito
2828 4190 3019 4245 oborta
3052 4194 3497 4263 transverberat,
3525 4206 3581 4252 et
3606 4213 3698 4251 sua

2113 4294 2245 4335 voce
2270 4280 2504 4335 excitata
2526 4280 2744 4349 evigilat
2771 4282 2823 4336 in
2844 4297 3028 4350 opere,
3054 4297 3173 4353 quae
3191 4286 3342 4354 prius
3362 4287 3620 4357 torpebat
3645 4288 3697 4342 in

2112 4370 2225 4424 otio
2256 4371 2374 4448 sine
2395 4385 2546 4425 voce.
2578 4371 2718 4426 Ecce
2740 4375 2884 4427 enim
2910 4389 3034 4428 cum
3061 4388 3260 4430 mensa:
3287 4375 3493 4431 labium
3519 4377 3695 4448 palmo

428 4467 632 4530 quatur
651 4474 781 4530 ergo
809 4461 1181 4530 unusquisque
1201 4460 1408 4526 doctor,
1439 4477 1536 4517 cor
1553 4463 1822 4520 audientis
1847 4481 2007 4523 exet-
2039 4439 2089 4498 D
2118 4446 2374 4524 tenditu'r,
2392 4460 2444 4515 id
2461 4470 2566 4526 est,
2582 4474 2677 4530 per
2691 4461 2932 4517 doctoris
2947 4478 3011 4518 os
3023 4472 3209 4519 contra
3223 4465 3352 4519 vitia
3372 4439 3695 4537 dispdlatur,

429 4560 575 4617 ceat,
608 4553 909 4607 otiosorum
955 4561 1224 4622 torporem
1271 4553 1540 4618 excutiat,
1588 4571 1727 4625 quos
1770 4557 1894 4612 dum
1941 4560 2008 4614 ad

433 4655 593 4710 opera
617 4643 932 4708 tetenderit,
961 4643 1200 4713 palmum
1237 4661 1295 4699 se
1327 4645 1525 4702 habere
1556 4648 1609 4701 in
1650 4649 1807 4705 labiis
1830 4659 2012 4706 osten-

433 4734 542 4789 dat.
568 4734 907 4789 Pensandum
931 4751 1145 4806 quoque
1173 4737 1297 4807 quia
1326 4737 1379 4791 in
1402 4738 1583 4809 palmo
1609 4741 1808 4812 digitus
1837 4744 2011 4812 major

435 4837 499 4877 ac
525 4822 779 4877 minimus
814 4823 1066 4879 tenditur.
1104 4826 1245 4893 Quid
1270 4843 1400 4883 vero
1442 4828 1636 4899 majori
1676 4846 1742 4887 ac
1786 4832 2009 4888 minimo

430 4914 622 4985 digito,
654 4914 756 4969 nisi
784 4930 979 4986 magna
1010 4924 1064 4970 et
1083 4927 1326 4973 extrema
1350 4919 1494 4974 actio
1520 4921 1871 4993 designatur?
1896 4924 2012 4979 Pal-

434 5019 583 5061 mum
610 5019 741 5076 ergo
766 5019 966 5060 mensae
990 5006 1045 5061 in
1078 5007 1219 5062 labio
1250 5009 1503 5078 habeant,
1542 5021 1810 5082 quatenus
1834 5015 1887 5069 in
1918 5016 2011 5069 do—

429 5105 645 5152 ctorum
675 5110 896 5152 suorum
927 5098 1309 5168 praedicatione
1340 5101 1593 5172 vigilent,
1619 5113 1675 5158 et
1703 5108 1781 5161 sic
1816 5121 1883 5161 ex
1923 5122 2011 5164 eo-

435 5204 558 5244 rum
580 5187 949 5244 admonitione
978 5204 1170 5261 magna
1197 5206 1359 5262 opera
1389 5192 1623 5260 faciant,
1670 5204 1729 5251 ut
1766 5211 1929 5267 agere
1950 5209 2012 5253 et

425 5283 657 5337 'minima
684 5297 792 5337 non
817 5281 1089 5337 omittunt.
1134 5284 1225 5339 Sic
1266 5285 1504 5342 minimis
1543 5287 1735 5343 intenti
1777 5290 1916 5355 sint,
1953 5300 2012 5347 ut

431 5375 571 5446 pigri
594 5376 647 5429 in
671 5376 893 5445 agendis
923 5376 1219 5446 majoribus
1244 5393 1351 5432 non
1381 5378 1511 5433 sint.
1548 5378 1698 5436 Unde
1724 5397 1821 5453 per
1842 5383 2015 5437 Evan-

433 5465 631 5534 gelium
671 5463 886 5521 Veritas
927 5466 1097 5522 dicit:
1140 5485 1158 5516 ι
1196 5467 1284 5522 Vae
1311 5466 1483 5533 vobis,
1513 5469 1708 5526 scribae
1735 5480 1788 5525 et
1814 5471 2009 5527 Phari-

434 5553 526 5607 mei
558 5554 883 5624 hypocritae,
915 5557 1040 5625 quia
1076 5558 1355 5613 decimatis
1390 5561 1666 5616 mentbam
1701 5566 2027 5618 ct‘anetlmm

434 5647 492 5694 et
516 5644 813 5704 evminum.
846 5655 900 5701 et
929 5647 1231 5717 relinquitis
1280 5665 1399 5720 qua:
1429 5652 1674 5719 graviora
1705 5666 1827 5708 sunt
1853 5653 2008 5723 legis,

2114 4560 2281 4619 atque
2309 4550 2378 4604 ad
2399 4551 2540 4606 bona
2559 4566 2725 4621 opera
2747 4554 3169 4608 corlauditorum
3196 4554 3534 4621 accenditur,
3552 4557 3700 4612 multi

2116 4640 2210 4710 qui
2240 4639 2357 4709 ejus
2384 4640 2550 4695 verba
2579 4641 2824 4707 audiunt,
2854 4652 3055 4713 quanta
3082 4644 3165 4699 vel
3203 4644 3381 4713 qualia
3409 4647 3556 4701 mala
3578 4662 3701 4718 per-

2114 4732 2452 4800 petraverint
2473 4741 2887 4801 recognoscunt,
2922 4743 3087 4803 atque
3107 4736 3176 4789 ad
3221 4750 3347 4790 eum
3378 4737 3703 4791 conﬁtentes

2117 4823 2374 4889 veniunt,
2415 4839 2541 4879 cum
2583 4839 2683 4895 pro
2713 4826 2952 4894 peccatis
2993 4827 3107 4883 suis
3137 4827 3555 4884 intercessorem
3588 4828 3700 4884 ﬁeri

2102 4932 2239 4970 eum
2280 4914 2497 4971 ﬂetibus
2523 4925 2744 4987 petunt,
2778 4926 2836 4973 ut
2865 4918 2983 4990 ipse
3021 4920 3227 4976 orando
3267 4921 3449 4978 deleat
3478 4923 3698 4996 culpas,
3764 4902 3773 4913 ’

2115 5020 2253 5074 quas
2272 5006 2618 5074 praedicando
2645 5009 2976 5065 manifestat.
3013 5010 3165 5067 Unde
3189 5020 3244 5067 et
3268 5013 3558 5069 subditur:

2191 5123 2210 5156 ι
2240 5105 2416 5177 Super
2440 5122 2658 5163 mensas
2684 5117 2864 5164 autem
2889 5125 3085 5166 carnes
3103 5112 3412 5169 oblationis.
3446 5134 3465 5168 ι
3507 5116 3700 5171 Docto-

2116 5209 2203 5250 res
2223 5196 2424 5251 etenim
2455 5200 2628 5253 sancti
2665 5213 2791 5254 cum
2836 5215 2936 5271 pro
2976 5203 3314 5272 compunctis
3351 5220 3417 5259 ac
3444 5215 3695 5276 peccato-

2115 5285 2266 5340 ribus
2293 5296 2454 5356 atque
2472 5287 2857 5345 conﬁtentibus
2881 5291 3237 5362 omnipotenti
3263 5292 3490 5350 Domino
3512 5310 3697 5366 preces

2114 5375 2366 5443 fundunt,
2380 5393 2478 5448 per
2498 5380 2618 5444 hoc,
2642 5381 2785 5449 quod
2810 5382 3019 5435 veniam
3042 5398 3140 5452 pro
3160 5384 3367 5439 carnali
3386 5400 3577 5440 eorum
3591 5387 3693 5440 vita

2113 5465 2407 5535 postulant,
2432 5483 2633 5523 mensa
2670 5469 2883 5523 Domini
2912 5486 3106 5525 carnes
3136 5471 3429 5528 oblationis
3455 5483 3687 5543 portant.

2117 5563 2187 5618 Ut
2214 5579 2344 5634 ergo
2366 5566 2473 5620 sint
2498 5581 2595 5635 pro
2618 5568 2815 5636 quibus
2834 5567 3111 5622 conversis
3130 5576 3186 5620 et
3208 5567 3457 5622 ﬂentibus
3480 5578 3685 5639 rogent.

2114 5664 2324 5723 oportet
2358 5664 2415 5711 ut
2435 5657 2637 5712 eisdem
2660 5657 2809 5726 prius
2839 5658 2890 5710 in
2918 5665 3141 5727 peccato
3161 5656 3352 5726 positis
3375 5657 3687 5727 praedicent,
