3972 6184
380 299 489 356 957

1306 303 1658 361 COMMENT.
1698 305 1766 360 IN
1804 305 2260 368 EZEClllELEM.
2302 341 2372 352 --
2412 310 2536 365 U8.
2582 311 2719 367 XVI.

3550 321 3657 379 9'38

381 421 440 467 et
463 426 585 468 cum
616 409 729 479 jam
758 413 1027 482 cmperint
1048 423 1274 483 peccata
1321 415 1660 485 relinquere,
1701 425 1865 485 atque
1896 417 1965 471 ad
1991 423 2039 480 Α
2069 423 2137 478 de
2185 425 2366 479 verbis
2416 424 2608 480 litterae
2649 427 2750 482 sub
2788 427 3052 484 brevitate
3092 432 3513 488 transcurrimus
3539 476 3555 500 ,
3600 437 3653 491 in

387 507 748 562 innocentiam
779 506 1062 571 festinam,
1087 523 1307 563 necesse
1334 518 1418 563 est
1446 518 1506 563 ut
1527 525 1656 580 erga
1683 525 1776 565 eos
1798 511 1968 563 inore

382 601 624 657 doctoris
673 601 1011 656 incrementa
1061 602 1463 672 prtcdicationis
1508 612 1862 668 excrescant,
1914 612 1972 658 et

382 692 707 763 quibusdam
762 693 1021 748 doctrina:
1065 709 1175 748 sate
1212 696 1374 748 verbo
1419 702 1568 749 tanto
1596 695 1971 750 vehementius

378 785 620 851 insistat,
654 794 857 855 quanto
910 801 1005 840 eos
1050 787 1266 856 gravius
1317 787 1580 841 cecidisse
1624 787 1965 841 considerat:

384 875 638 932 videlicet
665 876 843 931 sciens
878 876 1019 944 quod
1054 876 1107 929 in
1149 891 1209 930 se
1238 884 1388 929 tanto
1418 877 1720 931 mercedem
1761 889 1972 945 magnas

384 966 843 1021 remunerationis
865 966 1118 1036 accipiat,
1152 975 1357 1036 quanto
1386 966 1568 1021 verbis
1597 967 1710 1021 suis
1738 966 1876 1021 alios
1903 966 1971 1021 de

383 1054 832 1127 profundiouibns
854 1057 1091 1126 peccatis
1120 1056 1281 1110 levat.
1306 1057 1457 1110 Sacri
1486 1056 1686 1126 eloquii
1711 1056 1972 1127 mysticus

385 1155 468 1202 est
496 1163 689 1202 sensus
715 1159 773 1201 ut
799 1147 1066 1216 Propheta
1094 1161 1192 1217 per
1216 1146 1601 1217 aspirationem
1639 1148 1812 1202 sancti
1846 1145 1969 1217 Spi-

382 1238 522 1292 ritus
544 1238 841 1307 prudenter
865 1238 1167 1309 intelligens
1192 1239 1435 1294 dieebat:
1466 1257 1486 1287 ο
1523 1239 1790 1294 Mirabilia
1821 1240 1975 1295 ιουδιί-

385 1328 574 1381 monia
600 1337 708 1394 tua,
740 1328 985 1395 Domine,
1023 1330 1146 1385 ideo
1167 1338 1404 1384 scrutata
1431 1340 1513 1385 est
1531 1346 1594 1385 ea
1622 1332 1803 1385 anima
1829 1346 1969 1396 mea,

383 1426 490 1472 etc.
523 1416 697 1487 (Psal.
730 1421 944 1489 cxvm).
981 1439 999 1469 ι
1026 1418 1126 1474 Cui
1152 1435 1283 1491 ergo
1321 1421 1544 1475 verbum
1590 1421 1731 1475 sacri
1772 1420 1970 1490 eloquii

384 1508 489 1562 nisi
524 1506 688 1578 lapidi
733 1508 911 1562 simile
958 1509 1215 1576 dixerim,
1248 1510 1301 1564 in
1334 1524 1443 1580 quo
1488 1509 1628 1578 ignis
1672 1509 1835 1573 latet,
1878 1509 1971 1578 qui

384 1610 553 1649 manu
580 1594 796 1664 quidem
828 1595 1059 1665 frigidus
1102 1605 1336 1662 tenetur,
1380 1598 1473 1653 sed
1503 1612 1792 1666 percussus
1827 1599 1972 1653 ferro

384 1699 485 1756 per
512 1685 774 1740 scintillas
799 1686 1223 1755 emicat?Atque
1260 1687 1363 1741 hoc
1395 1688 1598 1741 emittit
1636 1689 1814 1758 ignem
1832 1726 1848 1751 ,
1875 1686 1969 1756 qui

384 1783 513 1846 post
540 1776 746 1837 ardeat,
769 1776 913 1845 quod
941 1777 1092 1844 prius
1120 1793 1311 1832 manus
1333 1777 1585 1848 frigidum
1610 1778 1831 1833 tenebat
1854 1796 1868 1831 :
1890 1779 1971 1834 sic

383 1866 587 1921 etenim
617 1866 696 1921 sic
720 1866 885 1921 verba
915 1876 1042 1921 sunt
1067 1870 1204 1923 sacri
1236 1869 1461 1938 eloquii,
1491 1885 1612 1938 qua:
1635 1870 1854 1939 quidem
1874 1884 1972 1939 per

383 1958 754 2012 narrationem
804 1958 999 2014 littera:
1044 1958 1238 2030 frigida
1281 1969 1553 2016 tenentur.
1603 1961 1707 2016 Sed
1754 1962 1802 2016 si
1848 1962 1972 2032 quis

384 2049 503 2102 haec
524 2049 796 2117 aspirante
823 2048 1051 2103 Domino
1082 2050 1290 2104 intento
1329 2051 1605 2107 intellectu
1640 2052 1967 2120 pulsaverit,

384 2138 453 2191 de
483 2138 730 2207 mysticis
763 2138 886 2207 ejus
922 2140 1174 2193 sensibus
1204 2141 1382 2207 ignem
1419 2143 1701 2210 producit,
1725 2124 1864 2198 utin
1890 2145 1971 2200 eis

383 2228 569 2283 verbis
608 2238 731 2297 post
770 2229 981 2283 animus
1016 2230 1335 2299 spiritaliter
1378 2232 1601 2297 ardeat,
1652 2250 1774 2303 qua:
1817 2236 1971 2304 prius

383 2331 487 2387 per
514 2317 747 2372 litteram
771 2318 885 2386 ipse
906 2333 1123 2387 quoque
1153 2318 1380 2389 frigidus
1415 2320 1687 2376 audiebat.
1715 2322 1854 2378 Ecce
1889 2333 1970 2379 et-

385 2409 533 2462 enim
562 2408 823 2478 Propheta
854 2410 983 2463 dicit
1008 2427 1021 2462 :

462 2516 482 2549 (
501 2498 570 2552 Et
590 2508 741 2552 extra
771 2507 982 2567 portam
1012 2499 1327 2554 interiorem
1368 2499 1751 2570 gazophylacia
1782 2511 1970 2555 canto-

389 2606 413 2643 ι
453 2605 573 2644 rum
618 2590 671 2644 in
718 2590 857 2644 atrio
898 2591 1140 2645 interiori
1170 2590 1312 2659 quod
1354 2599 1471 2645 erat
1514 2591 1568 2644 in
1606 2590 1774 2645 latere
1800 2600 1969 2659 porte

390 2701 410 2734 ι
449 2682 789 2752 respicientis
821 2684 888 2738 ad
915 2683 1245 2752 aquilonem,
1280 2692 1336 2738 et
1367 2682 1537 2738 facies
1564 2697 1750 2737 eorum
1778 2692 1967 2737 contra

388 2790 410 2823 ι
445 2772 589 2826 viam
619 2772 930 2838 australem,
962 2788 1124 2827 unam
1153 2787 1220 2826 ex
1248 2772 1417 2828 latere
1454 2781 1625 2842 portae
1651 2773 1965 2838 orientalis,

393 2881 413 2913 ε
447 2876 568 2931 qua:
598 2864 920 2933 respiciebat
946 2864 1015 2918 ad
1040 2863 1183 2917 viam
1212 2863 1497 2932 aquilonis.
1537 2883 1556 2915 ι
1583 2863 1641 2916 In
1672 2863 1758 2918 his
1786 2864 1969 2933 itaque

384 2953 567 3007 verbis
596 2953 790 3007 litterae
812 2952 878 3007 ad
906 2968 1145 3008 amorem
1178 2954 1270 3008 Dei
1298 2954 1454 3023 cujus
1476 2953 1692 3007 animus
1726 2952 1965 3007 inferve-

382 3041 544 3095 scat?
576 3042 705 3110 quin
732 3043 912 3110 potius
947 3043 1068 3112 quis
1098 3058 1202 3097 non
1240 3058 1306 3098 ex
1349 3044 1465 3112 ipsa
1496 3057 1692 3098 eorum
1734 3042 1967 3098 lectione

2069 516 2149 570 eis
2192 530 2383 571 sensus
2417 518 2679 586 mysticus
2719 535 2864 574 nunc
2916 520 3154 575 breviter
3203 522 3540 591 exquiratur.
3594 525 3653 580 lu

2069 614 2222 674 parte
2275 616 2456 660 autem
2504 608 2771 677 superiori
2818 616 2929 663 tres
2974 619 3142 677 portae
3184 610 3466 679 descriptae
3495 626 3653 677 sunt.

2072 693 2123 747 id
2164 702 2276 756 est,
2321 696 2548 750 orientis
2573 737 2590 760 ,
2622 697 2888 766 aquilonis
2923 708 2977 754 et
3003 700 3172 753 austri
3213 717 3225 752 :
3258 715 3491 770 moxque
3518 702 3649 756 intc-

2071 784 2233 838 rioris
2263 785 2386 839 atrii
2428 793 2541 841 tres
2568 787 2690 842 alim
2724 796 2978 853 narrate,
3016 790 3069 843 id
3112 799 3217 854 est,
3244 794 3438 858 austri,
3474 794 3657 849 orien-

2072 874 2141 927 tis
2175 882 2231 928 et
2261 875 2561 943 aquilonis,
2595 892 2660 930 ac
2685 877 2878 932 deinde
2906 888 3057 948 porta
3097 881 3222 935 atrii
3254 882 3526 939 interioris
3573 886 3655 938 di-

2069 973 2155 1019 cta
2193 975 2274 1020 est
2308 966 2361 1019 in
2399 981 2505 1035 qua
2545 982 2744 1022 mensa:
2777 969 2844 1023 de
2889 970 3111 1038 quadris
3156 970 3422 1039 lapidibus
3462 984 3653 1029 extru-

2071 1065 2174 1110 ctae
2196 1067 2584 1121 memorantur,
2610 1067 2666 1113 et
2694 1072 2868 1129 porta,
2896 1078 3017 1131 quae
3050 1064 3374 1133 respiciebat
3409 1066 3476 1120 ad
3503 1068 3653 1134 aqui-

2072 1147 2271 1209 lonem,
2314 1148 2369 1201 in
2390 1162 2495 1217 qua
2530 1163 2729 1204 mensae
2753 1161 2938 1205 essent
2983 1153 3049 1207 ad
3093 1153 3418 1209 sacriﬁcium
3448 1171 3554 1209 non
3585 1156 3652 1209 ad

2075 1236 2468 1293 holocaustum.
2504 1236 2656 1293 Unde
2703 1240 2755 1294 in
2800 1240 3057 1297 interiore
3098 1243 3334 1299 diximus
3362 1246 3653 1315 signiﬁcari

2071 1330 2392 1394 Ecclesium,
2424 1331 2478 1384 in
2507 1332 2765 1386 exteriori
2793 1347 3140 1403 synagogam.
3179 1333 3285 1388 Seu
3314 1334 3401 1389 bis
3425 1334 3657 1403 expletis

2073 1433 2290 1472 rursum
2334 1417 2603 1487 Propheta
2651 1419 2839 1488 incipit
2878 1420 3192 1475 interiorem
3238 1432 3448 1490 portam
3493 1430 3691 1491 atque.

2073 1517 2188 1564 tres
2208 1507 2363 1572 alias,
2396 1508 2450 1563 id
2478 1517 2564 1563 est
2584 1509 2874 1578 aquilonis,
2911 1511 3083 1564 austri
3108 1520 3164 1565 et
3198 1513 3423 1567 orientis
3451 1513 3654 1567 descri-

2072 1599 2226 1662 bere,
2264 1606 2321 1652 et
2363 1598 2417 1652 in
2450 1613 2636 1653 earum
2673 1600 2814 1654 atrio
2844 1600 3118 1663 interiori,
3164 1601 3305 1670 quod
3339 1611 3457 1656 erat
3498 1612 3653 1656 extra

2073 1697 2286 1757 portam
2322 1688 2635 1743 interiorem
2659 1703 2780 1743 esse
2821 1689 3207 1759 gazophylacia
3236 1701 3538 1756 cantorum,
3562 1706 3653 1745 sa-

1996 1766 2045 1823 Β
2072 1779 2338 1844 cerdotes,
2363 1777 2641 1847 templum,
2664 1777 2834 1832 altare
2868 1786 2923 1832 et
2965 1780 3232 1833 sacriﬁcia
3277 1780 3545 1849 perhibet.
3588 1778 3645 1833 ιη

2069 1868 2265 1938 quibus
2294 1867 2475 1923 verbis
2494 1906 2510 1932 ,
2540 1866 2667 1935 quia
2692 1867 2757 1922 de
2803 1876 3004 1922 sancta:
3035 1866 3292 1922 Ecclesiae
3318 1868 3654 1924 institutione

2070 1974 2295 2017 narrare
2331 1958 2436 2013 alia
2477 1959 2545 2012 ab
2587 1958 2698 2023 eis,
2729 1973 2849 2027 quas
2874 1959 3028 2028 prius
3053 1960 3264 2015 dixerat
3287 1961 3471 2030 C(Bpit.
3507 1968 3655 2030 patet

2069 2052 2210 2121 quod
2240 2051 2516 2106 interioris
2554 2062 2728 2121 portae
2773 2051 3105 2107 intellectum
3136 2054 3382 2107 mutavit.
3417 2052 3474 2108 Si
3502 2055 3647 2110 enim

2069 2145 2169 2200 sub
2193 2159 2302 2198 uno
2324 2143 2596 2198 intellectu
2615 2142 2796 2198 omnia
2819 2143 3044 2207 diceret,
3063 2159 3202 2198 novo
3222 2144 3411 2199 ordine
3437 2145 3548 2213 ipsa
3575 2156 3655 2199 at-

2068 2249 2171 2302 que
2184 2232 2287 2286 alia
2305 2248 2412 2286 non
2434 2232 2739 2302 replicaret.
2758 2231 2894 2285 Nam
2907 2233 3177 2302 quomodo
3198 2249 3483 2303 possumus
3497 2250 3558 2288 ex
3568 2243 3650 2288 tra

2066 2335 2277 2395 portam
2303 2325 2631 2386 interiorem,
2673 2322 3289 2395 atrium,gazophylacia
3308 2364 3321 2386 ,
3366 2334 3617 2379 cantores
3635 2366 3648 2390 ,

2068 2415 2398 2477 sacerdotes,
2428 2413 2705 2482 templum,
2736 2414 2927 2478 altare,
2956 2413 3224 2469 sacriﬁcia
3254 2414 3453 2478 dicere,
3485 2415 3527 2469 si
3552 2431 3649 2484 per

2067 2505 2311 2560 eamdem
2342 2514 2552 2572 portam
2581 2504 2894 2560 interiorem
2921 2505 3024 2560 hoc
3051 2505 3170 2560 loco
3195 2513 3379 2560 sancta
3406 2505 3647 2560 Ecclesia

2068 2595 2411 2663 designetur?
2438 2594 2573 2649 Cum
2595 2594 2740 2649 enim
2768 2603 2965 2649 cuncta
3000 2595 3116 2650 haec
3144 2595 3286 2649 intra
3318 2595 3488 2664 ipsam
3517 2596 3646 2659 sint,

2067 2685 2336 2754 quomodo
2362 2694 2517 2741 extra
2543 2693 2754 2756 portam
2783 2684 3100 2739 interiorem
3127 2692 3276 2750 sunt,
3303 2684 3347 2739 si
3374 2692 3524 2738 extra
3549 2684 3651 2740 Ec-

2067 2775 2287 2832 clesiam
2315 2792 2420 2831 non
2451 2777 2614 2831 sunt?
2638 2776 2865 2848 lntelligi
2889 2791 3018 2847 ergo
3039 2786 3197 2845 porta
3222 2776 3447 2831 interior
3468 2785 3649 2845 potest

2065 2883 2157 2932 ea,
2183 2868 2249 2922 de
2277 2883 2383 2937 qua
2420 2866 2534 2936 jam
2580 2866 2738 2936 longe
2782 2866 3030 2935 superius
3076 2865 3243 2921 locuti
3281 2880 3485 2927 sumus,
3527 2880 3646 2934 quae

2067 2968 2255 3011 contra
2284 2964 2496 3025 portam
2520 2955 2791 3025 aquilonis
2811 2962 2868 3010 et
2895 2955 3219 3011 orientalem
3247 2955 3446 3010 dicitur
3469 2954 3645 3025 posita

2070 3063 2165 3117 per
2192 3063 2355 3117 quam
2390 3046 2611 3118 ﬁgurari
2639 3046 2873 3102 diximus
2904 3046 3130 3111 aditum,
3171 3046 3261 3116 qni
3294 3045 3447 3101 nobis
3470 3045 3537 3100 ad
3564 3044 3649 3100 in—

383 3134 643 3204 tepeﬁat?
679 3135 737 3191 Si
767 3147 948 3192 autem
970 3110 1147 3192 latens
1172 3138 1227 3191 in
1257 3110 1434 3193 littera
1455 3138 1716 3207 spiritalis
1734 3137 1964 3193 medulla
1993 3110 2037 3171 (ἶ
2071 3110 2266 3193 teriora
2298 3110 2492 3208 gaudia
2526 3138 2716 3207 patria:
2738 3136 2978 3193 cmlestis
3009 3110 3281 3208 aperitur,
3309 3144 3370 3191 ut
3405 3136 3492 3192 hic
3513 3152 3649 3208 quo-

384 3226 700 3291 discutitur,
729 3242 826 3296 per
850 3226 955 3281 hoc
982 3226 1231 3282 scintilla:
1256 3227 1566 3282 intellectus
1591 3235 1792 3281 exeunt
1811 3235 1865 3280 et
1888 3228 1970 3281 in—

381 3319 641 3379 cendunt.
659 3320 801 3388 quod
825 3320 976 3389 prius
988 3319 1169 3374 cordis
1190 3318 1413 3373 auribus
1433 3319 1683 3388 frigidum
1705 3320 1964 3373 sonabat:

377 3408 540 3463 nobis
592 3417 768 3464 tamen
809 3418 869 3463 ut
896 3424 959 3477 se
1007 3410 1283 3479 aspirante
1326 3408 1558 3463 Domino
1606 3408 1833 3462 interior
1878 3408 1966 3462 in-

378 3498 631 3553 tellectus
656 3501 895 3568 aperiat,
923 3500 1038 3568 ipsa
1083 3499 1233 3567 prius
1262 3498 1503 3552 narratio
1542 3498 1696 3567 juxta
1730 3498 1965 3552 litteram

379 3590 622 3661 pateﬁat.
649 3590 741 3644 Ait
762 3592 927 3652 enim,
952 3590 1079 3660 quia
1105 3598 1258 3659 porta
1282 3598 1402 3644 erat
1435 3589 1660 3643 interior
1687 3597 1849 3658 atque
1873 3604 1967 3644 ex-

382 3688 465 3732 tra
499 3679 634 3734 hanc
661 3680 859 3734 atrium
897 3680 1038 3749 quod
1067 3679 1365 3751 appellatur
1391 3679 1647 3742 interius,
1679 3694 1745 3735 ac
1774 3678 1967 3734 deinde

380 3769 521 3833 alite,
563 3770 615 3823 id
644 3778 757 3833 est,
801 3770 1089 3840 aquilonis,
1118 3770 1287 3824 austri
1332 3779 1494 3838 atque
1530 3768 1758 3824 orientis
1799 3778 1966 3839 porta:

380 3860 799 3914 describuntur:
833 3870 892 3914 ut
920 3862 1095 3930 ipsum
1121 3860 1317 3914 atrium
1350 3859 1492 3928 quod
1521 3873 1645 3913 esse
1664 3866 1816 3913 extra
1841 3873 1967 3928 por-

379 3958 492 4001 tam
524 3948 836 4004 interiorem
868 3951 1118 4013 dixerat,
1161 3965 1193 4003 a
1237 3949 1411 4019 portis
1436 3947 1803 4004 exterioribus
1842 3962 1965 4002 esse

380 4038 611 4093 interius
634 4042 902 4095 ostendat.
936 4041 1149 4096 Atrium
1184 4056 1315 4111 ergo
1352 4042 1454 4095 hoc
1490 4049 1546 4095 et
1586 4040 1717 4095 foris
1737 4050 1792 4093 et
1820 4040 1967 4094 intus

377 4140 486 4196 est,
512 4132 663 4198 foris,
708 4134 834 4202 quia
865 4143 1016 4187 extra
1046 4142 1257 4201 portam
1303 4132 1653 4186 interiorem:
1690 4132 1835 4186 intus
1863 4146 1964 4185 au-

379 4228 510 4286 tem,
535 4222 661 4291 quia
688 4222 830 4276 intra
852 4232 1036 4291 portas
1057 4207 1379 4277 exteriores.
1403 4221 1805 4292 Gazopbylacia
1829 4236 1979 4291 quoa

378 4326 486 4380 que
514 4320 796 4366 cantorum
843 4327 965 4367 esse
1002 4313 1055 4367 in
1094 4315 1197 4368 hoc
1237 4313 1425 4367 eodem
1471 4313 1613 4367 atrio
1641 4322 1962 4378 narrantur,

376 4417 500 4471 qua:
540 4418 573 4457 a
620 4402 788 4459 latere
817 4414 985 4474 porta:
1025 4406 1197 4474 posita
1238 4404 1492 4459 dicuntur
1529 4405 1867 4475 respicientis
1894 4405 1961 4458 ad

378 4492 686 4561 aquilonem
714 4510 727 4545 :
765 4493 858 4547 sed
885 4493 997 4561 ipsa
1023 4494 1210 4548 eadem
1242 4493 1626 4564 gazophylacia
1658 4493 1723 4547 ad
1749 4503 1959 4549 austra-

376 4585 487 4639 lem
512 4584 653 4638 viam
681 4586 993 4655 respiciunt.
1018 4586 1087 4640 Et
1111 4587 1360 4642 subditur
1387 4606 1399 4641 :
1438 4608 1455 4639 ι
1494 4588 1572 4642 Ex
1600 4588 1768 4643 latere
1792 4598 1958 4658 portae

374 4672 678 4735 orientalis,
711 4688 832 4742 qua:
864 4675 1187 4743 respiciebat
1226 4677 1294 4730 ad
1336 4677 1478 4730 viam
1518 4677 1804 4746 aquilonis.
1842 4697 1862 4730 ι
1898 4678 1957 4732 In

375 4765 574 4835 quibus
613 4766 798 4821 verbis
842 4776 1027 4836 aperte
1067 4767 1420 4838 intelligitur,
1469 4767 1594 4834 quia
1638 4774 1958 4824 cunctorum

375 4857 752 4928 gazothylacia
798 4859 941 4913 inter
974 4858 1114 4914 latus
1142 4867 1310 4928 porta:
1340 4857 1679 4927 respicientis
1704 4860 1771 4911 ad
1799 4859 1957 4929 aqui-

376 4950 576 5013 lonem,
601 4957 655 5002 et
688 4948 825 5003 latus
849 4958 1017 5018 portae
1040 4948 1322 5004 orientalis
1344 4947 1562 5003 fuerant
1598 4948 1772 5017 posita
1790 4987 1806 5013 ,
1837 4964 1959 5018 quae

375 5050 530 5111 porta
568 5041 675 5095 vide
691 5040 815 5096 licet
836 5040 1162 5110 respiciebat
1180 5041 1247 5095 ad
1272 5040 1411 5094 viam
1436 5038 1724 5108 aquilonis.
1767 5038 1958 5094 Facies

376 5135 558 5201 itaque
589 5132 1099 5203 gazOphylaciorum
1138 5138 1328 5186 contra
1359 5131 1501 5185 viam
1523 5130 1837 5195 australem,
1862 5129 1957 5185 sed

374 5223 573 5292 positio
603 5224 744 5277 inter
766 5230 977 5291 portam
1002 5230 1123 5277 erat
1148 5222 1377 5277 orientis
1403 5230 1458 5277 et
1479 5221 1767 5290 aquilonis.
1792 5221 1955 5276 Porta

369 5329 505 5385 ergo
530 5315 753 5369 interior
787 5313 1020 5369 habebat
1043 5329 1109 5367 ex
1142 5312 1306 5369 latere
1332 5322 1545 5383 portam
1572 5311 1865 5381 aquilonis,
1888 5324 1956 5366 ex

371 5403 481 5461 alio
504 5421 719 5476 quoque
744 5404 910 5460 latere
942 5413 1153 5474 portam
1179 5404 1468 5459 australem
1485 5443 1502 5469 ,
1527 5403 1580 5457 in
1616 5402 1796 5458 hoste
1825 5416 1956 5457 vero

370 5498 623 5554 vestibuli
689 5497 968 5554 orientalis
1021 5507 1177 5568 porta
1227 5503 1537 5551 surrexerat
1591 5494 1605 5549 ἑ
1662 5503 1826 5565 atque
1877 5494 1957 5550 sic

374 5588 573 5643 atrium
610 5596 729 5643 erat
754 5598 907 5642 extra
947 5595 1156 5657 portam
1205 5585 1515 5639 interiorem
1539 5624 1553 5647 ,
1596 5592 1654 5637 ut
1683 5585 1785 5639 hoc
1817 5599 1955 5653 quo-

374 5695 482 5751 que
515 5690 658 5735 esset
694 5680 948 5743 interius,
986 5685 1153 5747 porta:
1180 5676 1415 5731 exterius
1455 5674 1780 5731 ambiebant.
1834 5678 1954 5734 lltcc

2068 3243 2175 3297 que
2211 3243 2309 3296 per
2348 3237 2566 3296 portas,
2611 3242 2731 3296 qum
2776 3228 2921 3282 circa
2952 3226 3276 3283 vestibulum
3322 3234 3649 3293 narrantur,

2068 3326 2255 3372 sancta
2283 3316 2554 3371 Ecclesia:
2586 3332 2686 3386 per
2708 3326 2923 3385 portam
2946 3332 3078 3371 vero
3110 3316 3422 3370 interiorem
3441 3355 3457 3381 ,
3488 3315 3645 3371 emis

2067 3408 2170 3463 stis
2217 3407 2367 3477 regni
2408 3407 2588 3462 aditus
2630 3407 2906 3476 ﬁguretur.
2951 3405 3057 3460 Sed
3097 3420 3164 3459 ne
3190 3406 3314 3474 quis
3353 3421 3440 3460 me
3483 3406 3647 3461 verba

2067 3497 2239 3551 sancti
2269 3495 2504 3567 Spiritus
2523 3498 2756 3551 aestimet
2783 3496 2853 3550 ad
2884 3494 3214 3550 intellectum
3243 3509 3422 3549 meum
3449 3494 3650 3548 violen-

2067 3599 2151 3644 ter
2179 3588 2472 3654 inﬁectere,
2507 3597 2564 3644 et
2589 3589 2733 3644 dicat
2761 3589 2886 3658 quia
2919 3588 2986 3642 de
3014 3597 3170 3657 porta
3199 3587 3459 3642 interiore
3481 3586 3649 3656 signi-

2067 3679 2372 3734 ﬁcationem
2402 3687 2604 3734 sancta:
2628 3678 3085 3746 Ecclesim,quatn
3117 3677 3285 3732 semel
3304 3677 3412 3731 dixi
3438 3686 3648 3732 mutare

2067 3786 2172 3825 non
2205 3770 2387 3835 debui,
2416 3768 2712 3838 infulgente
2742 3767 2838 3822 Dei
2868 3766 3252 3835 omnipotentis
3282 3766 3477 3836 gratia,
3519 3781 3640 3834 quae

2067 3858 2331 3927 cmpimus
2358 3859 2474 3927 ipsa
2506 3866 2813 3913 teneamus:
2843 3865 2981 3912 utet
3013 3865 3168 3926 porta
3204 3857 3433 3911 interior
3470 3856 3648 3928 signet

2066 3948 2383 4013 Ecclesiam,
2412 3964 2533 4018 qua!
2557 3962 2651 4002 eos
2675 3948 2743 4001 ad
2766 3948 3025 4003 interiora
3058 3947 3251 4018 gaudia
3293 3946 3556 4015 perducit,
3588 3953 3644 4000 et

2067 4038 2463 4109 gazophylacia,
2491 4047 2763 4102 cantores,
2792 4038 3124 4105 sacerdotes,
3150 4037 3428 4108 templum,
3447 4037 3641 4103 altare,

2067 4129 2332 4186 sacriﬁcia
2358 4129 2469 4184 sint
2499 4130 2550 4184 in
2588 4129 2729 4184 atrio
2754 4129 2896 4198 quod
2926 4137 3010 4184 est
3029 4139 3184 4184 extra
3216 4139 3452 4199 portam,
3479 4138 3534 4184 et
3562 4139 3643 4183 ta-

2067 4235 2191 4275 men
2215 4229 2370 4274 extra
2401 4219 2695 4275 Ecclesium
2725 4236 2833 4275 non
2865 4220 2992 4275 sint.
3025 4220 3083 4275 Si
3112 4220 3257 4274 enim
3283 4220 3465 4275 subtili
3482 4220 3647 4295 juve-

2066 4309 2354 4380 stigatione
2386 4310 2775 4380 perquirimus,
2805 4310 2880 4365 nil
2914 4310 3095 4365 obstat
3137 4310 3385 4380 intelligi,
3417 4320 3476 4365 ut
3500 4309 3641 4364 inte-

2066 4400 2268 4456 riorem
2297 4411 2531 4470 portam,
2563 4400 2704 4456 sicut
2724 4401 2928 4456 dictum
2948 4409 3053 4465 est,
3077 4407 3321 4454 sanctam
3346 4397 3643 4453 Ecclesiam

2064 4497 2396 4559 sentiamus,
2431 4493 2500 4548 de
2538 4508 2643 4561 qua
2687 4508 2830 4547 nunc
2857 4491 3096 4546 dicitur:
3134 4500 3226 4545 «et
3248 4498 3404 4544 extra
3428 4499 3643 4559 portam

2061 4582 2376 4637 interiorem
2390 4581 2773 4652 gazophylacia
2794 4588 3080 4634 cantorum
3102 4579 3155 4632 in
3177 4578 3315 4632 atrio
3332 4578 3629 4633 interiori.»

2060 4672 2179 4729 Duo
2200 4682 2327 4728 sunt
2356 4671 2580 4736 etenim,
2615 4685 2737 4739 qua:
2774 4669 3051 4732 dicuntur,
3082 4678 3237 4738 porta
3272 4667 3519 4731 interior,
3549 4677 3633 4720 at-

2062 4777 2170 4832 que
2192 4768 2347 4815 extra
2377 4760 2517 4814 hanc
2542 4759 2741 4812 atrium
2774 4757 3025 4822 interius,
3052 4764 3319 4825 quatenus
3339 4756 3443 4810 hoc
3464 4755 3640 4824 ipsum

2058 4853 2256 4908 atrium
2287 4858 2344 4904 et
2376 4850 2617 4905 exterius
2644 4848 2746 4914 sit,
2787 4858 2846 4902 et
2868 4847 3118 4910 interius,
3143 4846 3383 4901 exterius
3409 4862 3440 4900 a
3463 4854 3637 4915 porta,

2058 4941 2288 4997 tnterius
2315 4950 2495 4995 autem
2512 4980 2527 5005 ,
2563 4940 2705 4994 sicut
2729 4937 3078 5009 praediximus
3099 4979 3114 5003 ,
3136 4937 3310 5008 portis
3349 4953 3484 5007 quas
3508 4952 3640 4992 nar-

2057 5032 2229 5087 rando
2258 5031 2556 5101 subjunxit.
2607 5030 2806 5087 Sancta
2853 5031 2999 5087 enim
3045 5030 3286 5087 Ecclesia
3328 5030 3462 5085 duas
3502 5030 3640 5086 vitas

2058 5128 2240 5191 habet,
2273 5141 2437 5180 unam
2464 5141 2570 5196 qua
2598 5126 2967 5196 temporaliter
2994 5125 3161 5189 ducit,
3192 5123 3355 5179 aliam
3381 5137 3543 5194 quam
3578 5122 3635 5177 in

2055 5227 2316 5273 aeternum
2344 5217 2538 5289 recipit
2569 5234 2585 5272 :
2619 5232 2781 5273 unam
2803 5231 2908 5286 qua
2930 5215 3143 5272 laborat
3171 5216 3226 5270 in
3258 5224 3402 5270 terra
3422 5254 3435 5276 ,
3469 5212 3634 5268 aliam

2057 5322 2163 5376 qua
2190 5316 2567 5364 remuneratur
2604 5309 2659 5363 in
2687 5307 2856 5375 cmlo;
2893 5323 3058 5363 unam
3083 5322 3188 5378 qua
3217 5305 3497 5360 mercedes
3525 5303 3639 5359 col-

2060 5397 2198 5471 ligit,
2233 5401 2391 5456 aliam
2418 5415 2549 5456 vero
2593 5400 2649 5455 in
2671 5415 2779 5470 qua
2801 5398 2916 5470 jam
2943 5400 3009 5456 de
3048 5397 3275 5467 receptis
3299 5395 3637 5451 mercedibus

2060 5490 2277 5561 gaudet.
2316 5490 2495 5559 Atque
2534 5489 2587 5543 in
2639 5496 2872 5559 utraque
2912 5488 3022 5541 vita
3060 5485 3219 5542 oil‘ert
3265 5481 3632 5539 sacriﬁcium:

2060 5580 2150 5635 hic
2180 5578 2429 5635 videlicet
2457 5580 2784 5635 sacriﬁcium
2812 5577 3274 5646 compunctionis,
3316 5583 3371 5629 ct
3398 5574 3506 5628 illic
3534 5589 3625 5628 sa-

2058 5672 2320 5728 criﬁcium
2352 5670 2547 5726 laudis.
2579 5670 2655 5727 Dc
2688 5670 2791 5727 hoc
2815 5668 3083 5724 sacriﬁcio
3112 5666 3344 5722 dicitur:
3378 5683 3396 5715 ι
3439 5662 3627 5718 Sacri-
