3972 6184
372 263 481 322 959

1010 260 1073 316 Β.
1113 257 1370 315 RABANI
1408 254 1634 314 MAURI
1669 253 1991 316 ARCJIIEP.
2034 250 2347 309 MOGUNT.
2388 251 2674 309 OPERUM
2714 251 2895 308 PARS
2929 251 2994 306 ll.

3543 256 3644 316 960

373 381 561 437 ﬁcium
582 379 695 436 Deo
716 377 941 448 spiritus
967 373 1362 433 contribulatus
1389 370 1564 444 (Paul.
1596 370 1670 440 ι).
1710 390 1728 422 ι
1758 371 1835 425 De
1868 369 1958 423 illo
1984 372 2034 431 Α
2061 367 2439 437 prmsumimus
2458 407 2473 431 ,
2527 382 2883 423 exerceamus
2934 367 3299 438 nosmetipsos
3357 369 3411 423 in
3457 372 3648 431 ardore

372 477 558 526 autem
604 468 865 538 scriptum
906 473 990 521 est
1017 483 1031 519 :
1068 484 1086 515 ι
1117 465 1268 518 Tunc
1297 461 1607 531 acceptabis
1631 460 1956 516 sacrificium

366 559 591 632 iustitiae
638 557 936 613 oblationes
979 563 1035 609 et
1086 554 1404 609 holocausta
1453 550 1692 622 (ιδιά).
1726 553 1801 606 De
1849 566 1959 620 quo

369 664 562 705 rursus
603 648 722 701 ait:
760 665 779 697 ‹
810 645 880 701 Ut
932 652 1120 698 cantet
1199 641 1296 696 tibi
1354 640 1524 712 gloria
1575 655 1695 694 mea
1743 648 1800 694 et
1847 655 1954 694 non

371 752 702 807 compungar
727 734 908 806 (I’sal.
940 733 1123 802 χχιχ).
1163 752 1180 783 ι
1214 732 1271 785 In
1303 741 1534 800 utroque
1565 740 1745 785 autem
1779 731 1953 785 sacri-

372 827 495 881 llcio
524 840 716 879 carnes
761 822 1063 878 oﬂ'eruntur
1095 840 1108 875 :
1146 822 1275 890 quia
1304 821 1391 874 hic
1421 819 1626 873 oblatio
1663 819 1842 874 carnis
1871 828 1957 873 est

371 921 666 977 maceratio
694 919 938 989 corporis
971 937 983 970 τ
1014 918 1086 972 ibi
1128 916 1335 970 oblatio
1372 915 1559 970 carnis
1598 922 1684 969 est
1714 914 1767 967 in
1795 913 1955 968 laude

371 1014 465 1068 Dei
496 1013 664 1083 gloria
696 1010 1131 1067 resurrectionis.
1181 1009 1332 1062 Tunc
1357 1007 1555 1076 quippe
1579 1005 1687 1059 illic
1717 1006 1872 1075 quasi
1898 1006 1951 1059 in

368 1102 744 1159 holocaustum
773 1102 1000 1155 oll‘ertur
1029 1113 1176 1160 caro,
1211 1096 1427 1166 quando
1456 1097 1511 1149 in
1538 1105 1739 1150 aeterna
1773 1095 1954 1150 incor-

368 1192 621 1262 ruptione
648 1199 953 1261 permutata
1000 1188 1072 1242 nil
1112 1186 1579 1250 contradictionis,
1604 1186 1676 1240 nil
1708 1186 1951 1241 mortali-

368 1282 501 1336 tatis
534 1281 802 1343 habuerit,
850 1280 978 1349 quia
1009 1286 1120 1333 tota
1162 1277 1320 1332 simul
1361 1277 1564 1331 amoris
1589 1276 1706 1343 ejus
1739 1276 1955 1347 ignibus

366 1387 594 1428 accensa
638 1373 691 1426 in
728 1372 887 1426 laude
920 1371 1038 1425 sine
1087 1371 1193 1424 line
1217 1370 1573 1440 permanebit.
1621 1369 1783 1424 Porta
1821 1385 1952 1440 ergo

363 1462 481 1516 haec
513 1463 759 1526 interior,
809 1463 861 1517 id
903 1469 987 1517 est
1026 1468 1214 1516 sancta
1256 1460 1521 1524 Ecclesia,
1573 1461 1773 1515 habeat
1813 1461 1953 1516 inte—

364 1556 511 1610 riora
544 1571 663 1620 sua,
699 1557 844 1609 illam
885 1554 1137 1610 videlicet
1159 1554 1347 1617 vitam,
1405 1569 1525 1622 qua:
1563 1553 1741 1607 adhuc
1776 1554 1952 1609 oculis

362 1646 567 1701 nostris
590 1646 799 1701 occulta
842 1654 943 1701 est.
978 1645 1186 1700 Habeat
1212 1654 1364 1700 extra
1403 1660 1521 1698 eam
1569 1645 1768 1698 atrium
1794 1654 1948 1700 exte-

2059 460 2365 527 charitatis,
2389 469 2447 516 et
2474 461 2547 515 ibi
2579 460 2865 515 tendamus
2887 460 3074 515 oculos
3101 461 3301 524 cordis,
3336 461 3429 516 ubi
3460 477 3648 520 accen-

2058 551 2239 606 dimur
2264 552 2386 622 igne
2416 551 2637 606 amoris.
2671 549 2861 606 Potest
2894 559 3077 605 autem
3105 566 3203 621 per
3231 552 3501 621 aquilonis
3531 570 3646 623 por-

2060 651 2170 698 tam
2193 644 2483 714 gentilitas,
2518 660 2614 713 per
2640 643 2811 698 austri
2857 643 3001 698 viam
3042 642 3249 710 Judaaa,
3291 660 3389 714 per
3427 647 3647 703 orientis

2058 744 2238 788 autem
2266 741 2477 803 portam
2513 735 2629 803 ipse
2675 734 2935 789 Dominus
2961 735 3253 803 designari.
3302 735 3409 791 Per
3442 739 3648 807 aquilo-

2059 837 2182 879 nem
2212 825 2413 894 quippe
2442 840 2551 880 non
2577 826 2852 879 immerito
2877 825 3156 895 gentilitas
3179 826 3461 895 ﬁguratur,
3485 846 3642 898 quam

2058 913 2146 968 ille
2167 913 2221 966 in
2245 913 2479 982 torporis
2519 913 2722 983 frigore
2751 915 3011 984 possedit,
3048 915 3140 983 qui
3163 915 3302 969 dixit
3334 934 3345 968 :
3378 936 3396 967 ‹
3437 917 3643 974 Scdebo

2056 1001 2111 1056 in
2162 1011 2346 1057 metite
2392 1003 2708 1057 testamenti
2758 1004 2812 1057 in
2862 1002 3124 1058 lateribus
3173 1004 3445 1074 aquilonis
3497 1007 3639 1076 (Im.

2056 1109 2146 1147 xiv
2168 1093 2209 1165 ).
2242 1113 2260 1145 ι
2284 1094 2390 1149 Per
2435 1094 2731 1150 australem
2774 1111 2989 1165 quoque
3016 1105 3225 1164 portam
3275 1105 3424 1151 recte
3461 1095 3641 1153 Judzea

2055 1186 2351 1255 accipitur,
2403 1186 2457 1240 in
2507 1203 2615 1257 qua
2653 1186 2926 1256 spiritales
2972 1187 3164 1241 Patres
3212 1188 3423 1243 cculesti
3463 1205 3643 1244 amore

2055 1273 2374 1330 ferbuerunt
2400 1295 2412 1329 :
2448 1291 2680 1345 quorum
2710 1292 2850 1331 unus
2890 1276 3161 1346 loquitur,
3193 1278 3376 1332 dicens
3408 1296 3422 1331 :
3452 1299 3470 1329 ι
3504 1276 3642 1334 Con-

2055 1374 2224 1431 verte,
2249 1366 2498 1430 Domine,
2520 1367 2890 1438 captivitatem
2906 1378 3147 1423 nostram
3171 1372 3311 1423 sicut
3340 1378 3557 1448 torrens
3584 1369 3637 1424 in

2054 1455 2279 1527 austro(
2304 1455 2453 1510 Psal.
2486 1458 2682 1525 cxxv).
2723 1476 2742 1511 ι
2779 1455 2910 1523 Qua:
2938 1457 3040 1512 etsi
3068 1458 3342 1514 carnalem
3385 1460 3637 1529 populqu

2055 1549 2265 1613 habuit,
2311 1550 2366 1603 in
2403 1564 2511 1617 quo
2544 1549 2690 1604 velut
2731 1549 3002 1619 aquilonis
3043 1548 3245 1620 frigora
3281 1552 3540 1618 portavit,
3587 1551 3640 1605 in

2053 1642 2257 1697 sanctis
2289 1650 2469 1697 tamen
2489 1642 2601 1697 suis
2629 1641 2938 1696 doctoribus
2960 1656 3025 1696 ac
3048 1641 3323 1711 prophetis
3341 1641 3413 1695 ad
3446 1641 3639 1707 Deum,

362 1736 498 1800 rius,
532 1737 586 1790 id
626 1746 729 1802 est,
766 1737 931 1791 vitam
965 1744 1285 1805 praesentem
1328 1735 1381 1787 in
1411 1750 1514 1804 qua
1557 1749 1718 1787 omne
1747 1736 1946 1789 bonum
1977 1719 2024 1777 B
2052 1747 2116 1786 ac
2144 1732 2451 1800 proximum
2480 1732 2664 1788 calore
2708 1732 2994 1787 charitatis
3023 1732 3177 1787 arsit.
3219 1731 3514 1788 Orientalis
3549 1750 3640 1788 au-

363 1828 563 1899 agitur,
588 1836 648 1882 ut
676 1829 744 1882 ad
772 1830 970 1883 bonum
999 1828 1114 1881 sine
1137 1827 1243 1880 fine
1272 1827 1639 1895 perveniatur.
1671 1824 1793 1880 Sint
1816 1842 1948 1897 ergo

364 1918 421 1972 in
446 1919 688 1973 interiori
721 1919 880 1984 atrio,
913 1921 1054 1989 quod
1081 1929 1259 1976 tamen
1301 1928 1453 1973 extra
1486 1927 1697 1989 portam
1722 1928 1826 1985 est,
1848 1935 1949 1990 ga-

351 2011 673 2081 .zophylacia
711 2019 1013 2066 cantorum.
1055 2011 1190 2078 Quia
1219 2011 1375 2066 electi
1407 2012 1608 2079 quique
1636 2019 1797 2080 atque
1828 2026 1949 2080 per-

354 2101 512 2168 ‘fecti,
539 2104 628 2172 qui
661 2103 835 2158 adhuc
869 2104 922 2157 in
940 2119 1105 2158 carne
1131 2103 1342 2158 mortali
1369 2104 1700 2168 subsistunt,
1727 2112 1781 2157 et
1805 2105 1947 2157 intra

350 2194 538 2248 sinum
581 2204 705 2249 sunt
729 2205 932 2251 sancta:
964 2196 1237 2262 Ecclesiae,
1269 2206 1323 2251 et
1355 2198 1532 2252 adhuc
1554 2205 1708 2251 extra
1737 2204 1947 2251 secreta

354 2286 553 2356 gaudia
600 2287 871 2345 interioris
908 2289 1054 2343 vitae.
1089 2288 1228 2356 Quid
1256 2299 1383 2343 sunt
1411 2297 1592 2343 autem
1616 2289 1944 2359 gazophyla-

356 2378 441 2430 cia
471 2387 779 2443 cantorum,
813 2381 913 2434 nisi
943 2389 1130 2435 sancta
1176 2380 1442 2435 desideria
1485 2380 1803 2444 amantium,
1853 2380 1943 2449 qui

358 2476 625 2535 prmcepta
672 2468 872 2533 divina,
921 2469 1072 2539 quasi
1105 2470 1365 2537 quasdam
1394 2469 1612 2535 divitias
1640 2469 1948 2523 custodiunt

356 2570 411 2608 in
438 2566 619 2611 mente
647 2573 780 2627 quas
808 2559 1078 2614 cantando
1114 2568 1357 2624 servant,
1407 2560 1530 2627 quia
1560 2559 1817 2613 mandata
1848 2558 1945 2613 Dei

356 2662 466 2702 non
506 2664 571 2703 ex
626 2650 856 2715 timore,
898 2651 991 2706 sed
1044 2666 1108 2705 ex
1170 2666 1355 2705 amore
1406 2649 1695 2720 perficiunt
1723 2650 1946 2718 :eisque

357 2737 489 2807 ipsa:
536 2738 676 2794 sacri
722 2740 921 2810 eloquii
973 2743 1363 2811 prreceptiones
1419 2739 1721 2795 cantabilcs
1769 2740 1942 2804 fiunt,

356 2836 491 2891 quas
518 2839 621 2877 non
651 2839 717 2878 ex
758 2825 1005 2888 tristitia,
1039 2825 1133 2879 sed
1164 2842 1231 2878 ex
1259 2826 1529 2880 desiderio
1558 2839 1776 2892 semper
1814 2838 1946 2893 ope—

356 2914 579 2968 rantur?
610 2914 887 2984 Superiori
940 2915 1210 2970 locutione
1238 2930 1337 2984 per
1367 2923 1579 2983 portam
1610 2914 1842 2969 orientis
1875 2914 1943 2967 ﬁ-

356 3002 501 3069 dem,
528 3017 624 3074 pcr
648 3005 915 3074 aquilonis
945 3020 1119 3075 spem,
1160 3020 1259 3075 per
1299 3004 1469 3079 austri
1497 3014 1678 3058 autem
1703 3004 1943 3059 charita-

357 3104 467 3151 tem
501 3097 735 3152 diximus
761 3097 1052 3168 designari.

428 3187 556 3244 Hmc
603 3190 785 3258 itaque
816 3189 1198 3261 gazophylacia
1229 3189 1372 3243 inter
1397 3196 1608 3259 portam
1636 3188 1865 3244 orientis
1887 3196 1945 3244 et

356 3279 624 3349 aquilonis
652 3295 773 3336 esse
815 3289 1208 3345 memorantur,
1256 3290 1420 3351 atque
1448 3280 1515 3335 ad
1546 3281 1688 3334 viam
1727 3289 1942 3336 austra-

356 3366 461 3423 lem
493 3369 784 3438 respicere,
816 3370 940 3440 quia
976 3372 1140 3425 corda
1171 3378 1479 3425 sanctorum
1511 3370 1656 3426 inter
1677 3370 1860 3436 ﬁdem,
1887 3381 1944 3426 et

355 3474 505 3529 spem
534 3461 733 3530 posita,
764 3461 1056 3516 australem
1077 3464 1221 3516 viam
1244 3463 1563 3532 respiciunt,
1596 3477 1718 3533 qua:
1744 3472 1945 3519 sancta:

358 3550 644 3605 charitatis
686 3551 900 3621 ignibus
950 3552 1320 3607 inardescunt.
1351 3551 1470 3622 Ipsa
1509 3566 1727 3622 quoque
1768 3552 1945 3607 orien-

356 3641 484 3696 talis
513 3651 667 3712 porta
703 3644 975 3713 respicere
1003 3644 1203 3699 dicitur
1231 3645 1297 3699 ad
1320 3644 1464 3697 viam
1490 3644 1779 3714 aquilonis,
1815 3643 1943 3713 quia

356 3731 513 3786 nobis
539 3747 637 3802 per
660 3734 818 3788 (idem
848 3734 1065 3804 quidem
1094 3735 1277 3789 omnia
1301 3734 1352 3788 in
1378 3735 1702 3804 baptismate
1722 3744 1944 3805 peccata

355 3822 631 3889 laxantur,
667 3827 760 3881 sed
790 3833 969 3880 tamen
1005 3827 1133 3881 dum
1163 3826 1342 3881 adhuc
1372 3825 1461 3881 hic
1485 3825 1738 3889 vivimus,
1778 3825 1944 3880 etiam

356 3922 479 3984 post
509 3914 671 3971 [idem
704 3918 901 3985 saepius
947 3918 1012 3973 ad
1044 3926 1269 3987 peccata
1301 3917 1655 3983 declinamus,
1698 3926 1754 3973 et
1791 3920 1946 3987 quasi

354 4007 586 4062 orientis
614 4015 769 4075 porta
802 4007 945 4061 viam
981 4007 1252 4076 aquilonis
1293 4009 1530 4078 respicit,
1563 4024 1685 4063 cum
1712 4008 1820 4062 vita
1852 4023 1949 4061 no-

357 4106 473 4155 stra
507 4106 631 4168 post
656 4106 967 4168 perceptam
994 4098 1152 4153 fidem
1180 4100 1356 4153 adhuc
1385 4098 1728 4169 aliquatenus
1759 4099 1811 4153 in
1844 4099 1946 4153 fri—

358 4204 490 4260 gore
516 4188 685 4258 culpa:
729 4189 1005 4258 torpescit.
1037 4186 1170 4255 Quis
1217 4188 1362 4242 enim
1399 4189 1451 4241 in
1494 4189 1598 4243 hac
1630 4189 1740 4241 vita
1767 4187 1949 4242 valeat

362 4287 488 4350 post
516 4278 696 4342 fidem,
726 4278 843 4333 sine
872 4277 1028 4347 culpa
1074 4278 1277 4341 vivere,
1312 4292 1433 4331 cum
1472 4276 1709 4333 Joannes
1753 4278 1901 4333 dicat
1930 4296 1942 4331 :

2051 1833 2157 1906 tein
2197 1836 2351 1894 porta
2388 1840 2492 1879 non
2532 1825 2807 1880 immerito
2846 1826 3022 1895 ipsum
3070 1827 3249 1896 signat
3281 1826 3349 1880 de
3370 1841 3480 1895 quo
3510 1825 3639 1880 scri-

2048 1928 2197 1985 ptum
2228 1923 2313 1969 est
2342 1930 2356 1968 :
2387 1934 2407 1967 ι
2442 1916 2582 1971 Ecce
2619 1916 2734 1981 vir,
2762 1915 2971 1973 Oriens
3011 1932 3209 1972 nomen
3239 1915 3381 1985 ejus.
3411 1936 3431 1968 ι
3465 1915 3536 1969 Et
3578 1917 3640 1971 de

2048 2023 2156 2076 quo
2205 2007 2503 2063 Zacharias
2549 2010 2668 2062 ait:
2702 2027 2722 2059 ι
2754 2008 3008 2064 Visitavit
3054 2023 3156 2063 nos
3198 2007 3383 2061 oriens
3420 2019 3489 2060 cx
3535 2006 3639 2061 alto

2050 2094 2255 2166 (Zaclt.
2288 2112 2363 2161 vi;
2406 2096 2535 2150 Luc.
2563 2097 2640 2167 ι).
2673 2116 2692 2148 ι
2746 2096 2869 2151 Sint
2901 2111 3031 2166 ergo
3057 2094 3440 2166 gazophylacia
3463 2103 3641 2149 cauto-

2049 2202 2168 2239 rum
2195 2202 2262 2241 ex
2305 2186 2475 2241 latere
2506 2197 2677 2255 porta:
2716 2185 2988 2255 aquilonis
3019 2201 3034 2239 :
3061 2185 3191 2254 quia
3217 2200 3324 2238 non
3368 2183 3549 2237 solum
3588 2184 3639 2236 in

2046 2274 2231 2331 Judtea
2256 2275 2481 2331 fuerunt
2500 2277 2662 2331 corda
2693 2287 3007 2331 Sanctorum
3035 2274 3351 2345 spiritaliter
3381 2288 3636 2337 accensa,

2052 2368 2149 2421 sed
2172 2367 2335 2421 etiam
2381 2368 2435 2421 in
2458 2367 2778 2438 gentilitatis
2815 2366 3218 2420 multitudinem
3244 2364 3313 2419 ad
3343 2372 3553 2418 sancta:
3576 2363 3640 2415 ﬁ-

2046 2457 2133 2510 dei
2176 2465 2513 2511 sacramenta
2552 2471 2829 2512 converste
2871 2457 3065 2511 ardent
3108 2456 3275 2509 corda
3319 2462 3636 2508 sanctorum

2046 2561 2232 2600 amore
2257 2545 2496 2601 celestis
2522 2545 2733 2616 patriar,
2779 2546 2985 2600 inhiant
3008 2545 3219 2617 gaudiis
3239 2545 3485 2610 :etcrnis,
3525 2544 3638 2614 spi-

2047 2649 2171 2695 rant
2200 2641 2269 2695 ad
2296 2643 2614 2697 societatem
2645 2658 2867 2699 suorum
2892 2642 3094 2699 civium
3132 2642 3187 2697 in
3213 2641 3369 2698 cmlo.
3420 2640 3532 2697 Sed
3564 2651 3640 2697 ta-

2046 2747 2171 2787 men
2196 2733 2444 2803 cxempla
2474 2732 2634 2803 hujus
2654 2734 2870 2789 ardoris
2893 2748 3054 2803 quem
3080 2733 3224 2788 dono
3249 2734 3426 2788 sancti
3456 2731 3635 2803 Spiri-

2048 2831 2136 2879 tus
2167 2832 2522 2892 acceperunt,
2568 2824 2638 2879 ab
2677 2823 3013 2894 spiritalibus
3058 2822 3304 2893 patribus
3351 2837 3639 2894 synagoga:

2047 2915 2285 2985 capiunt.
2319 2913 2470 2970 Unde
2505 2915 2621 2985 ipsa
2648 2930 2865 2985 quoque
2893 2911 3280 2985 gamphylacia
3310 2920 3366 2967 et
3394 2914 3449 2967 in
3477 2913 3638 2982 aqui-

2048 3009 2189 3063 lonis
2224 3009 2395 3064 latere
2429 3008 2624 3079 posita,
2676 3008 2863 3064 oculos
2904 3009 2973 3062 ad
3002 3009 3145 3062 viam
3183 3006 3482 3063 australem
3524 3016 3643 3061 ten-

2047 3101 2201 3156 dunt.
2256 3101 2398 3157 Ecce
2424 3102 2570 3157 enim
2590 3116 2656 3155 ex
2696 3102 2948 3171 gentibus
2971 3100 3240 3165 venimus,
3290 3097 3385 3154 sed
3417 3100 3472 3153 iu
3515 3099 3638 3164 hoc,

2047 3193 2190 3263 quod
2213 3206 2310 3263 per
2336 3194 2510 3249 sancti
2547 3208 2789 3249 amorem
2814 3193 3055 3248 calemus
3095 3190 3294 3247 Iudaea:
3327 3190 3524 3246 Patres
3556 3181 3642 3245 as-

2045 3282 2305 3351 picimus,
2334 3284 2426 3354 qui
2457 3284 2615 3339 nobis
2646 3284 2702 3337 in
2725 3285 2840 3339 suis
2878 3283 3040 3339 dictis
3067 3282 3309 3351 quotidie
3348 3283 3529 3337 sancti
3557 3282 3643 3337 de-

2045 3371 2229 3425 siderii
2272 3372 2517 3442 exempla
2570 3373 2833 3443 praebent.
2890 3372 2974 3428 An
3015 3388 3147 3432 non.
3196 3373 3355 3442 quasi
3401 3371 3640 3427 calorem

2048 3463 2330 3517 meridiani
2379 3463 2608 3519 fervoris
2651 3464 2898 3529 ardebat,
2937 3465 3032 3534 qui
3069 3464 3353 3528 aestuabat,
3403 3464 3635 3519 dicens:

2053 3569 2073 3601 ι
2102 3551 2256 3606 Sicut
2283 3568 2477 3608 cervus
2496 3554 2769 3608 desiderat
2787 3556 2854 3608 ad
2879 3553 3055 3609 fontes
3076 3569 3366 3623 aquarum,
3392 3554 3467 3607 ita
3496 3553 3636 3608 desi-

2046 3640 2199 3695 derat
2237 3642 2418 3696 anima
2474 3656 2591 3696 mea
2636 3642 2703 3696 ad
2755 3650 2808 3697 te
2846 3642 3008 3698 Deus.
3056 3642 3243 3698 Sitivit
3288 3642 3475 3697 anima
3518 3656 3636 3696 nica

2046 3730 2113 3784 ad
2150 3731 2319 3785 Deum
2347 3731 2555 3792 vivum.
2596 3733 2816 3801 quando
2845 3733 3549 3803 veniametappareboante
3565 3731 3641 3785 fa-

2047 3820 2185 3874 ciem
2227 3821 2365 3875 Dei?
2392 3840 2411 3874 ι
2443 3821 2463 3893 (
2491 3820 2637 3876 Paul.
2673 3822 2824 3893 xu.)
2854 3822 2957 3891 Qui
2992 3837 3182 3878 rursus
3197 3824 3273 3876 ait
3303 3838 3316 3875 :
3353 3843 3371 3873 ι
3402 3821 3638 3877 Psallam

2046 3918 2104 3965 et
2140 3910 2434 3982 intelligam
2478 3912 2534 3966 in
2575 3914 2660 3967 via
2704 3913 3050 3969 immaculata
3092 3913 3312 3983 quando
3344 3914 3531 3969 venies
3569 3914 3641 3969 ad

2049 4016 2136 4055 me
2185 3999 2384 4072 (Psol.
2423 4018 2454 4057 c
2482 4003 2523 4073 ).
2568 4023 2587 4055 ι
2644 4003 2761 4059 Hoc
2807 4020 3028 4075 quoque
3086 4004 3283 4059 ardore
3340 4017 3639 4060 succensus

2048 4089 2245 4154 fuerat,
2293 4092 2386 4161 qui
2418 4093 2634 4148 dicebat
2666 4112 2679 4147 :
2717 4112 2736 4144 ι
2771 4093 2925 4149 Nunc
2949 4094 3181 4150 dimittis
3209 4110 3430 4149 servum
3461 4103 3635 4160 tuum,

2050 4181 2296 4245 Domine,
2344 4183 2640 4238 secundum
2662 4183 2888 4238 verbum
2915 4191 3066 4238 tuum
3108 4185 3164 4238 iu
3191 4199 3365 4253 pace:
3403 4184 3531 4254 quia
3559 4184 3641 4239 vi-

2050 4272 2248 4326 derunt
2270 4271 2415 4326 oculi
2442 4272 2547 4326 mei
2580 4272 2822 4328 salutare
2849 4282 3000 4328 tuum
3024 4272 3183 4342 (Luc.
3212 4274 3308 4344 ιι).
3339 4293 3361 4326 ι

365 4389 384 4421 ι
416 4368 471 4424 Si
501 4369 814 4433 dixerimus,
865 4368 993 4439 quia
1031 4379 1313 4438 peccatum
1366 4385 1470 4423 non
1517 4369 1798 4435 habemus,
1840 4372 1941 4439 ipsi
1971 4403 2023 4463 Ι)
2122 4373 2260 4440 Quia
2299 4388 2431 4443 ergo
2478 4388 2545 4429 ex
2591 4374 2895 4443 gentilitate
2937 4375 3221 4440 venimus,
3272 4376 3370 4430 sed
3420 4383 3642 4429 sanctos

359 4462 810 4535 nos_seducimus,
844 4471 899 4517 et
927 4463 1128 4518 veritas
1166 4462 1220 4516 in
1248 4461 1406 4517 nobis
1446 4476 1551 4515 non
1582 4471 1665 4516 est
1692 4461 1757 4531 (Ι
1778 4461 1940 4518 Jaan.

360 4553 436 4625 ι).
459 4572 479 4606 ι
505 4552 670 4623 Cujus
698 4553 880 4610 verbis
905 4552 1138 4609 Jacobus
1163 4553 1505 4610 concordans
1532 4552 1610 4607 ait
1637 4571 1649 4608 :
1681 4572 1698 4603 ι
1726 4554 1784 4608 In
1815 4554 1949 4609 mul-

359 4643 433 4698 tis
453 4642 597 4697 enim
641 4643 963 4699 offendimus
997 4658 1188 4699 omnes
1209 4644 1226 4715 (
1248 4643 1435 4699 Iacob.
1468 4643 1584 4709 ιιι).
1624 4665 1643 4697 ι
1676 4643 1734 4699 Si
1762 4656 1946 4701 autem

360 4741 582 4804 peccata
608 4736 879 4803 praeterita
908 4735 962 4790 in
997 4735 1120 4789 fidei
1157 4734 1503 4805 perceptione
1529 4734 1750 4791 dimissa
1794 4744 1944 4801 sunt,

361 4832 418 4878 et
448 4822 625 4878 adhuc
654 4832 775 4892 post
804 4825 961 4879 ﬁdem
997 4825 1064 4880 ad
1092 4833 1313 4895 peccata
1340 4824 1663 4891 declinatur,
1707 4838 1826 4896 qua:
1850 4841 1948 4882 no-

362 4910 450 4967 bis
477 4910 581 4965 erit
620 4912 1232 4981 praesumptiojustitize,
1263 4929 1385 4984 qua:
1426 4929 1550 4985 Spes
1577 4917 1703 4970 vita:
1739 4931 1951 4986 perma-

363 5000 567 5066 nentis,
595 5000 700 5055 nisi
727 5010 786 5056 ut
812 5017 957 5057 nunc
986 5004 1111 5058 dum
1137 5005 1313 5061 adhuc
1353 5006 1496 5061 inter
1522 5015 1733 5076 portam
1769 5008 1950 5062 orien-

365 5091 436 5148 tis
460 5098 516 5147 et
541 5089 809 5161 aquilonis
834 5105 1021 5145 sumus
1038 5132 1051 5157 ,
1078 5093 1144 5147 ad
1175 5093 1317 5147 viam
1339 5102 1510 5149 austri
1537 5096 1737 5151 mentis
1761 5097 1948 5154 oculos

362 5181 648 5238 levemus?
684 5189 950 5252 quatenus
994 5196 1062 5238 ex
1107 5193 1294 5239 sancta
1338 5186 1605 5242 charitate
1656 5188 1944 5254 ferventes,

366 5273 516 5329 calor
544 5288 644 5329 nos
673 5274 876 5329 amoris
898 5273 1091 5330 liberet
1122 5290 1150 5329 a
1183 5276 1337 5347 culpa
1371 5280 1591 5349 teporis,
1623 5287 1678 5334 et
1707 5279 1943 5352 frigoris.

366 5364 491 5441 Sint
518 5381 645 5438 ergo
692 5367 1080 5439 gazophylacia
1129 5366 1273 5422 inter
1318 5378 1531 5439 portam
1578 5371 1838 5435 orientis,
1895 5380 1951 5428 et

365 5457 653 5527 aquilonis,
680 5459 795 5525 sed,
827 5460 968 5515 sicut
1008 5460 1214 5515 dictum
1249 5471 1355 5525 est,
1382 5461 1450 5515 ad
1479 5461 1774 5516 australem
1804 5463 1946 5517 viam

366 5547 535 5605 facies
569 5553 881 5621 intendant,
930 5565 987 5610 ut
1020 5557 1161 5612 inter
1195 5556 1327 5622 hoc,
1354 5556 1499 5626 quod
1538 5557 1650 5611 nati
1680 5571 1868 5611 sumus
1892 5557 1947 5611 in

371 5637 497 5703 ﬁde,
524 5649 577 5694 et
597 5644 739 5709 quod
763 5653 884 5714 post
918 5646 984 5701 ad
1016 5654 1237 5716 peccata
1269 5646 1468 5717 delapsi
1513 5648 1577 5703 dc
1604 5663 1697 5717 spe
1727 5647 1947 5717 pietatis

2053 4465 2252 4521 Judaza:
2272 4474 2458 4536 patres
2488 4465 2644 4522 nobis
2669 4468 2724 4522 in
2748 4467 2917 4523 divini
2945 4470 3151 4524 amoris
3186 4469 3498 4524 imitatione
3519 4484 3643 4538 pro—

2053 4558 2333 4626 ponimus,
2370 4557 2525 4626 quasi
2558 4558 2804 4627 quasdam
2843 4568 3129 4614 cantorum
3159 4558 3541 4629 gazophylacia
3572 4574 3642 4613 ex

2053 4645 2222 4702 latere
2265 4656 2455 4716 portae,
2486 4663 2609 4717 qum
2652 4648 2795 4703 viam
2828 4650 3098 4719 aquilonis
3133 4650 3379 4719 respicit,
3430 4666 3640 4717 sumus,

2051 4737 2144 4792 sed
2184 4737 2251 4791 ad
2290 4738 2435 4792 viam
2479 4738 2649 4794 austri
2697 4738 2865 4795 facies
2900 4748 3163 4794 tenemus.
3205 4739 3273 4793 Et
3320 4741 3642 4806 notandum,

2052 4829 2194 4897 quod
2240 4830 2355 4883 haec
2378 4830 2567 4885 eadem
2592 4831 2977 4901 gazophylacia
3023 4831 3166 4885 inter
3194 4841 3409 4901 portam
3441 4831 3645 4901 aquilo-

2052 4924 2135 4975 nis
2162 4930 2218 4975 et
2253 4922 2483 4977 orientis
2508 4936 2629 4999 esse
2654 4924 3034 4992 perhibeatur.
3067 4922 3203 4990 Quia
3233 4931 3357 4992 post
3386 4922 3641 4977 incarna-

2050 5010 2252 5066 tionem
2280 5011 2645 5077 Dominicam,
2672 5014 2966 5069 multitudo
2992 5014 3235 5085 gentium
3265 5014 3336 5069 ad
3360 5014 3524 5070 ﬁdem
3547 5029 3643 5068 ve-

2048 5100 2151 5166 nit,
2184 5109 2348 5171 atque
2377 5103 2518 5158 inter
2541 5104 2689 5172 ipsos
2724 5103 2911 5159 ﬁdeles
2932 5103 3180 5174 populos.
3212 5111 3268 5158 ct
3295 5110 3642 5158 sacramenta

2050 5192 2334 5248 dominicae
2377 5194 2803 5259 incarnationis,
2855 5210 2977 5265 qua:
3027 5193 3342 5249 medullitus
3387 5193 3639 5265 diligunt,

2051 5285 2214 5337 corda
2235 5283 2535 5337 amantium
2574 5293 2824 5356 surgunt.
2870 5282 3118 5338 [labeant
3158 5297 3292 5354 ergo
3326 5291 3515 5338 sancta
3546 5296 3641 5351 p-

2052 5372 2366 5444 zophylacia
2409 5373 2535 5429 hinc
2572 5374 2804 5429 orientis
2830 5381 3044 5442 portam
3070 5380 3127 5427 et
3169 5372 3296 5427 inde
3320 5371 3587 5442 aquilonis
3618 5386 3635 5425 :

2051 5461 2179 5530 quia
2218 5461 2363 5517 inter
2386 5462 2500 5531 ipsa
2542 5462 2932 5532 redemptionis
2966 5477 3080 5530 sua:
3121 5462 3380 5534 mysteria
3410 5476 3532 5531 qua:
3554 5475 3637 5515 so-

2052 5563 2313 5625 quuntur,
2335 5564 2389 5611 et
2410 5555 2662 5611 carnales
2685 5555 2946 5624 quosdam
2977 5570 3114 5625 quos
3132 5563 3191 5610 et
3219 5554 3361 5609 intra
3395 5561 3634 5609 sanctam

2053 5648 2350 5704 Ecclesiam
2373 5647 2605 5705 tolerant
2621 5689 2635 5714 ,
2665 5648 2819 5703 multi
2844 5649 2899 5703 in
2923 5648 3089 5704 Deum
3113 5647 3239 5703 forti
3266 5661 3453 5704 amore
3470 5641 3636 5716 proli-
