3952 6180
365 361 461 414 «ιρι

1280 353 1637 412 (ΞΟΜΜΕΧΤ.
1680 352 1743 408 l‘S
1786 346 2236 407 EZEClllELEM.
2277 382 2299 390 -

2384 350 2509 406 LIB.
2551 351 2690 406 XVI.
3522 357 3627 411 959

363 476 539 539 ciunt,
568 472 858 526 virtutibus
893 477 1231 531 excrescunt,
1281 469 1469 523 :cterni
1512 467 1711 538 judicis
1745 466 1945 519 adven-
1972 470 2019 527 Λ
2049 462 2495 527 immissionibus,
2541 480 2571 518 a
2601 479 2892 534 pravorum
2921 466 3287 529 suasionibus,
3317 465 3384 520 ab
3414 467 3628 525 lucreti-

362 574 478 619 tum
512 572 761 634 quzerunt
785 570 837 616 et
868 561 1010 615 inter
1031 575 1093 613 ea
1115 574 1235 629 qua:
1266 567 1477 621 amant,
1505 567 1669 627 atque
1698 556 1785 609 illa
1823 569 1944 623 quin

362 660 620 721 tolerant,
652 655 807 726 quasi
834 656 1082 724 quaedam
1111 649 1518 722 gazophylacia,
1552 647 1768 703 divitias
1787 646 1943 716 spiri-

362 759 449 805 tus
480 750 533 803 in
572 756 753 802 mente
801 752 1035 801 servant.
1073 743 1184 798 Nec
1232 744 1781 802 inter‘sacramenta,
1821 752 1942 807 quae

359 839 621 907 diligunt,
665 845 720 891 et
760 852 881 906 quae
924 833 1034 902 jam
1079 834 1350 887 contraria
1400 840 1617 901 portant
1659 830 1936 893 deficiunt,

358 934 484 1002 quia
512 933 579 986 ad
603 929 896 985 australem
928 928 1071 982 viam
1107 926 1275 982 facies
1301 927 1602 979 intendunt.
1630 923 1769 992 Quid
1791 924 1939 980 enim

359 1026 617 1095 patimur,
664 1021 806 1092 quod
837 1028 1018 1090 patres
1047 1018 1215 1072 nostri
1242 1033 1343 1089 pro
1380 1027 1565 1070 amore
1604 1014 1814 1069 Domini
1848 1029 1940 1068 an-

358 1125 446 1169 tea
494 1129 599 1168 non
647 1112 1002 1182 pertulerunt.
1051 1109 1356 1164 Notandum
1398 1122 1563 1171 vero,
1605 1105 1747 1176 quod
1795 1105 1939 1161 inter

355 1212 569 1273 portam
611 1203 781 1255 austri
813 1211 868 1255 et
908 1201 1177 1270 aquilonis
1213 1199 1498 1254 orientalis
1521 1215 1642 1253 esse
1676 1198 1939 1253 describi-

357 1303 446 1346 tur
477 1310 489 1344 :
524 1293 647 1361 quia
692 1291 947 1345 Dominus
988 1305 1052 1343 ac
1088 1288 1395 1357 redemptor
1430 1295 1612 1341 noster
1641 1286 1709 1340 de
1750 1284 1935 1339 Judtea

356 1392 518 1438 natus
556 1392 661 1443 est,
693 1395 924 1449 moxque
954 1381 1006 1434 in
1038 1380 1140 1434 fide
1182 1394 1280 1433 sua
1322 1377 1613 1432 Ecclesiam
1661 1392 1727 1429 ex
1757 1376 1934 1447 genti-

353 1473 459 1528 bus
488 1472 808 1528 construxit.
846 1471 1009 1537 Quasi
1052 1471 1195 1524 enim
1239 1470 1382 1523 inter
1410 1467 1765 1523 meridianam
1807 1481 1934 1536 por-

352 1573 467 1619 tam
512 1573 566 1619 et
608 1563 875 1633 aquilonis
924 1562 1210 1631 apparuit,
1264 1561 1390 1630 quia
1429 1575 1494 1613 ex
1542 1559 1631 1612 illa
1664 1559 1833 1621 venit,
1880 1567 1937 1613 et

354 1658 514 1711 istam
556 1656 610 1709 in
637 1669 736 1709 suo
776 1653 998 1709 servitio
1027 1652 1311 1706 convertit.
1352 1650 1505 1705 Unde
1537 1658 1593 1704 et
1625 1650 1762 1703 bene
1796 1649 1933 1703 dici-

2045 568 2232 606 corum
2270 555 2546 609 erroribus
2588 555 2918 609 defendunt?
2950 558 3030 610 An
3078 574 3182 612 non
3215 570 3400 615 custos
3444 563 3625 631 templi

2042 642 2239 707 fuerat,
2284 645 2376 715 qui
2401 645 2613 700 labores
2653 662 2763 701 sua:
2792 648 3062 716 passionis
3091 664 3420 726 enumerans
3444 652 3576 708 dicit
3608 672 3622 707 :

2048 751 2067 784 ι
2098 733 2156 787 ln
2184 733 2365 789 labore
2382 745 2438 790 et
2460 752 2722 801 :erumna,
2757 738 2809 790 in
2843 738 3038 807 vigiliis
3068 742 3270 803 amitis,
3302 742 3356 797 in
3384 742 3548 807 fame,
3572 752 3630 798 et

2041 825 2154 889 siti,
2191 824 2478 895 injcjuniis
2497 827 2702 888 mthis,
2730 828 2781 880 in
2806 826 3008 896 frigore
3036 839 3091 883 et
3113 831 3359 886 nuditate
3387 832 3474 904 (ll
3497 832 3624 888 Cor.

2039 913 2156 986 ιι).
2195 934 2213 966 ι
2244 916 2423 985 Atque
2467 917 2652 971 statim
2691 919 2874 972 subdit
2901 936 2914 973 :
2945 937 2963 968 ι
2997 919 3204 975 Prteter
3237 922 3350 988 illa,
3377 938 3498 991 qua:
3524 941 3625 981 ex-

2038 1006 2310 1062 trinsecus
2336 1014 2483 1070 sunt,
2527 1007 2779 1062 instantia
2809 1024 2925 1062 mea
2948 1011 3286 1079 quotidiana,
3320 1013 3629 1068 sollicitudo

2038 1098 2276 1151 omnium
2331 1097 2680 1152 ecclesiarum
2737 1098 2918 1166 (Ibid.
2950 1099 2990 1169 ).
3026 1120 3044 1151 ι
3092 1099 3346 1166 Pensate,
3406 1118 3625 1172 quatso.

2037 1195 2221 1241 castos
2283 1187 2469 1255 templi
2526 1196 2731 1255 quanta
2781 1188 3147 1243 sollicitudine
3202 1191 3387 1261 vigilet
3432 1210 3446 1245 :
3498 1208 3627 1248 ecce

2036 1277 2180 1330 enim
2212 1278 2265 1332 in
2295 1279 2477 1348 seipso
2519 1279 2916 1333 inaestimabilia
2965 1281 3197 1350 patitur,
3242 1293 3298 1337 et
3332 1286 3512 1339 cordis
3541 1287 3626 1340 sui

2037 1368 2454 1425 sollicitudinem
2494 1370 2614 1424 aliis
2656 1371 2983 1440 impartitur.
3014 1371 3198 1440 Cujus,
3230 1389 3381 1443 rogo,
3408 1376 3628 1429 virtutis

2036 1468 2140 1523 est,
2188 1459 2308 1529 plus
2332 1460 2401 1515 de
2424 1461 2660 1515 utilitate
2703 1462 3094 1531 proximorum,
3126 1478 3289 1533 quam
3321 1464 3391 1519 de
3418 1480 3517 1519 sua
3541 1465 3602 1519 af
3605 1495 3624 1505 -

2038 1546 2277 1603 dictione
2302 1550 2582 1619 cogitare?
2610 1549 2743 1616 Quis
2786 1551 2888 1604 hoc
2927 1552 3089 1621 digne
3116 1552 3368 1616 mstimet,
3396 1554 3519 1622 quis
3546 1554 3625 1609 di-

2036 1655 2141 1709 gne
2168 1642 2395 1710 penset?
2440 1641 2696 1706 Laborat,
2737 1642 2902 1712 luget,
2945 1644 3136 1707 esurit,
3181 1645 3315 1705 sitit,
3348 1646 3513 1716 alget,
3538 1647 3621 1717 je-

304 1738 320 1760 ο
352 1757 446 1803 tm.
484 1748 625 1818 quod
659 1755 814 1818 pom,
845 1746 1032 1800 eadem
1072 1743 1352 1799 orientalis
1385 1743 1453 1797 ad
1481 1741 1624 1795 viam
1666 1739 1934 1808 aquam};
2029 1730 2209 1797 junat,
2257 1731 2463 1802 vigilat,
2513 1742 2569 1787 et
2615 1742 2794 1788 tamen
2843 1734 3112 1805 vigilando
3160 1736 3227 1790 de
3269 1737 3623 1793 ecclesiarum

352 1838 573 1909 respicit
606 1856 618 1891 ε
652 1837 778 1905 quia
810 1847 968 1889 "ams
1008 1835 1265 1888 Dominus
1307 1846 1630 1904 synagoga";
1680 1830 1932 1893 destruit,
1964 1840 2009 1899 Β
2037 1820 2279 1875 omnium
2327 1822 2689 1878 sollicitudine
2737 1824 2960 1894 cogitat.
3009 1825 3148 1879 Ecce
3202 1834 3287 1879 est
3332 1827 3626 1882 solertissi-

352 1938 409 1981 ct
436 1926 834 1981 multitudinem
865 1925 1104 1995 gentium
1132 1922 1356 1992 colligit.
1389 1920 1694 1975 Notandum
1719 1933 1935 1989 quoque

351 2027 455 2081 est,
482 2019 620 2087 quod
653 2032 775 2071 cum
818 2017 885 2071 de
913 2014 1310 2086 gazophylaciis
1342 2014 1634 2076 diceretur,
1678 2021 1734 2066 et
1768 2011 1937 2066 facies

352 2122 539 2161 eorum
579 2106 645 2160 ad
684 2106 825 2159 viam
872 2104 1162 2160 australem
1210 2103 1451 2157 additum
1488 2110 1592 2167 est,
1635 2116 1799 2155 unam
1833 2119 1846 2153 :
1877 2108 1936 2154 ut

352 2198 603 2251 videlicet
632 2206 818 2267 aperte
850 2198 1169 2260 sentiamus,
1202 2197 1326 2267 quia
1360 2211 1465 2250 non
1504 2197 1606 2250 alia
1638 2204 1722 2251 est
1747 2197 1832 2250 via
1866 2196 1935 2250 ad

352 2289 630 2343 caelestem
660 2289 889 2359 patriam
920 2289 1097 2353 nobis,
1130 2290 1221 2357 qui
1249 2304 1316 2343 ex
1339 2289 1641 2358 gentilitate
1664 2289 1930 2349 venimus.

354 2392 517 2452 atque
561 2382 662 2435 alia
706 2381 810 2435 illis
840 2381 1102 2451 patribus,
1136 2382 1226 2450 qui
1260 2380 1476 2435 fuerunt
1502 2382 1553 2435 in
1582 2379 1765 2435 Iudaea
1799 2381 1933 2435 :sed

352 2472 469 2525 lucc
499 2473 686 2526 eadem
725 2486 830 2525 una
878 2470 961 2524 via
983 2478 1065 2525 est
1102 2471 1255 2524 nobis
1298 2479 1352 2525 et
1393 2470 1514 2535 illis,
1555 2485 1677 2538 qum
1722 2484 1820 2523 nos
1865 2470 1933 2523 ad

352 2568 553 2615 acterna
597 2559 790 2632 gaudia
816 2561 1083 2631 perducit,
1113 2576 1234 2630 qua:
1267 2560 1425 2613 nobis
1457 2573 1554 2628 per
1585 2559 1932 2630 Evangelium

352 2651 484 2705 dicit
510 2670 523 2704 :
550 2671 568 2701 ι
598 2651 709 2721 Ego
730 2668 847 2705 sum
869 2653 975 2717 via,
998 2651 1199 2707 veritas
1224 2659 1279 2705 et
1304 2652 1415 2704 vita
1442 2650 1623 2722 (Jonn.
1652 2650 1786 2721 xw).
1813 2670 1832 2702 ι
1867 2651 1933 2704 Ει

354 2740 420 2794 de
443 2754 548 2808 quo
581 2738 868 2795 Psalmista
897 2741 1009 2795 ait.
1033 2741 1107 2797 Ut
1124 2754 1512 2810 cognoscamus
1537 2741 1590 2794 in
1614 2748 1758 2795 terra
1789 2740 1931 2793 viam

353 2842 520 2895 tuam,
556 2841 609 2885 et
640 2831 693 2885 in
732 2832 983 2886 omnibus
1020 2832 1269 2903 gentibus
1297 2832 1533 2886 salutare
1565 2841 1734 2886 tuum.
1778 2831 1931 2899 Quod

352 2922 495 2975 cnim
528 2921 802 2974 ll:ebraice
824 2921 1091 2986 estlcsus,
1112 2922 1213 2976 hoc
1234 2921 1426 2975 Latine
1451 2922 1648 2976 dicitur
1663 2919 1927 2976 Salvator.

352 3009 653 3064 Salvatoris
681 3024 811 3080 ergo
850 3011 901 3062 in
933 3021 1077 3064 terra
1109 3011 1194 3064 via
1222 3012 1587 3080 cognoscitur,
1617 3011 1741 3080 quia
1772 3009 1931 3065 Jesus

355 3102 498 3156 Deus
523 3111 649 3157 ante
671 3101 864 3157 saecula
892 3111 945 3155 et
970 3103 1132 3157 homo
1157 3102 1331 3157 factus
1358 3103 1409 3157 iu
1440 3103 1545 3159 fine
1584 3104 1927 3170 saeculorum,

2035 1926 2157 1965 mus
2184 1921 2369 1967 custos
2407 1914 2587 1981 templi
2620 1914 2670 1967 in
2703 1915 2953 1984 exemplo
2986 1915 3318 1985 propositus.
3356 1916 3618 1981 Imitetur,

2034 1999 2126 2068 qui
2153 1989 2315 2055 valet.
2353 2002 2592 2057 Adversa
2637 2005 2839 2059 etenim
2885 2021 2984 2075 pro
3033 2006 3262 2061 veritate
3300 2009 3425 2076 pati,
3482 2010 3623 2064 bona

2034 2091 2298 2158 proximis
2338 2092 2670 2161 impendere,
2699 2094 2846 2150 circa
2876 2096 3179 2150 animarum
3206 2098 3621 2153 sollicitudinem

2033 2181 2260 2250 vigilare
2284 2196 2300 2235 :
2326 2198 2392 2237 ne
2420 2184 2540 2251 quis
2561 2184 2614 2238 in
2646 2186 2890 2254 perﬁdia,
2919 2202 2987 2241 ne
3016 2188 3140 2257 quis
3167 2189 3219 2243 in
3247 2191 3524 2259 superbia,
3553 2207 3623 2247 ne

2033 2274 2158 2343 quis
2188 2274 2241 2328 in
2267 2275 2478 2345 rapina,
2507 2276 2590 2330 vel
2631 2278 2970 2332 immunditia
3014 2279 3304 2345 laberetur,
3331 2283 3620 2351 exquirere

2036 2374 2200 2433 atque
2250 2380 2612 2435 compescere.
2661 2366 2775 2423 Hoc
2823 2378 2926 2434 est,
2974 2369 3227 2439 templum
3275 2371 3391 2435 Dei,
3425 2372 3479 2426 id
3514 2382 3621 2436 est,

2034 2462 2280 2510 sanctam
2312 2455 2610 2512 Ecclesiam
2639 2460 2929 2514 custodire.

2105 2547 2244 2605 Sunt
2285 2558 2468 2604 autem
2520 2550 2745 2605 minoris
2784 2552 2991 2607 ordinis
3039 2554 3370 2619 sacerdotes,
3410 2554 3503 2625 qui
3547 2556 3619 2611 ad

2032 2639 2399 2694 ministerium
2419 2638 2612 2695 altaris
2631 2642 2899 2696 excubant
2930 2659 2944 2696 :
2974 2643 3068 2712 qui
3094 2644 3339 2699 videlicet
3368 2645 3425 2699 in
3460 2646 3620 2715 adju-

2035 2731 2177 2787 torio
2216 2729 2479 2799 majorum
2518 2740 2741 2801 peccata
2772 2732 3200 2801 delinquentium
3236 2734 3507 2790 subtiliter
3539 2736 3621 2790 in-

2034 2819 2324 2890 vestigant,
2371 2829 2427 2875 et
2466 2820 2633 2875 vitam
2675 2821 2976 2876 carnalium
3009 2823 3308 2893 corrigunt,
3354 2825 3620 2895 atquead

2032 2909 2138 2965 hoc
2180 2924 2349 2978 usque
2388 2910 2722 2979 perducunt,
2761 2918 2822 2964 ut
2862 2926 2959 2979 per
2992 2910 3228 2967 lamenta
3263 2894 3616 2982 pmnitentiac,

2033 3001 2187 3069 quasi
2228 3001 2520 3057 incendant
2560 3018 2781 3059 carnem
2830 3003 2883 3057 in
2916 3004 3217 3071 sacrificio,
3261 3021 3425 3074 quam
3465 3008 3618 3076 prius

2033 3093 2216 3148 vivere
2246 3093 2614 3169 permiseram
2661 3093 2717 3148 in
2758 3103 3011 3164 peccato.
3052 3093 3173 3152 Non
3222 3096 3370 3151 enim
3405 3097 3486 3162 bi,
3524 3098 3619 3166 qui

354 3192 605 3260 gentibus
629 3200 712 3244 est
737 3190 1132 3246 manifestatus.
1164 3192 1279 3247 Una
1303 3208 1432 3261 ergo
1466 3201 1549 3247 est
1577 3194 1683 3256 via,
1714 3202 1771 3247 et
1798 3193 1923 3256 illis,
1955 3181 1999 3242 C
2031 3186 2235 3242 sanctis
2276 3187 2522 3241 ccclesiis
2570 3195 2841 3255 praesunt,
2899 3202 2996 3256 per
3054 3188 3378 3257 semetipsos
3425 3203 3620 3244 cuncta

350 3282 441 3350 qui
476 3282 544 3335 ab
590 3290 776 3335 austro
806 3289 931 3335 sunt
952 3322 968 3345 ,
999 3290 1054 3336 et
1088 3282 1189 3346 his,
1226 3283 1316 3351 qui
1348 3283 1417 3337 ab
1461 3283 1730 3352 aquilonis
1776 3293 1934 3353 parte

352 3371 651 3440 respiciunt
687 3389 700 3424 :
733 3372 859 3440 quia
901 3371 1087 3426 electis
1132 3371 1331 3427 Judzcis
1362 3381 1417 3427 et
1457 3373 1709 3443 gentibus
1747 3374 1931 3428 Domi-

348 3476 455 3513 nus
483 3476 547 3514 ac
579 3460 885 3531 redemptor
924 3472 1107 3517 noster
1148 3462 1367 3533 expulsa
1399 3477 1559 3533 pmna
1608 3462 1930 3529 formidinis,

350 3552 418 3604 ad
445 3551 659 3607 Patrem
696 3552 869 3608 factus
903 3563 987 3608 est
1017 3554 1120 3608 iter
1151 3555 1374 3620 amoris,
1422 3565 1584 3625 atque
1608 3554 1931 3625 adjutorium

350 3644 739 3711 pcrvcntionis.
770 3644 1027 3714 Sequitur
1061 3664 1072 3699 :

430 3753 448 3783 ι
472 3733 538 3786 Et
563 3734 698 3788 dixit
724 3735 791 3789 ad
821 3751 923 3788 me.
961 3735 1072 3791 Hoc
1101 3744 1184 3791 est
1213 3738 1655 3809 gazophylacium
1683 3738 1825 3807 quod
1851 3728 1933 3791 re-

355 3841 375 3873 «
410 3823 569 3892 spicit
599 3823 739 3877 viam
769 3826 1122 3878 meridianam
1151 3828 1511 3887 sacerdotum,
1547 3827 1635 3896 qui
1662 3826 1933 3881 excubant

355 3928 375 3959 ι
408 3910 462 3963 in
487 3911 746 3966 custodiis
768 3913 974 3982 templi.
999 3933 1018 3964 ι
1052 3914 1227 3983 Atque
1253 3930 1376 3969 mox
1403 3916 1686 3970 subditur:
1723 3934 1741 3966 ι
1762 3914 1933 3970 Porro

354 4020 375 4052 ι
412 4003 851 4073 gazophylacium
898 4007 1040 4075 quod
1078 4008 1297 4076 respicit
1343 4008 1409 4061 ad
1455 4008 1598 4061 viam
1642 4007 1929 4077 aquilonis,

354 4112 376 4145 ι
410 4096 752 4151 sacerdotum
779 4097 903 4158 erit,
951 4099 1041 4168 qui
1075 4100 1346 4154 excubant
1371 4101 1437 4153 ad
1465 4100 1819 4154 ministerium
1849 4098 1929 4152 al—

355 4208 374 4239 ε
408 4188 557 4243 laris.
596 4208 613 4240 ι
668 4188 725 4244 In
781 4190 978 4260 quibus
1024 4194 1300 4262 prophetae
1344 4192 1525 4246 verbis
1571 4192 1725 4260 prius
1776 4192 1932 4246 nobis

348 4280 701 4348 quaerendum
723 4289 808 4335 est
833 4282 927 4350 qui
952 4281 1064 4336 sint
1094 4282 1315 4353 majoris
1337 4282 1545 4337 ordinis
1573 4282 1885 4338 sacerdotes
1913 4296 1929 4336 :

346 4377 532 4422 utrum
576 4369 654 4433 hi,
685 4369 776 4438 qui
815 4369 869 4423 in
907 4371 1169 4425 custodiis
1206 4371 1481 4427 excubant
1514 4369 1723 4441 templi,
1767 4384 1834 4423 an
1876 4370 1930 4424 hi

350 4458 444 4525 qui
475 4459 529 4511 in
572 4459 875 4515 ministerio
913 4459 1120 4515 altaris.
1151 4458 1259 4516 Sed
1294 4460 1421 4530 quia
1449 4459 1611 4531 paulo
1646 4466 1768 4529 post
1804 4459 1933 4513 sub-

350 4548 500 4603 ditur
530 4566 542 4603 :
573 4549 754 4605 Altare
781 4560 894 4605 erat
933 4561 1053 4605 ante
1079 4550 1267 4622 [aciem
1306 4550 1506 4621 templi,
1538 4559 1720 4622 aperte
1744 4558 1929 4605 osten-

349 4638 500 4694 ditur
538 4639 656 4695 illos
684 4655 803 4696 esse
853 4640 1076 4712 majoris
1108 4642 1314 4697 ordinis
1356 4640 1700 4705 sacerdotes,
1745 4640 1835 4709 qui
1875 4640 1929 4694 in

349 4729 612 4785 custodiis
653 4732 836 4802 templi
882 4732 1186 4797 excubant,
1230 4731 1353 4801 quia
1396 4722 1643 4800 profecto
1682 4731 1737 4784 in
1771 4729 1929 4783 altari

348 4818 495 4887 quod
519 4830 602 4873 cst
642 4820 869 4876 interius
898 4820 1231 4876 ministrant.
1264 4818 1331 4874 lli
1374 4827 1577 4884 autem,
1622 4819 1715 4888 qui
1753 4818 1820 4873 ad
1854 4818 1932 4872 al-

350 4916 489 4969 tare,
521 4910 663 4978 quod
706 4918 832 4965 ante
873 4910 1066 4966 faciem
1093 4909 1275 4979 templi
1301 4916 1405 4975 est,
1448 4908 1742 4970 excubant,
1783 4916 1933 4961 tanto

352 4995 638 5052 inferiores
667 5007 807 5061 sunt,
863 5008 1066 5068 quanto
1095 4999 1148 5053 in
1188 4997 1550 5053 exterioribus
1594 4997 1927 5052 ministrant.

350 5085 711 5153 Quaerendum
738 5102 869 5159 ergo
883 5087 995 5157 jam
1026 5089 1183 5143 nobis
1214 5097 1323 5154 est,
1348 5088 1440 5158 qui
1462 5088 1772 5143 sacerdotes
1796 5088 1927 5153 sint,

349 5177 445 5247 qui
476 5178 732 5249 templum
769 5181 1101 5245 custodiunt,
1139 5188 1196 5235 et
1225 5181 1318 5250 qui
1357 5179 1426 5235 ad
1464 5180 1826 5234 ministerium
1853 5180 1930 5234 al-

352 5270 488 5322 taris
510 5269 778 5324 excubare
805 5271 1176 5339 perhibentur.
1229 5270 1481 5341 Magister
1512 5270 1657 5326 enim
1688 5271 1929 5339 gentium

349 5357 601 5418 ﬁdelibus
658 5361 904 5416 scribens
959 5362 1074 5416 ait:
1130 5380 1149 5413 ι
1180 5363 1463 5433 Templum
1521 5362 1616 5418 Dei
1679 5370 1927 5417 sanctum

350 5456 456 5511 est.
500 5452 644 5520 quod
666 5453 798 5508 estis
821 5468 915 5508 vos
945 5452 1013 5525 (1
1036 5453 1158 5508 Cor.
1186 5454 1308 5524 ιιι).
1347 5474 1365 5506 ι
1399 5454 1501 5522 Qui
1529 5454 1712 5524 itaque
1746 5469 1929 5509 sacer-

350 5536 507 5593 dotes
552 5540 700 5606 sun't,
741 5542 834 5612 qui
880 5544 1134 5613 templum
1183 5545 1275 5599 Dei
1324 5542 1670 5608 custodiunt,
1727 5544 1830 5598 nisi
1875 5545 1932 5598 bi

348 5631 480 5701 qui,
507 5632 730 5698 orando,
754 5635 1113 5702 praedicando,
1165 5636 1498 5706 spiritalibus
1542 5636 1754 5690 actibus
1800 5637 1937 5707 vigi-

351 5725 546 5793 lando,
577 5737 816 5785 sanctam
864 5729 1161 5786 Ecclesiam
1187 5748 1215 5786 a
1249 5731 1605 5802 malignorum
1647 5731 1934 5801 spirituum

1961 4518 2009 4577 D

2032 3293 2194 3347 agere
2218 3277 2535 3345 praevalent,
2566 3277 2660 3331 sed
2684 3292 2808 3332 cum
2836 3277 2937 3345 ipsi
2966 3278 3147 3332 causis
3170 3277 3506 3346 spiritalibus
3530 3295 3624 3334 oc-

2033 3377 2322 3440 cupantur,
2375 3368 2421 3423 si
2472 3383 2578 3438 qua
2620 3376 2889 3437 prava.et
2930 3367 3169 3422 carnalia
3216 3378 3618 3438 perpetrantur,

2032 3460 2148 3514 lucc
2177 3459 2298 3513 aliis
2326 3459 2662 3514 discutienda
2694 3468 2856 3527 atque
2889 3458 3212 3527 corrigenda
3250 3460 3617 3525 committunt,

2032 3565 2130 3621 per
2155 3567 2293 3622 quos
2331 3553 2462 3607 dum
2485 3552 2722 3607 carnalis
2752 3554 2859 3608 vita
2891 3554 3182 3624 corrigitur
3205 3595 3221 3619 ,
3251 3564 3307 3610 et
3347 3572 3519 3627 usque
3549 3558 3616 3611 ad

2034 3642 2376 3698 abstinentiae
2408 3652 2573 3712 atque
2615 3644 2880 3699 orationis
2927 3645 3164 3707 studium
3212 3646 3622 3715 proﬁcientibus

2031 3734 2364 3804 pervenitur,
2407 3734 2563 3804 quasi
2607 3735 2660 3788 in
2700 3734 2855 3789 altari
2893 3736 3006 3805 jam
3035 3751 3165 3792 caro
3199 3738 3526 3802 incenditur,
3557 3748 3617 3793 ut

2033 3824 2085 3878 in
2117 3833 2413 3892 conspectu
2458 3825 2844 3894 omnipotentis
2889 3825 3099 3880 Domini
3130 3826 3255 3881 inde
3291 3827 3620 3883 sacriﬁcium

2032 3916 2294 3979 redoleat,
2340 3915 2483 3970 unde
2524 3906 2676 3984 prius
2706 3916 2861 3986 culpa
2897 3916 3233 3986 displicebat.
3286 3917 3392 3973 Sed
3431 3919 3535 3974 hac
3565 3920 3622 3973 in

2033 4020 2094 4060 re
2126 4006 2356 4076 qnazstio
2396 4007 2594 4070 oritur,
2644 4022 2767 4062 eum
2818 4009 3069 4078 superius
3117 4009 3320 4065 dictum
3368 4010 3440 4064 sit
3477 4011 3622 4079 quod

2030 4097 2414 4168 gszophylacia
2440 4098 2507 4151 ad
2533 4098 2827 4153 australem
2855 4100 2996 4153 viam
3018 4098 3185 4156 facies
3210 4101 3491 4169 baberent,
3514 4116 3621 4171 qua

2032 4186 2243 4242 ratione
2266 4202 2411 4242 nunc
2438 4189 2658 4251 dicitur,
2689 4189 2816 4258 quia
2840 4190 3287 4260 gazophylacium
3308 4231 3322 4254 ,
3356 4193 3498 4260 quod
3536 4208 3623 4247 re—

2031 4278 2192 4347 spicit
2229 4279 2371 4333 viam
2401 4279 2778 4344 meridianam,
2809 4282 3151 4336 sacerdotum
3187 4293 3295 4347 est,
3329 4283 3420 4350 qui
3449 4297 3619 4337 excu-

2030 4370 2164 4425 bant
2192 4371 2246 4425 in
2277 4371 2536 4427 custodiis
2558 4372 2762 4442 templi,
2805 4381 2860 4427 et
2890 4372 3331 4443 gazophylacium
3355 4375 3498 4442 quod
3540 4389 3623 4428 re-

2034 4461 2194 4531 spicit
2232 4462 2375 4516 viam
2404 4462 2691 4531 aquilonis,
2730 4462 3091 4522 sacerdotum,
3136 4462 3226 4529 qui
3259 4463 3528 4520 excubant
3553 4464 3621 4518 ad

2038 4550 2403 4607 ministerium
2468 4552 2702 4606 altaris?
2750 4551 2806 4605 Si
2854 4551 3000 4605 enim
3055 4560 3283 4621 utraque
3335 4551 3503 4608 facies
3551 4554 3620 4608 ad
3666 4612 3669 4613 ,

2038 4641 2331 4697 anstmwm
2376 4642 2520 4696 viam
2549 4642 2834 4707 tendebat,
2865 4644 3137 4712 quomodo
3170 4658 3314 4699 nunc
3348 4659 3514 4698 unum
3551 4645 3619 4699 ad

2036 4732 2415 4795 meridianam,
2440 4743 2603 4800 atque
2621 4731 2767 4786 aliud
2795 4732 2862 4786 ad
2887 4731 3157 4801 aquilonis
3176 4733 3320 4788 viam
3346 4733 3622 4804 respicere

2038 4825 2275 4881 dicitur?
2310 4822 2416 4878 Sed
2457 4824 2510 4877 in
2555 4823 2642 4878 his
2681 4824 2864 4878 verbis
2899 4824 3244 4893 agnoscimus
3278 4825 3423 4894 quod
3456 4840 3622 4895 gazo-

2038 4914 2346 4986 phylacium
2404 4915 2745 4970 sacerdotum
2800 4915 2894 4985 qui
2935 4916 3207 4971 excubant
3254 4916 3309 4971 in
3357 4916 3623 4973 custodiis

2038 5003 2224 5074 templi
2272 5004 2347 5058 ita
2394 5004 2627 5075 positum
2676 5005 2886 5070 fuerat,
2938 5014 3000 5059 ut
3047 5007 3218 5062 solam
3262 5007 3618 5064 meridianam

2036 5094 2179 5147 viam
2236 5094 2551 5163 respiceret,
2600 5094 3044 5165 gazophylacium
3101 5112 3229 5152 vero
3274 5097 3617 5152 sacerdotum

2037 5188 2126 5255 qui
2156 5183 2510 5240 excubantad
2537 5185 2897 5246 ministerium
2923 5185 3202 5241 altarisita
3231 5193 3351 5240 erat
3370 5185 3424 5239 in
3451 5184 3617 5250 atrio,

2034 5286 2175 5333 utet
2213 5278 2283 5334 ad
2315 5276 2612 5332 australem
2631 5277 2776 5331 viam
2807 5286 2864 5332 et
2901 5276 3171 5347 aquilonis
3200 5275 3395 5330 faciem
3432 5275 3615 5331 inten-

2034 5371 2206 5434 deret,
2228 5369 2484 5442 quatinus
2507 5376 2564 5424 et
2583 5384 2704 5423 cum
2727 5368 3112 5441 gazophylacio
3143 5366 3484 5423 sacerdotum
3520 5365 3616 5435 qui

2032 5462 2302 5516 excubant
2342 5461 2396 5515 in
2438 5460 2702 5516 custodiis
2740 5459 2923 5529 templi
2956 5457 3313 5513 meridianam
3340 5456 3481 5510 viam
3529 5472 3617 5511 as-

2028 5551 2270 5621 piceret:
2301 5559 2356 5608 et
2398 5560 2574 5607 tamen
2606 5551 2723 5607 sine
2747 5548 3130 5623 gamphylacio
3171 5547 3484 5605 eorumdem
3526 5561 3616 5601 sa-

2031 5640 2309 5696 cerdotum
2345 5641 2786 5712 gazophylacium
2834 5638 3172 5694 sacerdotum
3213 5636 3306 5708 qui
3345 5636 3619 5691 excubant

2032 5733 2099 5787 ad
2132 5732 2492 5788 ministerium
2528 5734 2716 5788 altaris
2756 5730 3025 5802 aquilonis
3058 5731 3198 5785 viam
3227 5730 3460 5785 videret.
3507 5724 3617 5781 Sed
