3972 6184
396 347 465 400 83
1012 348 1070 401 Β.
1113 347 1363 402 BADA)“
1405 346 1622 403 ΜΛῐηῖ
1664 343 1987 400 ARClIlEl‘.
2030 306 2339 399 MOGD’NT.
2384 337 2668 398 OPERUM
2706 336 2887 392 PARS
2926 335 2990 390 ll.

3535 332 3639 389 9M

356 462 488 532 quid
529 471 614 516 est
638 459 762 523 hoc,
802 458 1000 514 fratres
1032 459 1365 523 charissimi,
1394 460 1526 529 quid
1565 460 1618 514 in
1655 459 1741 514 his
1773 459 1953 514 verbis
1981 460 2027 521 Α
2057 455 2212 511 verbi
2247 453 2548 509 ministerio
2573 452 2881 523 fatigemur,
2912 466 3011 506 seu
3047 450 3411 521 indigentibus
3453 461 3641 507 nostra

357 552 648 622 mysticum
669 564 955 620 possumus
982 549 1197 613 intueri,
1222 549 1323 603 nisi
1350 550 1451 603 hoc
1474 550 1619 618 quod
1650 549 1946 604 secundum

361 658 428 697 ea
451 656 570 711 qua:
605 640 884 710 prtemissa
919 646 1046 692 sunt
1068 637 1183 706 jam
1214 638 1474 707 spiritalis
1494 636 1710 705 adjutor
1729 637 1948 706 majoris

360 731 566 786 ordinis
585 737 746 798 queat
766 727 1011 797 intelligi,
1026 727 1151 797 quia
1174 726 1486 783 sacerdotes
1501 729 1723 798 majoris
1739 729 1948 784 ordinis

363 820 456 889 qui
479 819 747 873 excubant
782 817 835 870 in
865 819 1128 872 custodiis
1166 817 1347 889 templi
1390 818 1558 874 solam
1594 820 1948 874 meridianam

361 913 504 964 viam
528 908 841 978 reSpiciuut,
863 908 1116 978 quoniam
1140 908 1269 963 solis
1288 909 1480 963 studiis
1500 909 1834 978 spiritalibus
1849 925 1949 978 oc-

364 999 565 1069 cupati,
586 1012 800 1066 semper
825 998 933 1061 bis,
957 1014 1077 1067 quae
1098 998 1303 1052 amoris
1320 997 1414 1051 Dei
1437 1008 1583 1063 sunt,
1614 976 1952 1053 sollicite‘in-

368 1094 610 1149 tendunt.
645 1092 969 1148 Sacerdotes
991 1104 1169 1149 autem
1199 1095 1426 1150 minoris
1457 1095 1692 1159 ordinis,
1719 1094 1811 1163 qui
1837 1093 1951 1148 dis-

364 1184 635 1238 cutiendis
666 1186 915 1253 peccatis
929 1185 1354 1255 delinquentium
1388 1193 1659 1255 praesunt,
1687 1186 1852 1240 etiam
1882 1184 1951 1239 ad

366 1274 636 1343 aquilonis
658 1275 797 1328 viam
820 1276 1005 1329 oculos
1033 1274 1337 1339 reflectunt,
1363 1277 1490 1330 utin
1517 1285 1698 1331 mente
1724 1291 1954 1345 peccan-

364 1362 522 1427 tium,
547 1380 667 1431 qu:e
687 1366 797 1418 sint
820 1366 1052 1433 torpuris
1078 1365 1273 1435 frigora
1297 1366 1546 1420 videant:
1570 1375 1624 1420 et
1645 1367 1755 1420 haec
1776 1366 1955 1419 verbis

370 1454 732 1522 correptionis
757 1470 926 1523 usque
947 1456 1013 1508 ad
1044 1457 1371 1525 pmnitentize
1393 1457 1625 1527 gemitus
1654 1457 1954 1525 perducen-

366 1550 470 1606 tes,
494 1544 647 1613 quasi
679 1560 871 1599 carnes
900 1545 951 1598 in
979 1545 1137 1598 altari
1169 1545 1378 1599 Domini
1422 1545 1734 1599 incendunt.
1766 1543 1958 1613 Respi-

370 1632 520 1687 ciunt
541 1633 704 1688 etiam
724 1649 847 1688 cum
875 1636 1084 1705 magnis
1112 1635 1485 1690 sacerdotibus
1511 1634 1579 1689 ad
1603 1634 1956 1689 meridianam

375 1724 549 1788 viam,
585 1725 712 1794 quia
741 1716 1000 1796 quantum
1029 1727 1095 1780 ad
1130 1728 1448 1796 semetipsos
1483 1735 1569 1782 est
1602 1727 1814 1782 fervent
1838 1727 1959 1797 igne

2050 546 2347 617 largiamur
2363 586 2379 610 ,
2408 546 2522 599 sive
2544 559 2643 615 per
2666 544 3051 598 abstinentiam
3073 557 3294 597 carnem
3334 544 3642 605 domemus,

2051 655 2146 693 seu
2178 638 2296 692 zelo
2334 652 2685 700 moveamur.
2720 636 2835 691 sive
2873 651 2972 706 per
2995 635 3314 705 patientiam
3351 634 3644 704 aliquando

2052 729 2245 784 leniter
2286 744 2451 799 prava
2477 727 2800 791 toleremus,
2842 734 2903 780 ut
2936 741 3035 781 nos
3061 740 3407 795 summopere
3443 725 3642 779 debea-

2052 837 2174 875 mus
2196 820 2550 875 intentionem
2583 828 2826 874 nostram
2855 817 3127 872 discutere
3145 856 3161 881 ,
3188 824 3457 886 quatenus
3482 830 3644 870 omne

2051 911 2197 980 qupd
2234 910 2484 973 facimus.
2538 927 2646 966 non
2690 918 2901 974 nostro,
2940 910 3035 964 sed
3069 908 3285 963 Domini
3327 907 3444 962 zelo
3476 908 3645 963 facia-

2053 1017 2193 1063 mus,
2229 1015 2298 1055 ne
2324 1001 2378 1055 in
2410 1002 2497 1055 his
2521 1015 2641 1069 quae
2668 999 2878 1070 agimus
2914 1000 3071 1054 nobis
3101 998 3284 1068 potius
3304 1037 3320 1061 ,
3349 1014 3515 1067 quam
3540 999 3645 1053 Do—

2054 1091 2204 1145 mino
2229 1091 2623 1148 ministremus.

2138 1205 2157 1237 ι
2186 1186 2254 1241 Et
2281 1201 2502 1242 mensus
2528 1194 2614 1242 est
2643 1186 2844 1242 atrium
2880 1194 3101 1242 centum
3137 1187 3443 1242 cubitorum
3468 1184 3645 1256 longi-

2062 1296 2082 1328 ι
2115 1277 2301 1332 tudine
2329 1284 2386 1331 et
2415 1276 2700 1331 latitudine
2753 1285 2972 1332 centum
3027 1276 3332 1331 cubitorum
3385 1291 3483 1347 per
3508 1291 3646 1345 qua-

2063 1388 2082 1421 ι
2113 1370 2291 1424 drum.
2327 1389 2346 1421 ι
2397 1368 2698 1440 (Ηὶειοιι.)
2777 1368 2885 1425 Iste
2945 1377 3127 1422 autem
3180 1369 3265 1422 vir
3322 1368 3417 1438 qui
3477 1368 3649 1421 intro-

2057 1449 2585 1515 duxit'Ezechielem
2629 1459 2683 1513 in
2727 1458 2930 1514 atrium
2963 1459 3228 1525 exterius,
3265 1467 3321 1514 et
3357 1467 3420 1512 ut
3457 1458 3533 1512 ita
3559 1458 3645 1513 lo-

2058 1566 2198 1622 quar
2224 1554 2293 1608 ad
2315 1564 2501 1608 sancta
2532 1561 2863 1609 sanctorunr
2888 1568 3109 1608 mensus
3130 1561 3215 1608 est
3241 1554 3414 1623 ipsum
3443 1554 3647 1609 atrium

2062 1642 2115 1698 in
2135 1657 2245 1711 quo
2281 1652 2442 1699 erant
2479 1643 2598 1699 duae
2622 1643 2836 1699 exedrae
2877 1644 2995 1698 sive
3034 1644 3424 1714 gazOphylacia
3440 1642 3649 1699 ’custo-

2060 1735 2189 1790 dum
2236 1735 2423 1806 templi
2447 1736 2563 1791 sive
2599 1736 2791 1791 altaris
2827 1737 3150 1792 habitaculis
3181 1736 3444 1806 delegata,
3474 1744 3531 1791 et
3560 1751 3649 1791 re-

368 1817 674 1882 charitatis,
700 1828 756 1871 et
786 1818 1032 1873 succensi
1062 1829 1189 1873 sunt
1215 1817 1446 1873 ﬂammis
1474 1818 1677 1874 amoris
1700 1818 1795 1873 Dei
1820 1835 1834 1871 :
1864 1818 1959 1873 sed
1986 1815 2034 1874 B
2059 1825 2204 1894 perit
2245 1825 2600 1896 longitudinis
2626 1835 2683 1882 et
2710 1826 3014 1881 latitudinis
3039 1842 3141 1897 per
3173 1827 3441 1896 quadrum
3467 1834 3646 1882 cente-

370 1907 497 1974 quia
527 1916 748 1976 peccata
769 1907 1192 1977 delinquentium
1228 1910 1423 1964 crebro
1452 1910 1760 1980 corrigunt,
1790 1909 1957 1964 etiam

372 2002 442 2054 ad
489 1998 756 2068 aquilonis
786 2000 929 2053 viam
970 2000 1157 2054 oculos
1201 1999 1507 2055 reﬂectunt.
1543 1998 1813 2071 (meram)
1854 1999 1957 2068 Qui

371 2094 590 2162 utrique
605 2086 713 2161 pro
737 2091 930 2147 ofﬁciis
955 2092 1068 2147 suis
1090 2092 1316 2146 Domino
1342 2092 1659 2157 servientes,
1686 2091 1960 2161 appellan-

374 2193 466 2240 tur
487 2183 580 2237 ﬁlii
608 2182 802 2238 Sadoc.
837 2181 987 2238 Unde
1014 2183 1261 2238 subditur
1288 2200 1302 2237 :
1437 2257 1441 2260 ν

451 2292 470 2325 ι
502 2272 598 2327 lsti
628 2280 755 2327 sunt
783 2272 876 2327 tllii
910 2271 1106 2336 Sadoc,
1155 2273 1248 2342 qui
1278 2268 1542 2328 accedunt
1567 2272 1635 2328 de
1663 2271 1791 2329 ﬁliis
1829 2273 1960 2330 Levi

383 2387 405 2420 ι
441 2367 510 2422 ad
538 2366 846 2432 Dominum,
871 2374 932 2420 ut
958 2366 1267 2421 ministrent
1294 2367 1364 2421 ei.
1402 2386 1423 2419 ι
1460 2366 1638 2422 Sadoc
1676 2382 1835 2439 ergo,
1867 2369 1961 2439 qui

376 2459 766 2528 interpretatur
777 2458 958 2528 justus
1001 2458 1116 2513 sive
1132 2458 1464 2528 justiﬁcans,
1495 2458 1839 2528 omnipotens
1876 2459 1961 2513 vi-

377 2556 573 2612 delicet
602 2554 760 2609 Deus.
795 2552 873 2608 De
905 2568 1014 2623 quo
1039 2554 1301 2624 scriptum
1336 2560 1421 2608 est
1459 2570 1473 2607 :
1506 2572 1525 2605 ι
1564 2552 1753 2609 Justus
1783 2554 1965 2609 Domi—

377 2660 483 2700 nus
515 2654 571 2699 et
597 2644 836 2714 justitias
877 2643 1096 2709 dilexit,
1139 2638 1421 2714 aaquitates
1460 2644 1595 2699 vidit
1634 2644 1815 2700 vultus
1845 2644 1964 2715 ejus

382 2733 566 2806 (Psal.
595 2734 683 2806 x).
737 2754 755 2786 ι
795 2735 887 2790 Isti
941 2745 1122 2790 autem
1168 2735 1264 2790 ﬁlii
1302 2736 1479 2791 Sadoc
1521 2735 1590 2791 de
1639 2736 1765 2793 ﬁliis
1811 2736 1961 2803 Levi,

383 2828 476 2898 qui
504 2827 919 2895 interpretatur
959 2836 1277 2898 assumptus,
1318 2836 1375 2883 et
1418 2828 1518 2897 ipsi
1559 2835 1907 2883 assumuntur
1933 2842 1964 2881 a

381 2917 613 2972 Domino
640 2926 700 2970 ut
745 2918 1002 2972 accedant
1039 2917 1108 2971 ad
1136 2932 1260 2972 eum
1292 2926 1349 2972 et
1376 2931 1716 2987 nequaquam
1754 2918 1822 2972 de
1851 2916 1966 2973 solo

387 3008 601 3063 dicatur
630 3007 816 3079 Moysi,
860 3006 1072 3078 Moyses
1114 3008 1406 3063 accedebat
1430 3007 1497 3061 ad
1534 3006 1844 3071 Dominum,
1873 3006 1966 3062 alii

383 3112 517 3152 vero
546 3113 653 3151 non
691 3097 1036 3161 accedebant,
1075 3097 1170 3152 sed
1200 3111 1412 3161 omnes,
1439 3096 1529 3166 qui
1572 3096 1815 3152 serviunt
1838 3096 1887 3151 ei
1911 3104 1967 3152 et

386 3189 697 3245 ministrant
720 3189 949 3243 Domino
977 3189 1409 3260 appropinquare
1430 3165 1705 3246 dicuntur.
1734 3188 1962 3263 (Greg.)
1991 3165 2036 3228 (ἶ

383 3278 585 3334 Omnes
618 3279 784 3343 enim,
818 3280 908 3348 qui
935 3289 1349 3348 perseveranter
1384 3281 1718 3350 spiritalibus
1753 3282 1965 3339 actibus

385 3369 671 3424 intendunt
698 3370 791 3425 ﬁlii
815 3369 946 3437 justi
983 3380 1125 3435 sunt,
1153 3380 1207 3427 et
1236 3373 1302 3428 de
1332 3373 1459 3429 ﬁliis
1490 3372 1673 3444 populi
1700 3374 1964 3444 assumpti

387 3459 654 3513 accedunt
702 3459 768 3513 ad
811 3458 1095 3515 Dominum
1147 3468 1208 3515 ut
1256 3462 1564 3517 ministrent
1604 3463 1673 3518 ei.
1715 3461 1853 3529 Quia
1898 3464 1965 3518 de

386 3550 521 3621 ipsis
540 3566 756 3621 quoque
786 3552 1030 3608 ﬁdelibus
1051 3553 1340 3624 eliguntur,
1364 3554 1456 3623 qui
1486 3554 1553 3608 ad
1580 3554 1967 3623 omnipotentis

387 3641 753 3696 ministerium
786 3643 1039 3708 veniant,
1066 3652 1120 3698 et
1148 3644 1462 3700 cmlestibus
1500 3645 1692 3700 studiis
1710 3660 1812 3717 pro
1835 3659 1963 3699 eru-

388 3729 594 3786 ditione
636 3731 817 3802 populi
855 3733 1156 3788 intendant.
1201 3732 1307 3788 Sed
1337 3735 1494 3788 nobis
1524 3733 1753 3788 solerter
1792 3734 1966 3803 inqui-

385 3822 612 3877 rendum
640 3830 745 3886 est,
789 3822 881 3893 qui
911 3832 1057 3887 sunt,
1093 3824 1185 3892 qui
1225 3824 1452 3878 Domino
1495 3824 1827 3878 ministrant.
1865 3823 1968 3879 Ne-

386 3926 492 3980 que
521 3912 668 3965 enim
715 3926 906 3966 omnes
935 3913 1026 3981 qui
1054 3912 1260 3983 legunt,
1289 3927 1480 3970 omnes
1517 3915 1609 3982 qui
1648 3913 1964 3984 pradicant,

386 4014 576 4054 omnes
598 4000 691 4069 qui
734 4000 949 4068 propria
992 4002 1251 4066 tribuunt,
1298 4017 1488 4057 omnes
1529 4003 1621 4072 qui
1665 4018 1762 4073 per
1788 4006 1969 4058 carnis

388 4092 769 4147 abstinentiam
797 4107 995 4162 corpus
1037 4094 1327 4164 castigant,
1359 4095 1586 4150 Domino
1615 4096 1927 4151 ministrant
1951 4114 1964 4150 :

391 4183 484 4252 qui
525 4182 670 4237 enim
719 4182 946 4253 legendo
988 4192 1149 4252 atque
1188 4184 1529 4253 praedicando
1573 4184 1799 4254 gloriam
1842 4200 1969 4254 pro-

388 4273 563 4343 priam
598 4282 846 4342 quaerunt
869 4312 883 4337 ,
922 4272 1198 4343 largiendo
1231 4287 1352 4341 quae
1379 4274 1581 4327 habent
1602 4313 1619 4337 ,
1669 4282 1727 4329 et
1773 4289 1970 4345 corpus

390 4380 443 4418 tn
468 4354 791 4417 abstinentia
830 4362 1185 4427 tuacerando,
1216 4362 1401 4417 laudes
1431 4363 1673 4433 recipere
1710 4362 1778 4417 ab
1799 4364 1973 4419 homi-

391 4454 550 4510 nibus
574 4460 851 4523 appetunt,
893 4453 1015 4515 sibi,
1045 4468 1152 4507 non
1185 4452 1436 4518 Domino,
1478 4453 1806 4512 ministrant.
1853 4455 1970 4523 Quo

2060 1930 2162 1971 nos
2205 1917 2438 1981 cubitos,
2489 1926 2551 1972 ut
2578 1918 2889 1973 sacerdotes
2928 1918 3022 1973 Dei
3060 1918 3363 1972 ministerio
3402 1919 3647 1973 servien-

2060 2012 2163 2068 tes,
2194 2006 2288 2075 qui
2314 2021 2413 2075 per
2439 2013 2646 2062 arctam
2688 2015 2743 2062 et
2781 2014 3063 2077 angustam
3101 2006 3245 2061 viam
3286 2006 3642 2070 intraverant,

2061 2094 2299 2149 habeant
2323 2094 2705 2150 deambulacra
2735 2094 3020 2158 latissima,
3050 2100 3107 2148 et
3140 2094 3194 2148 in
3236 2093 3480 2163 perfecto
3526 2110 3647 2150 con-

2062 2195 2441 2256 summatoque
2456 2187 2720 2241 virtutum
2745 2200 2972 2241 numero
2986 2195 3417 2242 commoremur.
3442 2187 3643 2260 (διες.)

2064 2278 2218 2350 Saepe
2257 2277 2374 2348 jam
2414 2294 2512 2350 per
2556 2279 2945 2349 longitudinem
2997 2277 3459 2349 longanimitatem
3511 2281 3645 2348 spei,

2059 2383 2162 2440 per
2198 2368 2537 2424 latitudinem
2569 2382 2700 2423 vero
2735 2367 3020 2422 charitatis
3060 2366 3470 2436 amplitudinem
3513 2368 3648 2421 dixi-

2062 2475 2185 2515 mus
2226 2458 2469 2531 ﬁgurari.
2519 2457 2875 2513 Centenarius
2908 2463 3092 2511 autem
3135 2470 3398 2510 numerus
3446 2456 3500 2509 in
3538 2470 3646 2525 quo

2063 2551 2319 2607 denarius
2353 2550 2538 2605 decies
2564 2549 2803 2612 ducitur,
2831 2547 2975 2618 quod
3001 2562 3271 2603 summum
3298 2545 3649 2616 perfectionis

2063 2641 2241 2712 signet
2285 2639 2445 2710 plene
2484 2638 2737 2709 superius
2775 2638 2980 2692 dictum
3028 2643 3131 2690 est.
3171 2633 3315 2701 Quid
3347 2642 3434 2689 est
3467 2635 3648 2704 itaque

2063 2733 2263 2789 atrium
2314 2730 2576 2801 spiritalis
2619 2728 2867 2792 aediﬁcii,
2922 2726 3026 2782 nisi
3075 2726 3376 2795 amplitudo
3410 2726 3645 2781 ﬁdelium

2063 2823 2432 2896 populorum?
2471 2821 2589 2891 lpsa
2614 2829 2798 2876 autem
2840 2819 3220 2890 longanimitas
3257 2818 3407 2889 spei,
3436 2826 3491 2872 et
3529 2818 3649 2871 lati-

2065 2915 2196 2971 tudo
2225 2913 2512 2971 charitatis
2548 2924 2718 2967 vacua
2745 2912 2801 2966 in
2834 2910 3089 2967 cordibus
3125 2909 3359 2964 ﬁdelium
3398 2925 3506 2964 non
3544 2918 3642 2971 est,

2064 3019 2191 3059 nam
2245 3018 2346 3074 per
2409 3001 2568 3059 ﬁdem
2628 3001 2894 3071 quidquid
2950 3000 3095 3053 valet
3159 3010 3434 3069 operatur.
3500 2999 3646 3055 Unde

2065 3102 2122 3149 et
2156 3108 2258 3164 per
2310 3092 2538 3149 Paulum
2582 3082 2827 3158 dicitur:
2866 3108 2885 3140 ι
2921 3090 2979 3145 In
3033 3089 3251 3144 Christo
3301 3088 3431 3145 Jesu
3478 3106 3648 3161 neque

2067 3184 2410 3244 circumcisio
2459 3182 2661 3252 aliquid
2699 3180 2864 3245 valet,
2920 3195 3094 3250 neque
3148 3181 3505 3249 praeputium,
3554 3183 3647 3237 sed

2065 3275 2220 3342 ﬁdes,
2256 3292 2378 3347 qua:
2415 3289 2510 3344 per
2551 3273 2895 3329 dilectionem
2944 3279 3219 3341 operatur.
3253 3290 3272 3322 ι
3320 3272 3377 3325 Si
3423 3288 3555 3342 ergo
3595 3274 3645 3327 in

2067 3367 2175 3421 vita
2206 3366 2454 3422 ﬁdelium
2494 3363 2648 3431 juxta
2673 3362 2959 3432 quemdam
2998 3362 3215 3416 modum
3268 3377 3367 3432 per
3415 3364 3648 3433 singulos

2064 3454 2306 3527 perfecta
2361 3463 2475 3529 est,
2536 3453 2914 3524 longanimitas
2961 3451 3095 3521 spei,
3142 3449 3381 3529 perfecta
3432 3451 3650 3506 latitudo

2065 3546 2371 3610 charitatis,
2386 3542 2629 3615 perfecta
2642 3542 2912 3598 certitudo
2931 3540 3073 3605 ﬁdei,
3098 3539 3395 3611 perfectum
3416 3543 3649 3597 studium

2064 3633 2397 3704 operationis
2420 3632 2616 3686 atrium
2646 3630 2829 3701 templi
2873 3645 2972 3700 per
3013 3630 3282 3698 quadrum
3310 3638 3533 3684 centum
3560 3646 3651 3685 cu-

2065 3724 2207 3779 bitus
2239 3724 2421 3778 habet.
2467 3721 2525 3775 ln
2574 3735 2828 3777 mensura
2860 3727 3041 3773 autem
3086 3719 3302 3787 quadri,
3355 3732 3463 3772 non
3511 3719 3649 3773 aliud

2066 3812 2209 3869 latus
2262 3813 2437 3883 majus
2482 3819 2605 3875 est,
2660 3818 2823 3880 atque
2867 3808 3010 3863 aliud
3055 3808 3252 3870 minus,
3304 3809 3398 3862 sed
3458 3819 3646 3864 cuncta

2068 3907 2227 3962 simul
2253 3912 2487 3975 quatuor
2522 3903 2691 3958 latera
2720 3902 2914 3971 aequali
2946 3903 3120 3971 spatio
3146 3901 3438 3957 tenduntur
3470 3919 3484 3955 :
3526 3901 3648 3969 quia

2066 4005 2123 4051 et
2168 3997 2312 4066 ipsas
2351 3994 2567 4049 easdem
2618 3993 2848 4047 virtutes
2889 4007 3022 4060 quas
3050 3991 3307 4055 diximus,
3346 3989 3508 4044 ﬁdem
3542 3990 3645 4044 sci—

2069 4089 2217 4154 licet,
2253 4102 2401 4158 spem
2429 4097 2485 4142 et
2513 4086 2835 4141 charitatem
2865 4094 3028 4154 atque
3063 4083 3455 4154 operationem,
3478 4096 3648 4152 quau-

2069 4180 2157 4236 diu
2178 4180 2230 4234 in
2265 4179 2369 4235 hac
2394 4178 2505 4232 vita
2532 4177 2761 4231 vivimus
2796 4176 3030 4244 aequales
3060 4174 3159 4229 sibi
3199 4188 3320 4228 esse
3347 4175 3489 4243 apud
3528 4186 3649 4226 nos-

2069 4272 2323 4342 metipsos
2362 4271 2683 4326 invenimus.
2712 4269 2918 4324 Idcirco
2947 4276 3126 4324 autem
3156 4266 3327 4336 major
3362 4282 3480 4339 spe,
3526 4267 3645 4326 ﬁde,

2069 4365 2306 4420 cbaritas
2348 4364 2567 4428 dicitur,
2607 4363 2732 4432 quia
2760 4371 3042 4431 postquam
3089 4360 3155 4415 ad
3210 4362 3449 4416 auctoris
3486 4367 3648 4415 nostri

2071 4457 2304 4526 speciem
2351 4455 2681 4525 pervenitur,
2730 4469 2853 4524 spes
2904 4453 3119 4523 quidem
3164 4462 3219 4508 et
3271 4453 3408 4508 ﬁdes
3437 4452 3645 4515 transit,

389 4553 574 4598 contra
731 4514 1071 4599 l’salmistam
1119 4543 1378 4597 Dominus
1406 4514 1536 4598 dicit
1568 4562 1581 4597 :
1618 4562 1637 4595 ι
1672 4514 1970 4600 Ambulans
1996 4514 2047 4573 D
2190 4514 2427 4603 charitas
2448 4514 2936 4617 permanet.-Nam'
2952 4558 3095 4598 nunc
3115 4552 3171 4598 et
3196 4552 3456 4612 quantum
3479 4544 3649 4598 credi-

392 4633 447 4687 in
475 4636 559 4689 via
588 4636 932 4690 immaculata
974 4636 1062 4690 hic
1092 4635 1222 4690 mihi
1244 4630 1590 4690 ministrabat
1619 4633 1801 4708 (Ρωι.
1826 4637 1913 4707 c).
1945 4656 1963 4687 ι

392 4722 565 4779 llabet
591 4725 732 4778 enim
766 4725 1030 4779 maculam
1065 4725 1118 4779 in
1144 4724 1251 4788 via,
1277 4725 1368 4795 qui
1400 4725 1453 4779 in
1480 4724 1622 4780 bono
1648 4737 1811 4794 opere
1827 4725 1971 4795 quod

391 4814 524 4885 agit,
571 4822 798 4867 terrena:
832 4814 1016 4884 εισι-ὗε
1055 4815 1156 4869 siLi
1197 4816 1476 4884 praemium
1530 4816 1806 4885 proponit,
1843 4815 1969 4883 quia

393 4905 447 4958 in
476 4907 579 4959 hoc
602 4906 801 4958 mundo
831 4907 1073 4975 recipere
1101 4907 1405 4961 mercedem
1429 4909 1675 4976 requirit.
1694 4907 1761 4961 Et
1800 4907 1973 4961 foedat

394 4995 448 5049 in
476 5002 767 5061 conspectu
793 4994 886 5048 Dei
909 4995 1142 5063 speciem
1182 4996 1307 5051 boni
1334 4997 1514 5065 operis
1544 4998 1750 5052 macula
1788 5011 1971 5068 pravae

394 5083 730 5141 intentionis.
784 5081 1033 5137 Fortasse
1070 5085 1271 5139 etenim
1311 5087 1434 5156 quis
1461 5086 1757 5156 disciplina:
1793 5086 1972 5142 studio

398 5175 640 5229 intentus
682 5170 875 5237 fervet,
920 5170 1105 5240 culpas
1143 5173 1570 5244 delinquentium
1616 5184 1845 5239 resecat,
1877 5175 1969 5244 qui

396 5277 577 5323 tamen
600 5264 666 5319 ad
695 5266 811 5320 haec
830 5265 1035 5334 agenda
1060 5265 1103 5319 si
1135 5279 1245 5319 non
1267 5281 1335 5321 ex
1357 5266 1741 5337 omnipotentis
1762 5282 1969 5331 amore,

394 5357 490 5414 sed
519 5357 740 5427 proprio
765 5356 1017 5411 ducitur:
1046 5356 1151 5411 sibi
1182 5356 1234 5409 in
1275 5357 1360 5411 his
1392 5364 1448 5412 et
1472 5372 1576 5412 non
1608 5358 1833 5414 Domino
1865 5358 1970 5412 mi-

395 5450 609 5503 nistrat.
649 5447 802 5503 Alius
828 5463 896 5502 ne
925 5462 1084 5518 asper
1105 5462 1224 5503 esse
1258 5447 1524 5513 videatur,
1569 5449 1737 5503 multa
1778 5448 1973 5504 leuiter

398 5537 609 5601 tolerat,
636 5553 756 5607 quae
778 5546 1181 5609 perpetrantur.
1221 5537 1273 5592 ls
1307 5538 1488 5607 itaque
1518 5539 1642 5608 quia
1670 5539 1835 5595 videri
1874 5553 1973 5608 pro

399 5625 625 5679 Domino
647 5626 926 5681 districtus
951 5642 1058 5683 non
1079 5626 1191 5681 vult
1219 5641 1317 5697 per
1335 5624 1574 5682 lenitatis
1600 5643 1711 5682 sua:
1734 5627 1971 5682 studium

399 5714 502 5765 sibi
532 5723 587 5768 et
611 5729 716 5769 non
744 5715 970 5771 Domino
995 5718 1284 5773 ministrat.
1312 5716 1508 5771 Restat
1532 5732 1663 5787 ergo
1697 5728 1754 5771 ut
1783 5720 1894 5773 sive
1918 5721 1970 5773 in

2072 4653 2215 4703 mus,
2243 4644 2451 4691 tantum
2483 4650 2746 4698 amamus,
2771 4643 2828 4688 et
2853 4640 3116 4702 quantum
3157 4647 3403 4687 amamus
3444 4641 3646 4687 tantum

2074 4729 2140 4783 de
2177 4743 2274 4798 spe
2322 4727 2720 4797 praesumimus.
2750 4726 2825 4781 De
2866 4725 2969 4780 ﬁde
3015 4740 3228 4794 quoque
3252 4736 3304 4779 et
3335 4725 3649 4794 operatione

2069 4816 2307 4872 Joannes
2326 4816 2599 4886 apostolus
2628 4815 2824 4870 fatetur
2848 4815 3032 4869 dicens
3056 4832 3069 4867 :
3104 4813 3235 4880 «Qui
3260 4829 3317 4868 se
3343 4813 3474 4867 dicit
3498 4827 3651 4868 nosse

2076 4907 2264 4970 Deum,
2311 4914 2367 4961 et
2393 4906 2647 4960 mandata
2678 4903 2795 4973 ejus
2841 4921 2949 4959 non
2986 4904 3242 4967 custodit,
3288 4904 3522 4957 mendax
3572 4912 3651 4957 est

2074 4995 2126 5066 (l
2155 4995 2315 5050 locu.
2360 4994 2445 5065 ιι).
2480 4993 2680 5051 Notitia
2730 4995 2927 5064 quippe
2972 4994 3063 5050 Dei
3093 4994 3162 5048 ad
3204 4992 3362 5048 ﬁdem
3419 4993 3654 5063 pertinet

2073 5086 2472 5150 mandatorum,
2500 5084 2745 5140 custodia
2800 5085 2866 5138 ad
2907 5084 3296 5153 operationem.
3345 5081 3482 5137 Cum
3525 5097 3651 5151 ergo

2072 5176 2246 5231 virtus
2273 5183 2484 5245 tempus
2519 5184 2576 5230 et
2620 5175 2794 5229 locqu
2819 5175 3071 5242 operandi
3111 5173 3335 5242 appetit,
3357 5180 3509 5227 tanto
3532 5174 3652 5243 quis

2074 5276 2348 5335 operatur,
2400 5276 2601 5336 quanto
2630 5266 2795 5321 Deum
2827 5265 3060 5327 noverit,
3085 5276 3141 5319 et
3188 5273 3338 5319 tanto
3377 5282 3439 5320 se
3487 5266 3649 5320 Deum

2078 5373 2238 5413 nosse
2275 5358 2496 5421 indicat,
2525 5365 2782 5427 quantum
2815 5370 2910 5424 per
2941 5357 3076 5411 bona
3113 5366 3387 5425 Operatnr.
3434 5356 3653 5412 Matian-

2079 5457 2168 5502 tur
2215 5464 2345 5519 ergo
2398 5448 2580 5502 ﬁdeles
2628 5445 2805 5517 populi
2836 5445 3064 5500 virtutes
3110 5446 3162 5499 in
3215 5445 3503 5514 quadrum,
3526 5447 3647 5515 quia

2080 5540 2444 5608 unusquisque
2496 5539 2588 5608 qui
2616 5538 2668 5592 in
2707 5537 2899 5591 activae
2930 5538 3050 5591 vitae
3083 5536 3343 5591 exercitio
3383 5546 3648 5597 versatur,

2081 5637 2291 5684 tantum
2338 5627 2511 5681 credit
2555 5637 2817 5695 quantum
2873 5634 3077 5696 sperat,
3104 5633 3251 5679 amat
3292 5633 3349 5682 et
3374 5636 3649 5696 operatur,

2082 5728 2288 5773 tantum
2337 5724 2518 5787 sperat
2578 5726 2837 5784 quantum
2864 5716 3054 5779 credit,
3088 5724 3363 5782 operatur.
3394 5724 3450 5769 et
3485 5725 3648 5780 amat,
