3972 6184
305 389 413 443 9-35

1234 380 1588 439 COMMENT.
1632 380 1695 434 ΙΝ
1737 378 2189 434 EZEClllELEM.
2229 409 2295 420 -—
2334 378 2461 434 LIB.
2506 377 2645 434 XVI.

3474 381 3583 437 986

307 510 520 554 tantum
576 508 722 552 amat
771 497 1031 566 quantum
1062 495 1256 555 credit,
1288 503 1472 564 sperat
1505 503 1558 547 et
1612 501 1892 562 operatur,
1923 494 1969 552 Α
2000 491 2088 545 ubi
2138 507 2201 545 ex
2256 506 2489 547 nimrore
2514 491 2944 562 compunctionis
2982 492 3120 561 ignis
3170 494 3340 554 ardet,
3391 502 3446 548 et
3490 510 3591 549 eor

308 603 520 649 tantum
552 601 809 663 operatur
830 601 1090 662 quantum
1121 590 1318 654 credit,
1350 597 1518 651 amat,
1542 596 1744 657 sperat.
1764 586 1898 653 Quia

309 685 501 753 itaque
517 684 570 739 in
597 692 781 739 saneta
808 681 1043 735 Ecclesia
1068 680 1248 749 p0puli
1272 678 1423 733 multi
1450 686 1594 740 sunt,
1616 685 1672 731 et
1694 676 1900 733 robusti

308 791 409 846 per
429 775 612 839 fidem,
634 784 691 830 et
714 772 1046 844 longanimes
1069 786 1162 840 per
1186 786 1359 840 spem,
1394 779 1447 824 et
1466 769 1626 837 ampli
1651 783 1749 837 per
1766 768 1899 822 cha-

309 866 550 927 ritatem,
584 872 638 918 et
668 863 916 917 efficaces
948 875 1045 930 per
1069 860 1458 930 operationem,
1487 850 1683 911 atrium
1716 856 1898 926 templi

313 956 418 1009 100
467 955 666 1009 cubitis
694 955 747 1007 in
792 953 1001 1022 quadro
1046 959 1413 1005 mensuratur.
1466 950 1602 1003 Nam
1645 958 1704 1003 ut
1757 949 1901 1003 aliud

309 1061 528 1117 quoque
554 1046 621 1100 de
660 1060 846 1098 eorum
886 1042 1177 1096 virtutibus
1219 1040 1526 1111 loquamur,
1556 1054 1696 1108 saepe
1726 1053 1791 1092 ex
1822 1038 1903 1093 eis

310 1137 574 1206 quosdam
600 1135 894 1205 prudentes
919 1148 1018 1202 per
1060 1131 1490 1203 intelligentiam,
1525 1130 1694 1185 fortes
1716 1131 1768 1184 in
1803 1131 1902 1184 ad-

309 1225 686 1289 versitatibus,
713 1220 889 1291 iustos
917 1222 971 1276 in
1002 1222 1334 1291 Operatione,
1367 1227 1730 1289 temperantes
1749 1234 1779 1272 a
1808 1233 1904 1272 vo-

308 1316 609 1385 luptatibus
636 1323 799 1382 atque
838 1313 892 1366 in
941 1311 1090 1366 omni
1143 1310 1259 1366 zelo
1286 1309 1629 1365 discretionis
1665 1325 1729 1362 se
1753 1323 1903 1362 men-

310 1419 440 1458 sura
467 1404 831 1468 moderantes,
850 1402 941 1472 qui
964 1401 1090 1455 dum
1113 1400 1477 1470 prudentiam,
1507 1399 1901 1463 fortitudinem,

303 1492 600 1560 justitiam,
641 1502 803 1562 atque
858 1490 1264 1561 temperantiam
1297 1508 1311 1544 :
1341 1490 1426 1545 vel
1469 1490 1608 1544 sicut
1646 1504 1740 1543 eas
1775 1502 1905 1542 enu-

311 1599 530 1638 merare
576 1581 896 1651 quibusdam
956 1581 1148 1651 placet,
1191 1580 1554 1650 prudentiam,
1606 1587 1907 1649 temperan-

313 1677 469 1740 tiam,
504 1672 869 1727 fortitudinem
905 1680 1064 1743 atque
1076 1672 1339 1742 justitiam
1366 1678 1568 1737 tenent,
1597 1684 1904 1724 mensuram

316 1763 576 1831 spiritalis
608 1762 731 1816 atrii
764 1762 818 1815 in
848 1761 1056 1831 quadro
1077 1761 1294 1815 habent.
1319 1761 1461 1817 Ecce
1497 1761 1644 1815 enim
1672 1760 1907 1814 virtutes

2003 584 2355 638 consumitur.
2380 584 2565 638 Altare
2590 599 2719 654 ergo
2732 593 2858 639 ante
2891 584 3079 640 faciem
3113 586 3295 655 templi
3323 594 3431 650 est,
3461 601 3590 641 cum

2001 674 2154 727 multi
2210 674 2263 728 in
2315 684 2518 729 sanctae
2565 675 2820 730 Ecclesiae
2869 684 3158 744 conspectu
3226 684 3351 729 sunt
3398 676 3580 745 positi,

2000 764 2091 833 qui
2121 765 2514 833 aeternijudicii
2540 781 2837 830 memores,
2868 768 3186 836 semetipsos
3210 767 3449 835 quotidie
3476 767 3593 822 Deo

2001 857 2325 912 sacrificium
2356 858 2410 911 in
2450 857 2683 911 lamenta
2724 857 3153 926 compunctionis
3189 865 3444 911 mactant.
3483 856 3589 922 Qui

2002 953 2059 999 ut
2104 946 2420 1023 ppedictum
2465 954 2549 1001 est
2587 962 2816 1015 corpora
2864 947 3153 1016 castigant,
3186 948 3442 1016 quatinus
3481 948 3590 1000 hoc

2001 1035 2144 1103 quod
2169 1050 2266 1103 per
2297 1035 2614 1102 magistrum
2646 1036 2884 1106 gentium
2922 1036 3138 1101 dicitur,
3163 1036 3418 1107 impleant
3443 1052 3456 1089 :
3487 1056 3504 1087 ι
3529 1046 3589 1090 ut

2001 1124 2302 1179 exhibeatis
2317 1141 2543 1195 corpora
2561 1136 2739 1181 vestra
2760 1127 2993 1180 hostiam
3016 1127 3303 1209 viycntem,
3319 1138 3584 1189 sanctam,

2003 1217 2115 1271 Deo
2134 1215 2486 1285 placentem.)
2513 1215 2696 1269 Hostia
2719 1217 2916 1285 quippe
2930 1232 2995 1270 oc
3030 1217 3192 1269 iditnr
3218 1224 3278 1269 nt
3301 1216 3583 1276 offeratur,

2003 1308 2097 1362 sed
2143 1306 2317 1360 hostia
2351 1306 2537 1360 vivens
2579 1314 2661 1359 εει
2695 1320 2892 1375 corpus
2929 1321 3028 1375 pro
3060 1306 3282 1359 Domino
3304 1305 3587 1369 amictum,

2002 1398 2144 1466 quod
2170 1404 2223 1451 et
2263 1397 2440 1452 hostia
2470 1397 2683 1460 dicitur,
2717 1405 2773 1452 et
2793 1398 3000 1462 vivens,
3028 1397 3152 1467 quia
3180 1397 3315 1450 vivit
3336 1397 3386 1450 in
3420 1396 3591 1450 virtu-

2005 1489 2169 1553 tibus,
2194 1496 2250 1545 et
2279 1498 2362 1544 est
2392 1504 2424 1543 a
2454 1489 2600 1544 vitiis
2636 1490 2897 1544 occisum.
2954 1488 3139 1544 Hostia
3170 1488 3433 1549 videlicet,
3463 1488 3588 1556 quia

1999 1580 2113 1649 jam
2138 1580 2264 1634 huic
2275 1580 2475 1633 mundo
2491 1589 2619 1634 csta
2644 1581 2828 1650 pravis
2841 1580 3050 1636 actibus
3075 1588 3365 1634 mortuum.
3393 1577 3593 1634 Vivens

2005 1679 2204 1735 autem,
2219 1671 2343 1740 quia
2372 1679 2566 1726 cuncta
2590 1682 2715 1740 qua!r
2740 1671 2990 1741 praevalet
3016 1670 3154 1723 bona
3176 1677 3448 1738 cperatur.
3482 1666 3591 1721 Sed

2006 1762 2132 1831 quia
2177 1760 2277 1815 sub
2322 1760 2510 1814 altaris
2545 1760 2763 1815 nomine
2805 1759 2873 1813 de
2901 1760 3329 1828 compunetionis
3374 1758 3591 1813 flamma

319 1858 473 1922 ἱρείη,
502 1869 637 1924 quas
667 1854 864 1908 habere
890 1853 1062 1908 bonos
1095 1867 1160 1907 ac
1198 1851 1383 1907 fideles
1431 1852 1688 1916 diximus,
1718 1851 1793 1905 ita
1847 1852 1899 1905 in
1935 1834 1976 1892 Β
2006 1866 2184 1906 sermo
2234 1866 2297 1906 se
2338 1850 2538 1914 intulit,
2573 1852 2939 1905 necessarium
2966 1860 3115 1921 puto;
3150 1866 3269 1920 qua:
3304 1851 3377 1905 sit
3414 1851 3591 1905 diver-

314 1948 527 2014 quadro
569 1956 715 2007 sunt,
753 1951 813 1997 ιιι
839 1958 943 1998 una
966 1943 1129 1997 aliam
1171 1957 1276 1996 non
1306 1942 1549 1997 excedat.
1599 1941 1787 2011 Magna
1817 1949 1902 1995 est

314 2039 516 2107 quippe
558 2033 870 2106 prudentia,
915 2034 1010 2088 sed
1058 2033 1104 2088 si
1152 2033 1331 2087 minus
1356 2041 1496 2087 esta
1537 2030 1902 2100 voluptatibus

314 2136 642 2196 temperans,
673 2123 852 2177 minus
876 2121 929 2176 in
955 2121 1213 2192 periculis
1238 2120 1414 2184 fortis,
1456 2122 1640 2175 minus
1675 2122 1728 2174 in
1780 2134 1905 2189 cpe-

315 2213 615 2269 rationibus
637 2211 803 2281 justa,
837 2210 1079 2280 profecto
1101 2210 1279 2264 minus
1305 2219 1392 2264 est
1422 2210 1681 2280 prudens.
1713 2209 1903 2279 Magna

312 2313 402 2358 est
422 2303 795 2373 temperantia,
825 2302 917 2356 sed
943 2301 989 2356 si
1022 2301 1200 2355 minus
1238 2299 1486 2371 intelligit
1510 2300 1652 2353 unde
1672 2315 1731 2353 se
1772 2307 1905 2353 tein-

313 2402 489 2464 peret,
530 2394 577 2447 si
614 2392 839 2447 adversa
871 2390 1139 2446 sustinere
1175 2404 1275 2459 per
1311 2388 1680 2444 fortitudinem
1727 2389 1907 2443 minus

308 2478 462 2537 ‘valet
489 2482 725 2552 atquein
754 2481 949 2535 timore
972 2480 1212 2533 animum
1236 2480 1440 2550 dejicit,
1471 2478 1516 2533 si
1537 2493 1635 2548 per
1660 2478 1906 2548 praecipi-

320 2574 585 2629 tationem
639 2586 792 2627 snam
854 2569 1143 2639 aliquando
1185 2569 1240 2623 in
1287 2567 1513 2638 iustitiae
1563 2582 1728 2637 opera
1780 2582 1909 2637 pro-

319 2664 543 2733 rumpit,
577 2663 757 2718 minus
783 2668 867 2717 est
907 2669 1232 2731 temperans.
1290 2660 1483 2731 Magna
1510 2668 1596 2714 est
1621 2658 1901 2723 fortitudo,

318 2752 422 2808 sed
447 2753 494 2807 si
519 2752 698 2806 minus
722 2750 994 2821 intelligit,
1030 2765 1151 2819 quae
1200 2750 1344 2805 bona
1385 2749 1676 2815 custodiat,
1709 2748 1908 2818 quibus

319 2839 482 2896 malis
507 2841 743 2905 resistat,
774 2840 820 2894 si
849 2840 1028 2894 minus
1056 2854 1087 2893 a
1111 2838 1401 2909 voluptatis
1420 2838 1661 2907 appetitu
1688 2853 1748 2893 se
1774 2845 1909 2892 tem-

321 2940 501 3001 perat,
529 2930 624 2985 sed
650 2930 881 2984 vincitur
911 2927 1288 2992 delectatione,
1318 2927 1364 2981 si
1379 2918 1602 2996 iustitia:
1621 2939 1784 2995 opera
1811 2924 1910 2979 mi-

325 3037 431 3076 nus
458 3029 624 3087 tenet,
659 3029 817 3091 atque
841 3019 1131 3090 aliquando
1159 3020 1213 3073 in
1242 3017 1515 3087 iniustitiae
1545 3017 1915 3073 dominatione

321 3124 631 3186 superatur,
672 3116 848 3169 minus
879 3122 963 3170 est
989 3112 1163 3169 fortis.
1203 3112 1393 3185 Magna
1424 3122 1509 3167 est
1528 3109 1777 3179 iustitia;
1815 3110 1911 3165 sed

324 3206 370 3259 si
403 3205 582 3259 minus
607 3219 770 3274 quam
794 3202 956 3258 debet
975 3203 1117 3257 inter
1130 3200 1280 3270 iusta
1310 3210 1363 3256 et
1391 3202 1591 3272 iniusta
1614 3215 1781 3271 opera
1803 3201 1911 3255 dis-

323 3297 522 3361 cernit,
545 3296 591 3351 si
621 3296 801 3350 minus
823 3309 1011 3349 curam
1031 3293 1212 3348 mundi
1242 3291 1602 3347 delectatione
1624 3298 1909 3359 temperat,

282 3402 291 3405 ‘
325 3391 370 3446 si
395 3391 572 3445 minus
600 3405 660 3445 se
682 3398 866 3445 contra
889 3390 1113 3444 adversa
1134 3387 1425 3452 confortat,
1442 3388 1622 3442 minus
1645 3396 1727 3442 est
1742 3385 1909 3454 iusta.

327 3478 671 3534 Mensuretur
703 3493 831 3546 ergo
859 3477 1223 3547 perfecturum
1254 3475 1492 3531 fidelium
1512 3477 1623 3530 vita
1657 3490 1754 3545 per
1779 3490 1915 3546 qua-

328 3572 509 3632 drum,
562 3575 617 3623 et
664 3576 873 3621 tantum
902 3567 1101 3621 habeat
1123 3565 1382 3636 spiritalis
1406 3564 1529 3620 atrii
1564 3564 1705 3619 latus
1724 3578 1912 3628 unum,

328 3666 591 3729 quantum
641 3656 811 3710 latera
839 3654 1069 3725 singula.
1118 3654 1254 3721 Quia
1290 3645 1657 3723 unusquisque
1705 3661 1914 3707 tantum

326 3746 569 3818 prudens
605 3753 719 3810 est,
759 3753 1019 3815 quantum
1054 3752 1383 3813 temperans,
1425 3743 1581 3798 fortis
1609 3750 1663 3798 et
1700 3741 1911 3811 justus;

329 3845 541 3893 tantum
572 3846 907 3907 temperans,
932 3843 1193 3906 quantum
1227 3836 1490 3904 prudens,
1544 3832 1700 3899 fortis
1736 3841 1792 3887 et
1827 3832 1917 3901 ju-

330 3940 483 3997 stus;
530 3938 735 3985 tantum
773 3930 930 3986 fortis
958 3937 1217 3999 quantum
1242 3929 1481 3999 prudens
1509 3935 1565 3982 et
1611 3935 1916 3997 temperans

330 4030 388 4076 et
407 4022 619 4092 justus;
660 4028 869 4074 tantum
900 4017 1079 4087 justus
1107 4026 1370 4089 quantum
1407 4016 1678 4088 prudens,
1711 4027 1919 4086 tempe-

329 4129 463 4169 rans
495 4121 552 4168 et
584 4112 741 4168 fortis
770 4112 952 4168 fuerit.
985 4112 1124 4181 S_unt
1150 4120 1330 4165 tamen
1368 4109 1511 4163 inter
1554 4123 1649 4163 eos
1676 4107 1917 4176 plurimi,

333 4205 428 4276 qui
454 4205 630 4259 adhuc
655 4203 946 4259 carnaliter
968 4203 1180 4265 vivunt,
1195 4200 1288 4270 qui
1311 4206 1367 4253 et
1385 4200 1431 4253 si
1464 4197 1695 4252 fortasse
1715 4196 1921 4251 litteras

335 4303 609 4375 ignorant,
634 4311 693 4357 et
712 4307 983 4373 przecepta
1008 4300 1103 4354 Dei
1132 4298 1310 4368 legere
1333 4311 1442 4351 non
1466 4294 1665 4359 valent,
1690 4301 1839 4349 certe
1867 4302 1922 4347 et

335 4394 392 4449 in
420 4393 711 4448 multorum
738 4392 975 4446 fidelium
1004 4388 1415 4445 conversatione
1445 4388 1617 4451 bona,
1652 4399 1771 4454 quae
1804 4384 1922 4437 imi-

2003 1941 2136 1996 sitas
2172 1940 2410 2009 ejusdem
2437 1941 2865 2009 compunctionis
2885 1943 3187 1996 ostendere.
3247 1941 3361 1995 Alia
3394 1941 3597 2010 quippe

2004 2033 2349 2101 compunetio
2371 2041 2474 2096 est,
2501 2048 2620 2101 qua:
2641 2048 2738 2102 per
2768 2033 3015 2087 timorem
3048 2035 3307 2097 nascitur,
3336 2035 3440 2087 alia
3471 2049 3593 2102 quae

2004 2138 2103 2192 per
2131 2138 2390 2177 amorem.
2436 2122 2573 2189 Quia
2609 2125 2752 2177 aliud
2780 2132 2863 2178 est
2892 2124 3150 2194 supplicia
3195 2123 3400 2194 fugere,
3447 2124 3593 2177 aliud

2006 2213 2224 2281 pmmia
2256 2212 2586 2267 desiderare.
2643 2213 2796 2268 Unde
2847 2222 2902 2267 et
2933 2214 2985 2267 iu
3022 2213 3367 2267 tabernaculo
3394 2228 3489 2282 per
3519 2214 3593 2267 le-

2007 2317 2127 2371 gem
2155 2304 2260 2357 duo
2284 2303 2476 2357 altaria
2499 2302 2615 2357 fieri
2644 2303 2925 2370 iubentur,
2951 2319 3118 2357 unum
3162 2304 3411 2357 videlicet
3439 2312 3593 2356 exte-

2006 2396 2142 2459 rius,
2185 2395 2326 2449 aliud
2355 2410 2485 2449 vero
2526 2395 2770 2450 interius.
2818 2395 2989 2451 Unum
3020 2397 3071 2449 in
3100 2396 3260 2457 atrio,
3284 2394 3425 2448 aliud
3469 2402 3599 2447 ante

2006 2499 2210 2547 arcam,
2243 2500 2407 2538 unttm
2438 2486 2582 2553 quod
2623 2500 2731 2538 mre
2750 2493 3064 2554 coopertum
3112 2493 3215 2547 est,
3271 2484 3414 2537 aliud
3451 2485 3599 2552 quod

2007 2589 2140 2629 auro
2190 2575 2436 2638 vcstitur,
2468 2584 2633 2644 atque
2685 2575 2738 2627 in
2784 2574 2942 2629 altari
2980 2588 3125 2629 mreo
3151 2584 3597 2637 concremantur,

2008 2681 2223 2730 carnes,
2256 2675 2309 2720 tn
2359 2666 2517 2721 altari
2571 2681 2702 2720 vero
2745 2680 2910 2718 aureo
2950 2665 3309 2720 incenduntur
3328 2672 3596 2718 aromata.

2009 2756 2146 2824 Quid
2192 2765 2276 2810 est
2302 2758 2424 2821 hoc,
2456 2754 2653 2810 fratres
2679 2755 3006 2819 cbarissimi,
3030 2755 3173 2825 quod
3217 2753 3352 2809 foris
3375 2768 3598 2808 concre-

2010 2857 2228 2901 mantur
2248 2862 2460 2910 carnes,
2476 2847 2620 2900 intus
2647 2844 3031 2910 aromata,nisi
3056 2845 3161 2900 hoc
3183 2844 3326 2914 quod
3356 2842 3602 2914 quotidie

2009 2938 2274 3001 videmus,
2304 2939 2429 3007 quia
2456 2938 2562 2991 duo
2585 2945 2711 2990 sunt
2733 2936 3164 3006 compunctiouis
3186 2948 3407 3006 genera,
3435 2943 3603 3003 atque

2014 3031 2101 3085 alii
2127 3030 2303 3085 adhuc
2339 3046 2435 3099 per
2452 3031 2697 3086 timorem
2723 3030 3001 3101 plangunt,
3026 3030 3115 3084 alii
3137 3044 3265 3085 vero
3281 3027 3392 3097 jam
3423 3042 3482 3083 se
3502 3042 3605 3097 per

2016 3135 2253 3175 amorem
2296 3121 2350 3174 in
2383 3120 2634 3174 lamentis
2657 3120 2928 3174 alliciunt?
2958 3119 3109 3174 Multi
3150 3134 3384 3189 namque
3408 3134 3603 3188 pecca-

2016 3220 2191 3265 torum
2220 3226 2440 3265 suorum
2481 3225 2765 3273 memores,
2797 3210 2922 3263 dum
2958 3210 3219 3280 supplicia
3245 3220 3448 3265 aeterna
3471 3224 3599 3280 per-

2015 3300 2329 3361 timescunt,
2363 3298 2692 3366 quotidianis
2723 3314 2780 3352 se
2826 3299 3080 3369 lacrymis
3123 3299 3365 3370 afﬂigunt
3394 3318 3407 3354 :
3443 3301 3599 3369 plan-

2014 3397 2145 3459 gunt
2183 3387 2322 3442 mala
2370 3403 2491 3458 qua:
2543 3387 2809 3452 fecerunt,
2866 3396 2921 3441 et
2963 3389 3258 3442 incendunt
3311 3390 3438 3442 vitia
3474 3391 3602 3457 igne

2013 3479 2460 3549 compunctionis,
2490 3493 2717 3548 quorum
2748 3479 2923 3533 adhuc
2956 3479 3327 3548 suggestioncs
3356 3480 3407 3533 in
3435 3480 3601 3534 corde

2011 3572 2330 3641 patiuntur:
2357 3570 2486 3641 quid
2518 3570 2628 3633 isti,
2654 3569 2757 3623 nisi
2779 3568 2951 3623 altare
2975 3578 3100 3623 sunt
3129 3583 3364 3628 aereum,
3412 3570 3464 3622 in
3493 3586 3605 3638 quo

2015 3679 2207 3718 carnes
2263 3663 2472 3726 ardent,
2536 3662 2661 3731 quia
2705 3661 2881 3714 adhuc
2928 3660 2996 3713 ab
3031 3659 3112 3713 eis
3152 3658 3391 3713 eat-nalis
3438 3672 3603 3727 opera

2014 3754 2384 3825 planguntur?
2410 3752 2514 3806 Alii
2553 3766 2682 3805 vero
2719 3766 2748 3805 a
2793 3750 3100 3805 carnalibus
3125 3749 3272 3803 vitiis
3301 3749 3478 3813 liberi,
3504 3757 3600 3802 aut

2016 3846 2190 3915 longis
2208 3844 2319 3913 jam
2350 3842 2564 3897 ﬂetibus
2584 3842 2778 3905 securi,
2800 3842 2999 3896 an~oris
3027 3841 3242 3895 ﬂamma
3267 3841 3322 3894 in
3344 3855 3605 3908 compun-

2018 3935 2212 3991 ctionis
2254 3933 2505 4005 lacrymis
2553 3933 2921 3997 inardescunt,
2960 3931 3199 3986 caelestis
3233 3930 3422 4000 patria:
3462 3946 3605 4000 prte-

2018 4027 2126 4081 mia
2155 4026 2338 4081 cordis
2380 4025 2552 4081 oculis
2576 4032 2884 4094 proponunt
2912 4039 2926 4075 :
2956 4022 3204 4093 supernis
3231 4021 3345 4091 jam
3395 4021 3608 4076 civibus

2020 4118 2283 4172 interesse
2311 4115 2719 4185 concupiscunt.
2772 4114 2917 4169 Dura
2950 4113 3030 4168 eis
3082 4119 3306 4183 apparet
3348 4111 3603 4175 servitus,

2019 4208 2295 4279 longitudo
2319 4206 2768 4277 peregrinationis
2796 4220 2928 4269 sua),
2979 4218 3161 4273 regem
3203 4202 3256 4256 in
3286 4203 3480 4256 decore
3509 4216 3611 4255 suo

2022 4301 2204 4354 videre
2228 4298 2559 4364 desiderant,
2579 4307 2634 4352 et
2650 4295 2781 4353 ﬂere
2804 4294 3045 4365 quotidie
3069 4309 3134 4348 ex
3162 4290 3279 4358 ejus
3302 4306 3485 4346 amore
3499 4306 3607 4344 non

2022 4401 2256 4451 cessant.
2283 4392 2422 4460 Quid
2451 4392 2562 4455 isti,
2597 4389 2699 4444 nisi
2742 4388 2915 4442 altare
2953 4394 3078 4440 sunt
3105 4396 3326 4438 aureum
3368 4383 3423 4435 in
3468 4395 3607 4451 quo-

336 4489 519 4537 tentur
542 4480 743 4543 vident,
790 4479 930 4534 Ecce
954 4478 1010 4532 in
1054 4476 1291 4532 Ecclesia
1317 4490 1478 4530 voces
1524 4474 1694 4529 sancti
1750 4474 1924 4527 Evan-
1948 4507 2000 4566 D
2026 4505 2146 4543 mm
2213 4487 2377 4542 corde
2425 4492 2664 4541 aromata
2722 4482 2942 4535 incensa
3005 4485 3152 4541 sunt,
3197 4476 3322 4546 quia
3381 4477 3613 4530 virtutes

337 4570 462 4642 gelii
489 4578 652 4640 atque
694 4567 1060 4639 apostolorum
1090 4572 1303 4621 sonant.
1338 4563 1480 4619 Ecce
1513 4562 1756 4632 exempla
1785 4562 1923 4616 bene

338 4660 632 4714 viventium
663 4656 901 4727 quotidie
926 4655 1204 4711 hominum
1229 4652 1399 4707 oculis
1427 4660 1791 4722 opponuntur,
1824 4664 1922 4704 nec

338 4751 395 4804 in
422 4747 770 4804 excusatione
810 4761 906 4802 sua
934 4745 1118 4800 dicere
1170 4748 1425 4811 poterunt
1460 4759 1472 4794 :
1511 4739 1627 4795 Non
1668 4740 1918 4803 vidimus,

344 4840 490 4912 quod
519 4837 720 4893 imitari
742 4837 1079 4893 deberemus.
1104 4831 1254 4889 Unde
1279 4837 1334 4885 et
1360 4828 1637 4885 subditur:
1734 4882 1752 4905 κ

422 4973 440 5005 ι
476 4952 543 5008 Ει
573 4950 743 5006 altare
787 4956 913 5004 ante
967 4945 1160 5001 faciem
1188 4943 1393 5013 templi.
1428 4959 1447 4995 ι
1483 4940 1620 5007 Quid
1661 4948 1745 4995 est
1790 4948 1923 4993 tem-

344 5048 493 5120 plum
546 5043 653 5098 nisi
702 5041 875 5097 fidelis
901 5037 1175 5110 populus?
1217 5036 1363 5091 sicut
1396 5048 1494 5104 per
1532 5031 1757 5087 Paulum
1789 5044 1921 5099 apo—

348 5138 553 5194 stolum
588 5132 865 5203 discipulis
891 5130 1121 5186 dicitur:
1150 5147 1169 5180 «ι
1207 5126 1487 5197 Templum
1510 5124 1655 5180 enim
1677 5123 1773 5178 Dei
1802 5136 1925 5177 san-

345 5238 496 5283 ctum
517 5233 622 5289 est,
639 5224 781 5294 quod
807 5222 939 5278 estis
962 5235 1056 5276 vos
1077 5218 1128 5291 (Ι
1158 5218 1281 5275 Cor.
1295 5216 1401 5291 ιιι).
1436 5236 1456 5270 ι
1491 5216 1558 5270 Ει
1579 5215 1709 5285 quid
1736 5221 1821 5269 est
1847 5212 1926 5267 al-

346 5328 469 5374 tare
495 5318 589 5373 Dei
615 5316 717 5371 nisi
739 5330 891 5370 mens
919 5314 1057 5370 bene
1079 5310 1409 5366 viventium?
1445 5310 1537 5380 qui
1584 5309 1686 5362 rite
1734 5321 1927 5377 pecca-

349 5421 529 5467 torum
581 5422 800 5463 suomm
855 5419 1125 5460 memores
1158 5402 1412 5473 lacrymis
1455 5399 1695 5455 maculas
1728 5398 1929 5459 lavant.

347 5514 572 5558 carnem
607 5513 702 5570 per
746 5496 1128 5552 abstinentiam
1174 5500 1472 5557 macerant,
1493 5490 1655 5545 nullis
1689 5504 1748 5544 se
1779 5497 1933 5556 uiuus

350 5589 539 5646 mundi
593 5588 897 5643 actionibus
938 5586 1191 5650 miscent,
1243 5598 1364 5654 qua:
1392 5583 1611 5645 habent,
1649 5580 1933 5651 indigenti-

350 5680 455 5736 bus
484 5678 747 5743 tribnunt,
773 5687 825 5732 et
852 5678 1052 5733 habere
1077 5690 1197 5747 quae
1222 5689 1327 5729 non
1369 5673 1572 5728 habent
1600 5686 1705 5726 non
1734 5684 1933 5725 concu-

350 5773 589 5840 piscunt.
657 5768 820 5823 Recte
870 5768 1034 5838 igitur
1063 5767 1255 5821 horum
1287 5780 1382 5820 cor
1422 5763 1591 5817 altare
1618 5762 1712 5816 Dei
1736 5761 1933 5815 dicitur

2024 4575 2262 4632 ardent?
2286 4575 2430 4629 Bene
2459 4581 2637 4626 autem
2678 4570 2745 4624 de
2782 4568 2973 4622 eodem
3000 4566 3158 4620 altari
3199 4566 3422 4628 dicitur,
3464 4567 3610 4634 quod

2026 4676 2154 4721 ante
2182 4666 2357 4721 velmn
2387 4678 2525 4718 arcte
2562 4663 2635 4717 sit
2675 4660 2910 4729 positum
2960 4658 3014 4712 in
3036 4664 3226 4712 sancta
3273 4666 3610 4711 sanctorum.

2024 4761 2164 4815 Area
2188 4760 2384 4827 quippe
2423 4752 2733 4810 testamenti
2752 4752 2868 4821 ipse
2891 4750 3045 4805 nobis
3069 4749 3242 4804 factus
3269 4758 3373 4804 est.
3399 4749 3474 4803 De
3500 4763 3613 4818 quo

2026 4850 2286 4917 scriptum
2310 4845 2579 4907 novimus,
2612 4862 2630 4893 ι
2660 4843 2712 4897 in
2743 4857 2852 4912 quo
2877 4848 3002 4895 sunt
3027 4854 3219 4893 omnes
3261 4839 3503 4893 thesauri
3524 4848 3612 4892 sa-

2026 4940 2241 5009 pientia!
2268 4946 2325 4991 et
2347 4935 2587 4991 scientiae
2609 4933 2927 4988 absconditi.
2942 4953 2960 4984 ι
2994 4933 3135 4987 Area
3161 4931 3302 4985 intra
3336 4929 3509 4984 velum
3526 4937 3613 4983 est

2029 5030 2340 5098 redemptor
2366 5038 2550 5081 noster
2591 5026 2646 5078 in
2679 5024 2835 5079 calo.
2888 5023 3074 5077 Altare
3101 5035 3230 5076 vero
3281 5033 3502 5075 aureum
3556 5034 3613 5073 tn

2029 5134 2139 5191 quo
2186 5118 2479 5190 thymiama
2521 5116 2824 5171 incenditur
2865 5123 2992 5169 ante
3039 5113 3242 5176 velum,
3299 5121 3612 5166 sanctorum

2031 5213 2217 5276 corda,
2271 5225 2391 5280 qua:
2441 5223 2565 5263 cum
2619 5207 2826 5277 magnis
2863 5204 3153 5260 virtutibus
3197 5202 3250 5255 iu
3297 5201 3389 5255 Dei
3428 5214 3615 5253 amore

2033 5317 2289 5360 succensa
2311 5310 2454 5363 sunt,
2476 5307 2826 5369 persanctum
2854 5295 3175 5351 desiderium
3199 5292 3251 5346 in
3280 5289 3370 5344 illo
3397 5291 3615 5355 ardent,

2033 5408 2192 5463 quem
2214 5393 2391 5447 adhuc
2418 5390 2653 5445 revelata
2680 5388 2817 5442 facie
2842 5387 3023 5440 videre
3064 5398 3168 5438 non
3190 5389 3435 5451 possunt.
3467 5380 3615 5434 Inter

2033 5498 2214 5539 arcam
2258 5481 2455 5552 quippe
2502 5489 2557 5535 et
2584 5479 2757 5532 altare
2802 5475 2978 5531 velum
3016 5481 3120 5537 est,
3161 5471 3284 5539 quia
3320 5469 3425 5523 hoc
3470 5469 3616 5538 quod

2032 5590 2132 5630 nos
2166 5572 2341 5627 adhuc
2366 5586 2396 5626 a
2424 5571 2630 5625 visione
2659 5569 2752 5624 Dei
2776 5574 3011 5636 separat,
3037 5558 3397 5629 corruptionis
3415 5566 3616 5613 nostrae

2032 5662 2371 5720 obstaculum
2419 5670 2685 5716 remotum
2737 5673 2844 5713 non
2897 5666 2999 5720 est,
3051 5654 3145 5710 sed
3176 5666 3454 5721 quousque
3491 5658 3619 5704 ante

2030 5757 2207 5811 velum
2265 5770 2488 5821 sumus,
2536 5760 2751 5823 oportet
2804 5760 2861 5804 ut
2925 5748 3078 5817 quasi
3125 5745 3492 5816 thymiamatis
3529 5745 3619 5801 in-
