3972 6184
449 358 556 413 967

1105 353 1167 408 Β.
1209 351 1464 408 RABANI
1506 351 1726 408 MAURI
1765 349 2084 406 ARClllEP.
2124 345 2435 404 MOGUNT.
2478 344 2767 402 OPERUM
2805 344 2989 401 PARS
3026 342 3091 399 ll.

3650 341 3750 398 933

447 485 673 527 censum
728 467 943 523 llainma
1009 466 1212 521 amoris
1280 465 1570 520 ardeamus
1625 462 1731 517 Per
1795 477 2058 531 compuu-
2085 470 2132 526 Α
2163 460 2309 515 tibus
2328 459 2593 515 columna:
2618 471 2793 525 erant,
2829 475 2935 514 una
2972 459 3120 522 hinc,
3158 467 3214 513 et
3249 457 3422 513 altera
3465 456 3608 512 inde.
3642 455 3754 511 Non

447 561 648 616 ctionis
695 568 876 614 autem
916 558 1204 627 lacrymas,
1247 555 1323 608 nil
1380 563 1679 615 terrenum,
1737 551 1812 606 nil
1861 550 2059 605 transi-

452 650 652 704 lorium
689 660 930 717 quaerere
975 644 1255 701 debemus.
1301 642 1462 698 Solus
1492 642 1648 696 nobis
1681 642 1795 710 ipse
1824 638 2058 696 sufﬁciat

449 739 542 807 qui
557 737 686 791 fecit
709 736 888 789 omnia
910 752 922 787 :
941 734 1384 788 transcendamus
1398 747 1495 801 per
1511 729 1838 786 desiderium
1853 730 2054 791 omnia,

448 837 509 883 ιιι
532 835 766 881 mentem
790 825 1111 893 colligamus
1165 825 1217 878 iu
1247 840 1374 878 uno.
1417 823 1531 878 Non
1560 820 1672 890 jam
1712 822 1907 876 timore
1934 834 2055 889 pa:-

448 934 665 982 narum,
683 933 791 972 non
807 918 1066 971 memoria
1081 917 1359 980 vitiorum,
1376 917 1468 971 sed
1485 916 1688 970 amoris
1701 914 1913 968 ﬂamma
1941 929 2059 967 suc-

451 1008 627 1071 censi,
678 1008 966 1060 ardeamus
1013 1006 1067 1060 iu
1108 1006 1363 1075 lacrymis
1403 1020 1525 1058 cum
1556 1004 1724 1057 odore
1768 1003 2053 1056 virtutum.

532 1116 549 1150 ι
578 1098 648 1153 Ει
683 1097 986 1184 introduxit
1018 1112 1104 1151 me
1133 1097 1187 1150 in
1214 1094 1539 1149 vestibulum
1578 1094 1784 1163 templi,
1816 1102 1871 1147 et
1906 1108 2059 1147 men-

456 1206 477 1240 ι
508 1204 603 1242 sus
630 1196 715 1241 est
743 1186 1069 1241 vestibulum
1092 1186 1329 1255 quinque
1365 1186 1562 1239 cubitis
1602 1185 1747 1247 hinc,
1796 1193 1849 1237 ct
1894 1184 2056 1251 quin-

458 1295 478 1329 ι
511 1292 617 1347 que
639 1277 839 1332 cubitis
863 1276 1006 1329 inde.
1034 1275 1103 1329 Et
1152 1274 1490 1329 latitudinem
1520 1281 1688 1343 porta:
1710 1273 1870 1326 trium
1908 1272 2060 1326 cubi-

459 1385 479 1418 ι
519 1377 697 1423 torum
746 1366 891 1429 hinc,
930 1374 985 1420 et
1009 1367 1171 1420 trium
1214 1366 1521 1420 cubitorum
1564 1365 1705 1420 inde.
1738 1363 2059 1433 Longitudi-

459 1475 481 1507 ι
526 1472 647 1511 nem
671 1466 851 1510 autem
876 1456 1127 1510 vestibuli
1154 1456 1343 1526 viginti
1365 1456 1694 1519 cubitorum,
1719 1455 2058 1509 latitudinem

460 1567 481 1598 ι
515 1548 764 1603 undecim
814 1548 1141 1611 cubitorum,
1172 1557 1229 1602 et
1251 1558 1373 1603 octo
1389 1548 1644 1615 gradibus
1665 1547 2060 1601 ascende-batur

461 1656 484 1691 ι
517 1638 585 1693 ad
625 1654 765 1693 eam.
801 1658 819 1687 ι
853 1636 1126 1709 (Ηίενοη.)
1152 1636 1504 1706 Supradictns
1534 1652 1750 1705 quoque
1781 1637 1862 1690 vir
1884 1637 2057 1691 iatro-

453 1729 609 1784 duxit
630 1729 969 1784 Ezechielem
995 1728 1048 1782 in
1078 1728 1398 1783 vestibulum
1423 1729 1535 1783 sive
1566 1730 1826 1803 πρόπυλον
1852 1727 2056 1797 templi,

2158 551 2297 605 dixit
2330 552 2469 619 dum,
2508 565 2576 607 ne
2619 550 2670 604 in
2706 550 2919 605 dualem
2960 551 3267 606 incurreret
3305 565 3615 611 numerum.
3666 549 3755 604 sed

2158 656 2265 718 una
2291 650 2349 697 et
2377 658 2506 706 una,
2545 642 2635 712 qui
2678 640 2953 711 perfectus
2982 649 3065 695 est
3112 655 3391 703 numerus,
3449 648 3506 694 et
3561 640 3755 694 unione

2159 732 2240 786 sui
2264 732 2505 785 imitatur
2542 732 2729 787 Deum.
2769 731 2877 786 Illae
2909 740 3091 787 autem
3120 741 3279 786 erant
3314 732 3579 787 columna:
3621 730 3752 793 dum,

2157 823 2225 878 de
2265 823 2461 892 quibus
2499 825 2639 878 etin
2689 823 3012 895 Apocalypsi
3057 824 3299 879 dicitur:
3338 842 3357 874 ι
3402 823 3504 891 Qui
3546 823 3750 884 vicerit,

2158 911 2352 968 faciam
2379 929 2502 967 eum
2538 913 2843 968 columnam
2875 915 2930 967 in
2960 913 3163 984 templo
3210 913 3307 969 Dei
3334 913 3464 976 mei,
3521 921 3576 966 et
3612 910 3754 965 foras

2157 1017 2265 1056 non
2294 1002 2620 1073 egredietur.
2663 1022 2681 1052 ι
2720 1002 2785 1056 Ει
2814 1002 3012 1058 Petrus
3034 1019 3096 1058 ac
3115 1001 3353 1058 Joannes
3378 1002 3644 1057 columna:
3664 1018 3752 1071 ap.

2123 1093 2129 1099 ’
2159 1091 2428 1162 pellantur
2457 1092 2737 1157 Ecclesiae,
2769 1107 2865 1162 per
2908 1110 3046 1163 tutos
3088 1093 3423 1165 ingredimur
3458 1093 3526 1148 ad
3558 1092 3752 1171 Sancta

2159 1194 2491 1249 sanctorum,
2525 1193 2581 1240 et
2607 1200 2839 1254 quorum
2867 1185 3112 1240 doctrina
3141 1186 3211 1240 ad
3247 1185 3547 1250 Christum,
3573 1193 3753 1240 noster

2160 1274 2419 1329 introitus
2456 1284 2560 1330 cst.
2647 1312 2699 1351 ρ,

2234 1383 2252 1416 ι
2295 1366 2360 1419 Et
2379 1365 2648 1439 columnae
2673 1375 2833 1422 erant
2870 1366 2926 1421 in
2968 1365 3238 1423 frontibus
3266 1384 3373 1423 una
3400 1369 3528 1423 hinc
3574 1377 3632 1422 et
3682 1364 3755 1421 al-

2166 1473 2184 1506 ι
2220 1463 2331 1511 tera
2366 1454 2508 1510 inde.
2542 1475 2560 1507 ι
2592 1455 2670 1512 De
2693 1456 2889 1525 quibus
2911 1456 3178 1512 columnis
3219 1457 3272 1513 in
3305 1457 3442 1512 libro
3472 1458 3678 1527 Regum
3703 1465 3755 1511 et

2158 1545 2607 1615 Paralipomenon
2657 1545 2889 1616 legitur,
2945 1546 3036 1601 ubi
3101 1553 3374 1601 structura
3425 1546 3608 1613 templi
3661 1545 3754 1600 Sa-

2159 1634 2443 1690 lomoniaci
2483 1643 2967 1700 commemoratur,
2997 1635 3142 1706 quod
3177 1636 3230 1690 in
3259 1635 3529 1690 vestibulo
3574 1636 3750 1705 templi

2161 1744 2322 1783 unam
2348 1728 2590 1798 posuerit
2614 1745 2645 1783 a
2672 1729 2897 1793 dextris,
2935 1737 2991 1783 et
3015 1725 3243 1782 alteram
3269 1743 3300 1781 a
3331 1727 3570 1783 sinistris
3597 1727 3750 1794 juxta

454 1819 600 1890 quod
641 1834 858 1874 mensus
891 1827 976 1872 est
1014 1818 1252 1887 quinque
1290 1818 1488 1872 cubitis
1540 1818 1669 1872 hinc
1709 1826 1766 1870 et
1811 1817 2050 1886 quinque
2083 1813 2126 1872 Β
2153 1819 2352 1875 ostium
2398 1819 2605 1888 templi.
2669 1819 2762 1874 llre
2789 1828 2918 1874 sunt
2941 1818 3195 1874 videlicet
3220 1819 3508 1880 columnte.
3540 1816 3609 1873 de
3630 1819 3749 1887 qui-

454 1910 650 1965 cubitis
675 1910 816 1972 inde,
840 1910 1093 1978 quoniam
1119 1910 1209 1978 qui
1234 1909 1573 1965 introductus
1589 1918 1692 1975 est,
1718 1909 1916 1965 divinis
1941 1926 2059 1964 sen-

455 2000 608 2053 sibus
639 1999 815 2052 fuerat
857 2000 1102 2053 eruditus
1132 2017 1144 2052 :
1169 2009 1225 2054 et
1278 2015 1378 2054 nec
1408 2000 1656 2054 dextram
1688 2009 1916 2055 noverat
1957 2016 2057 2055 nec

454 2088 752 2152 sinistram,
819 2090 917 2143 sed
973 2091 1059 2143 via
1125 2090 1272 2161 regia
1330 2091 1752 2161 iugrediebatur.
1805 2090 2059 2147 Latitudo

452 2189 638 2232 autem
664 2178 832 2247 ipsius
858 2189 1049 2248 portae,
1078 2194 1175 2249 per
1201 2196 1362 2248 quam
1391 2180 1647 2234 introitus
1690 2190 1809 2235 erat
1852 2182 1921 2236 ad
1963 2198 2058 2237 ve-

454 2268 712 2324 stibulum
750 2270 953 2340 templi,
978 2270 1211 2325 habebat
1234 2282 1417 2327 ternos
1442 2272 1655 2327 cubitos
1679 2273 1805 2328 hinc
1829 2281 1884 2329 et
1911 2274 2054 2328 inde.

457 2363 515 2418 ln
547 2378 656 2433 quo
693 2362 988 2434 Scriptura:
1017 2376 1220 2419 sanctae
1239 2365 1574 2422 observanda
1601 2366 1894 2437 elegantia,
1914 2367 2059 2437 quod

457 2468 565 2507 non
618 2454 820 2509 dixerit
857 2470 889 2508 a
933 2454 1122 2509 dextra
1168 2464 1226 2510 et
1265 2455 1531 2511 sinistra:
1563 2472 1631 2512 ne
1678 2457 1959 2513 videretur
2002 2459 2056 2512 in

457 2542 664 2597 sanctis
702 2550 1017 2597 sanctorum
1054 2543 1335 2599 sinistrum
1376 2544 1578 2615 aliquid
1626 2547 1930 2612 nominare,
1962 2548 2058 2603 sed

461 2634 589 2688 hinc
626 2642 682 2687 et
713 2635 859 2700 inde,
917 2635 969 2689 id
1013 2644 1119 2699 est,
1159 2652 1226 2691 ex
1258 2644 1487 2707 utraque
1518 2648 1692 2707 parte.
1751 2639 2059 2710 Statimque

456 2724 695 2794 prudens
717 2724 889 2779 lector
917 2725 1191 2795 intelligit,
1227 2727 1428 2782 trinum
1455 2744 1740 2784 numerum
1778 2729 1846 2785 ad
1876 2730 2055 2785 Trini-

457 2815 588 2869 tatis
616 2816 935 2884 mysterium
970 2818 1266 2884 pertinere,
1301 2833 1421 2886 qum
1454 2828 1612 2888 porta
1640 2829 1724 2876 est
1748 2820 2057 2890 ingredien-

457 2904 590 2958 tium
620 2904 689 2957 ad
724 2903 892 2957 Deum
920 2921 933 2955 :
959 2904 1085 2957 dum
1122 2914 1178 2958 et
1208 2905 1371 2960 Pater
1411 2906 1464 2960 in
1494 2906 1632 2961 Filio
1664 2916 1770 2972 est,
1802 2919 1857 2963 et
1890 2908 2057 2963 Filius

454 2996 511 3050 in
541 2996 722 3058 Patre,
751 3003 807 3049 et
856 2995 909 3049 in
940 3002 1171 3064 utroque
1206 2994 1445 3064 Spiritus
1473 3006 1695 3053 sanctus
1721 3017 1733 3052 :
1759 2999 1850 3069 qui
1884 3001 2058 3053 triuus

454 3101 713 3141 numerus
754 3101 858 3139 una
896 3096 1051 3155 porta
1080 3098 1163 3142 est
1194 3103 1405 3152 eorum,
1434 3089 1526 3158 qui
1568 3101 1692 3159 post
1718 3089 2052 3160 baptismum

453 3175 755 3241 Trinitatis,
787 3178 1104 3246 perveniunt
1138 3180 1207 3233 ad
1236 3180 1486 3235 salutem.

526 3267 681 3334 Quod
705 3278 886 3322 autem
936 3269 1181 3337 sequitur
1213 3288 1231 3319 ι
1274 3269 1549 3337 longitudo
1593 3270 1844 3325 vestibuli
1875 3270 2049 3341 vigin-

454 3361 496 3415 ti
533 3360 836 3415 cubitorum
870 3399 886 3426 ,
931 3369 985 3415 et
1038 3360 1264 3417 latitudo
1322 3363 1572 3419 undecim
1626 3364 1970 3427 cubitorum,
2025 3383 2044 3415 ι

452 3456 669 3510 videtur
708 3454 890 3509 facere
949 3456 1302 3525 quaestionem
1339 3497 1354 3520 ,
1403 3457 1673 3526 quomodo
1732 3455 1906 3511 dualis
1943 3471 2045 3510 nu-

452 3560 676 3608 merus,
739 3545 830 3614 qui
892 3544 1127 3600 refertur
1183 3547 1253 3601 ad
1299 3548 1435 3600 duas
1495 3546 1767 3610 decadas,
1818 3554 1876 3601 et
1951 3562 2051 3600 uu-

455 3638 721 3702 decimus,
761 3639 853 3706 qui
901 3654 1009 3692 uno
1052 3639 1255 3709 indiget
1296 3648 1353 3692 ut
1388 3654 1604 3695 sacrum
1636 3654 1921 3694 numerum
1959 3655 2050 3696 ex-

456 3725 596 3795 pleat
623 3725 997 3781 duodecimum
1037 3728 1089 3782 in
1134 3727 1403 3782 vestibulo
1443 3728 1628 3799 templi
1653 3743 1774 3785 esse
1795 3728 2043 3785 dicatur:

454 3818 609 3884 Quod
637 3816 885 3886 plerique
912 3819 990 3872 sic
1025 3820 1258 3873 solvunt.
1305 3820 1564 3885 Quamvis
1600 3819 1775 3874 sancti
1805 3819 1917 3874 sint
1959 3833 2047 3873 sa-

448 3908 720 3971 cerdotes,
743 3908 872 3961 etin
898 3909 1078 3976 templi
1111 3910 1425 3964 ministeriis
1448 3908 1716 3973 collocati,
1733 3917 1788 3964 et
1808 3908 2050 3978 quotidie

452 4000 706 4054 victimas
731 3998 966 4054 offerant
1004 4001 1241 4065 Christo,
1276 4012 1455 4057 tamen
1491 4004 1617 4072 quia
1658 4002 1711 4057 in
1758 4003 1861 4057 hoc
1904 4017 2050 4057 mor-

456 4087 550 4141 tali
592 4086 877 4157 fragilique
927 4091 1267 4157 corpusculo,
1311 4102 1368 4146 et
1394 4092 1834 4162 aegrotationibus
1877 4094 2048 4148 vitiis-

450 4192 561 4247 que
619 4175 861 4244 subjecto
927 4189 1370 4246 commorantur,
1437 4183 1767 4237 vicenarium
1850 4184 2050 4239 habent

456 4280 833 4336 iuunerum,et
856 4272 1221 4325 undecimum.
1255 4270 1408 4325 Unde
1456 4272 1666 4326 diccbat
1720 4280 1776 4326 et
1814 4273 2045 4341 Aposto-

452 4356 538 4411 lus
576 4374 589 4410 :
631 4376 650 4409 ι
692 4356 854 4411 Miser
886 4374 988 4430 ego
1015 4359 1193 4423 homo,
1234 4361 1356 4430 quis
1397 4375 1481 4415 me
1526 4360 1778 4416 liberabit
1815 4362 1882 4416 de
1921 4377 2043 4417 cor—

450 4464 585 4520 pore
606 4448 972 4520 mortis'hnjus
995 4448 1301 4520 (lienam).
1335 4469 1353 4501 ι
1384 4449 1497 4504 Non
1519 4451 1660 4520 quod
1675 4450 1830 4520 juxta
1862 4452 2043 4506 srevis-

2161 1909 2263 1965 bus
2287 1908 2487 1963 Paulus
2514 1906 2750 1981 ait(Gal.
2779 1908 2837 1972 ιι)
2867 1927 2880 1963 :
2920 1927 2939 1960 ι
2968 1907 3223 1974 .laeobus,
3259 1911 3491 1981 Cephas,
3516 1921 3571 1965 et
3595 1908 3754 1965 Joan-

2163 2014 2295 2063 nes,
2346 1998 2440 2069 qui
2494 2000 2816 2054 videbantur
2865 1999 3130 2055 columnte
3179 2014 3334 2064 esse,
3389 2001 3610 2055 dextras
3671 2000 3754 2055 de-

2161 2089 2358 2144 derunt
2390 2089 2523 2144 mihi
2550 2101 2605 2144 et
2633 2090 2893 2146 Barnabae
2933 2091 3230 2154 societatis,
3259 2101 3318 2144 ut
3348 2107 3445 2147 nos
3484 2092 3538 2147 in
3581 2100 3753 2158 genu-

2159 2182 2284 2247 bus,
2315 2182 2391 2236 illi
2421 2191 2605 2238 autem
2654 2182 2707 2236 in
2759 2181 3192 2237 circumcisione.
3226 2202 3245 2234 ι
3297 2181 3505 2250 Quibus
3554 2182 3746 2244 verbis,

2160 2275 2319 2345 quasi
2337 2289 2612 2345 exponere
2632 2275 2842 2330 videtur
2886 2274 3205 2346 mysterium
3233 2275 3612 2330 columnarum
3645 2290 3747 2330 ma-

2162 2365 2433 2422 terialium
2461 2382 2477 2431 ;
2502 2374 2558 2421 et
2589 2366 2720 2435 quid
2764 2365 3019 2422 videlicet
3062 2365 3436 2437 ﬁguravennt,
3476 2375 3535 2421 et
3582 2381 3750 2433 quare

2159 2456 2281 2511 dua:
2316 2456 2426 2511 sint
2451 2454 2625 2511 factae.
2656 2456 2946 2525 Apostolus
2972 2471 3204 2526 namque
3233 2469 3287 2510 et
3315 2458 3568 2513 doctores
3586 2472 3751 2511 cunc-

2160 2545 2199 2599 ti
2250 2545 2521 2615 spiritales
2542 2545 2878 2616 siguiticant',
2928 2547 3105 2602 fortes
3145 2546 3399 2601 nimirum
3434 2547 3538 2602 (ide
3586 2556 3749 2617 atque

2158 2650 2323 2705 opere
2368 2646 2424 2692 et
2452 2636 2907 2706 contemplatione
2943 2638 3011 2692 ad
3065 2651 3299 2706 superna
3351 2639 3574 2693 electos.
3628 2639 3752 2693 Duae

2159 2735 2289 2782 sunt
2315 2736 2521 2791 autem,
2567 2735 2629 2781 ut
2678 2737 2734 2782 et
2770 2737 2980 2797 gentes,
3021 2738 3077 2784 et
3101 2728 3573 2784 circumcisionem
3614 2743 3752 2797 prae-

2157 2817 2389 2872 dicando
2430 2817 2484 2871 in
2514 2816 2812 2873 Ecclesiam
2858 2818 3223 2874 introducam.
3255 2817 3483 2873 Stabant
3540 2821 3590 2872 in
3622 2832 3749 2886 pora

2158 2909 2272 2964 ticu
2297 2918 2424 2962 ante
2460 2906 2607 2963 fores
2653 2908 2859 2978 templi,
2900 2920 2957 2963 et
3006 2910 3309 2980 ingressum
3351 2910 3496 2965 illius
3530 2924 3630 2964 suo
3653 2910 3748 2965 (ie-

2156 3012 2285 3052 core
2321 3012 2387 3053 ac
2431 2996 2835 3067 pulchritudine
2869 3013 2938 3054 ex
2967 3010 3194 3070 utraque
3233 3009 3388 3069 parte
3432 3000 3752 3055 mirabiliter

2158 3088 2442 3144 ornabant.
2467 3087 2679 3144 Ostium
2706 3098 2887 3144 autem
2921 3091 3105 3160 templi
3131 3090 3391 3145 Dominus
3414 3102 3501 3145 est
3528 3110 3541 3143 :
3579 3109 3598 3141 ι
3620 3092 3745 3161 quia

2080 3165 2125 3228 C
2159 3193 2319 3233 nemo
2354 3179 2500 3234 venit
2526 3180 2593 3233 ad
2626 3178 2860 3242 Patrem.
2896 3181 2996 3235 nisi
3025 3197 3122 3252 per
3150 3181 3322 3251 ipsum
3344 3181 3530 3252 (Joau.
3564 3196 3700 3251 xiv).
3724 3202 3741 3232 ο

2157 3272 2227 3326 Ει
2277 3272 2418 3328 sicut
2464 3272 2590 3327 alibi
2642 3273 2815 3327 dicit:
2851 3292 2869 3323 ι
2900 3273 3012 3342 Ego
3036 3289 3158 3329 sum
3185 3273 3412 3337 ostium,
3446 3289 3545 3342 per
3583 3288 3674 3328 me
3703 3274 3747 3327 si

2155 3362 2280 3432 quis
2332 3363 2621 3424 introierit.
2672 3363 2974 3419 salvabitur
2994 3364 3183 3436 (Joan.
3237 3370 3314 3434 ι).
3348 3384 3368 3415 ι
3403 3363 3558 3430 Quod
3596 3365 3746 3418 vide—

2152 3451 2558 3506 licetcolumnae
2572 3452 2639 3506 ab
2669 3461 2901 3521 utroque
2917 3453 3084 3508 latere
3106 3468 3288 3508 coram
3308 3452 3497 3523 posita:
3518 3453 3749 3508 circum-

2150 3549 2317 3607 stant,
2339 3556 2461 3596 cum
2494 3542 2727 3597 ministri
2765 3542 3032 3598 sermonis
3059 3544 3274 3611 utrique
3322 3543 3521 3612 populo
3562 3543 3748 3597 introi-

2153 3644 2264 3697 tum
2296 3634 2443 3705 regni
2495 3634 2735 3689 etelestis
2760 3635 3086 3690 ostendunt:
3112 3644 3173 3688 ut
3199 3635 3313 3689 sive
3355 3651 3383 3688 a
3414 3635 3537 3690 luce
3564 3637 3743 3690 scicn-

2150 3724 2239 3779 ti:e
2286 3724 2473 3794 legalis
2519 3724 2769 3795 quisque,
2830 3742 2924 3781 seu
2966 3741 3033 3781 ex
3087 3726 3265 3794 rigore
3315 3726 3642 3795 gentilitatis
3680 3724 3744 3778 ad

2150 3815 2310 3870 tidem
2336 3816 2608 3886 Evangelii
2636 3817 2865 3878 venerit,
2896 3815 3095 3871 haheat
3128 3828 3349 3886 paratos
3375 3830 3493 3877 eos,
3523 3816 3614 3885 qui
3644 3814 3741 3870 sibi

2149 3909 2254 3963 iter
2308 3906 2498 3962 salutis
2522 3916 2579 3962 et
2607 3908 2771 3961 verbo
2816 3909 3191 3963 demonstrent
3242 3910 3591 3976 etexemplo.
3649 3906 3742 3961 Vel

2147 4009 2318 4062 certe,
2351 3999 2477 4066 quia
2503 3998 2571 4053 de
2611 3998 2800 4054 iisdem
2819 3999 3089 4055 columnis
3118 3998 3256 4054 libro
3293 3998 3741 4066 Paralipomenon

2150 4089 2224 4143 ita
2273 4088 2534 4156 scriptum
2594 4097 2720 4143 est:
2771 4107 2790 4138 ι
2835 4088 3092 4158 lpsasque
3136 4087 3418 4143 columnas
3459 4087 3636 4156 posuit
3686 4087 3740 4139 in

2147 4176 2436 4241 vestibulo,
2483 4192 2643 4231 uuam
2671 4193 2701 4231 a
2732 4178 2939 4234 dextris
2962 4186 3019 4234 et
3053 4177 3279 4232 alteram
3318 4193 3349 4231 a
3377 4177 3617 4232 sinistris
3650 4174 3739 4245 (11

2149 4269 2282 4323 Par.
2312 4267 2418 4339 ιιι).
2459 4287 2478 4319 ι
2520 4268 2647 4323 ideo
2672 4278 2797 4323 sunt
2823 4270 2942 4324 dum
2967 4269 3125 4324 factae
3152 4268 3435 4333 columine,
3464 4278 3627 4337 atque
3665 4267 3739 4322 ita

2149 4360 2445 4429 dispositae,
2473 4368 2531 4413 ut
2555 4360 2710 4415 nobis
2732 4369 2787 4415 et
2815 4360 2867 4414 in
2894 4359 3168 4429 prosperis
3196 4368 3252 4414 et
3279 4360 3338 4415 in
3376 4359 3625 4413 aiversis
3652 4358 3738 4413 in-

2150 4465 2398 4522 gressum
2431 4450 2622 4519 patria.-
2652 4450 2909 4514 ccelestis,
2939 4460 3066 4506 ante
3094 4448 3282 4505 oculos
3302 4450 3501 4504 mentis
3539 4449 3737 4504 haben-

453 4539 649 4593 simam
678 4539 925 4593 haeresim
948 4539 1211 4594 abolenda
1233 4555 1461 4610 corpora
1475 4555 1595 4595 esse
1614 4542 1927 4606 credamus,
1950 4541 2042 4596 sed
2076 4518 2123 4577 θ
2149 4543 2277 4597 dum
2300 4557 2421 4598 esse
2449 4542 2699 4596 doceant.

452 4631 602 4700 quod
644 4634 756 4686 voti
803 4633 975 4688 nostri
1021 4634 1093 4689 sit
1142 4636 1515 4705 supervestiri,
1551 4652 1655 4691 non
1709 4637 1950 4708 spoliari,
1987 4646 2042 4692 et

454 4723 685 4778 mortale
736 4723 840 4778 hoc
886 4726 1135 4795 accipere
1182 4727 1682 4791 immortalitatem,
1728 4739 1787 4784 et
1846 4745 2040 4786 corru-

450 4812 660 4881 ptivum
690 4814 911 4870 induere
935 4816 1414 4886 incorruptionem.
1442 4818 1510 4872 Et
1537 4826 1661 4873 octo
1678 4819 1934 4890 gradibus
1955 4834 2043 4872 as-

450 4901 785 4957 oendebatur
820 4906 887 4959 ad
923 4919 1065 4960 eain.
1111 4904 1247 4961 Octo
1271 4907 1386 4961 sive
1421 4908 1608 4962 decem
1646 4908 1904 4977 gradibus
1948 4910 2039 4977 qui

450 4991 724 5059 perlectus
737 5000 820 5048 est
842 5009 1122 5059 numerus,
1141 5003 1235 5049 aut
1246 4996 1521 5060 undecim,
1546 4996 1614 5051 de
1634 5012 1742 5066 quo
1761 4998 1874 5068 jam
1902 4998 2041 5053 dixi-

451 5094 601 5136 mus.
632 5083 938 5136 ascenditur
959 5084 1024 5137 ad
1048 5091 1257 5153 portam
1280 5093 1612 5142 sanctorum.
1630 5085 1686 5140 lu
1713 5088 1868 5158 cujus
1894 5087 2040 5144 fron-

2222 4636 2517 4708 (Marinus)
2567 4638 2692 4693 "(PC
2741 4653 2957 4707 quoque
3009 4637 3190 4694 sobrio
3246 4638 3435 4692 lectori
3492 4636 3733 4692 sulﬁeere

2144 4728 2433 4793 credimus,
2459 4744 2581 4797 quze
2605 4726 2763 4797 juxta
2808 4728 3077 4797 majorum
3123 4728 3443 4782 documenta
3473 4726 3541 4781 de
3584 4739 3730 4779 metu-

2149 4836 2276 4874 sura
2304 4821 2516 4875 ratione
2553 4820 2757 4890 templi,
2781 4829 2836 4874 et
2873 4820 3141 4880 vestibuli,
3173 4827 3226 4874 et
3248 4826 3594 4881 ceterorum,
3614 4828 3730 4885 qua:

2150 4908 2222 4962 ibi
2246 4909 2514 4979 descripta
2546 4917 2692 4973 sunt,
2721 4923 2819 4962 nos
2856 4908 3111 4963 diximus.
3140 4906 3293 4962 Nunc
3326 4905 3599 4977 quomodo
3623 4904 3730 4974 ipse

2146 4998 2404 5068 propheta
2422 4998 2763 5054 introductus
2784 4999 2855 5054 sit
2884 4999 2939 5054 in
2966 4998 3247 5070 templum,
3277 5007 3333 5054 et
3355 4996 3487 5069 quid
3516 4995 3589 5051 ibi
3609 5007 3726 5067 ges-

2146 5088 2303 5153 serit,
2332 5102 2603 5158 exponere
2630 5088 2962 5145 curabimus.
