3972 6184
379 300 487 356 ὓσςὋ

1313 301 1669 360 ΕΟΜΜΕΝΤ.
1712 304 1779 359 IN
1813 304 2268 363 EZECHIELEM.
2310 340 2381 350 —
2417 309 2547 366 LIB.
2591 309 2752 369 XVII.

3550 319 3654 374 970

882 428 3635 462 MM

1279 537 1577 615 LIBER
1661 535 2113 616 DECIMUS
2194 538 2749 623 SEPTIMUS.

969 736 1195 794 CAPUT
1234 737 1365 794 XLI.

378 842 721 900 llensurntur
749 845 997 909 templum
1031 858 1079 903 et
1104 847 1354 903 Sanctum
1383 860 1684 905 sanctorum
1732 865 1752 903 .'
1783 852 1850 906 de
1879 869 1966 908 ro-

448 916 602 1015 ciileq
614 933 817 998 vinoque
841 918 1140 1015 agituriIdc
1164 920 1348 974 hostiis
1371 920 1548 992 templi
1578 932 1626 976 et
1648 924 1962 1015 functuarii,

447 995 495 1039 et
525 986 757 1039 ostiariis
783 993 1094 1042 sanctuarii.

450 1116 473 1150 ι
505 1098 573 1153 Ει
605 1099 904 1157 introduxit
945 1116 1030 1156 me
1080 1102 1135 1157 in
1185 1103 1439 1173 templum
1467 1144 1483 1169 ,
1531 1114 1588 1159 et
1629 1122 1848 1164 mensus
1885 1118 1968 1165 est

381 1210 400 1241 ‹
444 1190 649 1249 frontes
682 1206 778 1248 sex
811 1193 1025 1248 cubitus
1048 1191 1349 1248 latitudinis
1378 1194 1521 1260 hinc,
1554 1203 1609 1250 ct
1639 1212 1733 1251 sex
1758 1199 1970 1256 cubitus

380 1303 402 1337 ι
438 1285 736 1343 latitudinis
765 1283 910 1347 inde,
937 1283 1276 1338 latitudinem
1308 1285 1664 1342 tabernaculi.
1691 1289 1757 1342 Et
1785 1289 1969 1347 latitu-

381 1397 400 1429 ι
436 1378 507 1433 du
564 1386 731 1449 portae
779 1375 966 1431 decem
1012 1374 1315 1431 cubitorum
1362 1387 1502 1443 erat,
1535 1388 1592 1434 et
1638 1379 1808 1436 latera
1846 1398 1969 1452 por-

381 1487 399 1520 ‹
436 1477 505 1525 ιω
550 1469 790 1541 quinque
832 1467 1033 1523 cubitis
1083 1467 1209 1522 hinc
1247 1477 1302 1524 et
1337 1470 1577 1540 quinque
1599 1472 1796 1528 cubitis
1819 1475 1965 1531 inde.

381 1579 401 1612 ι
438 1569 497 1616 et
521 1575 741 1617 mensus
761 1567 847 1615 est
879 1558 1272 1628 longitudinem
1301 1561 1419 1631 ejus
1441 1564 1795 1634 quadraginta
1817 1565 1966 1623 cubi-

380 1674 401 1705 ι
440 1663 642 1718 torum,
658 1662 713 1707 et
734 1651 1073 1707 latitudinem
1095 1651 1284 1723 viginti
1307 1653 1636 1710 cubitorum.
1659 1674 1676 1707 ι
1697 1656 1966 1729 (nierum)

375 1744 505 1800 Post
530 1742 701 1799 multa
723 1741 982 1813 mysteria
1019 1741 1307 1810 variosque
1334 1741 1608 1806 introitus,
1643 1753 1699 1799 et
1726 1744 1969 1802 locorum

375 1832 710 1904 singulorum
734 1831 1116 1903 proprietates,
1141 1832 1359 1888 tandem
1389 1833 1679 1903 aliquando
1708 1835 1791 1890 vir
1815 1836 1969 1905 cttjus

378 1926 651 1982 funiculus
686 1924 1189 1987 cmmentariurum.
1232 1933 1287 1979 et
1325 1937 1593 1981 mensura:
1635 1927 1875 1985 calamus
1912 1931 1965 1984 in

375 2036 539 2076 uianu
560 2027 702 2085 erat,
729 2018 1071 2075 Ezechielem
1101 2017 1418 2088 prophetam
1441 2019 1807 2078 introducitin
1832 2029 1968 2078 tem-

1991 743 2041 803 Α
2067 750 2192 797 octo
2239 738 2450 813 (Eccle.
2515 745 2625 815 xl).
2667 764 2685 796 ι
2735 744 2810 799 De
2855 742 3011 814 cujus
3052 747 3261 803 numeri
3314 760 3661 809 sacramento

2069 833 2262 889 crebro
2297 834 2605 904 disputasse
2634 850 2721 890 me
2746 836 2889 889 novi.
2918 836 3045 892 Sive
3071 837 3195 908 quia
3219 853 3318 909 per
3354 840 3661 898 tribulatio-

2069 936 2166 976 nes
2203 930 2258 977 et
2279 922 2556 992 angustias
2602 922 2763 992 hujus
2791 924 2970 979 surculi
3018 925 3284 989 intramus
3314 929 3380 985 ad
3407 941 3655 987 sanctum

2069 1014 2266 1068 atrium
2298 1014 2533 1080 Domini,
2558 1014 2758 1070 ideirco
2804 1015 3080 1086 longitudo
3110 1028 3278 1088 portae
3310 1021 3539 1077 habebat
3563 1039 3660 1079 cu-

2068 1104 2212 1160 bitos
2241 1105 2616 1182 quadraginta,
2640 1106 2730 1174 qui
2757 1120 3013 1162 numerus
3042 1123 3257 1179 semper
3284 1111 3336 1165 in
3362 1112 3543 1168 labore
3573 1128 3662 1182 po-

2070 1192 2207 1247 situs
2253 1178 2357 1248 est.
2400 1192 2552 1248 Unde
2605 1203 2660 1248 et
2694 1194 2905 1266 Moyses
2958 1178 3165 1269 (Exod.
3203 1202 3389 1273 xxxiv)
3426 1212 3483 1258 et
3512 1178 3661 1260 Elias

2071 1278 2191 1349 (III
2244 1279 2374 1351 Reg.
2425 1280 2540 1352 xix)
2574 1283 2931 1353 quadraginta
2981 1283 3173 1341 diebus
3228 1302 3335 1342 non
3367 1290 3660 1344 comedunt

2069 1389 2288 1442 panem,
2312 1383 2367 1429 et
2401 1390 2595 1445 aquam
2626 1392 2733 1450 non
2763 1376 2973 1430 bibunt.
3020 1377 3088 1431 Et
3116 1378 3272 1433 annis
3300 1381 3658 1453 quadraginta

2070 1464 2298 1536 populus
2323 1464 2489 1521 lsrael
2515 1474 2743 1520 vexatur
2774 1475 2827 1521 et
2868 1467 3129 1538 probatur
3169 1471 3221 1524 in
3267 1471 3575 1539 solitudine,
3607 1481 3664 1528 et

2070 1571 2167 1627 per
2199 1555 2398 1611 multus
2436 1555 2652 1612 labores
2709 1565 2908 1612 terram
2961 1560 3397 1631 repromissionis
3427 1561 3663 1632 ingredi‘

2072 1658 2159 1702 tur
2182 1648 2374 1721 (Num.
2410 1664 2533 1715 xrv;
2565 1648 2720 1704 Deut.
2750 1648 2832 1721 ιι).
2877 1650 2943 1704 Et
2988 1650 3251 1717 Dominus
3280 1662 3444 1724 atque
3471 1652 3663 1709 Salva-

2070 1748 2156 1793 tor
2184 1739 2478 1795 secundum
2518 1740 2777 1809 assumpti
2807 1754 3052 1811 corporis
3102 1740 3481 1813 fragilitatem,
3524 1759 3648 1814 qua-

2070 1829 2319 1903 draginta
2362 1831 2550 1887 diebus
2588 1840 2828 1886 tentatur
2856 1832 2910 1888 in
2963 1833 3252 1890 solitudine
3281 1835 3496 1907 (Matth.
3548 1835 3661 1909 tv),

2071 1929 2131 1992 ut
2160 1930 2283 1990 pust
2309 1921 2590 1977 victoriam
2640 1922 2901 1976 accedant
2946 1923 3123 1993 angeli
3171 1932 3227 1979 et
3257 1925 3662 1983 ministreutei.

2071 2009 2206 2065 Cum
2234 2018 2412 2067 autem
2434 2026 2532 2079 per
2548 2010 2925 2068 tribulationes
2944 2022 3000 2070 et
3030 2016 3307 2086 angustias
3327 2020 3665 2086 potuerimus

373 2113 547 2182 vim“,
568 2121 625 2168 ει
650 2127 869 2168 mensus
886 2119 973 2167 es;
996 2110 1227 2166 [ωηιοιη
1258 2111 1440 2183 templi
1472 2131 1485 2166 ε
1516 2127 1616 2183 pro
1658 2129 1767 2184 quo
1807 2113 1962 2170 ρειαηι
1990 2107 2039 2168 Β
2067 2100 2247 2156 dicere
2275 2100 2406 2157 illud
2432 2101 2787 2171 apostolicum
2814 2121 2826 2156 :
2857 2122 2875 2155 ι
2909 2102 2966 2158 lu
2992 2106 3245 2160 omnibus
3281 2107 3545 2174 tribulati,
3568 2111 3662 2164 sed

376 2204 755 2275 Septuaginta,
789 2210 846 2259 et
872 2202 1012 2258 clim
1039 2203 1361 2269 Thcodotio,
1391 2214 1446 2260 et
1477 2205 1534 2258 in
1557 2205 1783 2260 circuitu
1807 2204 1963 2277 Sym-

375 2297 604 2351 machus
627 2293 1035 2350 transtulerunt.
1064 2293 1133 2348 Et
1176 2302 1406 2365 utraque
1432 2304 1587 2364 parte
1626 2295 1855 2352 latitudo
1884 2306 1965 2353 ta-

381 2385 664 2441 hernaeuli
717 2399 909 2441 senum
981 2385 1286 2441 cubitorum
1356 2395 1510 2449 erat,
1564 2397 1963 2444 sacramentum

376 2484 750 2533 creaturarum
780 2474 1021 2530 omnium
1054 2475 1364 2539 continens,
1397 2476 1451 2530 in
1478 2491 1574 2532 sex
1605 2477 1751 2532 enim
1775 2478 1965 2534 diebus

374 2567 613 2622 mundus
658 2574 742 2622 est
803 2575 1228 2623 consummatus.
1279 2565 1384 2621 Per
1431 2582 1662 2637 quorum
1716 2569 1964 2625 notitiam

373 2670 682 2727 causasque
731 2655 1056 2713 conditionis
1105 2664 1271 2727 atque
1300 2657 1567 2714 rationem
1602 2658 1869 2716 intramus
1897 2661 1966 2716 ad

374 2749 638 2819 templum
668 2748 783 2809 Dei.
821 2756 876 2804 et
906 2764 974 2803 cx
1002 2747 1390 2804 Creaturarum
1419 2750 1611 2806 ordine
1644 2759 1805 2821 atque
1829 2767 1966 2808 cuu-

374 2840 578 2895 stantia
637 2839 1015 2909 cognoscimus
1068 2838 1403 2896 Creatorem.
1467 2840 1719 2898 Latitudo
1788 2853 1966 2899 autem

292 2960 303 2967 -
373 2937 548 3002 portae
575 2930 755 3000 templi
781 2939 899 2986 erat
920 2930 1106 2987 decem
1138 2932 1468 2999 cubitorum,
1500 2934 1591 3003 qui
1622 2944 1867 2992 sacratus
1913 2945 1969 2992 et

373 3022 647 3092 perfectus
682 3030 767 3077 est
787 3036 1069 3087 numerus,
1094 3030 1151 3077 et
1174 3022 1227 3077 in
1255 3037 1364 3093 quo
1388 3039 1574 3080 mense
1600 3026 1856 3096 septimo,
1882 3027 1969 3083 die

376 3117 585 3172 decima
616 3116 841 3181 mensis,
868 3113 1134 3186 jejunium
1182 3125 1239 3173 et
1280 3117 1591 3188 propitiatio
1617 3126 1719 3175 est.
1752 3119 1968 3176 Decima

376 3215 561 3265 autem
588 3206 675 3262 die
709 3207 913 3262 mensis
933 3207 1116 3278 primi,
1136 3208 1228 3278 qui
1252 3208 1552 3279 appellatur
1571 3210 1762 3277 Nisan,
1777 3212 1842 3267 ad
1865 3214 1968 3268 im-

376 3297 727 3353 molationem
764 3305 820 3352 et
852 3298 1302 3368 praeparationem
1332 3298 1557 3355 Paschze
1604 3316 1777 3371 agnus
1817 3318 1971 3358 assu-

376 3390 566 3445 mitur.
603 3388 846 3460 Septimo
888 3391 1054 3459 igitur
1081 3405 1268 3447 mense
1322 3392 1546 3448 decimae
1585 3392 1888 3448 oll‘ernntur
1913 3395 1967 3449 in

2066 2207 2174 2248 non
2204 2193 2544 2263 cuangustati
2572 2191 2657 2265 (11
2683 2190 2806 2248 Cor.
2840 2194 2937 2266 Iv),
2971 2216 2988 2248 ι
3019 2204 3180 2267 atque
3215 2197 3346 2255 illud
3391 2201 3673 2270 propheti-

2065 2297 2221 2338 cum:
2252 2301 2270 2334 ε
2302 2281 2359 2337 ln
2386 2283 2730 2339 tribulatione
2758 2284 2993 2341 dilatasti
3021 2288 3151 2343 mihi
3175 2285 3348 2360 (Psal.
3368 2290 3461 2363 ιν),
3488 2310 3506 2343 ι
3536 2303 3664 2348 tunc

2066 2372 2223 2429 nobis
2266 2373 2564 2430 latissimus
2603 2377 2845 2446 aperitur
2869 2377 3142 2444 introitus,
3180 2381 3269 2449 qui
3294 2383 3482 2454 viginti
3511 2383 3665 2440 cubi-

2069 2471 2244 2520 torum
2271 2463 2437 2519 habet
2464 2464 2803 2522 latitudincm
2835 2483 2850 2522 :
2879 2476 2939 2522 ut
2970 2471 3238 2539 superatis
3272 2472 3456 2527 mundi
3486 2483 3664 2530 certa—

2067 2556 2305 2613 minibus
2315 2567 2481 2628 atque
2498 2558 2746 2625 terrenis,
2765 2558 2855 2629 qui
2877 2569 2930 2615 et
2951 2561 3063 2630 ipse
3080 2562 3254 2619 dualis
3275 2574 3359 2620 est
3377 2582 3660 2632 numerus,

2068 2647 2402 2720 ingrediatur
2415 2649 2597 2722 templi
2611 2652 2924 2721 penetralia,
2943 2661 2998 2708 ct
3012 2653 3292 2712 audiamus
3306 2656 3662 2727 imperantem

2068 2741 2347 2811 discipulis
2367 2741 2688 2798 Dominum:
2720 2760 2740 2795 ι
2770 2743 3175 2818 Conlidite,ogo
3198 2747 3301 2803 vici
3324 2751 3604 2806 mundum.
3636 2771 3658 2803 ι

2146 2849 2163 2882 ι
2196 2831 2264 2886 Ει
2311 2832 2590 2902 ingressus
2638 2834 2966 2891 intrinsecus
3020 2852 3238 2894 mensus
3273 2846 3357 2894 est
3390 2840 3444 2899 in
3484 2840 3664 2900 fronte

2075 2940 2093 2972 σ
2128 2932 2300 2992 porta:
2345 2923 2481 2980 duos
2512 2924 2744 2989 cubitus,
2777 2932 3067 2996 ct'portam
3095 2928 3281 2984 decem
3328 2931 3659 3000 cubitorum,

2075 3031 2093 3062 ι
2130 3022 2187 3068 ct
2213 3013 2554 3070 latitudinem
2586 3024 2754 3085 porta)
2777 3028 2983 3088 septem
3012 3019 3341 3089 cubitorum,
3367 3033 3422 3078 et
3442 3041 3664 3083 mensus

2075 3121 2095 3153 ι
2129 3111 2213 3159 cst
2239 3103 2628 3175 longitudinem
2661 3103 2776 3174 ejus
2802 3104 2990 3179 viginti
3041 3109 3349 3167 cubitorum
3378 3120 3433 3169 et
3481 3113 3665 3170 latitu-

2077 3214 2096 3246 ι
2130 3195 2311 3251 dinem
2339 3196 2527 3267 viginti
2555 3197 2862 3255 cubitorum
2893 3210 3020 3257 ante
3045 3203 3241 3260 faciem
3266 3208 3470 3279 templi.
3499 3209 3565 3265 Et
3588 3212 3665 3267 di-

2076 3302 2095 3333 ι
2124 3285 2205 3338 xit
2228 3284 2294 3338 ad
2322 3299 2410 3339 me
2433 3303 2447 3339 :
2474 3284 2588 3341 Hoc
2607 3296 2685 3342 est
2715 3287 2972 3344 Sanctum
2997 3303 3360 3351 sanctorum»
3388 3298 3662 3374 (Hieron.)

2071 3372 2430 3440 Quantumvis
2466 3374 2835 3443 proﬁciamus,
2874 3395 3090 3449 semper
3112 3385 3268 3440 nobis
3289 3386 3462 3455 major
3483 3372 3663 3460 profe-

376 3480 474 3536 Dei
493 3456 861 3547 horrcg’sive’
884 3456 943 3536 υ]
959 3481 1237 3553 Scriptum
1261 3484 1517 3554 appellari
1539 3487 1842 3553 consuem’
1859 3498 1970 3543 Ur,
1997 3456 2040 3519 C
2072 3475 2194 3522 ctus
2215 3467 2478 3538 aperitur,
2505 3468 2646 3523 unde
2672 3479 2794 3539 post
2822 3469 3102 3527 introitum
3127 3477 3309 3546 templi
3339 3494 3549 3536 rursum
3581 3484 3662 3538 in-

376 3573 606 3627 cutaria.
665 3571 819 3629 Unde
866 3572 1000 3628 dicit
1051 3581 1107 3629 et
1148 3572 1478 3644 Apostolus:
1518 3595 1537 3628 ι
1575 3575 1881 3632 Dilatamini
1917 3585 1975 3634 et

374 3680 476 3720 vos
505 3663 593 3737 (II
614 3661 738 3719 Cor.
763 3665 862 3732 vr).
895 3684 912 3716 ι
948 3663 1020 3721 Ut
1046 3672 1331 3735 postquam
1358 3681 1454 3735 per
1479 3666 1665 3723 decem
1686 3675 1856 3736 porta:
1877 3684 1971 3724 cu-

375 3756 522 3812 bitus
543 3756 799 3826 templum
821 3756 944 3826 quis
964 3755 1128 3812 fuerit
1148 3756 1449 3829 ingressus,
1476 3774 1544 3814 ex
1567 3768 1795 3829 utraque
1818 3769 1972 3830 parte

375 3855 547 3917 portae
574 3846 743 3917 ipsius
762 3846 956 3912 latera,
984 3846 1121 3913 sive,
1146 3855 1204 3901 ut
1224 3848 1444 3919 proprie
1468 3849 1522 3903 in
1547 3848 1813 3905 Hebraico
1835 3851 1971 3906 dici-

377 3946 486 4003 tnr,
511 3938 722 3993 humeri
759 3946 1166 4004 mensnrentur,
1190 3938 1281 4008 qui
1303 3953 1519 4009 semper
1560 3937 1872 3996 referuntur
1899 3944 1970 3998 ad

375 4043 563 4101 upcra.
603 4029 757 4086 Unde
783 4038 837 4086 et
858 4029 1134 4096 lssaehar,
1170 4047 1190 4082 ς
1237 4028 1568 4086 desideravit
1623 4032 1841 4095 bonum,
1880 4049 1970 4089 re-

376 4123 666 4193 quiescens
709 4122 854 4177 intcr
886 4122 1093 4177 medios
1135 4121 1331 4186 clerus,
1368 4122 1662 4193 vidensque
1704 4123 1967 4193 requiem,

376 4214 503 4283 quia
534 4214 676 4267 bona
701 4221 803 4274 est.
834 4222 889 4268 et
913 4220 1134 4277 terram,
1151 4212 1275 4283 quia
1300 4212 1534 4282 pinguis,
1561 4214 1843 4284 supposuit
1863 4215 1969 4269 hn-

378 4319 586 4359 merum
629 4303 696 4358 ad
743 4302 1092 4359 laborandum
1119 4343 1136 4368 ,
1178 4309 1236 4357 et
1264 4300 1441 4357 factus
1472 4310 1558 4358 est
1600 4304 1684 4358 vir
1731 4304 1967 4376 agricola

378 4393 532 4466 (Cen.
562 4392 730 4464 xmx).
764 4412 784 4444 ι
817 4393 883 4448 Ει
907 4393 960 4447 in
998 4401 1150 4448 veste
1196 4392 1471 4464 pontificis
1514 4393 1792 4452 humerale
1842 4412 1971 4454 cum

376 4482 629 4539 rationali
657 4482 959 4554 stringitur,
987 4491 1047 4537 ut
1073 4483 1269 4538 rationi
1320 4498 1484 4556 opera
1513 4487 1865 4557 copulentur,
1913 4499 1969 4546 et

374 4574 551 4644 possit
591 4573 774 4629 dicere
820 4573 905 4628 vir
943 4573 1385 4630 ecclesiasticus:
1423 4594 1442 4626 ι
1469 4575 1513 4629 Α
1555 4578 1826 4634 mandatis
1852 4581 1969 4653 tuis

376 4662 618 4718 intellexi
647 4661 820 4734 (Psal.
847 4661 1061 4734 cxvtn).
1099 4681 1117 4714 ι
1149 4662 1252 4728 Qui
1286 4663 1497 4718 humeri
1526 4674 1696 4733 portae
1720 4683 1785 4722 ex
1813 4676 1967 4723 utra-

377 4770 483 4827 que
508 4764 685 4826 parte,
730 4755 926 4826 quinas
958 4754 1230 4810 habebant
1269 4755 1531 4825 porticus,
1564 4766 1624 4812 ut
1654 4775 1751 4829 per
1798 4770 1967 4817 terre-

375 4860 477 4903 nos
503 4860 698 4900 sensus
737 4854 902 4916 atque
929 4845 1162 4910 divinos,
1189 4860 1352 4916 super
1378 4861 1607 4916 quorum
1661 4849 1960 4907 dill‘erentia

377 4948 521 5005 smpe
556 4933 894 5004 scripsimus,
922 4933 1291 5004 iugrediamur
1322 4937 1486 5007 adyta
1541 4937 1724 5007 templi
1757 4980 1771 5005 ,
1814 4941 1967 5010 cujus

377 5040 599 5080 mensus
622 5033 706 5080 est
725 5026 811 5080 vir
839 5024 949 5090 ille,
972 5025 1064 5096 qui
1091 5026 1283 5081 ductor
1308 5028 1586 5097 propheta:
1625 5038 1765 5096 erat,
1798 5031 1965 5104 longi-

378 5118 618 5172 tudinem
647 5116 1002 5187 quadraginta
1024 5117 1357 5181 cubitorum,
1406 5126 1462 5173 et
1488 5117 1826 5176 latitudinem
1879 5124 1965 5177 vi-

377 5208 513 5280 ginti
539 5209 869 5275 cubitorum,
894 5208 1030 5275 sive,
1054 5217 1114 5265 ut
1134 5210 1326 5266 melius
1343 5220 1448 5275 est,
1476 5222 1645 5284 porta
1673 5214 1963 5286 longitudi-

378 5316 503 5356 nem
531 5300 971 5368 aelatitudinem,
999 5303 1126 5374 quia
1153 5319 1314 5375 supra
1347 5315 1559 5363 tantum
1585 5308 1655 5367 de
1678 5310 1963 5369 latitudine

376 5401 434 5448 et
464 5393 705 5449 humeris
729 5394 847 5465 ejus
868 5394 1099 5449 dixerat.
1124 5394 1277 5463 Quod
1319 5408 1498 5455 autem
1531 5400 1699 5457 vicies
1726 5402 1962 5473 quadra-

375 5482 523 5555 ginta
547 5483 1052 5556 octingentesimnm
1096 5503 1378 5544 numerum
1407 5489 1591 5559 faciat,
1621 5493 1713 5563 qui
1752 5495 1963 5551 vicinus

375 5581 460 5629 est
486 5574 786 5639 octunario,
817 5575 950 5630 nulli
997 5576 1219 5632 dubium
1246 5588 1351 5635 est.
1403 5581 1556 5639 Unde
1607 5591 1663 5640 et
1693 5585 1746 5640 in
1777 5585 1962 5641 Eccle-

375 5664 545 5721 siaste
582 5667 934 5737 prmcipitur:
977 5687 996 5720 ι
1035 5668 1169 5727 Date
1218 5683 1400 5742 partes
1430 5685 1634 5746 septem
1659 5718 1675 5744 ,
1733 5679 1857 5736 date
1905 5690 1961 5737 et

772 5760 1048 5823 ParnuL.
1094 5764 1224 5826 CX.

1994 4798 2045 4858 D

2071 3556 2366 3626 gredimur,
2392 3555 2738 3621 intrinsecus,
2757 3558 2889 3623 sive,
2909 3566 2969 3612 ut
2991 3559 3133 3615 LXX
3150 3566 3562 3636 transtulerunt,
3580 3571 3664 3627 in-

2072 3647 2242 3702 terius
2263 3648 2483 3714 atrium,
2500 3649 2553 3703 in
2570 3648 2723 3719 cujus
2742 3647 2919 3704 fronte
2933 3651 3037 3707 duo
3057 3662 3213 3707 erant
3231 3655 3423 3723 cubiti,
3439 3660 3661 3728 utjuxta

2071 3739 2405 3808 superiorem
2447 3755 2664 3795 sensum
2689 3755 2787 3811 per
2807 3740 3020 3797 dualem
3063 3759 3347 3801 numerum
3393 3748 3662 3822 ingredia-

2072 3846 2195 3886 mnr
2239 3831 2304 3886 ad
2348 3847 2471 3886 cum
2524 3831 2721 3899 locum,
2759 3832 2850 3888 ubi
2901 3842 3028 3889 sunt
3081 3845 3268 3893 sancta
3321 3853 3657 3900 sanctorum.

2074 3921 2226 3977 Unde
2276 3932 2333 3977 ct
2374 3923 2486 3993 ipsa
2514 3931 2668 4003 porta
2698 3940 2791 3980 sex
2819 3925 3122 3982 cubitorum
3163 3939 3316 3996 erat,
3368 3948 3466 4003 per
3496 3950 3659 4006 quam

2072 4014 2383 4084 introgressi
2434 4026 2692 4072 aeternam
2736 4021 2976 4090 requiem
3015 4023 3392 4092 possidemus,
3439 4044 3560 4097 qua:
3603 4031 3661 4088 in

2070 4104 2377 4173 septenario
2399 4122 2621 4162 numero
2634 4108 3059 4166 demonstratur.
3081 4112 3184 4169 Pro
3205 4130 3312 4185 quo
3324 4116 3467 4175 LXX
3484 4128 3662 4178 trans-

2072 4193 2324 4276 tulerunt,
2367 4215 2385 4247 ι
2418 4196 2484 4250 Ει
2522 4197 2861 4256 latitudinem
2888 4211 3058 4273 portae
3096 4215 3306 4276 septem
3349 4211 3658 4270 cubitorum

2069 4272 2197 4340 hinc
2224 4296 2280 4341 ct
2308 4297 2513 4357 septem
2543 4289 2846 4347 cubitorum
2891 4272 3034 4359 inde,
3063 4314 3082 4346 ι
3116 4272 3172 4350 in
3207 4297 3436 4356 Hebraeo
3469 4312 3526 4359 et
3553 4322 3660 4363 crc-

2069 4377 2202 4432 teris
2262 4378 2593 4437 editionibus
2642 4384 2809 4439 semel
2857 4393 3067 4441 tantum
3122 4397 3330 4459 septem
3372 4394 3541 4451 cubiti
3597 4397 3656 4453 in

2070 4465 2351 4525 latitudine
2377 4478 2547 4540 portae
2585 4473 2744 4542 positi
2775 4482 2920 4528 sunt.
2953 4473 3107 4542 Quod
3154 4488 3336 4535 autem
3366 4486 3651 4554 sequitur:

2075 4578 2093 4609 ι
2117 4558 2182 4613 Et
2204 4575 2424 4617 mensus
2445 4572 2528 4618 est
2556 4563 2940 4635 longitudinem
2968 4567 3086 4638 ejus
3111 4571 3298 4642 viginti
3325 4575 3652 4648 cubitorum.

2068 4661 2123 4707 et
2144 4651 2479 4709 latitudinem
2502 4655 2689 4725 viginti
2719 4658 3024 4715 cubitorum
3049 4658 3175 4720 ante
3209 4664 3401 4722 faciem
3443 4672 3653 4743 templi,

2068 4751 2125 4798 et
2151 4744 2285 4799 dixit
2316 4745 2383 4799 ad
2406 4761 2493 4801 me
2518 4765 2532 4800 :
2565 4746 2679 4803 Hoc
2707 4756 2792 4804 est
2821 4747 3078 4808 Sanctum
3102 4765 3437 4828 sanctorum,
3472 4781 3492 4815 ι
3520 4764 3655 4822 illud

2070 4835 2340 4906 significat
2391 4838 2532 4907 quod
2568 4846 2692 4893 ante
2736 4839 2919 4911 templi
2963 4842 3178 4913 faciem,
3208 4850 3339 4905 etin
3370 4852 3652 4913 introitum

2068 4926 2185 4997 ejus
2199 4929 2455 4998 prtetcriti
2485 4929 2685 4987 laboris
2701 4942 2863 5004 atque
2882 4940 3199 4998 certaminis
3220 4944 3376 5000 nobis
3395 4963 3651 5008 mensura

2069 5036 2284 5092 semper
2314 5031 2584 5079 occurrat.
2624 5025 2795 5091 Quam
2826 5028 2969 5083 enim
3012 5032 3275 5089 rationem
3323 5036 3378 5091 in
3422 5039 3649 5114 singulis

2067 5115 2309 5170 numeris
2341 5114 2537 5185 duplex
2562 5132 2818 5173 numerus
2847 5121 3108 5190 possidet,
3131 5126 3376 5181 eamdem
3400 5129 3520 5185 dum
3549 5132 3649 5188 ha-

2066 5206 2197 5262 bent
2216 5207 2464 5264 deeadcs.
2492 5208 2558 5263 Et
2580 5211 2685 5267 huc
2702 5212 3173 5282 considerandum,
3199 5220 3342 5288 quod
3373 5221 3653 5292 ingressus

2066 5295 2393 5353 intrinsecus
2420 5313 2507 5370 per
2542 5308 2750 5370 portam
2772 5303 3002 5360 duoeum
3027 5307 3080 5361 in
3115 5307 3292 5365 fronte
3314 5310 3646 5383 cubitorum,

2067 5396 2123 5444 et
2142 5405 2237 5445 sex
2263 5391 2550 5448 habentem
2579 5393 2809 5461 cubitus,
2836 5406 3151 5468 septemque
3179 5400 3232 5455 in
3271 5399 3552 5460 latitudine
3579 5421 3650 5462 ex

2068 5494 2297 5557 utraque
2331 5495 2504 5559 parte,
2548 5498 2605 5546 et
2625 5489 2811 5563 viginti
2841 5492 3054 5548 cubitus
3081 5492 3134 5546 in
3178 5493 3534 5565 longitudine,
3567 5508 3650 5555 to.

2066 5581 2340 5652 tidemque
2365 5582 2417 5637 in
2438 5584 2570 5652 ipsis
2590 5587 2772 5657 templi
2812 5586 3050 5653 foribus,
3083 5587 3342 5646 doceatur
3381 5595 3649 5663 propheta

2067 5675 2158 5744 qui
2181 5676 2360 5733 sitille
2382 5676 2653 5742 locus,ch
2686 5695 2791 5747 quo
2828 5680 3127 5751 appelletur
3176 5683 3456 5744 vocabulo.
3505 5687 3652 5745 Dixit
