  <div class='ocr_page' id='page_1' title='image "/cluster/home/n/w/nwhite01/storage/ocr_20150623/110/hvd.32044054759758/491.png"; bbox 0 0 3972 6184; ppageno 0'>
   <div class='ocr_carea' id='block_1_1' title="bbox 316 276 407 330">
    <p class='ocr_par' dir='ltr' id='par_1_1' title="bbox 316 276 407 330">
     <span class='ocr_line' id='line_1_1' title="bbox 316 276 407 330; baseline -0.022 0"><span class='ocrx_word' id='word_1_1' title='bbox 316 276 407 330; x_wconf 66' lang='grc' dir='ltr'><strong>δη</strong></span> 
     </span>
    </p>
   </div>
   <div class='ocr_carea' id='block_1_2' title="bbox 942 272 2910 332">
    <p class='ocr_par' dir='ltr' id='par_1_2' title="bbox 942 272 2910 332">
     <span class='ocr_line' id='line_1_2' title="bbox 942 272 2910 332; baseline -0.001 -1"><span class='ocrx_word' id='word_1_2' title='bbox 942 277 1002 331; x_wconf 85' lang='grc' dir='ltr'><strong>Β.</strong></span> <span class='ocrx_word' id='word_1_3' title='bbox 1049 277 1300 332; x_wconf 69' lang='lat' dir='ltr'><strong>RABANI</strong></span> <span class='ocrx_word' id='word_1_4' title='bbox 1340 276 1556 331; x_wconf 72' lang='lat' dir='ltr'><strong>MAURI</strong></span> <span class='ocrx_word' id='word_1_5' title='bbox 1594 273 1913 329; x_wconf 78' lang='lat' dir='ltr'><strong>ARCHIEP.</strong></span> <span class='ocrx_word' id='word_1_6' title='bbox 1958 272 2264 329; x_wconf 71' lang='lat' dir='ltr'><strong>MOGUNT.</strong></span> <span class='ocrx_word' id='word_1_7' title='bbox 2307 274 2593 331; x_wconf 77' lang='lat' dir='ltr'><strong>OPERUM</strong></span> <span class='ocrx_word' id='word_1_8' title='bbox 2631 275 2809 331; x_wconf 80' lang='lat' dir='ltr'><strong>PARS</strong></span> <span class='ocrx_word' id='word_1_9' title='bbox 2845 276 2910 331; x_wconf 89' lang='lat' dir='ltr'><strong>ll.</strong></span> 
     </span>
    </p>
   </div>
   <div class='ocr_carea' id='block_1_3' title="bbox 3480 280 3593 335">
    <p class='ocr_par' dir='ltr' id='par_1_3' title="bbox 3480 280 3593 335">
     <span class='ocr_line' id='line_1_3' title="bbox 3480 280 3593 335; baseline 0.035 -3"><span class='ocrx_word' id='word_1_10' title='bbox 3480 280 3593 335; x_wconf 69' lang='lat'><strong>973</strong></span> 
     </span>
    </p>
   </div>
   <div class='ocr_carea' id='block_1_4' title="bbox 313 386 3591 465">
    <p class='ocr_par' dir='ltr' id='par_1_4' title="bbox 313 386 3591 465">
     <span class='ocr_line' id='line_1_4' title="bbox 313 386 3591 465; baseline 0.002 -24"><span class='ocrx_word' id='word_1_11' title='bbox 313 387 453 441; x_wconf 86' lang='lat' dir='ltr'><strong>enim</strong></span> <span class='ocrx_word' id='word_1_12' title='bbox 500 389 673 443; x_wconf 70' lang='lat' dir='ltr'><strong>milii:</strong></span> <span class='ocrx_word' id='word_1_13' title='bbox 711 406 731 438; x_wconf 70' lang='grc' dir='ltr'><em>ς</em></span> <span class='ocrx_word' id='word_1_14' title='bbox 773 389 887 443; x_wconf 86' lang='lat' dir='ltr'><strong>lluc</strong></span> <span class='ocrx_word' id='word_1_15' title='bbox 924 397 1007 441; x_wconf 87' lang='lat' dir='ltr'><strong>est</strong></span> <span class='ocrx_word' id='word_1_16' title='bbox 1057 388 1312 442; x_wconf 88' lang='lat' dir='ltr'><strong>Sanctum</strong></span> <span class='ocrx_word' id='word_1_17' title='bbox 1362 397 1697 442; x_wconf 77' lang='lat' dir='ltr'><strong>sanctorum.</strong></span> <span class='ocrx_word' id='word_1_18' title='bbox 1736 407 1754 437; x_wconf 74' lang='grc' dir='ltr'>ι</span> <span class='ocrx_word' id='word_1_19' title='bbox 1791 386 1886 442; x_wconf 86' lang='lat' dir='ltr'><strong>Sin</strong></span> <span class='ocrx_word' id='word_1_20' title='bbox 1919 390 1963 449; x_wconf 81' lang='grc' dir='ltr'><strong>Λ</strong></span> <span class='ocrx_word' id='word_1_21' title='bbox 1996 386 2162 440; x_wconf 86' lang='lat' dir='ltr'><strong>maris</strong></span> <span class='ocrx_word' id='word_1_22' title='bbox 2184 394 2305 457; x_wconf 84' lang='lat' dir='ltr'><strong>post</strong></span> <span class='ocrx_word' id='word_1_23' title='bbox 2332 403 2494 442; x_wconf 89' lang='lat' dir='ltr'><strong>unam</strong></span> <span class='ocrx_word' id='word_1_24' title='bbox 2540 388 2937 444; x_wconf 88' lang='lat' dir='ltr'><strong>hebdomadam</strong></span> <span class='ocrx_word' id='word_1_25' title='bbox 2968 398 3026 444; x_wconf 90' lang='lat' dir='ltr'><strong>et</strong></span> <span class='ocrx_word' id='word_1_26' title='bbox 3052 390 3198 445; x_wconf 76' lang='lat' dir='ltr'><strong>illam</strong></span> <span class='ocrx_word' id='word_1_27' title='bbox 3227 406 3349 461; x_wconf 61' lang='lat' dir='ltr'><strong>qua</strong></span> <span class='ocrx_word' id='word_1_28' title='bbox 3375 395 3591 465; x_wconf 85' lang='lat' dir='ltr'><strong>genuit,</strong></span> 
     </span>
    </p>
   </div>
   <div class='ocr_carea' id='block_1_5' title="bbox 310 478 1890 549">
    <p class='ocr_par' dir='ltr' id='par_1_5' title="bbox 310 478 1890 549">
     <span class='ocr_line' id='line_1_5' title="bbox 310 478 1890 549; baseline 0.001 -18"><span class='ocrx_word' id='word_1_29' title='bbox 310 489 490 535; x_wconf 87' lang='lat' dir='ltr'><strong>autem</strong></span> <span class='ocrx_word' id='word_1_30' title='bbox 515 490 642 535; x_wconf 88' lang='lat' dir='ltr'><strong>ante</strong></span> <span class='ocrx_word' id='word_1_31' title='bbox 677 479 953 549; x_wconf 87' lang='lat' dir='ltr'><strong>templum,</strong></span> <span class='ocrx_word' id='word_1_32' title='bbox 975 479 1108 543; x_wconf 88' lang='lat' dir='ltr'><strong>sive,</strong></span> <span class='ocrx_word' id='word_1_33' title='bbox 1139 487 1197 532; x_wconf 90' lang='lat' dir='ltr'><strong>ut</strong></span> <span class='ocrx_word' id='word_1_34' title='bbox 1218 479 1498 549; x_wconf 72' lang='lat' dir='ltr'><strong>Scriptura</strong></span> <span class='ocrx_word' id='word_1_35' title='bbox 1526 478 1890 549; x_wconf 86' lang='lat' dir='ltr'><strong>cognominat,</strong></span> 
     </span>
    </p>
   </div>
   <div class='ocr_carea' id='block_1_6' title="bbox 310 568 1893 639">
    <p class='ocr_par' dir='ltr' id='par_1_6' title="bbox 310 568 1893 639">
     <span class='ocr_line' id='line_1_6' title="bbox 310 568 1893 639; baseline -0.002 -15"><span class='ocrx_word' id='word_1_36' title='bbox 310 579 437 625; x_wconf 82' lang='lat' dir='ltr'><strong>ante</strong></span> <span class='ocrx_word' id='word_1_37' title='bbox 458 569 650 626; x_wconf 89' lang='lat' dir='ltr'><strong>faciem</strong></span> <span class='ocrx_word' id='word_1_38' title='bbox 677 569 856 639; x_wconf 80' lang='lat' dir='ltr'><strong>templi</strong></span> <span class='ocrx_word' id='word_1_39' title='bbox 881 568 1138 623; x_wconf 88' lang='lat' dir='ltr'><strong>Sanctum</strong></span> <span class='ocrx_word' id='word_1_40' title='bbox 1165 579 1475 623; x_wconf 90' lang='lat' dir='ltr'><strong>sanctorum</strong></span> <span class='ocrx_word' id='word_1_41' title='bbox 1501 576 1603 632; x_wconf 89' lang='lat' dir='ltr'><strong>est,</strong></span> <span class='ocrx_word' id='word_1_42' title='bbox 1637 576 1893 639; x_wconf 90' lang='lat' dir='ltr'><strong>quantam</strong></span> 
     </span>
    </p>
   </div>
   <div class='ocr_carea' id='block_1_7' title="bbox 310 658 1896 728">
    <p class='ocr_par' dir='ltr' id='par_1_7' title="bbox 310 658 1896 728">
     <span class='ocr_line' id='line_1_7' title="bbox 310 658 1896 728; baseline -0.002 -12"><span class='ocrx_word' id='word_1_43' title='bbox 310 662 697 717; x_wconf 83' lang='lat' dir='ltr'><strong>beatitudinem</strong></span> <span class='ocrx_word' id='word_1_44' title='bbox 724 660 778 714; x_wconf 91' lang='lat' dir='ltr'><strong>in</strong></span> <span class='ocrx_word' id='word_1_45' title='bbox 810 658 995 728; x_wconf 86' lang='lat' dir='ltr'><strong>templi</strong></span> <span class='ocrx_word' id='word_1_46' title='bbox 1043 660 1206 714; x_wconf 79' lang='lat' dir='ltr'><strong>aditis</strong></span> <span class='ocrx_word' id='word_1_47' title='bbox 1234 668 1288 714; x_wconf 91' lang='lat' dir='ltr'><strong>et</strong></span> <span class='ocrx_word' id='word_1_48' title='bbox 1320 660 1373 713; x_wconf 91' lang='lat' dir='ltr'><strong>in</strong></span> <span class='ocrx_word' id='word_1_49' title='bbox 1407 659 1753 713; x_wconf 83' lang='lat' dir='ltr'><strong>interioribus</strong></span> <span class='ocrx_word' id='word_1_50' title='bbox 1779 660 1896 728; x_wconf 78' lang='lat' dir='ltr'><strong>ejus</strong></span> 
     </span>
    </p>
   </div>
   <div class='ocr_carea' id='block_1_8' title="bbox 308 748 1896 820">
    <p class='ocr_par' dir='ltr' id='par_1_8' title="bbox 308 748 1896 820">
     <span class='ocr_line' id='line_1_8' title="bbox 308 748 1896 820; baseline -0.003 -13"><span class='ocrx_word' id='word_1_51' title='bbox 308 753 578 807; x_wconf 79' lang='lat' dir='ltr'><strong>:estimare</strong></span> <span class='ocrx_word' id='word_1_52' title='bbox 602 750 888 806; x_wconf 81' lang='lat' dir='ltr'><strong>debemus!</strong></span> <span class='ocrx_word' id='word_1_53' title='bbox 916 749 991 804; x_wconf 89' lang='lat' dir='ltr'><strong>De</strong></span> <span class='ocrx_word' id='word_1_54' title='bbox 1013 764 1118 819; x_wconf 88' lang='lat' dir='ltr'><strong>qua</strong></span> <span class='ocrx_word' id='word_1_55' title='bbox 1142 748 1410 820; x_wconf 80' lang='lat' dir='ltr'><strong>Propheta</strong></span> <span class='ocrx_word' id='word_1_56' title='bbox 1433 748 1671 818; x_wconf 83' lang='lat' dir='ltr'><strong>loquitur</strong></span> <span class='ocrx_word' id='word_1_57' title='bbox 1697 766 1709 802; x_wconf 91' lang='lat'><strong>:</strong></span> <span class='ocrx_word' id='word_1_58' title='bbox 1732 765 1753 799; x_wconf 80' lang='lat' dir='ltr'><strong>t</strong></span> <span class='ocrx_word' id='word_1_59' title='bbox 1785 748 1896 802; x_wconf 79' lang='lat' dir='ltr'><strong>Hoc</strong></span> 
     </span>
    </p>
   </div>
   <div class='ocr_carea' id='block_1_9' title="bbox 310 841 1897 911">
    <p class='ocr_par' dir='ltr' id='par_1_9' title="bbox 310 841 1897 911">
     <span class='ocr_line' id='line_1_9' title="bbox 310 841 1897 911; baseline -0.003 -14"><span class='ocrx_word' id='word_1_60' title='bbox 310 844 462 899; x_wconf 90' lang='lat' dir='ltr'><strong>labor</strong></span> <span class='ocrx_word' id='word_1_61' title='bbox 477 852 560 897; x_wconf 91' lang='lat' dir='ltr'><strong>est</strong></span> <span class='ocrx_word' id='word_1_62' title='bbox 581 843 630 896; x_wconf 92' lang='lat' dir='ltr'><strong>in</strong></span> <span class='ocrx_word' id='word_1_63' title='bbox 644 850 933 911; x_wconf 89' lang='lat' dir='ltr'><strong>conspectu</strong></span> <span class='ocrx_word' id='word_1_64' title='bbox 950 855 1091 904; x_wconf 92' lang='lat' dir='ltr'><strong>meo,</strong></span> <span class='ocrx_word' id='word_1_65' title='bbox 1107 842 1278 896; x_wconf 88' lang='lat' dir='ltr'><strong>donec</strong></span> <span class='ocrx_word' id='word_1_66' title='bbox 1295 841 1568 911; x_wconf 86' lang='lat' dir='ltr'><strong>ingrediar</strong></span> <span class='ocrx_word' id='word_1_67' title='bbox 1583 841 1634 894; x_wconf 91' lang='lat' dir='ltr'><strong>in</strong></span> <span class='ocrx_word' id='word_1_68' title='bbox 1650 849 1897 895; x_wconf 85' lang='lat' dir='ltr'><strong>sanctua-</strong></span> 
     </span>
    </p>
   </div>
   <div class='ocr_carea' id='block_1_10' title="bbox 311 925 1891 1001">
    <p class='ocr_par' dir='ltr' id='par_1_10' title="bbox 311 925 1891 1001">
     <span class='ocr_line' id='line_1_10' title="bbox 311 925 1891 1001; baseline -0.004 -14"><span class='ocrx_word' id='word_1_69' title='bbox 311 934 447 988; x_wconf 89' lang='lat' dir='ltr'><strong>rium</strong></span> <span class='ocrx_word' id='word_1_70' title='bbox 482 932 608 996; x_wconf 87' lang='lat' dir='ltr'><strong>Dei,</strong></span> <span class='ocrx_word' id='word_1_71' title='bbox 645 939 699 985; x_wconf 91' lang='lat' dir='ltr'><strong>et</strong></span> <span class='ocrx_word' id='word_1_72' title='bbox 736 930 1028 1001; x_wconf 75' lang='lat' dir='ltr'><strong>intelligam</strong></span> <span class='ocrx_word' id='word_1_73' title='bbox 1070 931 1122 983; x_wconf 90' lang='lat' dir='ltr'><strong>in</strong></span> <span class='ocrx_word' id='word_1_74' title='bbox 1163 930 1469 985; x_wconf 84' lang='lat' dir='ltr'><strong>novissimis</strong></span> <span class='ocrx_word' id='word_1_75' title='bbox 1501 944 1686 984; x_wconf 90' lang='lat' dir='ltr'><strong>eorum</strong></span> <span class='ocrx_word' id='word_1_76' title='bbox 1720 925 1891 998; x_wconf 73' lang='lat' dir='ltr'><strong>(Psal.</strong></span> 
     </span>
    </p>
   </div>
   <div class='ocr_carea' id='block_1_11' title="bbox 308 1020 1894 1095">
    <p class='ocr_par' dir='ltr' id='par_1_11' title="bbox 308 1020 1894 1095">
     <span class='ocr_line' id='line_1_11' title="bbox 308 1020 1894 1095; baseline -0.003 -16"><span class='ocrx_word' id='word_1_77' title='bbox 308 1024 500 1095; x_wconf 76' lang='lat' dir='ltr'><strong>Lxxn).</strong></span> <span class='ocrx_word' id='word_1_78' title='bbox 533 1043 551 1077; x_wconf 75' lang='grc' dir='ltr'><strong><em>ι</em></strong></span> <span class='ocrx_word' id='word_1_79' title='bbox 575 1022 681 1078; x_wconf 84' lang='lat' dir='ltr'><strong>Sed</strong></span> <span class='ocrx_word' id='word_1_80' title='bbox 701 1034 755 1078; x_wconf 89' lang='lat' dir='ltr'><strong>et</strong></span> <span class='ocrx_word' id='word_1_81' title='bbox 784 1024 886 1078; x_wconf 90' lang='lat' dir='ltr'><strong>hoc</strong></span> <span class='ocrx_word' id='word_1_82' title='bbox 917 1023 1208 1077; x_wconf 89' lang='lat' dir='ltr'><strong>notandum</strong></span> <span class='ocrx_word' id='word_1_83' title='bbox 1228 1063 1243 1086; x_wconf 93' lang='lat'><strong>,</strong></span> <span class='ocrx_word' id='word_1_84' title='bbox 1270 1022 1411 1091; x_wconf 87' lang='lat' dir='ltr'><strong>quod</strong></span> <span class='ocrx_word' id='word_1_85' title='bbox 1448 1023 1501 1075; x_wconf 93' lang='lat' dir='ltr'><strong>in</strong></span> <span class='ocrx_word' id='word_1_86' title='bbox 1535 1020 1894 1091; x_wconf 86' lang='lat' dir='ltr'><strong>descriptione</strong></span> 
     </span>
    </p>
   </div>
   <div class='ocr_carea' id='block_1_12' title="bbox 309 1113 1892 1184">
    <p class='ocr_par' dir='ltr' id='par_1_12' title="bbox 309 1113 1892 1184">
     <span class='ocr_line' id='line_1_12' title="bbox 309 1113 1892 1184; baseline -0.002 -15"><span class='ocrx_word' id='word_1_87' title='bbox 309 1116 640 1170; x_wconf 80' lang='lat' dir='ltr'><strong>tabernaculi</strong></span> <span class='ocrx_word' id='word_1_88' title='bbox 681 1115 933 1170; x_wconf 89' lang='lat' dir='ltr'><strong>dicuntur</strong></span> <span class='ocrx_word' id='word_1_89' title='bbox 971 1123 1158 1169; x_wconf 88' lang='lat' dir='ltr'><strong>sancta</strong></span> <span class='ocrx_word' id='word_1_90' title='bbox 1197 1125 1509 1169; x_wconf 89' lang='lat' dir='ltr'><strong>sanctorum</strong></span> <span class='ocrx_word' id='word_1_91' title='bbox 1555 1113 1748 1184; x_wconf 81' lang='lat' dir='ltr'><strong>plurali</strong></span> <span class='ocrx_word' id='word_1_92' title='bbox 1790 1128 1892 1167; x_wconf 87' lang='lat' dir='ltr'><strong>nu-</strong></span> 
     </span>
    </p>
   </div>
   <div class='ocr_carea' id='block_1_13' title="bbox 307 1205 1893 1274">
    <p class='ocr_par' dir='ltr' id='par_1_13' title="bbox 307 1205 1893 1274">
     <span class='ocr_line' id='line_1_13' title="bbox 307 1205 1893 1274; baseline -0.003 -13"><span class='ocrx_word' id='word_1_93' title='bbox 307 1223 458 1261; x_wconf 88' lang='lat' dir='ltr'><strong>mero</strong></span> <span class='ocrx_word' id='word_1_94' title='bbox 486 1225 498 1256; x_wconf 88' lang='lat'>:</span> <span class='ocrx_word' id='word_1_95' title='bbox 525 1207 612 1260; x_wconf 91' lang='lat' dir='ltr'><strong>hie</strong></span> <span class='ocrx_word' id='word_1_96' title='bbox 636 1215 812 1261; x_wconf 90' lang='lat' dir='ltr'><strong>autem</strong></span> <span class='ocrx_word' id='word_1_97' title='bbox 842 1206 1100 1261; x_wconf 91' lang='lat' dir='ltr'><strong>Sanctum</strong></span> <span class='ocrx_word' id='word_1_98' title='bbox 1124 1214 1433 1260; x_wconf 88' lang='lat' dir='ltr'><strong>sanctorum</strong></span> <span class='ocrx_word' id='word_1_99' title='bbox 1462 1218 1688 1258; x_wconf 89' lang='lat' dir='ltr'><strong>numero</strong></span> <span class='ocrx_word' id='word_1_100' title='bbox 1713 1205 1893 1274; x_wconf 88' lang='lat' dir='ltr'><strong>singu-</strong></span> 
     </span>
    </p>
   </div>
   <div class='ocr_carea' id='block_1_14' title="bbox 308 1297 1888 1369">
    <p class='ocr_par' dir='ltr' id='par_1_14' title="bbox 308 1297 1888 1369">
     <span class='ocr_line' id='line_1_14' title="bbox 308 1297 1888 1369; baseline -0.003 -17"><span class='ocrx_word' id='word_1_101' title='bbox 308 1298 429 1364; x_wconf 80' lang='lat' dir='ltr'><strong>lari,</strong></span> <span class='ocrx_word' id='word_1_102' title='bbox 444 1309 502 1354; x_wconf 77' lang='lat' dir='ltr'><strong>ut</strong></span> <span class='ocrx_word' id='word_1_103' title='bbox 519 1308 641 1369; x_wconf 88' lang='lat' dir='ltr'><strong>post</strong></span> <span class='ocrx_word' id='word_1_104' title='bbox 663 1297 862 1353; x_wconf 88' lang='lat' dir='ltr'><strong>Sancta</strong></span> <span class='ocrx_word' id='word_1_105' title='bbox 884 1308 1195 1353; x_wconf 82' lang='lat' dir='ltr'><strong>sanctorum</strong></span> <span class='ocrx_word' id='word_1_106' title='bbox 1212 1298 1495 1351; x_wconf 81' lang='lat' dir='ltr'><strong>veniamus</strong></span> <span class='ocrx_word' id='word_1_107' title='bbox 1514 1297 1581 1352; x_wconf 89' lang='lat' dir='ltr'><strong>ad</strong></span> <span class='ocrx_word' id='word_1_108' title='bbox 1598 1297 1888 1351; x_wconf 84' lang='lat' dir='ltr'><strong>Sanctum:</strong></span> 
     </span>
    </p>
   </div>
   <div class='ocr_carea' id='block_1_15' title="bbox 306 1388 1892 1461">
    <p class='ocr_par' dir='ltr' id='par_1_15' title="bbox 306 1388 1892 1461">
     <span class='ocr_line' id='line_1_15' title="bbox 306 1388 1892 1461; baseline -0.002 -16"><span class='ocrx_word' id='word_1_109' title='bbox 306 1391 577 1461; x_wconf 87' lang='lat' dir='ltr'><strong>quomodo</strong></span> <span class='ocrx_word' id='word_1_110' title='bbox 599 1398 719 1461; x_wconf 91' lang='lat' dir='ltr'><strong>post</strong></span> <span class='ocrx_word' id='word_1_111' title='bbox 742 1391 909 1445; x_wconf 88' lang='lat' dir='ltr'><strong>multa</strong></span> <span class='ocrx_word' id='word_1_112' title='bbox 929 1390 1139 1445; x_wconf 86' lang='lat' dir='ltr'><strong>cantica</strong></span> <span class='ocrx_word' id='word_1_113' title='bbox 1160 1388 1505 1458; x_wconf 82' lang='lat' dir='ltr'><strong>pervenimus</strong></span> <span class='ocrx_word' id='word_1_114' title='bbox 1529 1389 1594 1443; x_wconf 88' lang='lat' dir='ltr'><strong>ad</strong></span> <span class='ocrx_word' id='word_1_115' title='bbox 1611 1389 1892 1443; x_wconf 85' lang='lat' dir='ltr'><strong>Canticum</strong></span> 
     </span>
    </p>
   </div>
   <div class='ocr_carea' id='block_1_16' title="bbox 307 1481 1897 1551">
    <p class='ocr_par' dir='ltr' id='par_1_16' title="bbox 307 1481 1897 1551">
     <span class='ocr_line' id='line_1_16' title="bbox 307 1481 1897 1551; baseline 0 -16"><span class='ocrx_word' id='word_1_116' title='bbox 307 1482 662 1546; x_wconf 88' lang='lat' dir='ltr'><strong>canticorum,</strong></span> <span class='ocrx_word' id='word_1_117' title='bbox 682 1481 823 1551; x_wconf 90' lang='lat' dir='ltr'><strong>quod</strong></span> <span class='ocrx_word' id='word_1_118' title='bbox 850 1481 1091 1535; x_wconf 90' lang='lat' dir='ltr'><strong>omnium</strong></span> <span class='ocrx_word' id='word_1_119' title='bbox 1120 1481 1425 1536; x_wconf 81' lang='lat' dir='ltr'><strong>carminum</strong></span> <span class='ocrx_word' id='word_1_120' title='bbox 1458 1496 1675 1536; x_wconf 87' lang='lat' dir='ltr'><strong>carmen</strong></span> <span class='ocrx_word' id='word_1_121' title='bbox 1706 1491 1811 1543; x_wconf 89' lang='lat' dir='ltr'><strong>est,</strong></span> <span class='ocrx_word' id='word_1_122' title='bbox 1840 1488 1897 1535; x_wconf 89' lang='lat' dir='ltr'><strong>et</strong></span> 
     </span>
    </p>
   </div>
   <div class='ocr_carea' id='block_1_17' title="bbox 306 1570 1672 1641">
    <p class='ocr_par' dir='ltr' id='par_1_17' title="bbox 306 1570 1672 1641">
     <span class='ocr_line' id='line_1_17' title="bbox 306 1570 1672 1641; baseline 0 -19"><span class='ocrx_word' id='word_1_123' title='bbox 306 1571 447 1641; x_wconf 83' lang='lat' dir='ltr'><strong>quod</strong></span> <span class='ocrx_word' id='word_1_124' title='bbox 476 1579 734 1626; x_wconf 83' lang='lat' dir='ltr'><strong>canentes</strong></span> <span class='ocrx_word' id='word_1_125' title='bbox 762 1570 944 1641; x_wconf 88' lang='lat' dir='ltr'><strong>sponsi</strong></span> <span class='ocrx_word' id='word_1_126' title='bbox 972 1570 1292 1640; x_wconf 89' lang='lat' dir='ltr'><strong>copulamur</strong></span> <span class='ocrx_word' id='word_1_127' title='bbox 1316 1570 1672 1641; x_wconf 78' lang='lat' dir='ltr'><strong>amplexibus.</strong></span> 
     </span>
    </p>
   </div>
   <div class='ocr_carea' id='block_1_18' title="bbox 384 1659 1895 1731">
    <p class='ocr_par' dir='ltr' id='par_1_18' title="bbox 384 1659 1895 1731">
     <span class='ocr_line' id='line_1_18' title="bbox 384 1659 1895 1731; baseline 0.003 -20"><span class='ocrx_word' id='word_1_128' title='bbox 384 1677 402 1711; x_wconf 82' lang='grc' dir='ltr'>ι</span> <span class='ocrx_word' id='word_1_129' title='bbox 444 1659 502 1714; x_wconf 84' lang='lat' dir='ltr'><strong>Et</strong></span> <span class='ocrx_word' id='word_1_130' title='bbox 542 1677 762 1717; x_wconf 90' lang='lat' dir='ltr'><strong>mensus</strong></span> <span class='ocrx_word' id='word_1_131' title='bbox 791 1669 875 1716; x_wconf 90' lang='lat' dir='ltr'><strong>est</strong></span> <span class='ocrx_word' id='word_1_132' title='bbox 902 1661 1164 1731; x_wconf 86' lang='lat' dir='ltr'><strong>parietem</strong></span> <span class='ocrx_word' id='word_1_133' title='bbox 1206 1661 1398 1715; x_wconf 89' lang='lat' dir='ltr'><strong>domus</strong></span> <span class='ocrx_word' id='word_1_134' title='bbox 1425 1675 1519 1715; x_wconf 77' lang='lat' dir='ltr'><strong>sex</strong></span> <span class='ocrx_word' id='word_1_135' title='bbox 1566 1661 1895 1728; x_wconf 85' lang='lat' dir='ltr'><strong>cubitorum,</strong></span> 
     </span>
    </p>
   </div>
   <div class='ocr_carea' id='block_1_19' title="bbox 1997 476 3590 552">
    <p class='ocr_par' dir='ltr' id='par_1_19' title="bbox 1997 476 3590 552">
     <span class='ocr_line' id='line_1_19' title="bbox 1997 476 3590 552; baseline 0.006 -23"><span class='ocrx_word' id='word_1_136' title='bbox 1997 485 2052 530; x_wconf 91' lang='lat' dir='ltr'><strong>et</strong></span> <span class='ocrx_word' id='word_1_137' title='bbox 2080 476 2254 542; x_wconf 87' lang='lat' dir='ltr'><strong>illum,</strong></span> <span class='ocrx_word' id='word_1_138' title='bbox 2278 479 2368 548; x_wconf 89' lang='lat' dir='ltr'><strong>qui</strong></span> <span class='ocrx_word' id='word_1_139' title='bbox 2398 479 2612 548; x_wconf 84' lang='lat' dir='ltr'><strong>genitus</strong></span> <span class='ocrx_word' id='word_1_140' title='bbox 2648 487 2755 543; x_wconf 84' lang='lat' dir='ltr'><strong>est,</strong></span> <span class='ocrx_word' id='word_1_141' title='bbox 2787 480 3008 548; x_wconf 77' lang='lat' dir='ltr'><strong>triginta</strong></span> <span class='ocrx_word' id='word_1_142' title='bbox 3063 489 3174 536; x_wconf 90' lang='lat' dir='ltr'><strong>tres</strong></span> <span class='ocrx_word' id='word_1_143' title='bbox 3203 482 3419 552; x_wconf 75' lang='lat' dir='ltr'><strong>explere</strong></span> <span class='ocrx_word' id='word_1_144' title='bbox 3448 485 3590 551; x_wconf 78' lang='lat' dir='ltr'><strong>dies,</strong></span> 
     </span>
    </p>
   </div>
   <div class='ocr_carea' id='block_1_20' title="bbox 1996 567 3594 640">
    <p class='ocr_par' dir='ltr' id='par_1_20' title="bbox 1996 567 3594 640">
     <span class='ocr_line' id='line_1_20' title="bbox 1996 567 3594 640; baseline 0.005 -20"><span class='ocrx_word' id='word_1_145' title='bbox 1996 574 2057 620; x_wconf 90' lang='lat' dir='ltr'><strong>ut</strong></span> <span class='ocrx_word' id='word_1_146' title='bbox 2081 567 2299 621; x_wconf 82' lang='lat' dir='ltr'><strong>veniant</strong></span> <span class='ocrx_word' id='word_1_147' title='bbox 2337 568 2404 622; x_wconf 85' lang='lat' dir='ltr'><strong>ad</strong></span> <span class='ocrx_word' id='word_1_148' title='bbox 2450 568 2902 637; x_wconf 87' lang='lat' dir='ltr'><strong>purilicationem.</strong></span> <span class='ocrx_word' id='word_1_149' title='bbox 2940 569 3113 624; x_wconf 86' lang='lat' dir='ltr'><strong>Porro</strong></span> <span class='ocrx_word' id='word_1_150' title='bbox 3149 571 3193 625; x_wconf 89' lang='lat' dir='ltr'><strong>si</strong></span> <span class='ocrx_word' id='word_1_151' title='bbox 3236 573 3485 640; x_wconf 80' lang='lat' dir='ltr'><strong>genuerit</strong></span> <span class='ocrx_word' id='word_1_152' title='bbox 3510 573 3594 629; x_wconf 76' lang='lat' dir='ltr'><strong>fe-</strong></span> 
     </span>
    </p>
   </div>
   <div class='ocr_carea' id='block_1_21' title="bbox 1996 658 3594 729">
    <p class='ocr_par' dir='ltr' id='par_1_21' title="bbox 1996 658 3594 729">
     <span class='ocr_line' id='line_1_21' title="bbox 1996 658 3594 729; baseline 0.006 -17"><span class='ocrx_word' id='word_1_153' title='bbox 1996 658 2217 722; x_wconf 86' lang='lat' dir='ltr'><strong>minam,</strong></span> <span class='ocrx_word' id='word_1_154' title='bbox 2264 658 2529 727; x_wconf 86' lang='lat' dir='ltr'><strong>duplicem</strong></span> <span class='ocrx_word' id='word_1_155' title='bbox 2557 661 2836 715; x_wconf 89' lang='lat' dir='ltr'><strong>observari</strong></span> <span class='ocrx_word' id='word_1_156' title='bbox 2884 676 3190 726; x_wconf 86' lang='lat' dir='ltr'><strong>numerum,</strong></span> <span class='ocrx_word' id='word_1_157' title='bbox 3217 663 3270 717; x_wconf 87' lang='lat' dir='ltr'><strong>id</strong></span> <span class='ocrx_word' id='word_1_158' title='bbox 3297 673 3400 729; x_wconf 87' lang='lat' dir='ltr'><strong>est,</strong></span> <span class='ocrx_word' id='word_1_159' title='bbox 3428 680 3594 720; x_wconf 73' lang='lat' dir='ltr'><strong>sexa-</strong></span> 
     </span>
    </p>
   </div>
   <div class='ocr_carea' id='block_1_22' title="bbox 1997 748 3588 819">
    <p class='ocr_par' dir='ltr' id='par_1_22' title="bbox 1997 748 3588 819">
     <span class='ocr_line' id='line_1_22' title="bbox 1997 748 3588 819; baseline 0.005 -19"><span class='ocrx_word' id='word_1_160' title='bbox 1997 748 2143 816; x_wconf 79' lang='lat' dir='ltr'><strong>ginta</strong></span> <span class='ocrx_word' id='word_1_161' title='bbox 2167 764 2282 803; x_wconf 81' lang='lat' dir='ltr'><strong>sex.</strong></span> <span class='ocrx_word' id='word_1_162' title='bbox 2301 750 2365 803; x_wconf 88' lang='lat' dir='ltr'><strong>Et</strong></span> <span class='ocrx_word' id='word_1_163' title='bbox 2389 751 2536 819; x_wconf 85' lang='lat' dir='ltr'><strong>quia,</strong></span> <span class='ocrx_word' id='word_1_164' title='bbox 2559 759 2618 804; x_wconf 90' lang='lat' dir='ltr'><strong>ut</strong></span> <span class='ocrx_word' id='word_1_165' title='bbox 2640 750 2920 806; x_wconf 84' lang='lat' dir='ltr'><strong>veniamus</strong></span> <span class='ocrx_word' id='word_1_166' title='bbox 2943 752 3008 805; x_wconf 90' lang='lat' dir='ltr'><strong>ad</strong></span> <span class='ocrx_word' id='word_1_167' title='bbox 3032 751 3232 807; x_wconf 88' lang='lat' dir='ltr'><strong>Sancta</strong></span> <span class='ocrx_word' id='word_1_168' title='bbox 3253 764 3588 817; x_wconf 87' lang='lat' dir='ltr'><strong>sanctorum,</strong></span> 
     </span>
    </p>
   </div>
   <div class='ocr_carea' id='block_1_23' title="bbox 1997 837 3589 911">
    <p class='ocr_par' dir='ltr' id='par_1_23' title="bbox 1997 837 3589 911">
     <span class='ocr_line' id='line_1_23' title="bbox 1997 837 3589 911; baseline 0.006 -22"><span class='ocrx_word' id='word_1_169' title='bbox 1997 854 2101 892; x_wconf 90' lang='lat' dir='ltr'><strong>non</strong></span> <span class='ocrx_word' id='word_1_170' title='bbox 2124 837 2303 893; x_wconf 86' lang='lat' dir='ltr'><strong>solum</strong></span> <span class='ocrx_word' id='word_1_171' title='bbox 2338 841 2513 908; x_wconf 86' lang='lat' dir='ltr'><strong>prima</strong></span> <span class='ocrx_word' id='word_1_172' title='bbox 2578 841 2883 911; x_wconf 89' lang='lat' dir='ltr'><strong>indigemus</strong></span> <span class='ocrx_word' id='word_1_173' title='bbox 2919 842 3238 908; x_wconf 82' lang='lat' dir='ltr'><strong>nativitate,</strong></span> <span class='ocrx_word' id='word_1_174' title='bbox 3279 844 3373 898; x_wconf 88' lang='lat' dir='ltr'><strong>sed</strong></span> <span class='ocrx_word' id='word_1_175' title='bbox 3402 853 3460 899; x_wconf 87' lang='lat' dir='ltr'><strong>et</strong></span> <span class='ocrx_word' id='word_1_176' title='bbox 3496 859 3589 898; x_wconf 84' lang='lat' dir='ltr'><strong>se-</strong></span> 
     </span>
    </p>
   </div>
   <div class='ocr_carea' id='block_1_24' title="bbox 1994 931 3592 1003">
    <p class='ocr_par' dir='ltr' id='par_1_24' title="bbox 1994 931 3592 1003">
     <span class='ocr_line' id='line_1_24' title="bbox 1994 931 3592 1003; baseline 0.004 -19"><span class='ocrx_word' id='word_1_177' title='bbox 1994 931 2189 995; x_wconf 80' lang='lat' dir='ltr'><strong>cunda,</strong></span> <span class='ocrx_word' id='word_1_178' title='bbox 2213 941 2271 985; x_wconf 91' lang='lat' dir='ltr'><strong>ut</strong></span> <span class='ocrx_word' id='word_1_179' title='bbox 2315 931 2425 987; x_wconf 89' lang='lat' dir='ltr'><strong>nati</strong></span> <span class='ocrx_word' id='word_1_180' title='bbox 2477 932 2530 985; x_wconf 94' lang='lat' dir='ltr'><strong>in</strong></span> <span class='ocrx_word' id='word_1_181' title='bbox 2574 947 2765 997; x_wconf 90' lang='lat' dir='ltr'><strong>carne,</strong></span> <span class='ocrx_word' id='word_1_182' title='bbox 2794 947 3149 988; x_wconf 90' lang='lat' dir='ltr'><strong>renascamur</strong></span> <span class='ocrx_word' id='word_1_183' title='bbox 3174 935 3228 987; x_wconf 91' lang='lat' dir='ltr'><strong>in</strong></span> <span class='ocrx_word' id='word_1_184' title='bbox 3258 935 3475 1003; x_wconf 89' lang='lat' dir='ltr'><strong>spiritu,</strong></span> <span class='ocrx_word' id='word_1_185' title='bbox 3507 936 3592 991; x_wconf 81' lang='lat' dir='ltr'><strong>id-</strong></span> 
     </span>
    </p>
   </div>
   <div class='ocr_carea' id='block_1_25' title="bbox 1996 1022 3591 1099">
    <p class='ocr_par' dir='ltr' id='par_1_25' title="bbox 1996 1022 3591 1099">
     <span class='ocr_line' id='line_1_25' title="bbox 1996 1022 3591 1099; baseline 0.004 -25"><span class='ocrx_word' id='word_1_186' title='bbox 1996 1022 2142 1076; x_wconf 90' lang='lat' dir='ltr'><strong>eirco</strong></span> <span class='ocrx_word' id='word_1_187' title='bbox 2168 1037 2273 1076; x_wconf 93' lang='lat' dir='ltr'><strong>non</strong></span> <span class='ocrx_word' id='word_1_188' title='bbox 2291 1024 2568 1094; x_wconf 78' lang='lat' dir='ltr'><strong>sexaginta</strong></span> <span class='ocrx_word' id='word_1_189' title='bbox 2592 1039 2709 1089; x_wconf 78' lang='lat' dir='ltr'><strong>sex,</strong></span> <span class='ocrx_word' id='word_1_190' title='bbox 2732 1025 2827 1079; x_wconf 89' lang='lat' dir='ltr'><strong>sed</strong></span> <span class='ocrx_word' id='word_1_191' title='bbox 2848 1025 2933 1080; x_wconf 88' lang='lat' dir='ltr'><strong>bis</strong></span> <span class='ocrx_word' id='word_1_192' title='bbox 2967 1025 3206 1095; x_wconf 81' lang='lat' dir='ltr'><strong>triginta,</strong></span> <span class='ocrx_word' id='word_1_193' title='bbox 3230 1035 3286 1080; x_wconf 88' lang='lat' dir='ltr'><strong>et</strong></span> <span class='ocrx_word' id='word_1_194' title='bbox 3308 1028 3467 1081; x_wconf 88' lang='lat' dir='ltr'><strong>trium</strong></span> <span class='ocrx_word' id='word_1_195' title='bbox 3491 1044 3591 1099; x_wconf 86' lang='lat' dir='ltr'><strong>po-</strong></span> 
     </span>
    </p>
   </div>
   <div class='ocr_carea' id='block_1_26' title="bbox 1997 1113 3585 1185">
    <p class='ocr_par' dir='ltr' id='par_1_26' title="bbox 1997 1113 3585 1185">
     <span class='ocr_line' id='line_1_26' title="bbox 1997 1113 3585 1185; baseline 0.004 -20"><span class='ocrx_word' id='word_1_196' title='bbox 1997 1113 2145 1166; x_wconf 90' lang='lat' dir='ltr'><strong>nitur</strong></span> <span class='ocrx_word' id='word_1_197' title='bbox 2202 1128 2496 1168; x_wconf 89' lang='lat' dir='ltr'><strong>numerus:</strong></span> <span class='ocrx_word' id='word_1_198' title='bbox 2526 1121 2585 1168; x_wconf 89' lang='lat' dir='ltr'><strong>ut</strong></span> <span class='ocrx_word' id='word_1_199' title='bbox 2632 1124 2861 1185; x_wconf 89' lang='lat' dir='ltr'><strong>utraque</strong></span> <span class='ocrx_word' id='word_1_200' title='bbox 2910 1116 3166 1171; x_wconf 88' lang='lat' dir='ltr'><strong>nativitas</strong></span> <span class='ocrx_word' id='word_1_201' title='bbox 3212 1117 3325 1171; x_wconf 88' lang='lat' dir='ltr'><strong>Deo</strong></span> <span class='ocrx_word' id='word_1_202' title='bbox 3373 1118 3585 1173; x_wconf 80' lang='lat' dir='ltr'><strong>auctori</strong></span> 
     </span>
    </p>
   </div>
   <div class='ocr_carea' id='block_1_27' title="bbox 1994 1202 3590 1277">
    <p class='ocr_par' dir='ltr' id='par_1_27' title="bbox 1994 1202 3590 1277">
     <span class='ocr_line' id='line_1_27' title="bbox 1994 1202 3590 1277; baseline 0.003 -20"><span class='ocrx_word' id='word_1_203' title='bbox 1994 1202 2255 1257; x_wconf 86' lang='lat' dir='ltr'><strong>debeatur</strong></span> <span class='ocrx_word' id='word_1_204' title='bbox 2299 1203 2549 1275; x_wconf 84' lang='lat' dir='ltr'><strong>illiusque</strong></span> <span class='ocrx_word' id='word_1_205' title='bbox 2598 1205 2917 1272; x_wconf 66' lang='lat' dir='ltr'><strong>clementiae,</strong></span> <span class='ocrx_word' id='word_1_206' title='bbox 2954 1215 3008 1261; x_wconf 90' lang='lat' dir='ltr'><strong>et</strong></span> <span class='ocrx_word' id='word_1_207' title='bbox 3056 1207 3256 1277; x_wconf 83' lang='lat' dir='ltr'><strong>duplici</strong></span> <span class='ocrx_word' id='word_1_208' title='bbox 3288 1223 3442 1262; x_wconf 93' lang='lat' dir='ltr'><strong>muro</strong></span> <span class='ocrx_word' id='word_1_209' title='bbox 3476 1209 3590 1263; x_wconf 83' lang='lat' dir='ltr'><strong>cir-</strong></span> 
     </span>
    </p>
   </div>
   <div class='ocr_carea' id='block_1_28' title="bbox 1997 1294 3587 1371">
    <p class='ocr_par' dir='ltr' id='par_1_28' title="bbox 1997 1294 3587 1371">
     <span class='ocr_line' id='line_1_28' title="bbox 1997 1294 3587 1371; baseline 0.003 -21"><span class='ocrx_word' id='word_1_210' title='bbox 1997 1306 2251 1351; x_wconf 89' lang='lat' dir='ltr'><strong>cumeant</strong></span> <span class='ocrx_word' id='word_1_211' title='bbox 2298 1294 2468 1352; x_wconf 87' lang='lat' dir='ltr'><strong>latera</strong></span> <span class='ocrx_word' id='word_1_212' title='bbox 2503 1299 2732 1363; x_wconf 90' lang='lat' dir='ltr'><strong>domus,</strong></span> <span class='ocrx_word' id='word_1_213' title='bbox 2788 1314 2909 1368; x_wconf 77' lang='lat' dir='ltr'><strong>quae</strong></span> <span class='ocrx_word' id='word_1_214' title='bbox 2955 1300 3140 1371; x_wconf 86' lang='lat' dir='ltr'><strong>templi</strong></span> <span class='ocrx_word' id='word_1_215' title='bbox 3193 1300 3418 1356; x_wconf 90' lang='lat' dir='ltr'><strong>fulciunt</strong></span> <span class='ocrx_word' id='word_1_216' title='bbox 3450 1302 3587 1356; x_wconf 68' lang='grc' dir='ltr'><strong>ω,ἷί-</strong></span> 
     </span>
    </p>
   </div>
   <div class='ocr_carea' id='block_1_29' title="bbox 1997 1384 3587 1461">
    <p class='ocr_par' dir='ltr' id='par_1_29' title="bbox 1997 1384 3587 1461">
     <span class='ocr_line' id='line_1_29' title="bbox 1997 1384 3587 1461; baseline 0.006 -22"><span class='ocrx_word' id='word_1_217' title='bbox 1997 1384 2201 1441; x_wconf 82' lang='lat' dir='ltr'><strong>ﬁeinm.</strong></span> <span class='ocrx_word' id='word_1_218' title='bbox 2261 1387 2522 1459; x_wconf 78' lang='lat' dir='ltr'><strong>Quodque</strong></span> <span class='ocrx_word' id='word_1_219' title='bbox 2572 1389 2819 1459; x_wconf 86' lang='lat' dir='ltr'><strong>sequitur</strong></span> <span class='ocrx_word' id='word_1_220' title='bbox 2850 1389 3003 1461; x_wconf 76' lang='lat' dir='ltr'><strong>juxta</strong></span> <span class='ocrx_word' id='word_1_221' title='bbox 3060 1390 3384 1447; x_wconf 84' lang='lat' dir='ltr'><strong>llebraicum</strong></span> <span class='ocrx_word' id='word_1_222' title='bbox 3415 1410 3429 1447; x_wconf 90' lang='lat'><strong>:</strong></span> <span class='ocrx_word' id='word_1_223' title='bbox 3462 1412 3481 1445; x_wconf 71' lang='grc' dir='ltr'><strong><em>ι</em></strong></span> <span class='ocrx_word' id='word_1_224' title='bbox 3518 1394 3587 1448; x_wconf 78' lang='lat' dir='ltr'><strong>Et</strong></span> 
     </span>
    </p>
   </div>
   <div class='ocr_carea' id='block_1_30' title="bbox 1998 1479 3588 1553">
    <p class='ocr_par' dir='ltr' id='par_1_30' title="bbox 1998 1479 3588 1553">
     <span class='ocr_line' id='line_1_30' title="bbox 1998 1479 3588 1553; baseline 0.003 -20"><span class='ocrx_word' id='word_1_225' title='bbox 1998 1487 2157 1533; x_wconf 87' lang='lat' dir='ltr'><strong>erant</strong></span> <span class='ocrx_word' id='word_1_226' title='bbox 2189 1479 2437 1548; x_wconf 72' lang='lat' dir='ltr'><strong>quredam</strong></span> <span class='ocrx_word' id='word_1_227' title='bbox 2489 1480 2781 1534; x_wconf 79' lang='lat' dir='ltr'><strong>eminentia</strong></span> <span class='ocrx_word' id='word_1_228' title='bbox 2812 1522 2827 1545; x_wconf 92' lang='lat'><strong>,</strong></span> <span class='ocrx_word' id='word_1_229' title='bbox 2883 1495 3005 1551; x_wconf 65' lang='lat' dir='ltr'><strong>quae</strong></span> <span class='ocrx_word' id='word_1_230' title='bbox 3056 1482 3443 1551; x_wconf 81' lang='lat' dir='ltr'><strong>egrederentur</strong></span> <span class='ocrx_word' id='word_1_231' title='bbox 3489 1499 3588 1553; x_wconf 63' lang='lat' dir='ltr'><strong>per</strong></span> 
     </span>
    </p>
   </div>
   <div class='ocr_carea' id='block_1_31' title="bbox 2002 1569 3589 1641">
    <p class='ocr_par' dir='ltr' id='par_1_31' title="bbox 2002 1569 3589 1641">
     <span class='ocr_line' id='line_1_31' title="bbox 2002 1569 3589 1641; baseline 0.003 -19"><span class='ocrx_word' id='word_1_232' title='bbox 2002 1570 2261 1640; x_wconf 86' lang='lat' dir='ltr'><strong>parietem</strong></span> <span class='ocrx_word' id='word_1_233' title='bbox 2289 1569 2481 1625; x_wconf 89' lang='lat' dir='ltr'><strong>domus</strong></span> <span class='ocrx_word' id='word_1_234' title='bbox 2517 1586 2615 1641; x_wconf 88' lang='lat' dir='ltr'><strong>per</strong></span> <span class='ocrx_word' id='word_1_235' title='bbox 2654 1571 2822 1625; x_wconf 83' lang='lat' dir='ltr'><strong>latera</strong></span> <span class='ocrx_word' id='word_1_236' title='bbox 2855 1572 2908 1625; x_wconf 91' lang='lat' dir='ltr'><strong>in</strong></span> <span class='ocrx_word' id='word_1_237' title='bbox 2959 1572 3209 1635; x_wconf 89' lang='lat' dir='ltr'><strong>circuitu,</strong></span> <span class='ocrx_word' id='word_1_238' title='bbox 3236 1582 3294 1626; x_wconf 86' lang='lat' dir='ltr'><strong>ut</strong></span> <span class='ocrx_word' id='word_1_239' title='bbox 3340 1573 3589 1629; x_wconf 78' lang='lat' dir='ltr'><strong>contine-</strong></span> 
     </span>
    </p>
   </div>
   <div class='ocr_carea' id='block_1_32' title="bbox 2004 1662 3586 1733">
    <p class='ocr_par' dir='ltr' id='par_1_32' title="bbox 2004 1662 3586 1733">
     <span class='ocr_line' id='line_1_32' title="bbox 2004 1662 3586 1733; baseline 0.002 -18"><span class='ocrx_word' id='word_1_240' title='bbox 2004 1670 2157 1723; x_wconf 86' lang='lat' dir='ltr'><strong>rent,</strong></span> <span class='ocrx_word' id='word_1_241' title='bbox 2195 1668 2251 1714; x_wconf 91' lang='lat' dir='ltr'><strong>et</strong></span> <span class='ocrx_word' id='word_1_242' title='bbox 2296 1676 2403 1714; x_wconf 91' lang='lat' dir='ltr'><strong>non</strong></span> <span class='ocrx_word' id='word_1_243' title='bbox 2454 1662 2785 1733; x_wconf 70' lang='lat' dir='ltr'><strong>attingerent</strong></span> <span class='ocrx_word' id='word_1_244' title='bbox 2835 1662 3095 1730; x_wconf 79' lang='lat' dir='ltr'><strong>parietem</strong></span> <span class='ocrx_word' id='word_1_245' title='bbox 3159 1662 3365 1731; x_wconf 88' lang='lat' dir='ltr'><strong>templi,</strong></span> <span class='ocrx_word' id='word_1_246' title='bbox 3403 1683 3422 1714; x_wconf 78' lang='grc' dir='ltr'><strong>ι</strong></span> <span class='ocrx_word' id='word_1_247' title='bbox 3453 1663 3586 1718; x_wconf 85' lang='lat' dir='ltr'><strong>illul</strong></span> 
     </span>
    </p>
   </div>
   <div class='ocr_carea' id='block_1_33' title="bbox 313 1737 3590 1825">
    <p class='ocr_par' dir='ltr' id='par_1_33' title="bbox 313 1737 3590 1825">
     <span class='ocr_line' id='line_1_33' title="bbox 313 1737 3590 1825; baseline -0.001 -14"><span class='ocrx_word' id='word_1_248' title='bbox 313 1772 330 1804; x_wconf 73' lang='grc' dir='ltr'>ι</span> <span class='ocrx_word' id='word_1_249' title='bbox 370 1765 424 1811; x_wconf 90' lang='lat' dir='ltr'><strong>et</strong></span> <span class='ocrx_word' id='word_1_250' title='bbox 458 1756 798 1811; x_wconf 87' lang='lat' dir='ltr'><strong>latitudinem</strong></span> <span class='ocrx_word' id='word_1_251' title='bbox 830 1756 1015 1810; x_wconf 89' lang='lat' dir='ltr'><strong>lateris</strong></span> <span class='ocrx_word' id='word_1_252' title='bbox 1063 1763 1294 1825; x_wconf 89' lang='lat' dir='ltr'><strong>quatuor</strong></span> <span class='ocrx_word' id='word_1_253' title='bbox 1323 1755 1630 1811; x_wconf 88' lang='lat' dir='ltr'><strong>cubitorum</strong></span> <span class='ocrx_word' id='word_1_254' title='bbox 1662 1755 1896 1825; x_wconf 90' lang='lat' dir='ltr'><strong>undique</strong></span> <span class='ocrx_word' id='word_1_255' title='bbox 1925 1737 1971 1796; x_wconf 77' lang='grc' dir='ltr'><strong>Β</strong></span> <span class='ocrx_word' id='word_1_256' title='bbox 1999 1749 2268 1819; x_wconf 82' lang='lat' dir='ltr'><strong>significat</strong></span> <span class='ocrx_word' id='word_1_257' title='bbox 2291 1790 2307 1817; x_wconf 90' lang='lat'><strong>,</strong></span> <span class='ocrx_word' id='word_1_258' title='bbox 2349 1752 2490 1821; x_wconf 90' lang='lat' dir='ltr'><strong>quod</strong></span> <span class='ocrx_word' id='word_1_259' title='bbox 2526 1752 2695 1807; x_wconf 89' lang='lat' dir='ltr'><strong>sancti</strong></span> <span class='ocrx_word' id='word_1_260' title='bbox 2738 1752 2837 1806; x_wconf 89' lang='lat' dir='ltr'><strong>viri</strong></span> <span class='ocrx_word' id='word_1_261' title='bbox 2880 1752 2934 1806; x_wconf 94' lang='lat' dir='ltr'><strong>in</strong></span> <span class='ocrx_word' id='word_1_262' title='bbox 2975 1752 3318 1808; x_wconf 80' lang='lat' dir='ltr'><strong>multitudine</strong></span> <span class='ocrx_word' id='word_1_263' title='bbox 3358 1755 3590 1810; x_wconf 85' lang='lat' dir='ltr'><strong>creden-</strong></span> 
     </span>
    </p>
   </div>
   <div class='ocr_carea' id='block_1_34' title="bbox 313 1843 1899 1915">
    <p class='ocr_par' dir='ltr' id='par_1_34' title="bbox 313 1843 1899 1915">
     <span class='ocr_line' id='line_1_34' title="bbox 313 1843 1899 1915; baseline 0.003 -19"><span class='ocrx_word' id='word_1_264' title='bbox 313 1866 329 1896; x_wconf 85' lang='lat' dir='ltr'><strong>t</strong></span> <span class='ocrx_word' id='word_1_265' title='bbox 350 1850 464 1915; x_wconf 90' lang='lat' dir='ltr'><strong>&#39;per</strong></span> <span class='ocrx_word' id='word_1_266' title='bbox 489 1846 773 1900; x_wconf 89' lang='lat' dir='ltr'><strong>circuitum</strong></span> <span class='ocrx_word' id='word_1_267' title='bbox 808 1843 1018 1900; x_wconf 91' lang='lat' dir='ltr'><strong>domus.</strong></span> <span class='ocrx_word' id='word_1_268' title='bbox 1052 1846 1242 1901; x_wconf 83' lang='lat' dir='ltr'><strong>Latera</strong></span> <span class='ocrx_word' id='word_1_269' title='bbox 1273 1855 1451 1899; x_wconf 89' lang='lat' dir='ltr'><strong>autem</strong></span> <span class='ocrx_word' id='word_1_270' title='bbox 1484 1845 1626 1900; x_wconf 87' lang='lat' dir='ltr'><strong>latus</strong></span> <span class='ocrx_word' id='word_1_271' title='bbox 1652 1844 1717 1899; x_wconf 88' lang='lat' dir='ltr'><strong>ad</strong></span> <span class='ocrx_word' id='word_1_272' title='bbox 1758 1845 1899 1900; x_wconf 89' lang='lat' dir='ltr'><strong>latus</strong></span> 
     </span>
    </p>
   </div>
   <div class='ocr_carea' id='block_1_35' title="bbox 313 1934 1900 2008">
    <p class='ocr_par' dir='ltr' id='par_1_35' title="bbox 313 1934 1900 2008">
     <span class='ocr_line' id='line_1_35' title="bbox 313 1934 1900 2008; baseline 0.001 -18"><span class='ocrx_word' id='word_1_273' title='bbox 313 1954 331 1984; x_wconf 73' lang='grc' dir='ltr'>ί</span> <span class='ocrx_word' id='word_1_274' title='bbox 364 1936 446 1990; x_wconf 91' lang='lat' dir='ltr'><strong>bis</strong></span> <span class='ocrx_word' id='word_1_275' title='bbox 476 1934 693 2008; x_wconf 78' lang='lat' dir='ltr'><strong>triginta</strong></span> <span class='ocrx_word' id='word_1_276' title='bbox 732 1936 928 2001; x_wconf 88' lang='lat' dir='ltr'><strong>trium;</strong></span> <span class='ocrx_word' id='word_1_277' title='bbox 960 1945 1013 1991; x_wconf 89' lang='lat' dir='ltr'><strong>et</strong></span> <span class='ocrx_word' id='word_1_278' title='bbox 1048 1946 1202 1990; x_wconf 87' lang='lat' dir='ltr'><strong>erant</strong></span> <span class='ocrx_word' id='word_1_279' title='bbox 1237 1937 1548 2002; x_wconf 88' lang='lat' dir='ltr'><strong>eminentia,</strong></span> <span class='ocrx_word' id='word_1_280' title='bbox 1578 1953 1699 2006; x_wconf 65' lang='lat' dir='ltr'><strong>qua:</strong></span> <span class='ocrx_word' id='word_1_281' title='bbox 1723 1936 1900 2007; x_wconf 85' lang='lat' dir='ltr'><strong>ingre—</strong></span> 
     </span>
    </p>
   </div>
   <div class='ocr_carea' id='block_1_36' title="bbox 314 2027 1900 2098">
    <p class='ocr_par' dir='ltr' id='par_1_36' title="bbox 314 2027 1900 2098">
     <span class='ocr_line' id='line_1_36' title="bbox 314 2027 1900 2098; baseline 0.001 -19"><span class='ocrx_word' id='word_1_282' title='bbox 314 2049 331 2079; x_wconf 76' lang='grc' dir='ltr'>ι</span> <span class='ocrx_word' id='word_1_283' title='bbox 373 2029 630 2083; x_wconf 91' lang='lat' dir='ltr'><strong>derentur</strong></span> <span class='ocrx_word' id='word_1_284' title='bbox 683 2042 781 2097; x_wconf 90' lang='lat' dir='ltr'><strong>per</strong></span> <span class='ocrx_word' id='word_1_285' title='bbox 827 2028 1089 2097; x_wconf 87' lang='lat' dir='ltr'><strong>parietem</strong></span> <span class='ocrx_word' id='word_1_286' title='bbox 1141 2029 1333 2083; x_wconf 83' lang='lat' dir='ltr'><strong>domus</strong></span> <span class='ocrx_word' id='word_1_287' title='bbox 1394 2028 1445 2081; x_wconf 91' lang='lat' dir='ltr'><strong>in</strong></span> <span class='ocrx_word' id='word_1_288' title='bbox 1486 2027 1748 2082; x_wconf 82' lang='lat' dir='ltr'><strong>lateribus</strong></span> <span class='ocrx_word' id='word_1_289' title='bbox 1803 2042 1900 2098; x_wconf 89' lang='lat' dir='ltr'><strong>per</strong></span> 
     </span>
    </p>
   </div>
   <div class='ocr_carea' id='block_1_37' title="bbox 314 2120 1894 2190">
    <p class='ocr_par' dir='ltr' id='par_1_37' title="bbox 314 2120 1894 2190">
     <span class='ocr_line' id='line_1_37' title="bbox 314 2120 1894 2190; baseline 0.002 -20"><span class='ocrx_word' id='word_1_290' title='bbox 314 2140 332 2170; x_wconf 71' lang='grc' dir='ltr'>ι</span> <span class='ocrx_word' id='word_1_291' title='bbox 375 2120 684 2185; x_wconf 87' lang='lat' dir='ltr'><strong>circuitum,</strong></span> <span class='ocrx_word' id='word_1_292' title='bbox 712 2131 770 2175; x_wconf 90' lang='lat' dir='ltr'><strong>ut</strong></span> <span class='ocrx_word' id='word_1_293' title='bbox 794 2121 1133 2175; x_wconf 88' lang='lat' dir='ltr'><strong>continerent</strong></span> <span class='ocrx_word' id='word_1_294' title='bbox 1157 2130 1209 2174; x_wconf 90' lang='lat' dir='ltr'><strong>et</strong></span> <span class='ocrx_word' id='word_1_295' title='bbox 1236 2136 1340 2174; x_wconf 91' lang='lat' dir='ltr'><strong>non</strong></span> <span class='ocrx_word' id='word_1_296' title='bbox 1367 2121 1695 2190; x_wconf 88' lang='lat' dir='ltr'><strong>attingerent</strong></span> <span class='ocrx_word' id='word_1_297' title='bbox 1716 2120 1894 2189; x_wconf 89' lang='lat' dir='ltr'><strong>parie-</strong></span> 
     </span>
    </p>
   </div>
   <div class='ocr_carea' id='block_1_38' title="bbox 314 2212 1897 2284">
    <p class='ocr_par' dir='ltr' id='par_1_38' title="bbox 314 2212 1897 2284">
     <span class='ocr_line' id='line_1_38' title="bbox 314 2212 1897 2284; baseline 0.003 -22"><span class='ocrx_word' id='word_1_298' title='bbox 314 2233 332 2262; x_wconf 71' lang='grc' dir='ltr'><strong><em>ι</em></strong></span> <span class='ocrx_word' id='word_1_299' title='bbox 371 2221 476 2267; x_wconf 84' lang='lat' dir='ltr'><strong>tem</strong></span> <span class='ocrx_word' id='word_1_300' title='bbox 509 2213 713 2284; x_wconf 88' lang='lat' dir='ltr'><strong>templi.</strong></span> <span class='ocrx_word' id='word_1_301' title='bbox 748 2213 813 2267; x_wconf 86' lang='lat' dir='ltr'><strong>Et</strong></span> <span class='ocrx_word' id='word_1_302' title='bbox 837 2213 1013 2283; x_wconf 87' lang='lat' dir='ltr'><strong>platea</strong></span> <span class='ocrx_word' id='word_1_303' title='bbox 1042 2223 1156 2266; x_wconf 90' lang='lat' dir='ltr'><strong>erat</strong></span> <span class='ocrx_word' id='word_1_304' title='bbox 1193 2213 1244 2267; x_wconf 94' lang='lat' dir='ltr'><strong>in</strong></span> <span class='ocrx_word' id='word_1_305' title='bbox 1280 2212 1571 2268; x_wconf 90' lang='lat' dir='ltr'><strong>rotundum</strong></span> <span class='ocrx_word' id='word_1_306' title='bbox 1603 2213 1897 2267; x_wconf 88' lang='lat' dir='ltr'><strong>ascendens</strong></span> 
     </span>
    </p>
   </div>
   <div class='ocr_carea' id='block_1_39' title="bbox 315 2302 1894 2374">
    <p class='ocr_par' dir='ltr' id='par_1_39' title="bbox 315 2302 1894 2374">
     <span class='ocr_line' id='line_1_39' title="bbox 315 2302 1894 2374; baseline 0.003 -21"><span class='ocrx_word' id='word_1_307' title='bbox 315 2321 332 2353; x_wconf 75' lang='grc' dir='ltr'><em>α</em></span> <span class='ocrx_word' id='word_1_308' title='bbox 371 2320 585 2359; x_wconf 78' lang='lat' dir='ltr'><strong>sursum</strong></span> <span class='ocrx_word' id='word_1_309' title='bbox 612 2320 709 2374; x_wconf 89' lang='lat' dir='ltr'><strong>per</strong></span> <span class='ocrx_word' id='word_1_310' title='bbox 738 2302 1035 2368; x_wconf 85' lang='lat' dir='ltr'><strong>cochleam,</strong></span> <span class='ocrx_word' id='word_1_311' title='bbox 1065 2312 1120 2357; x_wconf 84' lang='lat' dir='ltr'><strong>et</strong></span> <span class='ocrx_word' id='word_1_312' title='bbox 1152 2305 1202 2357; x_wconf 92' lang='lat' dir='ltr'><strong>iu</strong></span> <span class='ocrx_word' id='word_1_313' title='bbox 1233 2303 1572 2358; x_wconf 73' lang='lat' dir='ltr'><strong>cmnaeulum</strong></span> <span class='ocrx_word' id='word_1_314' title='bbox 1598 2303 1779 2373; x_wconf 84' lang='lat' dir='ltr'><strong>templi</strong></span> <span class='ocrx_word' id='word_1_315' title='bbox 1808 2303 1894 2358; x_wconf 39' lang='lat' dir='ltr'><strong>de.</strong></span> 
     </span>
    </p>
   </div>
   <div class='ocr_carea' id='block_1_40' title="bbox 318 2390 1895 2466">
    <p class='ocr_par' dir='ltr' id='par_1_40' title="bbox 318 2390 1895 2466">
     <span class='ocr_line' id='line_1_40' title="bbox 318 2390 1895 2466; baseline 0.001 -21"><span class='ocrx_word' id='word_1_316' title='bbox 318 2415 335 2445; x_wconf 82' lang='grc' dir='ltr'>ι</span> <span class='ocrx_word' id='word_1_317' title='bbox 375 2392 581 2450; x_wconf 79' lang='lat' dir='ltr'><strong>ferebat</strong></span> <span class='ocrx_word' id='word_1_318' title='bbox 606 2411 702 2466; x_wconf 86' lang='lat' dir='ltr'><strong>per</strong></span> <span class='ocrx_word' id='word_1_319' title='bbox 737 2410 947 2466; x_wconf 76' lang='lat' dir='ltr'><strong>gyrum.</strong></span> <span class='ocrx_word' id='word_1_320' title='bbox 1002 2394 1208 2448; x_wconf 84' lang='lat' dir='ltr'><strong>Idcirco</strong></span> <span class='ocrx_word' id='word_1_321' title='bbox 1254 2394 1414 2448; x_wconf 91' lang='lat' dir='ltr'><strong>latius</strong></span> <span class='ocrx_word' id='word_1_322' title='bbox 1464 2401 1583 2448; x_wconf 88' lang='lat' dir='ltr'><strong>erat</strong></span> <span class='ocrx_word' id='word_1_323' title='bbox 1640 2390 1895 2463; x_wconf 84' lang='lat' dir='ltr'><strong>templum</strong></span> 
     </span>
    </p>
   </div>
   <div class='ocr_carea' id='block_1_41' title="bbox 316 2485 1899 2558">
    <p class='ocr_par' dir='ltr' id='par_1_41' title="bbox 316 2485 1899 2558">
     <span class='ocr_line' id='line_1_41' title="bbox 316 2485 1899 2558; baseline 0.002 -21"><span class='ocrx_word' id='word_1_324' title='bbox 316 2508 333 2537; x_wconf 78' lang='grc' dir='ltr'>σ</span> <span class='ocrx_word' id='word_1_325' title='bbox 373 2488 427 2542; x_wconf 94' lang='lat' dir='ltr'><strong>in</strong></span> <span class='ocrx_word' id='word_1_326' title='bbox 458 2487 852 2558; x_wconf 87' lang='lat' dir='ltr'><strong>superioribus,</strong></span> <span class='ocrx_word' id='word_1_327' title='bbox 878 2494 932 2542; x_wconf 91' lang='lat' dir='ltr'><strong>et</strong></span> <span class='ocrx_word' id='word_1_328' title='bbox 948 2485 1025 2542; x_wconf 89' lang='lat' dir='ltr'><strong>sic</strong></span> <span class='ocrx_word' id='word_1_329' title='bbox 1041 2488 1105 2541; x_wconf 85' lang='lat' dir='ltr'><strong>de</strong></span> <span class='ocrx_word' id='word_1_330' title='bbox 1130 2485 1477 2541; x_wconf 82' lang='lat' dir='ltr'><strong>inferioribus</strong></span> <span class='ocrx_word' id='word_1_331' title='bbox 1505 2487 1899 2541; x_wconf 87' lang='lat' dir='ltr'><strong>ascendebatur</strong></span> 
     </span>
    </p>
   </div>
   <div class='ocr_carea' id='block_1_42' title="bbox 314 2577 1895 2651">
    <p class='ocr_par' dir='ltr' id='par_1_42' title="bbox 314 2577 1895 2651">
     <span class='ocr_line' id='line_1_42' title="bbox 314 2577 1895 2651; baseline -0.001 -19"><span class='ocrx_word' id='word_1_332' title='bbox 314 2600 331 2632; x_wconf 71' lang='grc' dir='ltr'>ς</span> <span class='ocrx_word' id='word_1_333' title='bbox 367 2581 432 2636; x_wconf 89' lang='lat' dir='ltr'><strong>ad</strong></span> <span class='ocrx_word' id='word_1_334' title='bbox 458 2580 732 2651; x_wconf 88' lang='lat' dir='ltr'><strong>superiora</strong></span> <span class='ocrx_word' id='word_1_335' title='bbox 771 2580 823 2634; x_wconf 90' lang='lat' dir='ltr'><strong>in</strong></span> <span class='ocrx_word' id='word_1_336' title='bbox 853 2579 1110 2633; x_wconf 87' lang='lat' dir='ltr'><strong>medium.</strong></span> <span class='ocrx_word' id='word_1_337' title='bbox 1143 2600 1161 2632; x_wconf 74' lang='grc' dir='ltr'><strong><em>ι</em></strong></span> <span class='ocrx_word' id='word_1_338' title='bbox 1196 2578 1347 2646; x_wconf 86' lang='lat' dir='ltr'><strong>Quod</strong></span> <span class='ocrx_word' id='word_1_339' title='bbox 1377 2586 1556 2632; x_wconf 88' lang='lat' dir='ltr'><strong>autem</strong></span> <span class='ocrx_word' id='word_1_340' title='bbox 1588 2579 1641 2632; x_wconf 90' lang='lat' dir='ltr'><strong>in</strong></span> <span class='ocrx_word' id='word_1_341' title='bbox 1664 2577 1895 2648; x_wconf 81' lang='lat' dir='ltr'><strong>Septua-</strong></span> 
     </span>
    </p>
   </div>
   <div class='ocr_carea' id='block_1_43' title="bbox 308 2666 1897 2741">
    <p class='ocr_par' dir='ltr' id='par_1_43' title="bbox 308 2666 1897 2741">
     <span class='ocr_line' id='line_1_43' title="bbox 308 2666 1897 2741; baseline -0.002 -16"><span class='ocrx_word' id='word_1_342' title='bbox 308 2670 454 2741; x_wconf 89' lang='lat' dir='ltr'><strong>ginta</strong></span> <span class='ocrx_word' id='word_1_343' title='bbox 485 2670 704 2741; x_wconf 89' lang='lat' dir='ltr'><strong>ponitur</strong></span> <span class='ocrx_word' id='word_1_344' title='bbox 733 2688 750 2720; x_wconf 73' lang='grc' dir='ltr'>ι</span> <span class='ocrx_word' id='word_1_345' title='bbox 789 2676 843 2724; x_wconf 89' lang='lat' dir='ltr'><strong>et</strong></span> <span class='ocrx_word' id='word_1_346' title='bbox 879 2668 945 2723; x_wconf 87' lang='lat' dir='ltr'><strong>de</strong></span> <span class='ocrx_word' id='word_1_347' title='bbox 975 2669 1167 2723; x_wconf 88' lang='lat' dir='ltr'><strong>mediis</strong></span> <span class='ocrx_word' id='word_1_348' title='bbox 1194 2668 1258 2721; x_wconf 91' lang='lat' dir='ltr'><strong>ad</strong></span> <span class='ocrx_word' id='word_1_349' title='bbox 1292 2669 1534 2739; x_wconf 85' lang='lat' dir='ltr'><strong>tristega,</strong></span> <span class='ocrx_word' id='word_1_350' title='bbox 1567 2687 1583 2719; x_wconf 74' lang='grc' dir='ltr'><strong>ι</strong></span> <span class='ocrx_word' id='word_1_351' title='bbox 1618 2666 1670 2721; x_wconf 88' lang='lat' dir='ltr'><strong>id</strong></span> <span class='ocrx_word' id='word_1_352' title='bbox 1700 2676 1805 2732; x_wconf 90' lang='lat' dir='ltr'><strong>est,</strong></span> <span class='ocrx_word' id='word_1_353' title='bbox 1830 2668 1897 2723; x_wconf 89' lang='lat' dir='ltr'><strong>ad</strong></span> 
     </span>
    </p>
   </div>
   <div class='ocr_carea' id='block_1_44' title="bbox 311 2758 1893 2826">
    <p class='ocr_par' dir='ltr' id='par_1_44' title="bbox 311 2758 1893 2826">
     <span class='ocr_line' id='line_1_44' title="bbox 311 2758 1893 2826; baseline -0.003 -11"><span class='ocrx_word' id='word_1_354' title='bbox 311 2763 414 2817; x_wconf 85' lang='lat' dir='ltr'><strong>tria</strong></span> <span class='ocrx_word' id='word_1_355' title='bbox 446 2761 750 2826; x_wconf 58' lang='lat' dir='ltr'><strong>cu‘naeula,</strong></span> <span class='ocrx_word' id='word_1_356' title='bbox 773 2768 829 2815; x_wconf 89' lang='lat' dir='ltr'><strong>et</strong></span> <span class='ocrx_word' id='word_1_357' title='bbox 868 2759 1059 2825; x_wconf 84' lang='lat' dir='ltr'><strong>thracl,</strong></span> <span class='ocrx_word' id='word_1_358' title='bbox 1110 2760 1162 2815; x_wconf 93' lang='lat' dir='ltr'><strong>in</strong></span> <span class='ocrx_word' id='word_1_359' title='bbox 1206 2758 1475 2814; x_wconf 84' lang='lat' dir='ltr'><strong>llebraico</strong></span> <span class='ocrx_word' id='word_1_360' title='bbox 1509 2774 1613 2812; x_wconf 87' lang='lat' dir='ltr'><strong>non</strong></span> <span class='ocrx_word' id='word_1_361' title='bbox 1647 2758 1893 2814; x_wconf 87' lang='lat' dir='ltr'><strong>habetur.</strong></span> 
     </span>
    </p>
   </div>
   <div class='ocr_carea' id='block_1_45' title="bbox 386 2850 1896 2920">
    <p class='ocr_par' dir='ltr' id='par_1_45' title="bbox 386 2850 1896 2920">
     <span class='ocr_line' id='line_1_45' title="bbox 386 2850 1896 2920; baseline -0.002 -13"><span class='ocrx_word' id='word_1_362' title='bbox 386 2873 404 2902; x_wconf 74' lang='grc' dir='ltr'>ι</span> <span class='ocrx_word' id='word_1_363' title='bbox 444 2853 509 2907; x_wconf 86' lang='lat' dir='ltr'><strong>Et</strong></span> <span class='ocrx_word' id='word_1_364' title='bbox 522 2853 628 2907; x_wconf 89' lang='lat' dir='ltr'><strong>vidi</strong></span> <span class='ocrx_word' id='word_1_365' title='bbox 648 2852 701 2905; x_wconf 93' lang='lat' dir='ltr'><strong>in</strong></span> <span class='ocrx_word' id='word_1_366' title='bbox 718 2852 876 2906; x_wconf 89' lang='lat' dir='ltr'><strong>domo</strong></span> <span class='ocrx_word' id='word_1_367' title='bbox 892 2851 1229 2905; x_wconf 83' lang='lat' dir='ltr'><strong>altitudinem</strong></span> <span class='ocrx_word' id='word_1_368' title='bbox 1255 2867 1351 2920; x_wconf 89' lang='lat' dir='ltr'><strong>per</strong></span> <span class='ocrx_word' id='word_1_369' title='bbox 1365 2851 1652 2906; x_wconf 86' lang='lat' dir='ltr'><strong>circuitum</strong></span> <span class='ocrx_word' id='word_1_370' title='bbox 1678 2850 1896 2904; x_wconf 89' lang='lat' dir='ltr'><strong>fundata</strong></span> 
     </span>
    </p>
   </div>
   <div class='ocr_carea' id='block_1_46' title="bbox 316 2940 1896 3008">
    <p class='ocr_par' dir='ltr' id='par_1_46' title="bbox 316 2940 1896 3008">
     <span class='ocr_line' id='line_1_46' title="bbox 316 2940 1896 3008; baseline 0 -15"><span class='ocrx_word' id='word_1_371' title='bbox 316 2943 535 2997; x_wconf 64' lang='lat' dir='ltr'><strong>(latera</strong></span> <span class='ocrx_word' id='word_1_372' title='bbox 560 2942 627 2997; x_wconf 89' lang='lat' dir='ltr'><strong>ad</strong></span> <span class='ocrx_word' id='word_1_373' title='bbox 654 2956 960 2995; x_wconf 90' lang='lat' dir='ltr'><strong>mensuram</strong></span> <span class='ocrx_word' id='word_1_374' title='bbox 977 2940 1171 2996; x_wconf 88' lang='lat' dir='ltr'><strong>calami</strong></span> <span class='ocrx_word' id='word_1_375' title='bbox 1189 2956 1282 2995; x_wconf 78' lang='lat' dir='ltr'><strong>sex</strong></span> <span class='ocrx_word' id='word_1_376' title='bbox 1302 2941 1607 2995; x_wconf 80' lang='lat' dir='ltr'><strong>cubitorum</strong></span> <span class='ocrx_word' id='word_1_377' title='bbox 1631 2941 1826 3008; x_wconf 87' lang='lat' dir='ltr'><strong>spatio,</strong></span> <span class='ocrx_word' id='word_1_378' title='bbox 1843 2949 1896 2994; x_wconf 90' lang='lat' dir='ltr'><strong>et</strong></span> 
     </span>
    </p>
   </div>
   <div class='ocr_carea' id='block_1_47' title="bbox 315 3031 1893 3105">
    <p class='ocr_par' dir='ltr' id='par_1_47' title="bbox 315 3031 1893 3105">
     <span class='ocr_line' id='line_1_47' title="bbox 315 3031 1893 3105; baseline 0.003 -22"><span class='ocrx_word' id='word_1_379' title='bbox 315 3056 333 3083; x_wconf 74' lang='grc' dir='ltr'>ι</span> <span class='ocrx_word' id='word_1_380' title='bbox 368 3033 704 3089; x_wconf 87' lang='lat' dir='ltr'><strong>latitudinem</strong></span> <span class='ocrx_word' id='word_1_381' title='bbox 736 3048 833 3105; x_wconf 89' lang='lat' dir='ltr'><strong>per</strong></span> <span class='ocrx_word' id='word_1_382' title='bbox 860 3031 1324 3103; x_wconf 84' lang='lat' dir='ltr'><strong>parietcmlatcris</strong></span> <span class='ocrx_word' id='word_1_383' title='bbox 1341 3032 1639 3087; x_wconf 79' lang='lat' dir='ltr'><strong>forinsecus</strong></span> <span class='ocrx_word' id='word_1_384' title='bbox 1655 3032 1893 3103; x_wconf 88' lang='lat' dir='ltr'><strong>quinque</strong></span> 
     </span>
    </p>
   </div>
   <div class='ocr_carea' id='block_1_48' title="bbox 315 3121 1893 3178">
    <p class='ocr_par' dir='ltr' id='par_1_48' title="bbox 315 3121 1893 3178">
     <span class='ocr_line' id='line_1_48' title="bbox 315 3121 1893 3178; baseline 0.003 -5"><span class='ocrx_word' id='word_1_385' title='bbox 315 3144 332 3173; x_wconf 72' lang='grc' dir='ltr'>ι</span> <span class='ocrx_word' id='word_1_386' title='bbox 366 3124 692 3178; x_wconf 87' lang='lat' dir='ltr'><strong>cubitorum.</strong></span> <span class='ocrx_word' id='word_1_387' title='bbox 723 3122 790 3176; x_wconf 85' lang='lat' dir='ltr'><strong>Et</strong></span> <span class='ocrx_word' id='word_1_388' title='bbox 826 3131 944 3177; x_wconf 88' lang='lat' dir='ltr'><strong>erat</strong></span> <span class='ocrx_word' id='word_1_389' title='bbox 969 3122 1197 3177; x_wconf 89' lang='lat' dir='ltr'><strong>interior</strong></span> <span class='ocrx_word' id='word_1_390' title='bbox 1222 3121 1414 3177; x_wconf 89' lang='lat' dir='ltr'><strong>domus</strong></span> <span class='ocrx_word' id='word_1_391' title='bbox 1446 3124 1497 3176; x_wconf 92' lang='lat' dir='ltr'><strong>in</strong></span> <span class='ocrx_word' id='word_1_392' title='bbox 1517 3123 1775 3178; x_wconf 83' lang='lat' dir='ltr'><strong>lateribus</strong></span> <span class='ocrx_word' id='word_1_393' title='bbox 1798 3125 1893 3177; x_wconf 86' lang='lat' dir='ltr'><strong>do-</strong></span> 
     </span>
    </p>
   </div>
   <div class='ocr_carea' id='block_1_49' title="bbox 316 3214 1895 3286">
    <p class='ocr_par' dir='ltr' id='par_1_49' title="bbox 316 3214 1895 3286">
     <span class='ocr_line' id='line_1_49' title="bbox 316 3214 1895 3286; baseline 0.004 -22"><span class='ocrx_word' id='word_1_394' title='bbox 316 3235 333 3264; x_wconf 76' lang='grc' dir='ltr'>ι</span> <span class='ocrx_word' id='word_1_395' title='bbox 365 3229 503 3269; x_wconf 89' lang='lat' dir='ltr'><strong>mus.</strong></span> <span class='ocrx_word' id='word_1_396' title='bbox 537 3214 604 3269; x_wconf 84' lang='lat' dir='ltr'><strong>Et</strong></span> <span class='ocrx_word' id='word_1_397' title='bbox 628 3214 766 3268; x_wconf 87' lang='lat' dir='ltr'><strong>inter</strong></span> <span class='ocrx_word' id='word_1_398' title='bbox 790 3214 1172 3286; x_wconf 73' lang='lat' dir='ltr'><strong>galephylacia</strong></span> <span class='ocrx_word' id='word_1_399' title='bbox 1189 3214 1522 3269; x_wconf 87' lang='lat' dir='ltr'><strong>latitudinem</strong></span> <span class='ocrx_word' id='word_1_400' title='bbox 1539 3215 1727 3286; x_wconf 81' lang='lat' dir='ltr'><strong>viginti</strong></span> <span class='ocrx_word' id='word_1_401' title='bbox 1745 3216 1895 3270; x_wconf 84' lang='lat' dir='ltr'><strong>cubi-</strong></span> 
     </span>
    </p>
   </div>
   <div class='ocr_carea' id='block_1_50' title="bbox 316 3303 1894 3375">
    <p class='ocr_par' dir='ltr' id='par_1_50' title="bbox 316 3303 1894 3375">
     <span class='ocr_line' id='line_1_50' title="bbox 316 3303 1894 3375; baseline 0.004 -20"><span class='ocrx_word' id='word_1_402' title='bbox 316 3325 333 3355; x_wconf 76' lang='grc' dir='ltr'>ι</span> <span class='ocrx_word' id='word_1_403' title='bbox 368 3313 539 3359; x_wconf 91' lang='lat' dir='ltr'><strong>torum</strong></span> <span class='ocrx_word' id='word_1_404' title='bbox 574 3304 627 3358; x_wconf 91' lang='lat' dir='ltr'><strong>in</strong></span> <span class='ocrx_word' id='word_1_405' title='bbox 654 3304 879 3359; x_wconf 86' lang='lat' dir='ltr'><strong>circuitu</strong></span> <span class='ocrx_word' id='word_1_406' title='bbox 904 3303 1095 3359; x_wconf 90' lang='lat' dir='ltr'><strong>domus</strong></span> <span class='ocrx_word' id='word_1_407' title='bbox 1118 3304 1371 3375; x_wconf 80' lang='lat' dir='ltr'><strong>undique.</strong></span> <span class='ocrx_word' id='word_1_408' title='bbox 1396 3304 1461 3359; x_wconf 84' lang='lat' dir='ltr'><strong>Et</strong></span> <span class='ocrx_word' id='word_1_409' title='bbox 1480 3306 1678 3359; x_wconf 83' lang='lat' dir='ltr'><strong>ostium</strong></span> <span class='ocrx_word' id='word_1_410' title='bbox 1710 3306 1894 3361; x_wconf 89' lang='lat' dir='ltr'><strong>lateris</strong></span> 
     </span>
    </p>
   </div>
   <div class='ocr_carea' id='block_1_51' title="bbox 316 3393 1889 3468">
    <p class='ocr_par' dir='ltr' id='par_1_51' title="bbox 316 3393 1889 3468">
     <span class='ocr_line' id='line_1_51' title="bbox 316 3393 1889 3468; baseline 0.003 -23"><span class='ocrx_word' id='word_1_411' title='bbox 316 3415 331 3445; x_wconf 74' lang='grc' dir='ltr'>ι</span> <span class='ocrx_word' id='word_1_412' title='bbox 367 3394 433 3449; x_wconf 88' lang='lat' dir='ltr'><strong>ad</strong></span> <span class='ocrx_word' id='word_1_413' title='bbox 477 3394 774 3449; x_wconf 90' lang='lat' dir='ltr'><strong>orationem</strong></span> <span class='ocrx_word' id='word_1_414' title='bbox 805 3393 967 3467; x_wconf 87' lang='lat' dir='ltr'><strong>(quod</strong></span> <span class='ocrx_word' id='word_1_415' title='bbox 1016 3394 1068 3449; x_wconf 91' lang='lat' dir='ltr'><strong>in</strong></span> <span class='ocrx_word' id='word_1_416' title='bbox 1099 3393 1452 3466; x_wconf 71' lang='lat' dir='ltr'><strong>Septuaginta</strong></span> <span class='ocrx_word' id='word_1_417' title='bbox 1487 3412 1592 3450; x_wconf 90' lang='lat' dir='ltr'><strong>non</strong></span> <span class='ocrx_word' id='word_1_418' title='bbox 1621 3397 1889 3468; x_wconf 75' lang='lat' dir='ltr'><strong>habetur),</strong></span> 
     </span>
    </p>
   </div>
   <div class='ocr_carea' id='block_1_52' title="bbox 314 3484 1894 3554">
    <p class='ocr_par' dir='ltr' id='par_1_52' title="bbox 314 3484 1894 3554">
     <span class='ocr_line' id='line_1_52' title="bbox 314 3484 1894 3554; baseline 0.003 -18"><span class='ocrx_word' id='word_1_419' title='bbox 314 3505 331 3536; x_wconf 72' lang='grc' dir='ltr'>ι</span> <span class='ocrx_word' id='word_1_420' title='bbox 362 3484 556 3539; x_wconf 85' lang='lat' dir='ltr'><strong>ostium</strong></span> <span class='ocrx_word' id='word_1_421' title='bbox 588 3500 751 3538; x_wconf 91' lang='lat' dir='ltr'><strong>unum</strong></span> <span class='ocrx_word' id='word_1_422' title='bbox 782 3484 847 3539; x_wconf 90' lang='lat' dir='ltr'><strong>ad</strong></span> <span class='ocrx_word' id='word_1_423' title='bbox 865 3484 1006 3540; x_wconf 90' lang='lat' dir='ltr'><strong>viam</strong></span> <span class='ocrx_word' id='word_1_424' title='bbox 1030 3484 1599 3554; x_wconf 84' lang='lat' dir='ltr'><strong>aquilonis,etostinm</strong></span> <span class='ocrx_word' id='word_1_425' title='bbox 1627 3503 1793 3540; x_wconf 88' lang='lat' dir='ltr'><strong>unum</strong></span> <span class='ocrx_word' id='word_1_426' title='bbox 1827 3488 1894 3541; x_wconf 88' lang='lat' dir='ltr'><strong>ad</strong></span> 
     </span>
    </p>
   </div>
   <div class='ocr_carea' id='block_1_53' title="bbox 320 3578 1893 3645">
    <p class='ocr_par' dir='ltr' id='par_1_53' title="bbox 320 3578 1893 3645">
     <span class='ocr_line' id='line_1_53' title="bbox 320 3578 1893 3645; baseline 0.004 -16"><span class='ocrx_word' id='word_1_427' title='bbox 320 3598 337 3629; x_wconf 70' lang='grc' dir='ltr'><strong>ε</strong></span> <span class='ocrx_word' id='word_1_428' title='bbox 373 3578 516 3633; x_wconf 88' lang='lat' dir='ltr'><strong>viam</strong></span> <span class='ocrx_word' id='word_1_429' title='bbox 567 3579 882 3645; x_wconf 84' lang='lat' dir='ltr'><strong>australem,</strong></span> <span class='ocrx_word' id='word_1_430' title='bbox 921 3589 975 3634; x_wconf 91' lang='lat' dir='ltr'><strong>ct</strong></span> <span class='ocrx_word' id='word_1_431' title='bbox 1001 3579 1337 3635; x_wconf 88' lang='lat' dir='ltr'><strong>latitudinem</strong></span> <span class='ocrx_word' id='word_1_432' title='bbox 1369 3580 1471 3636; x_wconf 88' lang='lat' dir='ltr'><strong>loci</strong></span> <span class='ocrx_word' id='word_1_433' title='bbox 1498 3582 1563 3636; x_wconf 85' lang='lat' dir='ltr'><strong>ad</strong></span> <span class='ocrx_word' id='word_1_434' title='bbox 1595 3583 1893 3637; x_wconf 83' lang='lat' dir='ltr'><strong>orationem</strong></span> 
     </span>
    </p>
   </div>
   <div class='ocr_carea' id='block_1_54' title="bbox 319 3670 1896 3742">
    <p class='ocr_par' dir='ltr' id='par_1_54' title="bbox 319 3670 1896 3742">
     <span class='ocr_line' id='line_1_54' title="bbox 319 3670 1896 3742; baseline 0.004 -23"><span class='ocrx_word' id='word_1_435' title='bbox 319 3690 336 3719; x_wconf 71' lang='grc' dir='ltr'><strong>ε</strong></span> <span class='ocrx_word' id='word_1_436' title='bbox 369 3670 606 3739; x_wconf 86' lang='lat' dir='ltr'><strong>quinque</strong></span> <span class='ocrx_word' id='word_1_437' title='bbox 635 3670 939 3725; x_wconf 78' lang='lat' dir='ltr'><strong>cubitorum</strong></span> <span class='ocrx_word' id='word_1_438' title='bbox 969 3670 1021 3725; x_wconf 93' lang='lat' dir='ltr'><strong>in</strong></span> <span class='ocrx_word' id='word_1_439' title='bbox 1053 3670 1303 3726; x_wconf 85' lang='lat' dir='ltr'><strong>circuitu.</strong></span> <span class='ocrx_word' id='word_1_440' title='bbox 1332 3671 1395 3726; x_wconf 84' lang='lat' dir='ltr'><strong>Et</strong></span> <span class='ocrx_word' id='word_1_441' title='bbox 1422 3672 1730 3739; x_wconf 68' lang='lat' dir='ltr'><strong>mdiﬁcium,</strong></span> <span class='ocrx_word' id='word_1_442' title='bbox 1752 3673 1896 3742; x_wconf 81' lang='lat' dir='ltr'><strong>qttoJ</strong></span> 
     </span>
    </p>
   </div>
   <div class='ocr_carea' id='block_1_55' title="bbox 320 3763 1894 3833">
    <p class='ocr_par' dir='ltr' id='par_1_55' title="bbox 320 3763 1894 3833">
     <span class='ocr_line' id='line_1_55' title="bbox 320 3763 1894 3833; baseline 0.006 -24"><span class='ocrx_word' id='word_1_443' title='bbox 320 3780 337 3809; x_wconf 71' lang='grc' dir='ltr'>ι</span> <span class='ocrx_word' id='word_1_444' title='bbox 372 3769 489 3815; x_wconf 81' lang='lat' dir='ltr'><strong>erat</strong></span> <span class='ocrx_word' id='word_1_445' title='bbox 519 3770 827 3830; x_wconf 79' lang='lat' dir='ltr'><strong>separatum</strong></span> <span class='ocrx_word' id='word_1_446' title='bbox 864 3774 1187 3832; x_wconf 89' lang='lat' dir='ltr'><strong>versumque</strong></span> <span class='ocrx_word' id='word_1_447' title='bbox 1239 3763 1305 3816; x_wconf 89' lang='lat' dir='ltr'><strong>ad</strong></span> <span class='ocrx_word' id='word_1_448' title='bbox 1342 3763 1480 3817; x_wconf 87' lang='lat' dir='ltr'><strong>viam</strong></span> <span class='ocrx_word' id='word_1_449' title='bbox 1513 3764 1894 3833; x_wconf 81' lang='lat' dir='ltr'><strong>respicientem</strong></span> 
     </span>
    </p>
   </div>
   <div class='ocr_carea' id='block_1_56' title="bbox 320 3851 1897 3924">
    <p class='ocr_par' dir='ltr' id='par_1_56' title="bbox 320 3851 1897 3924">
     <span class='ocr_line' id='line_1_56' title="bbox 320 3851 1897 3924; baseline 0.004 -24"><span class='ocrx_word' id='word_1_450' title='bbox 320 3870 336 3899; x_wconf 72' lang='grc' dir='ltr'><strong>ε</strong></span> <span class='ocrx_word' id='word_1_451' title='bbox 368 3851 432 3904; x_wconf 88' lang='lat' dir='ltr'><strong>al</strong></span> <span class='ocrx_word' id='word_1_452' title='bbox 477 3866 625 3906; x_wconf 72' lang='lat' dir='ltr'><strong>mare</strong></span> <span class='ocrx_word' id='word_1_453' title='bbox 658 3851 957 3905; x_wconf 83' lang='lat' dir='ltr'><strong>latitudinis</strong></span> <span class='ocrx_word' id='word_1_454' title='bbox 989 3851 1324 3922; x_wconf 86' lang='lat' dir='ltr'><strong>septuaginta</strong></span> <span class='ocrx_word' id='word_1_455' title='bbox 1351 3854 1651 3908; x_wconf 89' lang='lat' dir='ltr'><strong>cubitorum</strong></span> <span class='ocrx_word' id='word_1_456' title='bbox 1682 3876 1692 3908; x_wconf 81' lang='lat'><strong>.-</strong></span> <span class='ocrx_word' id='word_1_457' title='bbox 1720 3855 1897 3924; x_wconf 87' lang='lat' dir='ltr'><strong>paries</strong></span> 
     </span>
    </p>
   </div>
   <div class='ocr_carea' id='block_1_57' title="bbox 320 3942 1899 4016">
    <p class='ocr_par' dir='ltr' id='par_1_57' title="bbox 320 3942 1899 4016">
     <span class='ocr_line' id='line_1_57' title="bbox 320 3942 1899 4016; baseline 0.004 -23"><span class='ocrx_word' id='word_1_458' title='bbox 320 3964 336 3993; x_wconf 76' lang='grc' dir='ltr'><strong>ε</strong></span> <span class='ocrx_word' id='word_1_459' title='bbox 376 3951 555 3996; x_wconf 87' lang='lat' dir='ltr'><strong>autem</strong></span> <span class='ocrx_word' id='word_1_460' title='bbox 584 3942 795 3996; x_wconf 66' lang='lat' dir='ltr'><strong>aedilicii</strong></span> <span class='ocrx_word' id='word_1_461' title='bbox 827 3943 1063 4011; x_wconf 89' lang='lat' dir='ltr'><strong>quinque</strong></span> <span class='ocrx_word' id='word_1_462' title='bbox 1092 3944 1394 3999; x_wconf 88' lang='lat' dir='ltr'><strong>cubitorum</strong></span> <span class='ocrx_word' id='word_1_463' title='bbox 1451 3944 1749 4000; x_wconf 79' lang='lat' dir='ltr'><strong>latitudinis</strong></span> <span class='ocrx_word' id='word_1_464' title='bbox 1801 3961 1899 4016; x_wconf 89' lang='lat' dir='ltr'><strong>per</strong></span> 
     </span>
    </p>
   </div>
   <div class='ocr_carea' id='block_1_58' title="bbox 318 4033 1890 4107">
    <p class='ocr_par' dir='ltr' id='par_1_58' title="bbox 318 4033 1890 4107">
     <span class='ocr_line' id='line_1_58' title="bbox 318 4033 1890 4107; baseline 0.004 -24"><span class='ocrx_word' id='word_1_465' title='bbox 318 4048 341 4083; x_wconf 86' lang='grc'><em>‹</em></span> <span class='ocrx_word' id='word_1_466' title='bbox 371 4034 746 4098; x_wconf 87' lang='lat' dir='ltr'><strong>circuitum,et</strong></span> <span class='ocrx_word' id='word_1_467' title='bbox 776 4033 1050 4104; x_wconf 83' lang='lat' dir='ltr'><strong>longitudo</strong></span> <span class='ocrx_word' id='word_1_468' title='bbox 1074 4034 1188 4104; x_wconf 83' lang='lat' dir='ltr'><strong>ejus</strong></span> <span class='ocrx_word' id='word_1_469' title='bbox 1212 4038 1499 4107; x_wconf 83' lang='lat' dir='ltr'><strong>nonaginta</strong></span> <span class='ocrx_word' id='word_1_470' title='bbox 1524 4037 1845 4091; x_wconf 88' lang='lat' dir='ltr'><strong>cubitorum.</strong></span> <span class='ocrx_word' id='word_1_471' title='bbox 1873 4057 1890 4089; x_wconf 70' lang='grc' dir='ltr'><strong><em>ι</em></strong></span> 
     </span>
    </p>
   </div>
   <div class='ocr_carea' id='block_1_59' title="bbox 316 4123 1897 4198">
    <p class='ocr_par' dir='ltr' id='par_1_59' title="bbox 316 4123 1897 4198">
     <span class='ocr_line' id='line_1_59' title="bbox 316 4123 1897 4198; baseline 0.006 -23"><span class='ocrx_word' id='word_1_472' title='bbox 316 4123 602 4193; x_wconf 80' lang='lat' dir='ltr'><strong>Postquam</strong></span> <span class='ocrx_word' id='word_1_473' title='bbox 642 4123 883 4193; x_wconf 83' lang='lat' dir='ltr'><strong>pervenit</strong></span> <span class='ocrx_word' id='word_1_474' title='bbox 918 4124 986 4177; x_wconf 87' lang='lat' dir='ltr'><strong>ad</strong></span> <span class='ocrx_word' id='word_1_475' title='bbox 1025 4123 1284 4179; x_wconf 85' lang='lat' dir='ltr'><strong>Sanctum</strong></span> <span class='ocrx_word' id='word_1_476' title='bbox 1332 4137 1669 4191; x_wconf 84' lang='lat' dir='ltr'><strong>sanctorum,</strong></span> <span class='ocrx_word' id='word_1_477' title='bbox 1702 4129 1765 4183; x_wconf 84' lang='lat' dir='ltr'><strong>de</strong></span> <span class='ocrx_word' id='word_1_478' title='bbox 1791 4145 1897 4198; x_wconf 87' lang='lat' dir='ltr'><strong>quo</strong></span> 
     </span>
    </p>
   </div>
   <div class='ocr_carea' id='block_1_60' title="bbox 313 4198 1897 4284">
    <p class='ocr_par' dir='ltr' id='par_1_60' title="bbox 313 4198 1897 4284">
     <span class='ocr_line' id='line_1_60' title="bbox 313 4198 1897 4284; baseline 0.001 -15"><span class='ocrx_word' id='word_1_479' title='bbox 313 4228 474 4284; x_wconf 80' lang='lat' dir='ltr'><strong>supra</strong></span> <span class='ocrx_word' id='word_1_480' title='bbox 505 4214 757 4280; x_wconf 77' lang='lat' dir='ltr'><strong>diximus,</strong></span> <span class='ocrx_word' id='word_1_481' title='bbox 785 4214 867 4268; x_wconf 86' lang='lat' dir='ltr'><strong>vir</strong></span> <span class='ocrx_word' id='word_1_482' title='bbox 900 4213 985 4268; x_wconf 90' lang='lat' dir='ltr'><strong>ille</strong></span> <span class='ocrx_word' id='word_1_483' title='bbox 1010 4215 1329 4270; x_wconf 67' lang='lat' dir='ltr'><strong>venerabilis</strong></span> <span class='ocrx_word' id='word_1_484' title='bbox 1358 4204 1575 4270; x_wconf 84' lang='lat' dir='ltr'><strong>mensus</strong></span> <span class='ocrx_word' id='word_1_485' title='bbox 1609 4227 1691 4271; x_wconf 87' lang='lat' dir='ltr'><strong>est</strong></span> <span class='ocrx_word' id='word_1_486' title='bbox 1715 4198 1897 4271; x_wconf 77' lang='lat' dir='ltr'><strong>Sancti</strong></span> 
     </span>
    </p>
   </div>
   <div class='ocr_carea' id='block_1_61' title="bbox 313 4309 1901 4379">
    <p class='ocr_par' dir='ltr' id='par_1_61' title="bbox 313 4309 1901 4379">
     <span class='ocr_line' id='line_1_61' title="bbox 313 4309 1901 4379; baseline 0.003 -17"><span class='ocrx_word' id='word_1_487' title='bbox 313 4316 620 4363; x_wconf 88' lang='lat' dir='ltr'><strong>sanctorum</strong></span> <span class='ocrx_word' id='word_1_488' title='bbox 652 4309 933 4379; x_wconf 86' lang='lat' dir='ltr'><strong>parietem,</strong></span> <span class='ocrx_word' id='word_1_489' title='bbox 964 4310 1051 4378; x_wconf 89' lang='lat' dir='ltr'><strong>qui</strong></span> <span class='ocrx_word' id='word_1_490' title='bbox 1087 4318 1305 4379; x_wconf 85' lang='lat' dir='ltr'><strong>prepter</strong></span> <span class='ocrx_word' id='word_1_491' title='bbox 1344 4309 1603 4363; x_wconf 80' lang='lat' dir='ltr'><strong>fabricam</strong></span> <span class='ocrx_word' id='word_1_492' title='bbox 1633 4313 1817 4366; x_wconf 88' lang='lat' dir='ltr'><strong>mundi</strong></span> <span class='ocrx_word' id='word_1_493' title='bbox 1846 4322 1901 4367; x_wconf 92' lang='lat' dir='ltr'><strong>et</strong></span> 
     </span>
    </p>
   </div>
   <div class='ocr_carea' id='block_1_62' title="bbox 2001 1841 3587 1913">
    <p class='ocr_par' dir='ltr' id='par_1_62' title="bbox 2001 1841 3587 1913">
     <span class='ocr_line' id='line_1_62' title="bbox 2001 1841 3587 1913; baseline 0.002 -17"><span class='ocrx_word' id='word_1_494' title='bbox 2001 1843 2133 1896; x_wconf 91' lang='lat' dir='ltr'><strong>tium</strong></span> <span class='ocrx_word' id='word_1_495' title='bbox 2156 1851 2447 1911; x_wconf 85' lang='lat' dir='ltr'><strong>erumpant</strong></span> <span class='ocrx_word' id='word_1_496' title='bbox 2472 1856 2570 1910; x_wconf 88' lang='lat' dir='ltr'><strong>per</strong></span> <span class='ocrx_word' id='word_1_497' title='bbox 2600 1841 2858 1911; x_wconf 82' lang='lat' dir='ltr'><strong>parietem</strong></span> <span class='ocrx_word' id='word_1_498' title='bbox 2913 1843 3125 1913; x_wconf 85' lang='lat' dir='ltr'><strong>templi,</strong></span> <span class='ocrx_word' id='word_1_499' title='bbox 3151 1859 3251 1913; x_wconf 89' lang='lat' dir='ltr'><strong>per</strong></span> <span class='ocrx_word' id='word_1_500' title='bbox 3288 1844 3470 1898; x_wconf 79' lang='lat' dir='ltr'><strong>oniiiia</strong></span> <span class='ocrx_word' id='word_1_501' title='bbox 3502 1846 3587 1899; x_wconf 82' lang='lat' dir='ltr'><strong>vi-</strong></span> 
     </span>
    </p>
   </div>
   <div class='ocr_carea' id='block_1_63' title="bbox 1998 1934 3589 2000">
    <p class='ocr_par' dir='ltr' id='par_1_63' title="bbox 1998 1934 3589 2000">
     <span class='ocr_line' id='line_1_63' title="bbox 1998 1934 3589 2000; baseline 0.003 -11"><span class='ocrx_word' id='word_1_502' title='bbox 1998 1934 2193 1989; x_wconf 87' lang='lat' dir='ltr'><strong>delicet</strong></span> <span class='ocrx_word' id='word_1_503' title='bbox 2241 1934 2414 1989; x_wconf 83' lang='lat' dir='ltr'><strong>latera</strong></span> <span class='ocrx_word' id='word_1_504' title='bbox 2464 1934 2518 1988; x_wconf 92' lang='lat' dir='ltr'><strong>in</strong></span> <span class='ocrx_word' id='word_1_505' title='bbox 2556 1934 2820 2000; x_wconf 88' lang='lat' dir='ltr'><strong>circuitu,</strong></span> <span class='ocrx_word' id='word_1_506' title='bbox 2868 1944 2922 1989; x_wconf 75' lang='lat' dir='ltr'><strong>et</strong></span> <span class='ocrx_word' id='word_1_507' title='bbox 2976 1936 3288 1991; x_wconf 86' lang='lat' dir='ltr'><strong>contineant</strong></span> <span class='ocrx_word' id='word_1_508' title='bbox 3332 1937 3589 1994; x_wconf 70' lang='lat' dir='ltr'><strong>Ecclesia:</strong></span> 
     </span>
    </p>
   </div>
   <div class='ocr_carea' id='block_1_64' title="bbox 2000 2024 3585 2099">
    <p class='ocr_par' dir='ltr' id='par_1_64' title="bbox 2000 2024 3585 2099">
     <span class='ocr_line' id='line_1_64' title="bbox 2000 2024 3585 2099; baseline 0.003 -22"><span class='ocrx_word' id='word_1_509' title='bbox 2000 2024 2371 2089; x_wconf 82' lang='lat' dir='ltr'><strong>fundamenta,</strong></span> <span class='ocrx_word' id='word_1_510' title='bbox 2395 2032 2448 2078; x_wconf 89' lang='lat' dir='ltr'><strong>et</strong></span> <span class='ocrx_word' id='word_1_511' title='bbox 2478 2034 2655 2080; x_wconf 90' lang='lat' dir='ltr'><strong>tamen</strong></span> <span class='ocrx_word' id='word_1_512' title='bbox 2688 2040 2792 2079; x_wconf 91' lang='lat' dir='ltr'><strong>non</strong></span> <span class='ocrx_word' id='word_1_513' title='bbox 2837 2033 3059 2097; x_wconf 90' lang='lat' dir='ltr'><strong>tangant</strong></span> <span class='ocrx_word' id='word_1_514' title='bbox 3085 2027 3349 2097; x_wconf 87' lang='lat' dir='ltr'><strong>parietem</strong></span> <span class='ocrx_word' id='word_1_515' title='bbox 3380 2028 3585 2099; x_wconf 79' lang='lat' dir='ltr'><strong>teinpll,</strong></span> 
     </span>
    </p>
   </div>
   <div class='ocr_carea' id='block_1_65' title="bbox 1998 2114 3588 2187">
    <p class='ocr_par' dir='ltr' id='par_1_65' title="bbox 1998 2114 3588 2187">
     <span class='ocr_line' id='line_1_65' title="bbox 1998 2114 3588 2187; baseline 0.004 -20"><span class='ocrx_word' id='word_1_516' title='bbox 1998 2121 2207 2168; x_wconf 86' lang='lat' dir='ltr'><strong>tantum</strong></span> <span class='ocrx_word' id='word_1_517' title='bbox 2223 2114 2423 2169; x_wconf 85' lang='lat' dir='ltr'><strong>vidisse</strong></span> <span class='ocrx_word' id='word_1_518' title='bbox 2441 2116 2705 2179; x_wconf 90' lang='lat' dir='ltr'><strong>contenti,</strong></span> <span class='ocrx_word' id='word_1_519' title='bbox 2735 2124 2791 2169; x_wconf 89' lang='lat' dir='ltr'><strong>et</strong></span> <span class='ocrx_word' id='word_1_520' title='bbox 2813 2116 2879 2170; x_wconf 89' lang='lat' dir='ltr'><strong>de</strong></span> <span class='ocrx_word' id='word_1_521' title='bbox 2911 2119 3066 2187; x_wconf 88' lang='lat' dir='ltr'><strong>longe</strong></span> <span class='ocrx_word' id='word_1_522' title='bbox 3092 2118 3472 2173; x_wconf 85' lang='lat' dir='ltr'><strong>inenarrabilia</strong></span> <span class='ocrx_word' id='word_1_523' title='bbox 3493 2122 3588 2174; x_wconf 75' lang='lat' dir='ltr'><strong>ad-</strong></span> 
     </span>
    </p>
   </div>
   <div class='ocr_carea' id='block_1_66' title="bbox 1997 2205 3587 2280">
    <p class='ocr_par' dir='ltr' id='par_1_66' title="bbox 1997 2205 3587 2280">
     <span class='ocr_line' id='line_1_66' title="bbox 1997 2205 3587 2280; baseline 0.003 -20"><span class='ocrx_word' id='word_1_524' title='bbox 1997 2220 2183 2260; x_wconf 85' lang='lat' dir='ltr'><strong>orasse</strong></span> <span class='ocrx_word' id='word_1_525' title='bbox 2225 2207 2500 2278; x_wconf 82' lang='lat' dir='ltr'><strong>mysteria.</strong></span> <span class='ocrx_word' id='word_1_526' title='bbox 2535 2205 2688 2261; x_wconf 87' lang='lat' dir='ltr'><strong>Nunc</strong></span> <span class='ocrx_word' id='word_1_527' title='bbox 2716 2208 2859 2261; x_wconf 89' lang='lat' dir='ltr'><strong>enim</strong></span> <span class='ocrx_word' id='word_1_528' title='bbox 2889 2208 3134 2264; x_wconf 78' lang='lat' dir='ltr'><strong>videmus</strong></span> <span class='ocrx_word' id='word_1_529' title='bbox 3166 2224 3265 2279; x_wconf 89' lang='lat' dir='ltr'><strong>per</strong></span> <span class='ocrx_word' id='word_1_530' title='bbox 3306 2210 3587 2280; x_wconf 88' lang='lat' dir='ltr'><strong>speculum</strong></span> 
     </span>
    </p>
   </div>
   <div class='ocr_carea' id='block_1_67' title="bbox 1998 2298 3589 2373">
    <p class='ocr_par' dir='ltr' id='par_1_67' title="bbox 1998 2298 3589 2373">
     <span class='ocr_line' id='line_1_67' title="bbox 1998 2298 3589 2373; baseline 0.003 -20"><span class='ocrx_word' id='word_1_531' title='bbox 1998 2300 2051 2353; x_wconf 89' lang='lat' dir='ltr'><strong>in</strong></span> <span class='ocrx_word' id='word_1_532' title='bbox 2080 2299 2384 2370; x_wconf 75' lang='lat' dir='ltr'><strong>tenigmale,</strong></span> <span class='ocrx_word' id='word_1_533' title='bbox 2410 2309 2465 2353; x_wconf 89' lang='lat' dir='ltr'><strong>et</strong></span> <span class='ocrx_word' id='word_1_534' title='bbox 2498 2298 2867 2369; x_wconf 84' lang='lat' dir='ltr'><strong>plenissimam</strong></span> <span class='ocrx_word' id='word_1_535' title='bbox 2892 2306 3117 2369; x_wconf 86' lang='lat' dir='ltr'><strong>tangere</strong></span> <span class='ocrx_word' id='word_1_536' title='bbox 3160 2310 3323 2371; x_wconf 88' lang='lat' dir='ltr'><strong>atque</strong></span> <span class='ocrx_word' id='word_1_537' title='bbox 3348 2318 3589 2373; x_wconf 86' lang='lat' dir='ltr'><strong>compre-</strong></span> 
     </span>
    </p>
   </div>
   <div class='ocr_carea' id='block_1_68' title="bbox 1999 2392 3584 2463">
    <p class='ocr_par' dir='ltr' id='par_1_68' title="bbox 1999 2392 3584 2463">
     <span class='ocr_line' id='line_1_68' title="bbox 1999 2392 3584 2463; baseline 0.001 -16"><span class='ocrx_word' id='word_1_538' title='bbox 1999 2392 2239 2447; x_wconf 85' lang='lat' dir='ltr'><strong>hendere</strong></span> <span class='ocrx_word' id='word_1_539' title='bbox 2269 2407 2375 2447; x_wconf 92' lang='lat' dir='ltr'><strong>non</strong></span> <span class='ocrx_word' id='word_1_540' title='bbox 2408 2407 2695 2462; x_wconf 85' lang='lat' dir='ltr'><strong>possumus</strong></span> <span class='ocrx_word' id='word_1_541' title='bbox 2715 2392 3020 2446; x_wconf 82' lang='lat' dir='ltr'><strong>veritatem.</strong></span> <span class='ocrx_word' id='word_1_542' title='bbox 3039 2395 3190 2459; x_wconf 79' lang='lat' dir='ltr'><strong>Quod</strong></span> <span class='ocrx_word' id='word_1_543' title='bbox 3204 2403 3384 2448; x_wconf 83' lang='lat' dir='ltr'><strong>autem</strong></span> <span class='ocrx_word' id='word_1_544' title='bbox 3405 2395 3584 2463; x_wconf 77' lang='lat' dir='ltr'><strong>platea</strong></span> 
     </span>
    </p>
   </div>
   <div class='ocr_carea' id='block_1_69' title="bbox 1997 2482 3588 2553">
    <p class='ocr_par' dir='ltr' id='par_1_69' title="bbox 1997 2482 3588 2553">
     <span class='ocr_line' id='line_1_69' title="bbox 1997 2482 3588 2553; baseline 0.001 -16"><span class='ocrx_word' id='word_1_545' title='bbox 1997 2493 2116 2538; x_wconf 90' lang='lat' dir='ltr'><strong>erat</strong></span> <span class='ocrx_word' id='word_1_546' title='bbox 2140 2484 2192 2537; x_wconf 92' lang='lat' dir='ltr'><strong>in</strong></span> <span class='ocrx_word' id='word_1_547' title='bbox 2218 2484 2508 2538; x_wconf 89' lang='lat' dir='ltr'><strong>rotundum</strong></span> <span class='ocrx_word' id='word_1_548' title='bbox 2531 2482 2826 2537; x_wconf 87' lang='lat' dir='ltr'><strong>ascendens</strong></span> <span class='ocrx_word' id='word_1_549' title='bbox 2855 2498 3067 2538; x_wconf 88' lang='lat' dir='ltr'><strong>sursum</strong></span> <span class='ocrx_word' id='word_1_550' title='bbox 3091 2498 3188 2553; x_wconf 88' lang='lat' dir='ltr'><strong>per</strong></span> <span class='ocrx_word' id='word_1_551' title='bbox 3212 2483 3507 2545; x_wconf 85' lang='lat' dir='ltr'><strong>cochleam,</strong></span> <span class='ocrx_word' id='word_1_552' title='bbox 3529 2495 3588 2538; x_wconf 89' lang='lat' dir='ltr'><strong>et</strong></span> 
     </span>
    </p>
   </div>
   <div class='ocr_carea' id='block_1_70' title="bbox 1997 2572 3587 2646">
    <p class='ocr_par' dir='ltr' id='par_1_70' title="bbox 1997 2572 3587 2646">
     <span class='ocr_line' id='line_1_70' title="bbox 1997 2572 3587 2646; baseline 0.002 -18"><span class='ocrx_word' id='word_1_553' title='bbox 1997 2574 2051 2629; x_wconf 90' lang='lat' dir='ltr'><strong>in</strong></span> <span class='ocrx_word' id='word_1_554' title='bbox 2075 2572 2411 2629; x_wconf 74' lang='lat' dir='ltr'><strong>cmnaculum</strong></span> <span class='ocrx_word' id='word_1_555' title='bbox 2441 2572 2624 2642; x_wconf 89' lang='lat' dir='ltr'><strong>templi</strong></span> <span class='ocrx_word' id='word_1_556' title='bbox 2654 2572 2933 2635; x_wconf 81' lang='lat' dir='ltr'><strong>deferebat</strong></span> <span class='ocrx_word' id='word_1_557' title='bbox 2957 2589 3052 2643; x_wconf 88' lang='lat' dir='ltr'><strong>per</strong></span> <span class='ocrx_word' id='word_1_558' title='bbox 3074 2586 3359 2646; x_wconf 80' lang='lat' dir='ltr'><strong>gyrum,et</strong></span> <span class='ocrx_word' id='word_1_559' title='bbox 3383 2576 3587 2631; x_wconf 83' lang='lat' dir='ltr'><strong>idcirco</strong></span> 
     </span>
    </p>
   </div>
   <div class='ocr_carea' id='block_1_71' title="bbox 1998 2664 3590 2734">
    <p class='ocr_par' dir='ltr' id='par_1_71' title="bbox 1998 2664 3590 2734">
     <span class='ocr_line' id='line_1_71' title="bbox 1998 2664 3590 2734; baseline 0.002 -16"><span class='ocrx_word' id='word_1_560' title='bbox 1998 2664 2161 2719; x_wconf 89' lang='lat' dir='ltr'><strong>latius</strong></span> <span class='ocrx_word' id='word_1_561' title='bbox 2190 2674 2307 2719; x_wconf 88' lang='lat' dir='ltr'><strong>erat</strong></span> <span class='ocrx_word' id='word_1_562' title='bbox 2348 2664 2609 2733; x_wconf 86' lang='lat' dir='ltr'><strong>templum</strong></span> <span class='ocrx_word' id='word_1_563' title='bbox 2648 2664 2701 2718; x_wconf 88' lang='lat' dir='ltr'><strong>in</strong></span> <span class='ocrx_word' id='word_1_564' title='bbox 2748 2664 3136 2734; x_wconf 90' lang='lat' dir='ltr'><strong>superioribus,</strong></span> <span class='ocrx_word' id='word_1_565' title='bbox 3167 2674 3221 2720; x_wconf 89' lang='lat' dir='ltr'><strong>et</strong></span> <span class='ocrx_word' id='word_1_566' title='bbox 3249 2667 3330 2721; x_wconf 88' lang='lat' dir='ltr'><strong>sic</strong></span> <span class='ocrx_word' id='word_1_567' title='bbox 3357 2667 3422 2721; x_wconf 89' lang='lat' dir='ltr'><strong>de</strong></span> <span class='ocrx_word' id='word_1_568' title='bbox 3454 2666 3590 2722; x_wconf 85' lang='lat' dir='ltr'><strong>infe-</strong></span> 
     </span>
    </p>
   </div>
   <div class='ocr_carea' id='block_1_72' title="bbox 1998 2754 3587 2828">
    <p class='ocr_par' dir='ltr' id='par_1_72' title="bbox 1998 2754 3587 2828">
     <span class='ocr_line' id='line_1_72' title="bbox 1998 2754 3587 2828; baseline 0.003 -19"><span class='ocrx_word' id='word_1_569' title='bbox 1998 2754 2231 2810; x_wconf 89' lang='lat' dir='ltr'><strong>rioribus</strong></span> <span class='ocrx_word' id='word_1_570' title='bbox 2265 2756 2658 2810; x_wconf 88' lang='lat' dir='ltr'><strong>ascendebatur</strong></span> <span class='ocrx_word' id='word_1_571' title='bbox 2692 2756 2759 2810; x_wconf 90' lang='lat' dir='ltr'><strong>ad</strong></span> <span class='ocrx_word' id='word_1_572' title='bbox 2792 2756 3071 2826; x_wconf 89' lang='lat' dir='ltr'><strong>superiora</strong></span> <span class='ocrx_word' id='word_1_573' title='bbox 3102 2764 3157 2811; x_wconf 91' lang='lat' dir='ltr'><strong>et</strong></span> <span class='ocrx_word' id='word_1_574' title='bbox 3181 2758 3432 2824; x_wconf 87' lang='lat' dir='ltr'><strong>medium,</strong></span> <span class='ocrx_word' id='word_1_575' title='bbox 3456 2768 3587 2828; x_wconf 89' lang='lat' dir='ltr'><strong>puto</strong></span> 
     </span>
    </p>
   </div>
   <div class='ocr_carea' id='block_1_73' title="bbox 1997 2844 3584 2918">
    <p class='ocr_par' dir='ltr' id='par_1_73' title="bbox 1997 2844 3584 2918">
     <span class='ocr_line' id='line_1_73' title="bbox 1997 2844 3584 2918; baseline 0.001 -17"><span class='ocrx_word' id='word_1_576' title='bbox 1997 2847 2341 2916; x_wconf 88' lang='lat' dir='ltr'><strong>perspicuum</strong></span> <span class='ocrx_word' id='word_1_577' title='bbox 2367 2860 2490 2901; x_wconf 90' lang='lat' dir='ltr'><strong>esse</strong></span> <span class='ocrx_word' id='word_1_578' title='bbox 2518 2844 2705 2901; x_wconf 88' lang='lat' dir='ltr'><strong>lectori</strong></span> <span class='ocrx_word' id='word_1_579' title='bbox 2730 2860 2941 2916; x_wconf 89' lang='lat' dir='ltr'><strong>semper</strong></span> <span class='ocrx_word' id='word_1_580' title='bbox 2968 2848 3282 2916; x_wconf 82' lang='lat' dir='ltr'><strong>angustiora</strong></span> <span class='ocrx_word' id='word_1_581' title='bbox 3309 2863 3584 2918; x_wconf 74' lang='lat' dir='ltr'><strong>esse,qu;c</strong></span> 
     </span>
    </p>
   </div>
   <div class='ocr_carea' id='block_1_74' title="bbox 1998 2937 3583 3016">
    <p class='ocr_par' dir='ltr' id='par_1_74' title="bbox 1998 2937 3583 3016">
     <span class='ocr_line' id='line_1_74' title="bbox 1998 2937 3583 3016; baseline 0.001 -24"><span class='ocrx_word' id='word_1_582' title='bbox 1998 2939 2249 2992; x_wconf 88' lang='lat' dir='ltr'><strong>deorsum</strong></span> <span class='ocrx_word' id='word_1_583' title='bbox 2280 2947 2407 2991; x_wconf 91' lang='lat' dir='ltr'><strong>sunt</strong></span> <span class='ocrx_word' id='word_1_584' title='bbox 2433 2938 2485 2991; x_wconf 89' lang='lat' dir='ltr'><strong>iu</strong></span> <span class='ocrx_word' id='word_1_585' title='bbox 2507 2937 2746 3009; x_wconf 79' lang='lat' dir='ltr'><strong>jejuniis,</strong></span> <span class='ocrx_word' id='word_1_586' title='bbox 2775 2943 3101 3010; x_wconf 70' lang='grc' dir='ltr'><strong>χαμευνίαις,</strong></span> <span class='ocrx_word' id='word_1_587' title='bbox 3126 2948 3180 2994; x_wconf 89' lang='lat' dir='ltr'><strong>et</strong></span> <span class='ocrx_word' id='word_1_588' title='bbox 3207 2941 3381 2995; x_wconf 87' lang='lat' dir='ltr'><strong>victus</strong></span> <span class='ocrx_word' id='word_1_589' title='bbox 3411 2940 3583 3016; x_wconf 74' lang='lat' dir='ltr'><strong>emiti-</strong></span> 
     </span>
    </p>
   </div>
   <div class='ocr_carea' id='block_1_75' title="bbox 1999 3029 3578 3107">
    <p class='ocr_par' dir='ltr' id='par_1_75' title="bbox 1999 3029 3578 3107">
     <span class='ocr_line' id='line_1_75' title="bbox 1999 3029 3578 3107; baseline 0.002 -25"><span class='ocrx_word' id='word_1_590' title='bbox 1999 3029 2199 3093; x_wconf 88' lang='lat' dir='ltr'><strong>nentia,</strong></span> <span class='ocrx_word' id='word_1_591' title='bbox 2244 3029 2607 3099; x_wconf 88' lang='lat' dir='ltr'><strong>paulatimque</strong></span> <span class='ocrx_word' id='word_1_592' title='bbox 2635 3030 2759 3084; x_wconf 90' lang='lat' dir='ltr'><strong>dum</strong></span> <span class='ocrx_word' id='word_1_593' title='bbox 2789 3031 2855 3085; x_wconf 89' lang='lat' dir='ltr'><strong>ad</strong></span> <span class='ocrx_word' id='word_1_594' title='bbox 2892 3045 3101 3085; x_wconf 88' lang='lat' dir='ltr'><strong>summa</strong></span> <span class='ocrx_word' id='word_1_595' title='bbox 3149 3032 3578 3107; x_wconf 50' lang='lat' dir='ltr'><strong>conscendimus,</strong></span> 
     </span>
    </p>
   </div>
   <div class='ocr_carea' id='block_1_76' title="bbox 1997 3120 3585 3192">
    <p class='ocr_par' dir='ltr' id='par_1_76' title="bbox 1997 3120 3585 3192">
     <span class='ocr_line' id='line_1_76' title="bbox 1997 3120 3585 3192; baseline 0.003 -19"><span class='ocrx_word' id='word_1_596' title='bbox 1997 3120 2240 3174; x_wconf 86' lang='lat' dir='ltr'><strong>latiorem</strong></span> <span class='ocrx_word' id='word_1_597' title='bbox 2275 3121 2427 3174; x_wconf 75' lang='lat' dir='ltr'><strong>nobis</strong></span> <span class='ocrx_word' id='word_1_598' title='bbox 2465 3122 2664 3191; x_wconf 87' lang='lat' dir='ltr'><strong>aperiri</strong></span> <span class='ocrx_word' id='word_1_599' title='bbox 2697 3122 2837 3175; x_wconf 89' lang='lat' dir='ltr'><strong>viam</strong></span> <span class='ocrx_word' id='word_1_600' title='bbox 2861 3163 2875 3187; x_wconf 94' lang='lat'><strong>,</strong></span> <span class='ocrx_word' id='word_1_601' title='bbox 2927 3131 2982 3176; x_wconf 86' lang='lat' dir='ltr'><strong>et</strong></span> <span class='ocrx_word' id='word_1_602' title='bbox 3023 3122 3231 3192; x_wconf 78' lang='lat' dir='ltr'><strong>impleri</strong></span> <span class='ocrx_word' id='word_1_603' title='bbox 3282 3125 3425 3192; x_wconf 82' lang='lat' dir='ltr'><strong>quod</strong></span> <span class='ocrx_word' id='word_1_604' title='bbox 3451 3125 3585 3178; x_wconf 81' lang='lat' dir='ltr'><strong>scri-</strong></span> 
     </span>
    </p>
   </div>
   <div class='ocr_carea' id='block_1_77' title="bbox 1994 3210 3574 3283">
    <p class='ocr_par' dir='ltr' id='par_1_77' title="bbox 1994 3210 3574 3283">
     <span class='ocr_line' id='line_1_77' title="bbox 1994 3210 3574 3283; baseline 0 -18"><span class='ocrx_word' id='word_1_605' title='bbox 1994 3221 2142 3282; x_wconf 89' lang='lat' dir='ltr'><strong>ptum</strong></span> <span class='ocrx_word' id='word_1_606' title='bbox 2165 3221 2247 3265; x_wconf 88' lang='lat' dir='ltr'><strong>est</strong></span> <span class='ocrx_word' id='word_1_607' title='bbox 2271 3225 2287 3265; x_wconf 89' lang='lat'><strong>:</strong></span> <span class='ocrx_word' id='word_1_608' title='bbox 2320 3230 2338 3262; x_wconf 74' lang='grc' dir='ltr'>ι</span> <span class='ocrx_word' id='word_1_609' title='bbox 2372 3210 2428 3265; x_wconf 84' lang='lat' dir='ltr'><strong>In</strong></span> <span class='ocrx_word' id='word_1_610' title='bbox 2449 3211 2793 3267; x_wconf 86' lang='lat' dir='ltr'><strong>tribulatione</strong></span> <span class='ocrx_word' id='word_1_611' title='bbox 2818 3212 3053 3265; x_wconf 85' lang='lat' dir='ltr'><strong>dilatasti</strong></span> <span class='ocrx_word' id='word_1_612' title='bbox 3080 3214 3209 3267; x_wconf 86' lang='lat' dir='ltr'><strong>mihi</strong></span> <span class='ocrx_word' id='word_1_613' title='bbox 3231 3210 3402 3283; x_wconf 73' lang='lat' dir='ltr'><strong>(Psal.</strong></span> <span class='ocrx_word' id='word_1_614' title='bbox 3428 3214 3519 3283; x_wconf 83' lang='lat' dir='ltr'><strong>iv).</strong></span> <span class='ocrx_word' id='word_1_615' title='bbox 3554 3233 3574 3265; x_wconf 72' lang='grc' dir='ltr'>ι</span> 
     </span>
    </p>
   </div>
   <div class='ocr_carea' id='block_1_78' title="bbox 1996 3302 3583 3371">
    <p class='ocr_par' dir='ltr' id='par_1_78' title="bbox 1996 3302 3583 3371">
     <span class='ocr_line' id='line_1_78' title="bbox 1996 3302 3583 3371; baseline 0.003 -16"><span class='ocrx_word' id='word_1_616' title='bbox 1996 3302 2101 3357; x_wconf 81' lang='lat' dir='ltr'><strong>Per</strong></span> <span class='ocrx_word' id='word_1_617' title='bbox 2147 3303 2436 3356; x_wconf 88' lang='lat' dir='ltr'><strong>rotundmn</strong></span> <span class='ocrx_word' id='word_1_618' title='bbox 2467 3311 2646 3357; x_wconf 90' lang='lat' dir='ltr'><strong>autem</strong></span> <span class='ocrx_word' id='word_1_619' title='bbox 2683 3311 2738 3355; x_wconf 89' lang='lat' dir='ltr'><strong>et</strong></span> <span class='ocrx_word' id='word_1_620' title='bbox 2771 3318 2867 3371; x_wconf 90' lang='lat' dir='ltr'><strong>per</strong></span> <span class='ocrx_word' id='word_1_621' title='bbox 2913 3303 3191 3358; x_wconf 63' lang='lat' dir='ltr'><strong>coi-ldeam</strong></span> <span class='ocrx_word' id='word_1_622' title='bbox 3242 3306 3583 3360; x_wconf 86' lang='lat' dir='ltr'><strong>ascendimus</strong></span> 
     </span>
    </p>
   </div>
   <div class='ocr_carea' id='block_1_79' title="bbox 1996 3394 3583 3465">
    <p class='ocr_par' dir='ltr' id='par_1_79' title="bbox 1996 3394 3583 3465">
     <span class='ocr_line' id='line_1_79' title="bbox 1996 3394 3583 3465; baseline 0.003 -16"><span class='ocrx_word' id='word_1_623' title='bbox 1996 3395 2179 3464; x_wconf 89' lang='lat' dir='ltr'><strong>templi</strong></span> <span class='ocrx_word' id='word_1_624' title='bbox 2204 3394 2569 3458; x_wconf 70' lang='lat' dir='ltr'><strong>cmnaculum,</strong></span> <span class='ocrx_word' id='word_1_625' title='bbox 2596 3410 2715 3462; x_wconf 73' lang='lat' dir='ltr'><strong>qua:</strong></span> <span class='ocrx_word' id='word_1_626' title='bbox 2743 3394 2912 3465; x_wconf 80' lang='lat' dir='ltr'><strong>figura</strong></span> <span class='ocrx_word' id='word_1_627' title='bbox 2944 3396 3084 3449; x_wconf 89' lang='lat' dir='ltr'><strong>inter</strong></span> <span class='ocrx_word' id='word_1_628' title='bbox 3104 3398 3282 3450; x_wconf 89' lang='lat' dir='ltr'><strong>omnia</strong></span> <span class='ocrx_word' id='word_1_629' title='bbox 3306 3399 3583 3453; x_wconf 79' lang='lat' dir='ltr'><strong>schemata</strong></span> 
     </span>
    </p>
   </div>
   <div class='ocr_carea' id='block_1_80' title="bbox 1997 3483 3587 3559">
    <p class='ocr_par' dir='ltr' id='par_1_80' title="bbox 1997 3483 3587 3559">
     <span class='ocr_line' id='line_1_80' title="bbox 1997 3483 3587 3559; baseline 0.005 -22"><span class='ocrx_word' id='word_1_630' title='bbox 1997 3500 2026 3537; x_wconf 91' lang='lat' dir='ltr'><strong>a</strong></span> <span class='ocrx_word' id='word_1_631' title='bbox 2062 3483 2395 3554; x_wconf 89' lang='lat' dir='ltr'><strong>philosophis</strong></span> <span class='ocrx_word' id='word_1_632' title='bbox 2425 3498 2645 3553; x_wconf 89' lang='lat' dir='ltr'><strong>quoque</strong></span> <span class='ocrx_word' id='word_1_633' title='bbox 2680 3485 2838 3554; x_wconf 82' lang='lat' dir='ltr'><strong>hujus</strong></span> <span class='ocrx_word' id='word_1_634' title='bbox 2878 3487 3057 3540; x_wconf 82' lang='lat' dir='ltr'><strong>saeculi</strong></span> <span class='ocrx_word' id='word_1_635' title='bbox 3089 3488 3366 3556; x_wconf 88' lang='lat' dir='ltr'><strong>pulchrior</strong></span> <span class='ocrx_word' id='word_1_636' title='bbox 3390 3504 3587 3559; x_wconf 75' lang='lat' dir='ltr'><strong>appro-</strong></span> 
     </span>
    </p>
   </div>
   <div class='ocr_carea' id='block_1_81' title="bbox 1996 3574 3586 3643">
    <p class='ocr_par' dir='ltr' id='par_1_81' title="bbox 1996 3574 3586 3643">
     <span class='ocr_line' id='line_1_81' title="bbox 1996 3574 3586 3643; baseline 0.005 -15"><span class='ocrx_word' id='word_1_637' title='bbox 1996 3574 2175 3641; x_wconf 89' lang='lat' dir='ltr'><strong>batur,</strong></span> <span class='ocrx_word' id='word_1_638' title='bbox 2209 3575 2334 3629; x_wconf 92' lang='lat' dir='ltr'><strong>dum</strong></span> <span class='ocrx_word' id='word_1_639' title='bbox 2362 3583 2417 3629; x_wconf 93' lang='lat' dir='ltr'><strong>et</strong></span> <span class='ocrx_word' id='word_1_640' title='bbox 2452 3575 2671 3640; x_wconf 66' lang='lat' dir='ltr'><strong>etc-lum,</strong></span> <span class='ocrx_word' id='word_1_641' title='bbox 2696 3585 2749 3629; x_wconf 89' lang='lat' dir='ltr'><strong>et</strong></span> <span class='ocrx_word' id='word_1_642' title='bbox 2797 3575 2897 3637; x_wconf 90' lang='lat' dir='ltr'><strong>sol.</strong></span> <span class='ocrx_word' id='word_1_643' title='bbox 2931 3587 2985 3631; x_wconf 87' lang='lat' dir='ltr'><strong>et</strong></span> <span class='ocrx_word' id='word_1_644' title='bbox 3014 3578 3157 3643; x_wconf 87' lang='lat' dir='ltr'><strong>luna,</strong></span> <span class='ocrx_word' id='word_1_645' title='bbox 3190 3588 3244 3632; x_wconf 86' lang='lat' dir='ltr'><strong>et</strong></span> <span class='ocrx_word' id='word_1_646' title='bbox 3287 3588 3437 3634; x_wconf 80' lang='lat' dir='ltr'><strong>astra</strong></span> <span class='ocrx_word' id='word_1_647' title='bbox 3482 3596 3586 3636; x_wconf 74' lang='lat' dir='ltr'><strong>ca:-</strong></span> 
     </span>
    </p>
   </div>
   <div class='ocr_carea' id='block_1_82' title="bbox 1998 3670 3587 3742">
    <p class='ocr_par' dir='ltr' id='par_1_82' title="bbox 1998 3670 3587 3742">
     <span class='ocr_line' id='line_1_82' title="bbox 1998 3670 3587 3742; baseline 0.005 -21"><span class='ocrx_word' id='word_1_648' title='bbox 1998 3674 2135 3733; x_wconf 86' lang='lat' dir='ltr'><strong>tera,</strong></span> <span class='ocrx_word' id='word_1_649' title='bbox 2170 3674 2222 3721; x_wconf 93' lang='lat' dir='ltr'><strong>et</strong></span> <span class='ocrx_word' id='word_1_650' title='bbox 2251 3675 2509 3736; x_wconf 90' lang='lat' dir='ltr'><strong>punctum</strong></span> <span class='ocrx_word' id='word_1_651' title='bbox 2545 3676 2702 3722; x_wconf 67' lang='lat' dir='ltr'><strong>terrae</strong></span> <span class='ocrx_word' id='word_1_652' title='bbox 2729 3670 2782 3722; x_wconf 91' lang='lat' dir='ltr'><strong>in</strong></span> <span class='ocrx_word' id='word_1_653' title='bbox 2812 3671 3131 3738; x_wconf 82' lang='lat' dir='ltr'><strong>corpnribus</strong></span> <span class='ocrx_word' id='word_1_654' title='bbox 3153 3678 3368 3742; x_wconf 87' lang='lat' dir='ltr'><strong>quoque</strong></span> <span class='ocrx_word' id='word_1_655' title='bbox 3397 3674 3587 3729; x_wconf 81' lang='lat' dir='ltr'><strong>huma-</strong></span> 
     </span>
    </p>
   </div>
   <div class='ocr_carea' id='block_1_83' title="bbox 1998 3757 3587 3836">
    <p class='ocr_par' dir='ltr' id='par_1_83' title="bbox 1998 3757 3587 3836">
     <span class='ocr_line' id='line_1_83' title="bbox 1998 3757 3587 3836; baseline 0.007 -26"><span class='ocrx_word' id='word_1_656' title='bbox 1998 3757 2082 3811; x_wconf 88' lang='lat' dir='ltr'><strong>nis</strong></span> <span class='ocrx_word' id='word_1_657' title='bbox 2110 3758 2275 3821; x_wconf 84' lang='lat' dir='ltr'><strong>oeuli,</strong></span> <span class='ocrx_word' id='word_1_658' title='bbox 2300 3758 2451 3827; x_wconf 88' lang='lat' dir='ltr'><strong>quasi</strong></span> <span class='ocrx_word' id='word_1_659' title='bbox 2492 3759 2661 3811; x_wconf 82' lang='lat' dir='ltr'><strong>a&#39;tera</strong></span> <span class='ocrx_word' id='word_1_660' title='bbox 2692 3759 2895 3823; x_wconf 78' lang='lat' dir='ltr'><strong>sidera,</strong></span> <span class='ocrx_word' id='word_1_661' title='bbox 2926 3770 2977 3815; x_wconf 88' lang='lat' dir='ltr'><strong>et</strong></span> <span class='ocrx_word' id='word_1_662' title='bbox 3010 3761 3178 3830; x_wconf 86' lang='lat' dir='ltr'><strong>figura</strong></span> <span class='ocrx_word' id='word_1_663' title='bbox 3222 3764 3417 3834; x_wconf 89' lang='lat' dir='ltr'><strong>capitis</strong></span> <span class='ocrx_word' id='word_1_664' title='bbox 3443 3767 3587 3836; x_wconf 75' lang='lat' dir='ltr'><strong>quod</strong></span> 
     </span>
    </p>
   </div>
   <div class='ocr_carea' id='block_1_84' title="bbox 1998 3836 3587 3930">
    <p class='ocr_par' dir='ltr' id='par_1_84' title="bbox 1998 3836 3587 3930">
     <span class='ocr_line' id='line_1_84' title="bbox 1998 3836 3587 3930; baseline 0.008 -30"><span class='ocrx_word' id='word_1_665' title='bbox 1998 3836 2236 3902; x_wconf 85' lang='lat' dir='ltr'><strong>onmium</strong></span> <span class='ocrx_word' id='word_1_666' title='bbox 2254 3864 2510 3904; x_wconf 87' lang='lat' dir='ltr'><strong>sensuum</strong></span> <span class='ocrx_word' id='word_1_667' title='bbox 2537 3852 2934 3920; x_wconf 87' lang='lat' dir='ltr'><strong>receptaculum</strong></span> <span class='ocrx_word' id='word_1_668' title='bbox 2956 3863 3052 3917; x_wconf 90' lang='lat' dir='ltr'><strong>est,</strong></span> <span class='ocrx_word' id='word_1_669' title='bbox 3079 3864 3387 3924; x_wconf 88' lang='lat' dir='ltr'><strong>teretesque</strong></span> <span class='ocrx_word' id='word_1_670' title='bbox 3411 3859 3587 3930; x_wconf 82' lang='lat' dir='ltr'><strong>digiti,</strong></span> 
     </span>
    </p>
   </div>
   <div class='ocr_carea' id='block_1_85' title="bbox 2000 3940 3584 4014">
    <p class='ocr_par' dir='ltr' id='par_1_85' title="bbox 2000 3940 3584 4014">
     <span class='ocr_line' id='line_1_85' title="bbox 2000 3940 3584 4014; baseline 0.007 -19"><span class='ocrx_word' id='word_1_671' title='bbox 2000 3949 2053 3995; x_wconf 90' lang='lat' dir='ltr'><strong>et</strong></span> <span class='ocrx_word' id='word_1_672' title='bbox 2084 3940 2307 4006; x_wconf 87' lang='lat' dir='ltr'><strong>femina,</strong></span> <span class='ocrx_word' id='word_1_673' title='bbox 2331 3950 2385 3995; x_wconf 91' lang='lat' dir='ltr'><strong>et</strong></span> <span class='ocrx_word' id='word_1_674' title='bbox 2420 3943 2663 4007; x_wconf 85' lang='lat' dir='ltr'><strong>brachia,</strong></span> <span class='ocrx_word' id='word_1_675' title='bbox 2687 3946 2826 3997; x_wconf 82' lang='lat' dir='ltr'><strong>lianc</strong></span> <span class='ocrx_word' id='word_1_676' title='bbox 2848 3945 3143 4014; x_wconf 70' lang='lat' dir='ltr'><strong>prmfcrunt</strong></span> <span class='ocrx_word' id='word_1_677' title='bbox 3175 3951 3584 4005; x_wconf 67' lang='lat' dir='ltr'><strong>rotundiatem.</strong></span> 
     </span>
    </p>
   </div>
   <div class='ocr_carea' id='block_1_86' title="bbox 2001 4031 3586 4110">
    <p class='ocr_par' dir='ltr' id='par_1_86' title="bbox 2001 4031 3586 4110">
     <span class='ocr_line' id='line_1_86' title="bbox 2001 4031 3586 4110; baseline 0.007 -25"><span class='ocrx_word' id='word_1_678' title='bbox 2001 4032 2169 4086; x_wconf 77' lang='lat' dir='ltr'><strong>l’orro</strong></span> <span class='ocrx_word' id='word_1_679' title='bbox 2197 4031 2533 4087; x_wconf 79' lang='lat' dir='ltr'><strong>etenaculum</strong></span> <span class='ocrx_word' id='word_1_680' title='bbox 2574 4033 2757 4103; x_wconf 87' lang='lat' dir='ltr'><strong>templi</strong></span> <span class='ocrx_word' id='word_1_681' title='bbox 2788 4036 2853 4089; x_wconf 89' lang='lat' dir='ltr'><strong>ad</strong></span> <span class='ocrx_word' id='word_1_682' title='bbox 2882 4038 3025 4106; x_wconf 85' lang='lat' dir='ltr'><strong>quoi</strong></span> <span class='ocrx_word' id='word_1_683' title='bbox 3072 4038 3139 4091; x_wconf 87' lang='lat' dir='ltr'><strong>de</strong></span> <span class='ocrx_word' id='word_1_684' title='bbox 3187 4041 3586 4110; x_wconf 83' lang='lat' dir='ltr'><strong>angustioribus</strong></span> 
     </span>
    </p>
   </div>
   <div class='ocr_carea' id='block_1_87' title="bbox 2001 4126 3584 4203">
    <p class='ocr_par' dir='ltr' id='par_1_87' title="bbox 2001 4126 3584 4203">
     <span class='ocr_line' id='line_1_87' title="bbox 2001 4126 3584 4203; baseline 0.006 -24"><span class='ocrx_word' id='word_1_685' title='bbox 2001 4127 2067 4179; x_wconf 89' lang='lat' dir='ltr'><strong>ad</strong></span> <span class='ocrx_word' id='word_1_686' title='bbox 2098 4126 2285 4180; x_wconf 87' lang='lat' dir='ltr'><strong>altiora</strong></span> <span class='ocrx_word' id='word_1_687' title='bbox 2315 4126 2749 4190; x_wconf 84' lang='lat' dir='ltr'><strong>conscendimus,</strong></span> <span class='ocrx_word' id='word_1_688' title='bbox 2773 4128 2903 4183; x_wconf 89' lang='lat' dir='ltr'><strong>illud</strong></span> <span class='ocrx_word' id='word_1_689' title='bbox 2953 4138 3082 4198; x_wconf 88' lang='lat' dir='ltr'><strong>puto</strong></span> <span class='ocrx_word' id='word_1_690' title='bbox 3131 4146 3287 4196; x_wconf 78' lang='lat' dir='ltr'><strong>esse,</strong></span> <span class='ocrx_word' id='word_1_691' title='bbox 3341 4135 3484 4203; x_wconf 84' lang='lat' dir='ltr'><strong>quod</strong></span> <span class='ocrx_word' id='word_1_692' title='bbox 3531 4136 3584 4188; x_wconf 85' lang='lat' dir='ltr'><strong>in</strong></span> 
     </span>
    </p>
   </div>
   <div class='ocr_carea' id='block_1_88' title="bbox 2002 4216 3581 4295">
    <p class='ocr_par' dir='ltr' id='par_1_88' title="bbox 2002 4216 3581 4295">
     <span class='ocr_line' id='line_1_88' title="bbox 2002 4216 3581 4295; baseline 0.004 -25"><span class='ocrx_word' id='word_1_693' title='bbox 2002 4216 2206 4285; x_wconf 78' lang='lat' dir='ltr'><strong>[legum</strong></span> <span class='ocrx_word' id='word_1_694' title='bbox 2244 4218 2515 4273; x_wconf 79' lang='lat' dir='ltr'><strong>volumine</strong></span> <span class='ocrx_word' id='word_1_695' title='bbox 2564 4217 2712 4273; x_wconf 84' lang='lat' dir='ltr'><strong>Elias</strong></span> <span class='ocrx_word' id='word_1_696' title='bbox 2749 4220 2939 4275; x_wconf 79' lang='lat' dir='ltr'><strong>habuit</strong></span> <span class='ocrx_word' id='word_1_697' title='bbox 2978 4232 3028 4276; x_wconf 92' lang='lat' dir='ltr'><strong>ct</strong></span> <span class='ocrx_word' id='word_1_698' title='bbox 3066 4222 3275 4277; x_wconf 81' lang='lat' dir='ltr'><strong>Eliseus</strong></span> <span class='ocrx_word' id='word_1_699' title='bbox 3302 4223 3419 4295; x_wconf 89' lang='grc'><em>(111</em></span> <span class='ocrx_word' id='word_1_700' title='bbox 3454 4223 3581 4294; x_wconf 78' lang='lat' dir='ltr'><strong>Reg.</strong></span> 
     </span>
    </p>
   </div>
   <div class='ocr_carea' id='block_1_89' title="bbox 2004 4308 3584 4383">
    <p class='ocr_par' dir='ltr' id='par_1_89' title="bbox 2004 4308 3584 4383">
     <span class='ocr_line' id='line_1_89' title="bbox 2004 4308 3584 4383; baseline 0.006 -19"><span class='ocrx_word' id='word_1_701' title='bbox 2004 4326 2052 4364; x_wconf 79' lang='lat' dir='ltr'><strong>vr</strong></span> <span class='ocrx_word' id='word_1_702' title='bbox 2079 4328 2091 4374; x_wconf 87' lang='lat'>;</span> <span class='ocrx_word' id='word_1_703' title='bbox 2149 4309 2174 4364; x_wconf 97' lang='grc'><em>1</em></span> <span class='ocrx_word' id='word_1_704' title='bbox 2195 4308 2229 4362; x_wconf 83' lang='grc' dir='ltr'><em>γ</em></span> <span class='ocrx_word' id='word_1_705' title='bbox 2261 4309 2385 4380; x_wconf 85' lang='lat' dir='ltr'><strong>Reg.</strong></span> <span class='ocrx_word' id='word_1_706' title='bbox 2415 4311 2510 4383; x_wconf 83' lang='lat' dir='ltr'><strong>tv),</strong></span> <span class='ocrx_word' id='word_1_707' title='bbox 2543 4318 2596 4365; x_wconf 90' lang='lat' dir='ltr'><strong>et</strong></span> <span class='ocrx_word' id='word_1_708' title='bbox 2625 4310 2677 4365; x_wconf 92' lang='lat' dir='ltr'><strong>in</strong></span> <span class='ocrx_word' id='word_1_709' title='bbox 2705 4314 3067 4382; x_wconf 87' lang='lat' dir='ltr'><strong>apostolorum</strong></span> <span class='ocrx_word' id='word_1_710' title='bbox 3082 4315 3306 4372; x_wconf 84' lang='lat' dir='ltr'><strong>Actibus</strong></span> <span class='ocrx_word' id='word_1_711' title='bbox 3329 4318 3584 4383; x_wconf 82' lang='lat' dir='ltr'><strong>Tabitha,</strong></span> 
     </span>
    </p>
   </div>
   <div class='ocr_carea' id='block_1_90' title="bbox 311 4398 3582 4496">
    <p class='ocr_par' dir='ltr' id='par_1_90' title="bbox 311 4398 3582 4496">
     <span class='ocr_line' id='line_1_90' title="bbox 311 4398 3582 4496; baseline 0.004 -43"><span class='ocrx_word' id='word_1_712' title='bbox 311 4406 523 4453; x_wconf 80' lang='lat' dir='ltr'><strong>dmnem</strong></span> <span class='ocrx_word' id='word_1_713' title='bbox 560 4398 826 4453; x_wconf 84' lang='lat' dir='ltr'><strong>visibilem</strong></span> <span class='ocrx_word' id='word_1_714' title='bbox 856 4408 1181 4464; x_wconf 86' lang='lat' dir='ltr'><strong>creaturam,</strong></span> <span class='ocrx_word' id='word_1_715' title='bbox 1214 4415 1332 4468; x_wconf 75' lang='lat' dir='ltr'><strong>quze</strong></span> <span class='ocrx_word' id='word_1_716' title='bbox 1362 4401 1411 4453; x_wconf 89' lang='lat' dir='ltr'><strong>in</strong></span> <span class='ocrx_word' id='word_1_717' title='bbox 1436 4415 1525 4453; x_wconf 76' lang='lat' dir='ltr'><strong>sex</strong></span> <span class='ocrx_word' id='word_1_718' title='bbox 1556 4399 1744 4455; x_wconf 87' lang='lat' dir='ltr'><strong>diebus</strong></span> <span class='ocrx_word' id='word_1_719' title='bbox 1772 4418 1899 4455; x_wconf 89' lang='lat' dir='ltr'><strong>con—</strong></span> <span class='ocrx_word' id='word_1_720' title='bbox 1928 4438 1977 4496; x_wconf 66' lang='grc' dir='ltr'><strong><em>Β</em></strong></span> <span class='ocrx_word' id='word_1_721' title='bbox 2006 4404 2056 4458; x_wconf 89' lang='lat' dir='ltr'><strong>id</strong></span> <span class='ocrx_word' id='word_1_722' title='bbox 2086 4414 2169 4458; x_wconf 74' lang='lat' dir='ltr'><strong>est</strong></span> <span class='ocrx_word' id='word_1_723' title='bbox 2190 4405 2401 4481; x_wconf 77' lang='grc' dir='ltr'><strong>Δὸρκας,</strong></span> <span class='ocrx_word' id='word_1_724' title='bbox 2431 4414 2484 4457; x_wconf 87' lang='lat' dir='ltr'><strong>et</strong></span> <span class='ocrx_word' id='word_1_725' title='bbox 2514 4405 2727 4459; x_wconf 88' lang='lat' dir='ltr'><strong>damula</strong></span> <span class='ocrx_word' id='word_1_726' title='bbox 2770 4418 2954 4462; x_wconf 86' lang='lat' dir='ltr'><strong>nostra</strong></span> <span class='ocrx_word' id='word_1_727' title='bbox 2982 4410 3246 4477; x_wconf 85' lang='lat' dir='ltr'><strong>possedit,</strong></span> <span class='ocrx_word' id='word_1_728' title='bbox 3283 4425 3404 4479; x_wconf 74' lang='lat' dir='ltr'><strong>qua:</strong></span> <span class='ocrx_word' id='word_1_729' title='bbox 3432 4409 3582 4466; x_wconf 82' lang='lat' dir='ltr'><strong>bonis</strong></span> 
     </span>
    </p>
   </div>
   <div class='ocr_carea' id='block_1_91' title="bbox 313 4487 1899 4554">
    <p class='ocr_par' dir='ltr' id='par_1_91' title="bbox 313 4487 1899 4554">
     <span class='ocr_line' id='line_1_91' title="bbox 313 4487 1899 4554; baseline 0.003 -13"><span class='ocrx_word' id='word_1_730' title='bbox 313 4487 423 4542; x_wconf 89' lang='lat' dir='ltr'><strong>dita</strong></span> <span class='ocrx_word' id='word_1_731' title='bbox 472 4497 574 4554; x_wconf 82' lang='lat' dir='ltr'><strong>est,</strong></span> <span class='ocrx_word' id='word_1_732' title='bbox 600 4504 690 4543; x_wconf 83' lang='lat' dir='ltr'><strong>sex</strong></span> <span class='ocrx_word' id='word_1_733' title='bbox 729 4489 963 4543; x_wconf 86' lang='lat' dir='ltr'><strong>habebat</strong></span> <span class='ocrx_word' id='word_1_734' title='bbox 1009 4489 1188 4543; x_wconf 91' lang='lat' dir='ltr'><strong>cubita</strong></span> <span class='ocrx_word' id='word_1_735' title='bbox 1217 4530 1229 4551; x_wconf 94' lang='lat'><strong>,</strong></span> <span class='ocrx_word' id='word_1_736' title='bbox 1272 4498 1325 4543; x_wconf 90' lang='lat' dir='ltr'><strong>et</strong></span> <span class='ocrx_word' id='word_1_737' title='bbox 1374 4490 1709 4544; x_wconf 84' lang='lat' dir='ltr'><strong>latitudinem</strong></span> <span class='ocrx_word' id='word_1_738' title='bbox 1740 4491 1899 4546; x_wconf 90' lang='lat' dir='ltr'><strong>unius</strong></span> 
     </span>
    </p>
   </div>
   <div class='ocr_carea' id='block_1_92' title="bbox 314 4578 1901 4649">
    <p class='ocr_par' dir='ltr' id='par_1_92' title="bbox 314 4578 1901 4649">
     <span class='ocr_line' id='line_1_92' title="bbox 314 4578 1901 4649; baseline 0.003 -20"><span class='ocrx_word' id='word_1_739' title='bbox 314 4578 497 4633; x_wconf 75' lang='lat' dir='ltr'><strong>lateris</strong></span> <span class='ocrx_word' id='word_1_740' title='bbox 524 4589 755 4649; x_wconf 84' lang='lat' dir='ltr'><strong>quatuor</strong></span> <span class='ocrx_word' id='word_1_741' title='bbox 782 4578 1107 4641; x_wconf 87' lang='lat' dir='ltr'><strong>cubitorum,</strong></span> <span class='ocrx_word' id='word_1_742' title='bbox 1129 4593 1232 4632; x_wconf 86' lang='lat' dir='ltr'><strong>non</strong></span> <span class='ocrx_word' id='word_1_743' title='bbox 1252 4593 1316 4633; x_wconf 78' lang='lat' dir='ltr'><strong>ex</strong></span> <span class='ocrx_word' id='word_1_744' title='bbox 1346 4595 1452 4631; x_wconf 82' lang='lat' dir='ltr'><strong>uno</strong></span> <span class='ocrx_word' id='word_1_745' title='bbox 1477 4579 1662 4643; x_wconf 84' lang='lat' dir='ltr'><strong>latere,</strong></span> <span class='ocrx_word' id='word_1_746' title='bbox 1689 4579 1779 4633; x_wconf 84' lang='lat' dir='ltr'><strong>sed</strong></span> <span class='ocrx_word' id='word_1_747' title='bbox 1805 4595 1901 4649; x_wconf 86' lang='lat' dir='ltr'><strong>per</strong></span> 
     </span>
    </p>
   </div>
   <div class='ocr_carea' id='block_1_93' title="bbox 314 4669 1900 4739">
    <p class='ocr_par' dir='ltr' id='par_1_93' title="bbox 314 4669 1900 4739">
     <span class='ocr_line' id='line_1_93' title="bbox 314 4669 1900 4739; baseline -0.001 -15"><span class='ocrx_word' id='word_1_748' title='bbox 314 4669 615 4724; x_wconf 86' lang='lat' dir='ltr'><strong>circuitum.</strong></span> <span class='ocrx_word' id='word_1_749' title='bbox 648 4669 887 4735; x_wconf 81' lang='lat' dir='ltr'><strong>Quatuor</strong></span> <span class='ocrx_word' id='word_1_750' title='bbox 913 4678 1089 4723; x_wconf 88' lang='lat' dir='ltr'><strong>autem</strong></span> <span class='ocrx_word' id='word_1_751' title='bbox 1116 4670 1295 4724; x_wconf 84' lang='lat' dir='ltr'><strong>cubita</strong></span> <span class='ocrx_word' id='word_1_752' title='bbox 1332 4671 1545 4725; x_wconf 78' lang='lat' dir='ltr'><strong>tenebat</strong></span> <span class='ocrx_word' id='word_1_753' title='bbox 1577 4686 1674 4739; x_wconf 74' lang='lat' dir='ltr'><strong>per</strong></span> <span class='ocrx_word' id='word_1_754' title='bbox 1705 4670 1900 4724; x_wconf 82' lang='lat' dir='ltr'><strong>circui—</strong></span> 
     </span>
    </p>
   </div>
   <div class='ocr_carea' id='block_1_94' title="bbox 317 4760 1895 4830">
    <p class='ocr_par' dir='ltr' id='par_1_94' title="bbox 317 4760 1895 4830">
     <span class='ocr_line' id='line_1_94' title="bbox 317 4760 1895 4830; baseline 0.003 -18"><span class='ocrx_word' id='word_1_755' title='bbox 317 4770 427 4812; x_wconf 88' lang='lat' dir='ltr'><strong>tum</strong></span> <span class='ocrx_word' id='word_1_756' title='bbox 459 4760 648 4813; x_wconf 88' lang='lat' dir='ltr'><strong>domus</strong></span> <span class='ocrx_word' id='word_1_757' title='bbox 692 4760 935 4825; x_wconf 88' lang='lat' dir='ltr'><strong>latitudo,</strong></span> <span class='ocrx_word' id='word_1_758' title='bbox 961 4770 1021 4815; x_wconf 89' lang='lat' dir='ltr'><strong>ut</strong></span> <span class='ocrx_word' id='word_1_759' title='bbox 1068 4771 1300 4830; x_wconf 87' lang='lat' dir='ltr'><strong>quatuor</strong></span> <span class='ocrx_word' id='word_1_760' title='bbox 1334 4762 1596 4816; x_wconf 82' lang='lat' dir='ltr'><strong>elementa</strong></span> <span class='ocrx_word' id='word_1_761' title='bbox 1627 4773 1895 4817; x_wconf 81' lang='lat' dir='ltr'><strong>runnstra-</strong></span> 
     </span>
    </p>
   </div>
   <div class='ocr_carea' id='block_1_95' title="bbox 317 4852 1899 4923">
    <p class='ocr_par' dir='ltr' id='par_1_95' title="bbox 317 4852 1899 4923">
     <span class='ocr_line' id='line_1_95' title="bbox 317 4852 1899 4923; baseline 0.004 -19"><span class='ocrx_word' id='word_1_762' title='bbox 317 4861 417 4915; x_wconf 88' lang='lat' dir='ltr'><strong>ret,</strong></span> <span class='ocrx_word' id='word_1_763' title='bbox 445 4866 507 4905; x_wconf 76' lang='lat' dir='ltr'><strong>ex</strong></span> <span class='ocrx_word' id='word_1_764' title='bbox 539 4852 734 4919; x_wconf 85' lang='lat' dir='ltr'><strong>quibus</strong></span> <span class='ocrx_word' id='word_1_765' title='bbox 776 4853 1025 4909; x_wconf 89' lang='lat' dir='ltr'><strong>universa</strong></span> <span class='ocrx_word' id='word_1_766' title='bbox 1056 4863 1338 4923; x_wconf 82' lang='lat' dir='ltr'><strong>compacta</strong></span> <span class='ocrx_word' id='word_1_767' title='bbox 1387 4864 1531 4919; x_wconf 90' lang='lat' dir='ltr'><strong>sunt,</strong></span> <span class='ocrx_word' id='word_1_768' title='bbox 1562 4864 1615 4909; x_wconf 86' lang='lat' dir='ltr'><strong>et</strong></span> <span class='ocrx_word' id='word_1_769' title='bbox 1666 4856 1899 4911; x_wconf 74' lang='lat' dir='ltr'><strong>tnaximc</strong></span> 
     </span>
    </p>
   </div>
   <div class='ocr_carea' id='block_1_96' title="bbox 317 4940 1902 5011">
    <p class='ocr_par' dir='ltr' id='par_1_96' title="bbox 317 4940 1902 5011">
     <span class='ocr_line' id='line_1_96' title="bbox 317 4940 1902 5011; baseline 0.004 -19"><span class='ocrx_word' id='word_1_770' title='bbox 317 4940 549 4993; x_wconf 84' lang='lat' dir='ltr'><strong>humana</strong></span> <span class='ocrx_word' id='word_1_771' title='bbox 580 4954 846 5008; x_wconf 85' lang='lat' dir='ltr'><strong>corpora:</strong></span> <span class='ocrx_word' id='word_1_772' title='bbox 881 4951 1068 4996; x_wconf 74' lang='lat' dir='ltr'><strong>contra</strong></span> <span class='ocrx_word' id='word_1_773' title='bbox 1119 4958 1239 5011; x_wconf 74' lang='lat' dir='ltr'><strong>qua:</strong></span> <span class='ocrx_word' id='word_1_774' title='bbox 1277 4945 1448 4999; x_wconf 83' lang='lat' dir='ltr'><strong>sancti</strong></span> <span class='ocrx_word' id='word_1_775' title='bbox 1500 4945 1819 4999; x_wconf 85' lang='lat' dir='ltr'><strong>dimicantes</strong></span> <span class='ocrx_word' id='word_1_776' title='bbox 1847 4953 1902 4999; x_wconf 89' lang='lat' dir='ltr'><strong>et</strong></span> 
     </span>
    </p>
   </div>
   <div class='ocr_carea' id='block_1_97' title="bbox 314 5032 1901 5103">
    <p class='ocr_par' dir='ltr' id='par_1_97' title="bbox 314 5032 1901 5103">
     <span class='ocr_line' id='line_1_97' title="bbox 314 5032 1901 5103; baseline 0.002 -17"><span class='ocrx_word' id='word_1_777' title='bbox 314 5032 662 5103; x_wconf 82' lang='lat' dir='ltr'><strong>subjiciemes</strong></span> <span class='ocrx_word' id='word_1_778' title='bbox 711 5046 768 5086; x_wconf 89' lang='lat' dir='ltr'><strong>se</strong></span> <span class='ocrx_word' id='word_1_779' title='bbox 798 5032 988 5086; x_wconf 74' lang='lat' dir='ltr'><strong>animm</strong></span> <span class='ocrx_word' id='word_1_780' title='bbox 1029 5036 1307 5101; x_wconf 85' lang='lat' dir='ltr'><strong>potestati,</strong></span> <span class='ocrx_word' id='word_1_781' title='bbox 1337 5035 1592 5091; x_wconf 86' lang='lat' dir='ltr'><strong>interiora</strong></span> <span class='ocrx_word' id='word_1_782' title='bbox 1624 5046 1901 5091; x_wconf 88' lang='lat' dir='ltr'><strong>merentur</strong></span> 
     </span>
    </p>
   </div>
   <div class='ocr_carea' id='block_1_98' title="bbox 319 5124 1895 5199">
    <p class='ocr_par' dir='ltr' id='par_1_98' title="bbox 319 5124 1895 5199">
     <span class='ocr_line' id='line_1_98' title="bbox 319 5124 1895 5199; baseline 0.003 -20"><span class='ocrx_word' id='word_1_783' title='bbox 319 5126 538 5189; x_wconf 88' lang='lat' dir='ltr'><strong>intrare,</strong></span> <span class='ocrx_word' id='word_1_784' title='bbox 573 5133 627 5180; x_wconf 90' lang='lat' dir='ltr'><strong>et</strong></span> <span class='ocrx_word' id='word_1_785' title='bbox 656 5124 865 5180; x_wconf 84' lang='lat' dir='ltr'><strong>Domini</strong></span> <span class='ocrx_word' id='word_1_786' title='bbox 921 5140 1117 5180; x_wconf 85' lang='lat' dir='ltr'><strong>arcana</strong></span> <span class='ocrx_word' id='word_1_787' title='bbox 1174 5143 1515 5199; x_wconf 87' lang='lat' dir='ltr'><strong>cognoscere.</strong></span> <span class='ocrx_word' id='word_1_788' title='bbox 1551 5129 1667 5199; x_wconf 86' lang='lat' dir='ltr'><strong>ipsa</strong></span> <span class='ocrx_word' id='word_1_789' title='bbox 1716 5140 1895 5184; x_wconf 88' lang='lat' dir='ltr'><strong>autem</strong></span> 
     </span>
    </p>
   </div>
   <div class='ocr_carea' id='block_1_99' title="bbox 316 5215 1894 5289">
    <p class='ocr_par' dir='ltr' id='par_1_99' title="bbox 316 5215 1894 5289">
     <span class='ocr_line' id='line_1_99' title="bbox 316 5215 1894 5289; baseline 0.005 -21"><span class='ocrx_word' id='word_1_790' title='bbox 316 5215 504 5278; x_wconf 85' lang='lat' dir='ltr'><strong>latera,</strong></span> <span class='ocrx_word' id='word_1_791' title='bbox 528 5232 647 5286; x_wconf 74' lang='lat' dir='ltr'><strong>quze</strong></span> <span class='ocrx_word' id='word_1_792' title='bbox 689 5216 742 5270; x_wconf 92' lang='lat' dir='ltr'><strong>in</strong></span> <span class='ocrx_word' id='word_1_793' title='bbox 779 5216 1010 5271; x_wconf 88' lang='lat' dir='ltr'><strong>circuitu</strong></span> <span class='ocrx_word' id='word_1_794' title='bbox 1041 5216 1231 5272; x_wconf 90' lang='lat' dir='ltr'><strong>domus</strong></span> <span class='ocrx_word' id='word_1_795' title='bbox 1255 5228 1429 5283; x_wconf 90' lang='lat' dir='ltr'><strong>erant,</strong></span> <span class='ocrx_word' id='word_1_796' title='bbox 1458 5230 1759 5289; x_wconf 86' lang='lat' dir='ltr'><strong>ctquatuor</strong></span> <span class='ocrx_word' id='word_1_797' title='bbox 1796 5238 1894 5276; x_wconf 89' lang='lat' dir='ltr'><strong>eu-</strong></span> 
     </span>
    </p>
   </div>
   <div class='ocr_carea' id='block_1_100' title="bbox 313 5305 1899 5381">
    <p class='ocr_par' dir='ltr' id='par_1_100' title="bbox 313 5305 1899 5381">
     <span class='ocr_line' id='line_1_100' title="bbox 313 5305 1899 5381; baseline 0.004 -21"><span class='ocrx_word' id='word_1_798' title='bbox 313 5307 549 5360; x_wconf 90' lang='lat' dir='ltr'><strong>bitorum</strong></span> <span class='ocrx_word' id='word_1_799' title='bbox 580 5307 756 5376; x_wconf 83' lang='lat' dir='ltr'><strong>Spatio</strong></span> <span class='ocrx_word' id='word_1_800' title='bbox 782 5323 809 5360; x_wconf 87' lang='lat' dir='ltr'><strong>a</strong></span> <span class='ocrx_word' id='word_1_801' title='bbox 841 5305 1021 5376; x_wconf 89' lang='lat' dir='ltr'><strong>templi</strong></span> <span class='ocrx_word' id='word_1_802' title='bbox 1043 5308 1246 5376; x_wconf 89' lang='lat' dir='ltr'><strong>pariete</strong></span> <span class='ocrx_word' id='word_1_803' title='bbox 1271 5312 1680 5379; x_wconf 86' lang='lat' dir='ltr'><strong>separabantur,</strong></span> <span class='ocrx_word' id='word_1_804' title='bbox 1712 5310 1899 5381; x_wconf 80' lang='lat' dir='ltr'><strong>juncta</strong></span> 
     </span>
    </p>
   </div>
   <div class='ocr_carea' id='block_1_101' title="bbox 314 5394 1904 5472">
    <p class='ocr_par' dir='ltr' id='par_1_101' title="bbox 314 5394 1904 5472">
     <span class='ocr_line' id='line_1_101' title="bbox 314 5394 1904 5472; baseline 0.005 -24"><span class='ocrx_word' id='word_1_805' title='bbox 314 5394 414 5449; x_wconf 82' lang='lat' dir='ltr'><strong>sibi</strong></span> <span class='ocrx_word' id='word_1_806' title='bbox 445 5401 623 5461; x_wconf 88' lang='lat' dir='ltr'><strong>erant,</strong></span> <span class='ocrx_word' id='word_1_807' title='bbox 649 5395 721 5449; x_wconf 91' lang='lat' dir='ltr'><strong>ita</strong></span> <span class='ocrx_word' id='word_1_808' title='bbox 754 5404 815 5450; x_wconf 91' lang='lat' dir='ltr'><strong>ut</strong></span> <span class='ocrx_word' id='word_1_809' title='bbox 854 5411 1018 5450; x_wconf 89' lang='lat' dir='ltr'><strong>unum</strong></span> <span class='ocrx_word' id='word_1_810' title='bbox 1055 5396 1195 5453; x_wconf 89' lang='lat' dir='ltr'><strong>latus</strong></span> <span class='ocrx_word' id='word_1_811' title='bbox 1221 5397 1363 5454; x_wconf 88' lang='lat' dir='ltr'><strong>aliud</strong></span> <span class='ocrx_word' id='word_1_812' title='bbox 1391 5399 1532 5455; x_wconf 88' lang='lat' dir='ltr'><strong>latus</strong></span> <span class='ocrx_word' id='word_1_813' title='bbox 1566 5402 1904 5472; x_wconf 84' lang='lat' dir='ltr'><strong>contingeret</strong></span> 
     </span>
    </p>
   </div>
   <div class='ocr_carea' id='block_1_102' title="bbox 314 5486 1899 5561">
    <p class='ocr_par' dir='ltr' id='par_1_102' title="bbox 314 5486 1899 5561">
     <span class='ocr_line' id='line_1_102' title="bbox 314 5486 1899 5561; baseline 0.006 -20"><span class='ocrx_word' id='word_1_814' title='bbox 314 5497 369 5541; x_wconf 79' lang='lat' dir='ltr'><strong>et</strong></span> <span class='ocrx_word' id='word_1_815' title='bbox 392 5486 613 5542; x_wconf 88' lang='lat' dir='ltr'><strong>haberet</strong></span> <span class='ocrx_word' id='word_1_816' title='bbox 640 5487 694 5542; x_wconf 92' lang='lat' dir='ltr'><strong>in</strong></span> <span class='ocrx_word' id='word_1_817' title='bbox 724 5487 1055 5559; x_wconf 86' lang='lat' dir='ltr'><strong>longitudine</strong></span> <span class='ocrx_word' id='word_1_818' title='bbox 1078 5504 1183 5544; x_wconf 88' lang='lat' dir='ltr'><strong>non</strong></span> <span class='ocrx_word' id='word_1_819' title='bbox 1212 5489 1433 5561; x_wconf 86' lang='lat' dir='ltr'><strong>triginta</strong></span> <span class='ocrx_word' id='word_1_820' title='bbox 1457 5500 1514 5547; x_wconf 92' lang='lat' dir='ltr'><strong>et</strong></span> <span class='ocrx_word' id='word_1_821' title='bbox 1541 5501 1650 5546; x_wconf 84' lang='lat' dir='ltr'><strong>tres</strong></span> <span class='ocrx_word' id='word_1_822' title='bbox 1671 5494 1899 5559; x_wconf 87' lang='lat' dir='ltr'><strong>cubitos,</strong></span> 
     </span>
    </p>
   </div>
   <div class='ocr_carea' id='block_1_103' title="bbox 317 5576 1901 5653">
    <p class='ocr_par' dir='ltr' id='par_1_103' title="bbox 317 5576 1901 5653">
     <span class='ocr_line' id='line_1_103' title="bbox 317 5576 1901 5653; baseline 0.006 -23"><span class='ocrx_word' id='word_1_823' title='bbox 317 5577 410 5630; x_wconf 87' lang='lat' dir='ltr'><strong>sed</strong></span> <span class='ocrx_word' id='word_1_824' title='bbox 433 5576 516 5631; x_wconf 90' lang='lat' dir='ltr'><strong>bis</strong></span> <span class='ocrx_word' id='word_1_825' title='bbox 538 5579 755 5649; x_wconf 82' lang='lat' dir='ltr'><strong>triginta</strong></span> <span class='ocrx_word' id='word_1_826' title='bbox 785 5590 915 5645; x_wconf 90' lang='lat' dir='ltr'><strong>tres,</strong></span> <span class='ocrx_word' id='word_1_827' title='bbox 941 5582 1164 5647; x_wconf 82' lang='lat' dir='ltr'><strong>hoc‘est,</strong></span> <span class='ocrx_word' id='word_1_828' title='bbox 1198 5583 1478 5653; x_wconf 78' lang='lat' dir='ltr'><strong>sexaginta</strong></span> <span class='ocrx_word' id='word_1_829' title='bbox 1503 5598 1620 5639; x_wconf 80' lang='lat' dir='ltr'><strong>sex.</strong></span> <span class='ocrx_word' id='word_1_830' title='bbox 1649 5582 1816 5641; x_wconf 81' lang='lat' dir='ltr'><strong>Vetus</strong></span> <span class='ocrx_word' id='word_1_831' title='bbox 1848 5587 1901 5640; x_wconf 94' lang='lat' dir='ltr'><strong>in</strong></span> 
     </span>
    </p>
   </div>
   <div class='ocr_carea' id='block_1_104' title="bbox 320 5665 1902 5739">
    <p class='ocr_par' dir='ltr' id='par_1_104' title="bbox 320 5665 1902 5739">
     <span class='ocr_line' id='line_1_104' title="bbox 320 5665 1902 5739; baseline 0.009 -23"><span class='ocrx_word' id='word_1_832' title='bbox 320 5665 558 5723; x_wconf 72' lang='lat' dir='ltr'><strong>Levitico</strong></span> <span class='ocrx_word' id='word_1_833' title='bbox 599 5670 834 5739; x_wconf 82' lang='lat' dir='ltr'><strong>loquitur</strong></span> <span class='ocrx_word' id='word_1_834' title='bbox 885 5672 1287 5727; x_wconf 87' lang='lat' dir='ltr'><strong>Testamentum</strong></span> <span class='ocrx_word' id='word_1_835' title='bbox 1335 5673 1520 5739; x_wconf 60' lang='lat' dir='ltr'><strong>(Lavit.</strong></span> <span class='ocrx_word' id='word_1_836' title='bbox 1558 5672 1658 5738; x_wconf 77' lang='lat' dir='ltr'><strong>xu)</strong></span> <span class='ocrx_word' id='word_1_837' title='bbox 1689 5674 1743 5728; x_wconf 93' lang='lat' dir='ltr'><strong>in</strong></span> <span class='ocrx_word' id='word_1_838' title='bbox 1779 5685 1902 5731; x_wconf 88' lang='lat' dir='ltr'><strong>ortu</strong></span> 
     </span>
    </p>
   </div>
   <div class='ocr_carea' id='block_1_105' title="bbox 2001 4494 3583 4574">
    <p class='ocr_par' dir='ltr' id='par_1_105' title="bbox 2001 4494 3583 4574">
     <span class='ocr_line' id='line_1_105' title="bbox 2001 4494 3583 4574; baseline 0.004 -25"><span class='ocrx_word' id='word_1_839' title='bbox 2001 4494 2253 4564; x_wconf 86' lang='lat' dir='ltr'><strong>operibus</strong></span> <span class='ocrx_word' id='word_1_840' title='bbox 2280 4497 2344 4549; x_wconf 91' lang='lat' dir='ltr'><strong>ad</strong></span> <span class='ocrx_word' id='word_1_841' title='bbox 2377 4510 2585 4549; x_wconf 88' lang='lat' dir='ltr'><strong>summa</strong></span> <span class='ocrx_word' id='word_1_842' title='bbox 2620 4498 3153 4568; x_wconf 72' lang='lat' dir='ltr'><strong>ConscendcratMrt.</strong></span> <span class='ocrx_word' id='word_1_843' title='bbox 3174 4518 3247 4567; x_wconf 76' lang='lat' dir='ltr'><strong>ix,</strong></span> <span class='ocrx_word' id='word_1_844' title='bbox 3270 4502 3409 4558; x_wconf 79' lang='lat' dir='ltr'><strong>v.36</strong></span> <span class='ocrx_word' id='word_1_845' title='bbox 3425 4501 3583 4574; x_wconf 63' lang='lat' dir='ltr'><strong>sap}.</strong></span> 
     </span>
    </p>
   </div>
   <div class='ocr_carea' id='block_1_106' title="bbox 2004 4584 3575 4656">
    <p class='ocr_par' dir='ltr' id='par_1_106' title="bbox 2004 4584 3575 4656">
     <span class='ocr_line' id='line_1_106' title="bbox 2004 4584 3575 4656; baseline 0.005 -18"><span class='ocrx_word' id='word_1_846' title='bbox 2004 4584 2287 4654; x_wconf 80' lang='lat' dir='ltr'><strong>Apostolus</strong></span> <span class='ocrx_word' id='word_1_847' title='bbox 2335 4592 2517 4639; x_wconf 87' lang='lat' dir='ltr'><strong>autem</strong></span> <span class='ocrx_word' id='word_1_848' title='bbox 2550 4584 2763 4648; x_wconf 76' lang='lat' dir='ltr'><strong>Petrus,</strong></span> <span class='ocrx_word' id='word_1_849' title='bbox 2795 4602 2958 4656; x_wconf 85' lang='lat' dir='ltr'><strong>super</strong></span> <span class='ocrx_word' id='word_1_850' title='bbox 2998 4604 3157 4656; x_wconf 90' lang='lat' dir='ltr'><strong>quem</strong></span> <span class='ocrx_word' id='word_1_851' title='bbox 3203 4588 3461 4644; x_wconf 89' lang='lat' dir='ltr'><strong>Dominus</strong></span> <span class='ocrx_word' id='word_1_852' title='bbox 3487 4590 3575 4646; x_wconf 85' lang='lat' dir='ltr'><strong>Ec-</strong></span> 
     </span>
    </p>
   </div>
   <div class='ocr_carea' id='block_1_107' title="bbox 2000 4674 3580 4743">
    <p class='ocr_par' dir='ltr' id='par_1_107' title="bbox 2000 4674 3580 4743">
     <span class='ocr_line' id='line_1_107' title="bbox 2000 4674 3580 4743; baseline 0.004 -14"><span class='ocrx_word' id='word_1_853' title='bbox 2000 4676 2179 4730; x_wconf 65' lang='lat' dir='ltr'><strong>clesiae</strong></span> <span class='ocrx_word' id='word_1_854' title='bbox 2221 4674 2567 4730; x_wconf 64' lang='lat' dir='ltr'><strong>fundamenta</strong></span> <span class='ocrx_word' id='word_1_855' title='bbox 2613 4675 2903 4743; x_wconf 88' lang='lat' dir='ltr'><strong>solidavit,</strong></span> <span class='ocrx_word' id='word_1_856' title='bbox 2953 4679 3287 4733; x_wconf 82' lang='lat' dir='ltr'><strong>transcendit</strong></span> <span class='ocrx_word' id='word_1_857' title='bbox 3335 4695 3580 4737; x_wconf 77' lang='lat' dir='ltr'><strong>etenacu-</strong></span> 
     </span>
    </p>
   </div>
   <div class='ocr_carea' id='block_1_108' title="bbox 2001 4765 3585 4840">
    <p class='ocr_par' dir='ltr' id='par_1_108' title="bbox 2001 4765 3585 4840">
     <span class='ocr_line' id='line_1_108' title="bbox 2001 4765 3585 4840; baseline 0.006 -22"><span class='ocrx_word' id='word_1_858' title='bbox 2001 4765 2132 4831; x_wconf 90' lang='lat' dir='ltr'><strong>lum,</strong></span> <span class='ocrx_word' id='word_1_859' title='bbox 2160 4773 2211 4819; x_wconf 90' lang='lat' dir='ltr'><strong>et</strong></span> <span class='ocrx_word' id='word_1_860' title='bbox 2242 4767 2385 4820; x_wconf 88' lang='lat' dir='ltr'><strong>venit</strong></span> <span class='ocrx_word' id='word_1_861' title='bbox 2412 4767 2478 4821; x_wconf 79' lang='lat' dir='ltr'><strong>ad</strong></span> <span class='ocrx_word' id='word_1_862' title='bbox 2505 4775 2704 4821; x_wconf 87' lang='lat' dir='ltr'><strong>tectmn</strong></span> <span class='ocrx_word' id='word_1_863' title='bbox 2730 4808 2745 4829; x_wconf 92' lang='lat'><strong>,</strong></span> <span class='ocrx_word' id='word_1_864' title='bbox 2790 4769 2932 4837; x_wconf 86' lang='lat' dir='ltr'><strong>quod</strong></span> <span class='ocrx_word' id='word_1_865' title='bbox 2977 4769 3369 4840; x_wconf 76' lang='lat' dir='ltr'><strong>significantius</strong></span> <span class='ocrx_word' id='word_1_866' title='bbox 3397 4771 3585 4827; x_wconf 63' lang='grc' dir='ltr'><strong>(ἔπεσα</strong></span> 
     </span>
    </p>
   </div>
   <div class='ocr_carea' id='block_1_109' title="bbox 2001 4855 3582 4931">
    <p class='ocr_par' dir='ltr' id='par_1_109' title="bbox 2001 4855 3582 4931">
     <span class='ocr_line' id='line_1_109' title="bbox 2001 4855 3582 4931; baseline 0.003 -20"><span class='ocrx_word' id='word_1_867' title='bbox 2001 4855 2146 4927; x_wconf 77' lang='grc' dir='ltr'><strong>δῶμα</strong></span> <span class='ocrx_word' id='word_1_868' title='bbox 2193 4856 2412 4920; x_wconf 90' lang='lat' dir='ltr'><strong>dicitur,</strong></span> <span class='ocrx_word' id='word_1_869' title='bbox 2448 4856 2497 4910; x_wconf 89' lang='lat' dir='ltr'><strong>id</strong></span> <span class='ocrx_word' id='word_1_870' title='bbox 2529 4867 2650 4921; x_wconf 90' lang='lat' dir='ltr'><strong>est,</strong></span> <span class='ocrx_word' id='word_1_871' title='bbox 2698 4859 2824 4913; x_wconf 82' lang='lat' dir='ltr'><strong>tecti</strong></span> <span class='ocrx_word' id='word_1_872' title='bbox 2884 4859 3177 4922; x_wconf 82' lang='lat' dir='ltr'><strong>solarium,</strong></span> <span class='ocrx_word' id='word_1_873' title='bbox 3232 4870 3288 4913; x_wconf 90' lang='lat' dir='ltr'><strong>et</strong></span> <span class='ocrx_word' id='word_1_874' title='bbox 3317 4860 3582 4931; x_wconf 80' lang='lat' dir='ltr'><strong>incognita</strong></span> 
     </span>
    </p>
   </div>
   <div class='ocr_carea' id='block_1_110' title="bbox 2002 4947 3584 5021">
    <p class='ocr_par' dir='ltr' id='par_1_110' title="bbox 2002 4947 3584 5021">
     <span class='ocr_line' id='line_1_110' title="bbox 2002 4947 3584 5021; baseline 0.004 -20"><span class='ocrx_word' id='word_1_875' title='bbox 2002 4949 2153 5018; x_wconf 85' lang='lat' dir='ltr'><strong>prius</strong></span> <span class='ocrx_word' id='word_1_876' title='bbox 2182 4949 2375 5002; x_wconf 72' lang='lat' dir='ltr'><strong>sazculo</strong></span> <span class='ocrx_word' id='word_1_877' title='bbox 2398 4947 2649 5003; x_wconf 65' lang='lat' dir='ltr'><strong>Ecclesiae</strong></span> <span class='ocrx_word' id='word_1_878' title='bbox 2677 4960 3019 5003; x_wconf 89' lang='lat' dir='ltr'><strong>sacramenta</strong></span> <span class='ocrx_word' id='word_1_879' title='bbox 3051 4952 3319 5021; x_wconf 86' lang='lat' dir='ltr'><strong>cognovit.</strong></span> <span class='ocrx_word' id='word_1_880' title='bbox 3340 4951 3584 5007; x_wconf 88' lang='lat' dir='ltr'><strong>Salvator</strong></span> 
     </span>
    </p>
   </div>
   <div class='ocr_carea' id='block_1_111' title="bbox 2002 5041 3580 5111">
    <p class='ocr_par' dir='ltr' id='par_1_111' title="bbox 2002 5041 3580 5111">
     <span class='ocr_line' id='line_1_111' title="bbox 2002 5041 3580 5111; baseline 0.004 -19"><span class='ocrx_word' id='word_1_881' title='bbox 2002 5054 2215 5110; x_wconf 88' lang='lat' dir='ltr'><strong>quoque</strong></span> <span class='ocrx_word' id='word_1_882' title='bbox 2249 5042 2461 5111; x_wconf 88' lang='lat' dir='ltr'><strong>generis</strong></span> <span class='ocrx_word' id='word_1_883' title='bbox 2500 5041 2719 5095; x_wconf 88' lang='lat' dir='ltr'><strong>humani</strong></span> <span class='ocrx_word' id='word_1_884' title='bbox 2760 5044 2960 5111; x_wconf 84' lang='lat' dir='ltr'><strong>pascha</strong></span> <span class='ocrx_word' id='word_1_885' title='bbox 3013 5042 3141 5097; x_wconf 87' lang='lat' dir='ltr'><strong>facit</strong></span> <span class='ocrx_word' id='word_1_886' title='bbox 3185 5060 3237 5097; x_wconf 87' lang='lat' dir='ltr'><strong>tn</strong></span> <span class='ocrx_word' id='word_1_887' title='bbox 3282 5047 3580 5109; x_wconf 77' lang='lat' dir='ltr'><strong>cmnacnlo,</strong></span> 
     </span>
    </p>
   </div>
   <div class='ocr_carea' id='block_1_112' title="bbox 2000 5129 3583 5206">
    <p class='ocr_par' dir='ltr' id='par_1_112' title="bbox 2000 5129 3583 5206">
     <span class='ocr_line' id='line_1_112' title="bbox 2000 5129 3583 5206; baseline 0.004 -24"><span class='ocrx_word' id='word_1_888' title='bbox 2000 5139 2054 5183; x_wconf 92' lang='lat' dir='ltr'><strong>et</strong></span> <span class='ocrx_word' id='word_1_889' title='bbox 2079 5145 2269 5199; x_wconf 86' lang='lat' dir='ltr'><strong>magno</strong></span> <span class='ocrx_word' id='word_1_890' title='bbox 2310 5129 2525 5199; x_wconf 88' lang='lat' dir='ltr'><strong>latoque</strong></span> <span class='ocrx_word' id='word_1_891' title='bbox 2549 5132 2829 5186; x_wconf 61' lang='lat' dir='ltr'><strong>caenaculo</strong></span> <span class='ocrx_word' id='word_1_892' title='bbox 2874 5141 3034 5202; x_wconf 84' lang='lat' dir='ltr'><strong>atque</strong></span> <span class='ocrx_word' id='word_1_893' title='bbox 3072 5134 3219 5188; x_wconf 90' lang='lat' dir='ltr'><strong>omni</strong></span> <span class='ocrx_word' id='word_1_894' title='bbox 3250 5137 3413 5189; x_wconf 86' lang='lat' dir='ltr'><strong>sorde</strong></span> <span class='ocrx_word' id='word_1_895' title='bbox 3459 5152 3583 5206; x_wconf 86' lang='lat' dir='ltr'><strong>pur-</strong></span> 
     </span>
    </p>
   </div>
   <div class='ocr_carea' id='block_1_113' title="bbox 1999 5223 3582 5294">
    <p class='ocr_par' dir='ltr' id='par_1_113' title="bbox 1999 5223 3582 5294">
     <span class='ocr_line' id='line_1_113' title="bbox 1999 5223 3582 5294; baseline 0.004 -20"><span class='ocrx_word' id='word_1_896' title='bbox 1999 5231 2123 5291; x_wconf 82' lang='lat' dir='ltr'><strong>gato</strong></span> <span class='ocrx_word' id='word_1_897' title='bbox 2145 5230 2442 5292; x_wconf 88' lang='lat' dir='ltr'><strong>stratoque,</strong></span> <span class='ocrx_word' id='word_1_898' title='bbox 2475 5232 2530 5277; x_wconf 92' lang='lat' dir='ltr'><strong>et</strong></span> <span class='ocrx_word' id='word_1_899' title='bbox 2567 5223 2633 5276; x_wconf 86' lang='lat' dir='ltr'><strong>ad</strong></span> <span class='ocrx_word' id='word_1_900' title='bbox 2662 5223 2901 5292; x_wconf 86' lang='lat' dir='ltr'><strong>spiritale</strong></span> <span class='ocrx_word' id='word_1_901' title='bbox 2925 5224 3230 5278; x_wconf 87' lang='lat' dir='ltr'><strong>convivium</strong></span> <span class='ocrx_word' id='word_1_902' title='bbox 3263 5237 3582 5294; x_wconf 61' lang='lat' dir='ltr'><strong>prmparato,</strong></span> 
     </span>
    </p>
   </div>
   <div class='ocr_carea' id='block_1_114' title="bbox 2003 5312 3583 5385">
    <p class='ocr_par' dir='ltr' id='par_1_114' title="bbox 2003 5312 3583 5385">
     <span class='ocr_line' id='line_1_114' title="bbox 2003 5312 3583 5385; baseline 0.004 -20"><span class='ocrx_word' id='word_1_903' title='bbox 2003 5312 2090 5365; x_wconf 90' lang='lat' dir='ltr'><strong>ubi</strong></span> <span class='ocrx_word' id='word_1_904' title='bbox 2124 5314 2436 5383; x_wconf 78' lang='lat' dir='ltr'><strong>mysterium</strong></span> <span class='ocrx_word' id='word_1_905' title='bbox 2474 5314 2716 5385; x_wconf 88' lang='lat' dir='ltr'><strong>corporis</strong></span> <span class='ocrx_word' id='word_1_906' title='bbox 2763 5325 2817 5368; x_wconf 91' lang='lat' dir='ltr'><strong>et</strong></span> <span class='ocrx_word' id='word_1_907' title='bbox 2865 5315 3143 5385; x_wconf 86' lang='lat' dir='ltr'><strong>sanguinis</strong></span> <span class='ocrx_word' id='word_1_908' title='bbox 3198 5318 3311 5371; x_wconf 91' lang='lat' dir='ltr'><strong>suis</strong></span> <span class='ocrx_word' id='word_1_909' title='bbox 3369 5317 3583 5371; x_wconf 73' lang='lat' dir='ltr'><strong>tradidit</strong></span> 
     </span>
    </p>
   </div>
   <div class='ocr_carea' id='block_1_115' title="bbox 2002 5403 3583 5475">
    <p class='ocr_par' dir='ltr' id='par_1_115' title="bbox 2002 5403 3583 5475">
     <span class='ocr_line' id='line_1_115' title="bbox 2002 5403 3583 5475; baseline 0.002 -17"><span class='ocrx_word' id='word_1_910' title='bbox 2002 5403 2297 5473; x_wconf 88' lang='lat' dir='ltr'><strong>discipulis,</strong></span> <span class='ocrx_word' id='word_1_911' title='bbox 2328 5411 2381 5459; x_wconf 89' lang='lat' dir='ltr'><strong>et</strong></span> <span class='ocrx_word' id='word_1_912' title='bbox 2409 5412 2665 5459; x_wconf 70' lang='lat' dir='ltr'><strong>aeternam</strong></span> <span class='ocrx_word' id='word_1_913' title='bbox 2716 5405 2873 5460; x_wconf 75' lang='lat' dir='ltr'><strong>nobis</strong></span> <span class='ocrx_word' id='word_1_914' title='bbox 2925 5406 3049 5475; x_wconf 83' lang='lat' dir='ltr'><strong>agni</strong></span> <span class='ocrx_word' id='word_1_915' title='bbox 3090 5405 3425 5462; x_wconf 80' lang='lat' dir='ltr'><strong>immaculati</strong></span> <span class='ocrx_word' id='word_1_916' title='bbox 3466 5408 3583 5462; x_wconf 83' lang='lat' dir='ltr'><strong>reli-</strong></span> 
     </span>
    </p>
   </div>
   <div class='ocr_carea' id='block_1_116' title="bbox 2004 5493 3578 5567">
    <p class='ocr_par' dir='ltr' id='par_1_116' title="bbox 2004 5493 3578 5567">
     <span class='ocr_line' id='line_1_116' title="bbox 2004 5493 3578 5567; baseline 0.004 -22"><span class='ocrx_word' id='word_1_917' title='bbox 2004 5494 2121 5562; x_wconf 91' lang='lat' dir='ltr'><strong>quit</strong></span> <span class='ocrx_word' id='word_1_918' title='bbox 2147 5493 2510 5548; x_wconf 50' lang='lat' dir='ltr'><strong>fesiivitatem.</strong></span> <span class='ocrx_word' id='word_1_919' title='bbox 2543 5495 2754 5567; x_wconf 67' lang='grc' dir='ltr'><strong>(Βεολ.)</strong></span> <span class='ocrx_word' id='word_1_920' title='bbox 2782 5496 2933 5562; x_wconf 76' lang='lat' dir='ltr'><strong>Quod</strong></span> <span class='ocrx_word' id='word_1_921' title='bbox 2979 5504 3160 5551; x_wconf 85' lang='lat' dir='ltr'><strong>autem</strong></span> <span class='ocrx_word' id='word_1_922' title='bbox 3208 5497 3276 5553; x_wconf 89' lang='lat' dir='ltr'><strong>de</strong></span> <span class='ocrx_word' id='word_1_923' title='bbox 3312 5508 3578 5554; x_wconf 83' lang='lat' dir='ltr'><strong>structura</strong></span> 
     </span>
    </p>
   </div>
   <div class='ocr_carea' id='block_1_117' title="bbox 2006 5585 3581 5657">
    <p class='ocr_par' dir='ltr' id='par_1_117' title="bbox 2006 5585 3581 5657">
     <span class='ocr_line' id='line_1_117' title="bbox 2006 5585 3581 5657; baseline 0.003 -18"><span class='ocrx_word' id='word_1_924' title='bbox 2006 5585 2185 5655; x_wconf 89' lang='lat' dir='ltr'><strong>templi</strong></span> <span class='ocrx_word' id='word_1_925' title='bbox 2235 5587 2286 5639; x_wconf 91' lang='lat' dir='ltr'><strong>in</strong></span> <span class='ocrx_word' id='word_1_926' title='bbox 2336 5585 2474 5641; x_wconf 85' lang='lat' dir='ltr'><strong>libro</strong></span> <span class='ocrx_word' id='word_1_927' title='bbox 2504 5587 2708 5657; x_wconf 81' lang='lat' dir='ltr'><strong>Regum</strong></span> <span class='ocrx_word' id='word_1_928' title='bbox 2740 5587 3001 5656; x_wconf 89' lang='lat' dir='ltr'><strong>scriptum</strong></span> <span class='ocrx_word' id='word_1_929' title='bbox 3033 5598 3119 5643; x_wconf 88' lang='lat' dir='ltr'><strong>est</strong></span> <span class='ocrx_word' id='word_1_930' title='bbox 3149 5607 3162 5643; x_wconf 90' lang='lat'><strong>:</strong></span> <span class='ocrx_word' id='word_1_931' title='bbox 3201 5607 3221 5641; x_wconf 87' lang='grc'><strong>‹</strong></span> <span class='ocrx_word' id='word_1_932' title='bbox 3254 5588 3467 5645; x_wconf 85' lang='lat' dir='ltr'><strong>Ostium</strong></span> <span class='ocrx_word' id='word_1_933' title='bbox 3505 5590 3581 5644; x_wconf 80' lang='lat' dir='ltr'><strong>la-</strong></span> 
     </span>
    </p>
   </div>
   <div class='ocr_carea' id='block_1_118' title="bbox 2004 5678 3573 5757">
    <p class='ocr_par' dir='ltr' id='par_1_118' title="bbox 2004 5678 3573 5757">
     <span class='ocr_line' id='line_1_118' title="bbox 2004 5678 3573 5757; baseline 0.008 -26"><span class='ocrx_word' id='word_1_934' title='bbox 2004 5678 2135 5733; x_wconf 89' lang='lat' dir='ltr'><strong>teris</strong></span> <span class='ocrx_word' id='word_1_935' title='bbox 2169 5678 2327 5733; x_wconf 77' lang='lat' dir='ltr'><strong>medii</strong></span> <span class='ocrx_word' id='word_1_936' title='bbox 2370 5678 2424 5732; x_wconf 92' lang='lat' dir='ltr'><strong>in</strong></span> <span class='ocrx_word' id='word_1_937' title='bbox 2462 5687 2618 5748; x_wconf 77' lang='lat' dir='ltr'><strong>parte</strong></span> <span class='ocrx_word' id='word_1_938' title='bbox 2657 5686 2775 5734; x_wconf 87' lang='lat' dir='ltr'><strong>erat</strong></span> <span class='ocrx_word' id='word_1_939' title='bbox 2815 5679 3006 5735; x_wconf 87' lang='lat' dir='ltr'><strong>domus</strong></span> <span class='ocrx_word' id='word_1_940' title='bbox 3048 5679 3253 5738; x_wconf 73' lang='lat' dir='ltr'><strong>dextra:</strong></span> <span class='ocrx_word' id='word_1_941' title='bbox 3281 5694 3332 5739; x_wconf 90' lang='lat' dir='ltr'><strong>et</strong></span> <span class='ocrx_word' id='word_1_942' title='bbox 3362 5700 3459 5757; x_wconf 83' lang='lat' dir='ltr'><strong>per</strong></span> <span class='ocrx_word' id='word_1_943' title='bbox 3486 5699 3573 5743; x_wconf 83' lang='lat' dir='ltr'><strong>eo-</strong></span> 
     </span>
    </p>
   </div>
  </div>
