3972 6184
400 300 503 355 δ’ἶῆ

1322 295 1674 355 ΕΟΜΜῈΝΤ.
1712 296 1779 352 IN
1813 294 2265 353 EZECHIELEI.
2307 326 2375 337 --
2413 294 2539 352 LIB.
2578 296 2737 353 XVII.

3563 305 3662 361 97!

398 410 611 468 cbleaut
633 406 997 465 ascendebant
1021 408 1073 463 in
1096 408 1335 464 medium
1358 410 1718 473 cenaculum,
1742 418 1799 464 et
1821 423 1851 464 a
1875 423 1986 463 me-
2011 411 2061 471 Α
2087 407 2331 478 corporis
2378 409 2539 479 hujus
2581 425 2786 474 sumus,
2825 409 3251 481 ingemiscimus,
3287 413 3625 488 dicintusque
3653 438 3667 475 :

398 502 489 557 die
509 500 564 555 in
591 498 835 562 tertium,
867 517 886 549 ι
915 513 1022 553 non
1058 498 1498 555 inconvenienter
1513 497 1671 566 juxta
1696 496 1984 568 mysticam

399 588 848 661 signiﬁcationem
864 589 992 644 huic
1011 588 1130 643 loco
1152 590 1325 658 aptari
1344 596 1547 658 potest.
1562 586 1697 642 Nam
1719 588 1810 642 hic
1834 587 1987 642 locus

396 679 616 750 proprie
644 678 712 732 ad
739 692 939 749 corpus
962 678 1300 734 Dominicum
1331 678 1520 734 referri
1546 685 1744 747 potest.
1773 676 1986 733 Ostium

399 783 639 839 namque
681 768 873 836 lateris
899 767 1061 824 medii
1104 769 1157 823 in
1191 778 1349 839 parte
1376 778 1495 824 erat
1536 770 1730 825 domus
1757 768 1981 831 dextrae,

398 860 551 929 quia,
577 858 832 915 defuncto
854 859 907 914 in
931 874 1095 915 cruce
1117 860 1365 924 Domino,
1385 874 1523 914 unus
1541 858 1771 914 militum
1792 859 1982 913 lancea

399 948 545 1004 latus
571 949 690 1020 ejus
717 950 952 1019 aperuit.
995 950 1063 1004 Et
1090 952 1230 1006 bene
1258 951 1315 1005 in
1344 960 1502 1020 parte
1529 950 1721 1005 domus
1755 950 1980 1011 dextra,

398 1040 525 1109 quia
550 1040 682 1096 dest
710 1055 802 1095 om
833 1041 885 1097 ei
908 1040 1054 1096 latus
1075 1056 1104 1096 a
1134 1041 1306 1096 milite
1322 1049 1579 1112 apertum
1600 1049 1785 1097 sancta
1809 1041 1986 1097 credit

399 1134 642 1190 Ettclesia
684 1135 819 1193 :ubi
853 1136 1019 1191 etiam
1056 1148 1182 1207 apto
1218 1138 1386 1193 verbo
1424 1153 1555 1193 usus
1594 1147 1679 1192 est
1714 1137 1987 1208 evangeli-

398 1236 502 1293 sta,
534 1237 594 1283 ut
620 1244 727 1285 non
771 1231 995 1294 diceret,
1018 1230 1293 1286 Percussit
1337 1231 1478 1287 latus
1514 1239 1607 1286 aut
1656 1232 1983 1299 vulneravit,

402 1321 499 1376 sed
549 1321 784 1390 aperuit,
812 1321 1086 1386 videlicet,
1134 1322 1292 1392 quasi
1336 1323 1536 1379 ostium
1568 1323 1756 1379 lateris
1796 1324 1983 1389 medii,

397 1423 497 1478 per
537 1410 681 1481 quod
733 1412 890 1467 nobis
934 1412 1040 1467 iter
1089 1413 1156 1466 ad
1213 1413 1456 1468 cmlestia
1506 1414 1852 1483 panderetur.
1880 1414 1984 1469 De—

397 1498 564 1568 nique
594 1500 668 1554 ita
692 1498 997 1568 subjuns't.
1036 1519 1056 1551 ι
1094 1500 1160 1556 Et
1205 1502 1463 1557 continuo
1493 1503 1663 1557 exivit
1687 1503 1905 1574 sanguis
1930 1511 1986 1558 et

396 1604 539 1658 aqua
569 1587 748 1660 (Joan.
779 1590 916 1660 xix),
937 1608 956 1640 ι
974 1605 1114 1660 aqua
1143 1591 1349 1647 scilicet
1375 1607 1480 1662 qua
1505 1592 1777 1649 abluimur
1802 1594 1855 1647 in
1884 1592 1983 1647 ba-

396 1679 615 1749 ptismo,
644 1688 702 1734 et
728 1681 967 1751 sanguis,
1003 1696 1112 1750 quo
1135 1697 1522 1737 consecramur
1549 1683 1603 1737 in
1646 1682 1818 1738 calice
1860 1698 1986 1738 san-

2093 519 2114 551 ‹
2151 499 2319 556 Miser
2357 516 2458 572 ego
2503 502 2702 567 homo,
2752 501 2877 573 quis
2914 518 3000 559 me
3035 502 3285 561 liberabit
3335 508 3404 562 de
3446 525 3673 580 corpore

2086 592 2278 647 mortis
2307 593 2500 663 lmj'us?
2528 593 2705 665 (Rom.
2738 593 2859 666 vn.)
2889 593 2995 650 Sed
3025 604 3081 651 et
3117 597 3184 652 ad
3212 597 3355 654 viam
3381 603 3670 657 australem

2084 688 2200 737 erat
2214 682 2438 749 ostium,
2454 691 2508 738 et
2536 683 2710 755 ipsum
2736 685 2890 756 juxta
2908 685 3232 742 Hebraicum
3262 689 3470 746 habens
3493 692 3670 749 locum

2083 770 2381 833 orationis,
2433 779 2488 825 et
2534 772 2772 843 quinque
2815 775 3040 831 tendens
3086 776 3284 833 cubitis
3335 796 3432 843 per
3465 782 3669 839 circui-

2084 868 2220 916 tum.
2250 860 2359 917 Per
2382 862 2552 935 frigus
2577 865 2721 918 enim
2753 865 3037 935 aquilonis,
3067 867 3131 923 ad
3166 871 3457 928 australem
3486 882 3669 931 trans-

2085 952 2226 1007 imus
2245 951 2500 1018 calorem,
2522 962 2576 1008 et
2599 963 2778 1009 tamen
2811 972 3027 1011 rursum
3073 958 3331 1015 orationis
3376 964 3669 1030 quau-imus

2083 1041 2260 1097 locum
2286 1042 2341 1096 in
2371 1042 2639 1113 aquilonis
2684 1043 2845 1108 ostio,
2896 1055 2953 1099 ut
2988 1047 3282 1102 evadamus
3306 1051 3576 1118 pericula;
3610 1052 3666 1109 in

2084 1131 2325 1195 australi,
2359 1139 2418 1187 ut
2445 1148 2669 1202 agamus
2698 1134 2903 1204 gratias
2930 1148 3026 1204 pro
3055 1139 3367 1206 praeteritis,
3392 1149 3446 1195 et
3477 1142 3547 1196 sit
3571 1158 3674 1200 no-

2084 1219 2168 1274 bis
2196 1220 2437 1276 victoriae
2473 1236 2664 1277 secura
2692 1224 2982 1292 possessio.
3017 1224 3266 1295 Quinque
3294 1237 3472 1283 autem
3503 1232 3669 1288 cubiti

2085 1320 2140 1366 et
2165 1312 2220 1366 in
2252 1313 2356 1368 hoc
2386 1311 2501 1368 loco
2543 1313 2753 1369 divinos
2795 1315 3037 1370 indicant
3063 1331 3273 1383 sensus,
3308 1334 3403 1389 per
3430 1336 3566 1389 quos
3598 1324 3666 1379 de

2086 1405 2317 1459 terrenis
2365 1405 2433 1459 ad
2486 1404 2679 1459 altiora
2723 1407 3153 1461 conscendimus.
3191 1427 3211 1459 ι
3247 1407 3313 1464 Et
3359 1411 3666 1480 mdiﬂcium,

2084 1494 2279 1565 inquit,
2308 1494 2452 1564 quod
2474 1504 2596 1550 erat
2621 1504 2952 1565 separatum,
2976 1512 3301 1568 versumque
3322 1500 3390 1553 ad
3415 1500 3556 1555 viam
3584 1519 3672 1560 rea

2084 1583 2402 1653 spiclentcm
2435 1583 2501 1637 ad
2531 1599 2698 1647 mare,
2727 1584 3025 1638 latitudinis
3075 1587 3416 1657 septuaginta
3455 1589 3669 1646 cubito-

2084 1694 2228 1744 rum,
2260 1697 2279 1731 ι
2314 1686 2372 1733 ut
2415 1688 2535 1747 post
2563 1677 2794 1741 labores.
2825 1684 2881 1732 et
2907 1677 3167 1746 pericula,
3190 1686 3244 1734 et
3289 1680 3471 1735 surculi
3512 1681 3671 1738 istius

395 1776 506 1823 cto.
536 1767 644 1823 Per
680 1768 783 1824 hoc
821 1784 1055 1839 namque
1080 1772 1282 1826 ostium
1312 1771 1468 1827 nobis
1510 1781 1596 1827 est
1641 1786 1898 1828 ascensus
1926 1774 1981 1828 in
2015 1758 2058 1817 Β
2084 1769 2281 1826 ﬂuctus
2340 1778 2503 1841 atque
2560 1768 2864 1840 naufragia.
2893 1780 2950 1824 et
2993 1784 3164 1824 annos
3213 1773 3573 1842 septuaginta,
3602 1775 3672 1831 de

395 1857 635 1912 medium
665 1859 1034 1926 cmnaculnm,
1084 1868 1141 1915 et
1177 1875 1209 1914 a
1252 1860 1432 1916 medio
1462 1861 1516 1916 in
1554 1862 1811 1926 tertium,
1857 1863 1981 1931 quia

395 1962 495 2018 per
521 1948 680 2003 iidem
716 1959 773 2005 et
814 1950 1074 2022 mysteria
1127 1951 1299 2008 nostri
1345 1952 1729 2027 redemptoris,
1753 1952 1819 2007 de
1844 1967 1986 2022 prac-

395 2038 539 2094 senti
562 2038 818 2095 Ecclesiae
854 2042 1264 2097 conversatione
1311 2043 1380 2097 ad
1409 2042 1653 2112 requiem
1679 2043 1984 2097 animarum
2014 2064 2029 2076 ε

396 2136 520 2200 post
548 2136 776 2184 mortem
807 2130 1148 2184 ascendimus
1177 2147 1192 2184 ε
1237 2144 1532 2199 rursusque
1562 2131 1631 2186 de
1654 2131 1841 2201 requie
1869 2132 1986 2185 ani-

396 2234 629 2285 marum,
670 2219 990 2275 adveniente
1033 2218 1123 2274 die
1143 2217 1359 2287 judicii,
1407 2221 1476 2276 ad
1519 2220 1983 2275 immortalitatem

394 2322 614 2379 quoque
639 2323 946 2379 corporum,
974 2310 1130 2380 quasi
1171 2310 1224 2363 in
1262 2310 1482 2365 tertium
1517 2310 1858 2365 cmuaéulum
1887 2326 1981 2366 su-

396 2396 644 2452 blimiore
679 2396 925 2468 profectu
963 2399 1363 2469 penetrabimus
1390 2438 1405 2464 ,
1458 2413 1527 2453 ex
1556 2414 1663 2468 quo
1705 2399 1758 2454 in
1788 2414 1984 2471 magna

397 2485 681 2541 amborum
709 2496 761 2542 et
791 2488 1034 2558 corporis
1069 2488 1319 2545 videlicet
1339 2496 1396 2544 et
1433 2490 1629 2544 anime
1653 2490 1986 2546 beatitudine

393 2575 662 2632 vivemus.
687 2575 839 2644 Quod
860 2579 1078 2647 quidem
1106 2580 1210 2633 iter
1228 2579 1573 2635 invisibiliter
1598 2580 1878 2652 agebatur,
1903 2581 1981 2635 ita

300 2718 305 2727 ,
394 2678 455 2722 ut
475 2669 577 2729 soli
617 2668 719 2723 hoc
748 2669 838 2737 qui
882 2669 1214 2724 intraverant
1255 2679 1497 2736 nossent,
1524 2671 1775 2740 quamvis
1809 2671 1981 2740 ipsum

395 2764 596 2833 ostium
637 2760 803 2816 etiam
843 2757 978 2815 foris
1029 2759 1191 2829 positi
1228 2760 1493 2814 viderent.
1542 2759 1679 2827 Quia
1726 2760 1981 2815 nimirum

394 2864 555 2910 actus
587 2852 825 2908 ﬁdelium
853 2851 905 2905 in
937 2852 1037 2906 hoc
1060 2850 1349 2914 szeculo,et
1375 2850 1768 2907 celebrationes
1799 2866 1984 2907 sacra-

394 2954 705 3005 mentorum
731 2944 896 2998 etiam
921 2942 1135 3012 reprobi
1169 2949 1396 3012 possunt
1422 2942 1641 3008 intueri,
1669 2957 1859 2997 verum
1893 2956 1983 2996 ar-

395 3053 533 3094 cana
561 3036 684 3091 lidei
716 3035 936 3097 intimrc,
963 3044 1021 3088 et
1060 3033 1289 3102 gratiam
1311 3032 1636 3098 dilectionis,
1668 3032 1846 3088 nullus
1873 3033 1979 3087 nisi

2086 1860 2281 1929 quibus
2298 1857 2563 1915 .lercmias
2588 1860 2800 1925 scribit,
2822 1867 2877 1915 et
2898 1860 3104 1924 Daniel,
3133 1869 3187 1915 et
3213 1862 3506 1919 Zacharias
3532 1863 3666 1934 (εἶεν.

2086 1965 2222 2016 xxv;
2251 1948 2393 2003 Dan.
2412 1965 2498 2016 rx;
2526 1947 2691 2004 Zach.
2714 1948 2835 2021 vir),
2866 1964 3054 2004 verum
3077 1958 3132 2004 et
3152 1949 3447 2021 legitimum
3464 1962 3669 2023 septem

2084 2038 2410 2094 decadarum
2463 2038 2746 2093 sabbatum
2797 2053 3237 2109 consequamur,
3294 2048 3354 2094 ut
3404 2042 3473 2096 sit
3510 2044 3669 2099 nobis

2083 2137 2285 2184 (eterna
2303 2129 2519 2199 requies
2542 2147 2555 2181 :
2585 2138 2637 2183 et
2648 2143 2749 2200 per
2762 2129 2999 2198 quinque
3014 2129 3317 2185 cubitorum
3334 2130 3668 2189 latitudinem

2088 2220 2365 2275 veniamus
2385 2220 2454 2274 ad
2492 2219 2883 2290 longitudinem
2916 2220 3206 2292 nonaginta
3242 2222 3574 2287 cubitorum,
3616 2224 3669 2280 in

2085 2325 2191 2380 qua
2217 2319 2377 2365 aetate
2391 2309 2458 2366 de
2473 2310 2891 2380 repromissione
2908 2310 3073 2365 tilium
3090 2310 3224 2366 Sara
3238 2313 3537 2383 generavit,
3549 2330 3672 2385 qua:

2085 2401 2374 2473 nonaginta
2393 2417 2682 2467 annorum,
2697 2402 2751 2457 id
2770 2410 2853 2459 est
2868 2418 3060 2459 novem
3089 2405 3436 2468 decadarum,
3464 2405 3673 2476 peperit

2092 2495 2264 2560 isaac,
2287 2494 2471 2562 juncta
2490 2493 2763 2549 Abraham
2782 2495 3115 2561 centenario,
3149 2496 3202 2550 id
3232 2506 3336 2555 est.
3363 2497 3548 2551 decem
3571 2497 3668 2552 dc-

2084 2586 2340 2640 cadarum
2366 2584 2583 2640 habenti
2614 2585 2928 2656 mysterium
2954 2581 3105 2656 (Gen.
3128 2585 3263 2656 xxr).
3282 2585 3383 2654 Qui
3414 2601 3670 2641 numerus

2082 2673 2211 2746 quid
2239 2673 2544 2745 significet,
2601 2689 2835 2744 sequens
2879 2673 3158 2745 Scriptura
3205 2674 3546 2730 monstrabit.

2158 2784 2179 2818 ι
2208 2765 2277 2820 Ει
2303 2781 2523 2821 mensus
2555 2776 2638 2820 est
2672 2764 2866 2820 domus
2896 2760 3282 2836 longitudinem
3321 2775 3535 2820 centum
3571 2779 3670 2822 cu-

2089 2880 2105 2910 ι
2137 2859 2391 2923 bitorum,
2418 2866 2475 2912 et
2502 2857 2645 2927 quod
2672 2866 2981 2926 separatum
3013 2868 3137 2911 erat
3170 2856 3458 2912 aedilicium
3485 2866 3540 2911 et
3570 2873 3671 2927 pa-

2089 2967 2108 2999 ο
2136 2949 2302 3003 rietes
2322 2949 2439 3019 ejus
2459 2947 2812 3017 longitudinis
2834 2956 3051 3002 centum
3076 2947 3401 3003 cubitorum.
3418 2946 3671 3002 Latitudo

2088 3056 2107 3088 ι
2135 3047 2317 3092 autem
2336 3047 2462 3092 ante
2510 3037 2702 3092 faciem
2730 3036 2922 3093 domus
2954 3047 3007 3093 et
3036 3036 3151 3106 ejus
3181 3038 3325 3108 quod
3350 3047 3471 3093 erat
3518 3053 3669 3109 sepao

392 3129 489 3199 qui
539 3142 638 3199 per
690 3128 822 3187 haec,
876 3125 1104 3180 Domino
1155 3124 1312 3189 duce,
1353 3124 1421 3178 ad
1459 3124 1701 3181 ctelestia
1745 3125 1979 3189 scandit,
2008 3112 2054 3173 C
2092 3146 2109 3178 ι
2142 3132 2319 3182 ratum
2346 3135 2534 3183 contra
2562 3128 2825 3183 orientem
2850 3136 3064 3183 centum
3087 3128 3413 3183 cubitorum.
3437 3128 3505 3183 Et
3525 3143 3673 3183 men-

396 3217 679 3291 agnoscit:
719 3234 737 3268 ί
772 3215 877 3282 Qui
908 3216 1052 3269 enim
1078 3215 1208 3270 dicit
1244 3230 1303 3269 se
1329 3229 1489 3269 nosse
1510 3215 1701 3279 Deum,
1734 3222 1790 3270 et
1825 3230 1980 3269 man-

397 3309 522 3364 data
551 3306 671 3375 ejus
711 3319 815 3360 non
851 3305 1107 3370 custodit,
1139 3307 1371 3359 mendax
1408 3314 1493 3359 est
1525 3304 1577 3375 (Ι
1612 3303 1776 3359 Joan.
1828 3304 1913 3375 ιι).
1957 3323 1976 3356 ι

403 3422 423 3456 ι
456 3403 523 3458 Ει
549 3400 674 3466 vidi,
713 3400 905 3470 inquit,
942 3399 995 3454 in
1026 3399 1186 3453 domo
1207 3398 1538 3453 altitudinem
1560 3413 1658 3467 per
1675 3397 1980 3462 circuitum,

397 3492 618 3548 fundata
646 3486 815 3546 latera
855 3491 921 3545 ad
971 3504 1280 3545 mensuram
1310 3488 1504 3544 calami
1536 3504 1629 3544 sex
1677 3489 1981 3544 cubitorum

398 3581 597 3652 Spatio,
619 3587 674 3633 et
700 3578 1035 3633 latitudinem
1065 3592 1163 3648 per
1187 3578 1448 3648 parietem
1474 3576 1659 3632 lateris
1683 3576 1985 3631 forinsecus

402 3674 646 3743 quinque
702 3670 1025 3725 cubitorum.
1087 3669 1154 3722 Et
1209 3669 1350 3724 inter
1414 3669 1798 3742 gazophylacia
1843 3669 1985 3739 (qua:

400 3764 758 3836 Symmachus
804 3762 1020 3817 exedra:
1056 3761 1252 3833 vocat)
1297 3761 1631 3816 latitudinem
1666 3761 1854 3833 viginti
1893 3776 1987 3816 cn-

399 3855 635 3912 bitorum
680 3868 778 3925 per
819 3854 1102 3908 circuitum
1156 3853 1367 3908 domus.
1402 3870 1422 3905 ι
1465 3852 1732 3925 (Hier-on.)
1780 3852 1988 3922 Quibus

401 3944 644 4000 numeris
672 3943 997 4008 ostenditur,
1025 3942 1167 4013 quod
1190 3941 1259 3999 de
1281 3942 1482 3996 mundo
1510 3943 1612 3997 hoc
1645 3955 1701 3997 et
1727 3943 1793 3999 de
1819 3952 1987 3998 terre—

399 4038 485 4094 nis
506 4037 776 4102 sensibus,
797 4044 852 4091 et
878 4037 943 4091 de
965 4036 1108 4089 duali
1133 4035 1361 4089 duarum
1391 4034 1715 4090 decadarum
1740 4049 1983 4098 numero,

402 4129 492 4200 qui
524 4128 756 4184 refertur
795 4128 863 4182 ad
892 4127 1080 4198 viginti
1115 4140 1222 4181 non
1247 4124 1417 4181 solum
1452 4124 1505 4179 in
1538 4123 1737 4179 Sancta
1767 4134 1987 4179 sancto-

405 4239 548 4289 rum,
579 4222 674 4277 sed
723 4229 774 4276 et
825 4221 878 4275 in
917 4218 1194 4274 cmuacula
1241 4232 1427 4272 eorum
1464 4230 1770 4271 mereamur
1796 4231 1986 4272 ascen-

404 4313 618 4374 dere,et
640 4323 853 4378 semper
878 4308 1075 4362 habere
1098 4307 1151 4361 in
1174 4304 1610 4374 memoria,quod
1636 4320 1732 4374 per
1753 4320 1845 4360 sex
1876 4305 1989 4360 dies

403 4400 730 4456 conditionis
775 4406 995 4462 nostraa,
1030 4406 1083 4452 et
1126 4413 1222 4466 per
1275 4396 1513 4467 quinque
1563 4412 1774 4462 sensus,
1810 4404 1867 4451 et
1894 4410 1991 4465 per

404 4493 593 4563 viginti
619 4492 799 4547 cubita
842 4490 1139 4545 latitudinis
1188 4491 1594 4545 ascenderimus
1639 4491 1704 4545 ad
1741 4505 1991 4545 cmnacu‘
2021 4465 2070 4524 D

407 4583 516 4637 lum
547 4582 823 4653 templi,et
844 4590 1115 4636 terrenam
1146 4580 1526 4645 humilitatem,
1552 4593 1879 4649 sensumque
1899 4576 1990 4633 lit-

409 4682 535 4728 tera:
566 4673 953 4743 relinquentes,
978 4672 1355 4726 transierimus
1393 4672 1460 4725 ad
1495 4670 1861 4726 summitatem
1888 4670 1992 4725 Ec-

406 4764 603 4828 clesiae,
634 4762 975 4834 Spiritusquc
1002 4763 1173 4818 sancti
1202 4762 1476 4817 consortio
1498 4762 1848 4832 gaudeamus.
1879 4779 1897 4812 ‹
1929 4762 1993 4815 Et

407 4858 627 4920 ostium,
667 4856 876 4925 inquit,
930 4854 1115 4909 lateris
1167 4854 1234 4909 ad
1282 4854 1583 4909 orationem
1628 4864 1815 4907 contra
1849 4852 1991 4908 viam

412 4947 698 5017 rqiiilonis,
732 4966 751 4998 ι
779 4962 809 4999 a
846 4960 953 5015 quo
981 4944 1345 4999 exardescunt
1395 4944 1533 4998 mala
1580 4958 1741 5014 super
1777 4959 1992 4998 onmem

413 5051 625 5100 nrt-ram,
653 5046 708 5091 et
728 5052 885 5106 quem
909 5035 1169 5089 Dominus
1198 5035 1516 5089 abacturum
1553 5050 1610 5089 se
1642 5049 1673 5089 a
1708 5035 1861 5089 nobis
1883 5034 1996 5104 pnl-

406 5130 596 5185 licetur
618 5129 839 5184 dicens:
872 5146 890 5180 t
922 5128 987 5181 Et
1018 5142 1139 5181 eum
1163 5128 1252 5196 qui
1280 5128 1349 5181 ab
1392 5126 1640 5197 aquilone
1671 5135 1754 5182 est
1783 5143 1810 5181 a
1841 5128 1996 5180 vobis

405 5219 639 5288 abigam.
678 5237 698 5271 ι
724 5217 1062 5286 Pnlcbreque
1093 5216 1146 5272 in
1177 5216 1317 5271 ostio
1353 5224 1543 5272 contra
1590 5216 1894 5285 aquilonem
1920 5215 1997 5268 ln-

407 5324 503 5366 rus
528 5309 792 5365 orationis
835 5316 941 5375 est,
973 5315 1034 5362 ut
1076 5307 1370 5362 secundum
1420 5305 1733 5376 Apostolum
1775 5321 1994 5361 oremus

406 5406 525 5459 sine
569 5399 873 5457 cessatione
921 5399 969 5472 (1
1002 5399 1180 5453 Thess.
1212 5396 1288 5471 v),
1321 5407 1374 5454 et
1410 5397 1653 5453 dicamus
1677 5413 1796 5450 cum
1844 5393 1996 5451 Jerc—

408 5492 557 5548 mia:
592 5509 614 5544 ι
646 5491 763 5546 Non
793 5492 951 5546 sileat
996 5490 1197 5560 pupilla
1246 5487 1385 5545 oculi
1426 5489 1531 5543 mei
1564 5487 1779 5559 (Thren.
1829 5488 1924 5559 ii);
1971 5507 1989 5539 ι

408 5583 490 5639 \cl
512 5584 797 5655 pmsentia
824 5583 965 5639 mala
992 5586 1163 5636 vitare
1189 5581 1485 5650 cupientes,
1517 5579 1609 5634 vel
1625 5587 1845 5648 agentes
1872 5593 1999 5650 gra-

407 5673 511 5732 tias
546 5690 646 5746 pro
691 5675 995 5745 praeteritis.
1044 5672 1286 5740 Quandiu
1344 5669 1488 5725 enim
1542 5670 1593 5723 in
1650 5667 1999 5724 talrcrnacnio

2093 3237 2113 3270 ‹
2146 3235 2238 3274 sus
2274 3226 2358 3273 est
2390 3218 2781 3289 longitudinem
2810 3217 3023 3273 aedilicii
3073 3230 3262 3274 contra
3309 3217 3504 3275 faciem
3533 3219 3673 3291 ejus,

2093 3328 2112 3359 ι
2145 3309 2288 3379 quod
2339 3316 2456 3361 erat
2511 3317 2821 3377 separatum
2867 3309 2934 3362 ad
2962 3310 3203 3375 dorsum,
3239 3309 3531 3366 bectliecas
3588 3312 3674 3383 (id

2094 3419 2112 3450 ι
2149 3407 2235 3453 est
2266 3397 2582 3467 eminentia)
2614 3410 2676 3450 ex
2728 3406 2958 3467 utraque
3011 3409 3162 3469 parte
3207 3412 3427 3455 centum
3459 3402 3673 3457 cubito-

2093 3511 2110 3540 ι
2142 3505 2284 3554 rum,
2316 3497 2369 3543 et
2395 3487 2648 3558 templum
2674 3487 2901 3543 interius
2922 3497 2977 3543 et
2997 3491 3263 3545 vestibula
3292 3492 3438 3557 atrii,
3465 3492 3671 3556 limina,

2096 3601 2114 3633 ι
2142 3590 2199 3637 et
2221 3580 2492 3636 fenestras
2517 3580 2783 3651 obliquas,
2804 3581 3089 3637 hccthecas
3114 3584 3163 3637 in
3187 3583 3415 3639 circuitu
3447 3602 3543 3656 per
3563 3593 3675 3642 tres

2096 3692 2113 3723 ι
2147 3680 2329 3742 partes
2381 3680 2572 3726 contra
2637 3670 3064 3743 uniuscujusque
3110 3672 3292 3742 limen,
3337 3683 3675 3746 stratumque

2097 3781 2116 3814 ς
2152 3762 2295 3832 ligno
2344 3774 2441 3832 per
2471 3776 2659 3832 gyrum
2707 3761 2760 3817 in
2794 3762 3045 3817 circuitu.
3091 3757 3258 3818 Terra
3285 3772 3465 3820 autem
3500 3781 3676 3837 usque

2099 3870 2116 3903 ι
2153 3852 2219 3906 ad
2269 3850 2558 3917 fenestras,
2606 3860 2662 3906 et
2702 3850 2952 3907 fenestrae
2993 3851 3189 3909 clausm
3226 3868 3390 3924 super
3422 3856 3584 3921 ostia,
3620 3866 3674 3911 et

2099 3960 2119 3993 ι
2152 3956 2323 4012 usque
2350 3942 2416 3996 ad
2441 3940 2659 3996 domum
2692 3942 3005 3998 interiorem
3036 3954 3091 3999 et
3114 3943 3412 4001 forinsecus
3437 3962 3537 4017 per
3561 3964 3691 4003 omw

2097 4053 2116 4085 ι
2152 4048 2276 4089 nem
2306 4033 2565 4104 parietem
2591 4034 2645 4089 in
2671 4034 2899 4089 circuitu
2925 4035 3265 4101 intrinsecus,
3298 4047 3354 4094 et
3378 4037 3678 4096 forinsecus

2099 4145 2118 4177 ι
2156 4126 2223 4180 ad
2249 4140 2580 4191 mensuram,
2611 4133 2667 4181 et
2693 4125 2985 4182 fabrefacta
3010 4130 3269 4185 cherubin
3295 4138 3350 4186 ct
3371 4131 3582 4200 palmre.
3613 4132 3679 4188 Et

2101 4237 2119 4269 ι
2158 4218 2334 4288 palma
2361 4218 2503 4273 inter
2530 4218 2733 4274 cherub
2757 4227 2811 4273 et
2844 4220 3067 4274 chernb.
3103 4221 3356 4291 Duasque
3389 4221 3555 4279 facies
3584 4225 3680 4278 ha-

2103 4329 2121 4360 ε
2158 4310 2318 4365 bebat
2339 4308 2562 4364 clicrub.
2580 4308 2795 4365 Faciem
2820 4310 3053 4365 hominis
3066 4309 3220 4377 juxta
3239 4311 3470 4380 palmam
3489 4327 3553 4367 ex
3575 4314 3680 4366 hac.
3740 4309 3747 4317 ’

2103 4420 2121 4451 r
2158 4409 2334 4470 parte,
2358 4409 2415 4456 et
2438 4399 2636 4455 faciem
2674 4399 2846 4455 leonis
2865 4399 3019 4468 juxta
3045 4400 3275 4469 palmam
3300 4416 3366 4455 ex
3399 4401 3501 4455 alia
3526 4410 3681 4470 parte

2102 4511 2120 4543 ‹
2155 4505 2463 4563 expressam
2486 4507 2585 4561 per
2604 4504 2821 4545 omnem
2843 4490 3059 4544 domum
3084 4491 3139 4544 in
3162 4491 3409 4545 circuitu.
3433 4491 3510 4546 De
3533 4496 3679 4546 terra

2100 4601 2120 4634 ς
2156 4598 2325 4653 usque
2346 4585 2413 4637 ad
2434 4581 2710 4651 superiora
2724 4588 2911 4650 portae,
2926 4582 3185 4635 cherubin
3203 4590 3257 4636 et
3274 4580 3467 4651 palmae
3479 4583 3681 4641 etclam

2100 4690 2118 4721 r
2156 4680 2311 4726 erant
2332 4672 2385 4725 in
2407 4671 2612 4740 pariete
2634 4668 2836 4738 templi.
2862 4667 3051 4724 Limen
3076 4672 3502 4742 quadrangulum
3524 4682 3676 4738 erat;

2101 4782 2118 4813 ε
2155 4768 2211 4816 et
2232 4758 2403 4814 facies
2424 4758 2715 4813 sanctuarii
2739 4768 2988 4826 aspectus
3011 4769 3198 4815 contra
3245 4771 3522 4832 aspectum
3547 4761 3684 4818 alta-

2103 4872 2121 4903 ι
2160 4853 2235 4907 ris
2259 4849 2450 4922 lignei,
2474 4849 2637 4903 trium
2662 4849 2965 4903 cubitorum
3000 4849 3226 4905 altitudo
3251 4848 3366 4920 ejus
3384 4892 3400 4917 ,
3430 4861 3487 4908 et
3513 4851 3686 4923 longi-

2102 4962 2120 4994 ι
2161 4942 2289 4996 tudo
2311 4940 2427 5009 ejus
2448 4941 2674 4995 duorum
2698 4940 3002 4994 cubitorum
3023 4982 3037 5005 ,
3066 4950 3119 4996 et
3139 4943 3319 5014 anguli
3344 4941 3461 5012 ejus
3480 4954 3535 4999 et
3562 4943 3683 4999 lou-

2103 5050 2121 5083 ι
2159 5031 2343 5102 gitudo
2367 5029 2502 5099 ejus,
2530 5039 2585 5084 et
2605 5029 2841 5100 parietes
2862 5028 2978 5098 ejus
2999 5031 3180 5103 lignei.
3215 5050 3234 5085 ι
3264 5030 3531 5105 (Ηὶετοη.)
3558 5033 3687 5089 Des-

2096 5121 2379 5176 cribuntur
2399 5130 2580 5175 autem
2614 5120 2813 5174 Sancta
2840 5132 3153 5178 sanctorum
3180 5134 3234 5179 et
3262 5122 3516 5195 templum
3548 5124 3687 5179 inte-

2100 5216 2211 5271 rius
2232 5216 2375 5286 quod
2397 5224 2521 5286 post
2558 5216 2846 5289 nonaginta
2886 5216 3095 5273 cubitos
3132 5233 3198 5273 ex
3231 5218 3404 5271 tribus
3439 5215 3686 5287 partibus

2100 5314 2360 5361 centenos
2385 5305 2595 5360 cubitos
2619 5305 2819 5361 habere
2840 5306 3070 5361 dicatur.
3103 5304 3410 5361 Perfectum
3433 5304 3686 5361 videlicet

2101 5408 2387 5449 numerum
2435 5392 2761 5449 decadarum
2816 5393 3036 5459 decem,
3079 5403 3137 5447 nt
3176 5402 3230 5449 et
3270 5402 3447 5449 mente
3484 5403 3542 5451 et
3572 5408 3684 5449 ser-

2104 5499 2289 5551 mone,
2327 5492 2386 5541 et
2422 5485 2676 5555 operibus
2700 5485 2930 5540 Domino
2968 5484 3297 5549 serviamus,
3344 5487 3687 5542 recordantes

2103 5575 2246 5632 illius
2285 5576 2567 5647 apostolici
2596 5576 2828 5648 exempli
2861 5577 2913 5631 in
2941 5592 3047 5647 quo
3075 5576 3170 5642 ait,
3205 5594 3225 5628 ι
3264 5586 3322 5631 ut
3350 5579 3489 5633 scire
3517 5578 3685 5648 possi-

2105 5684 2249 5740 mus,
2273 5684 2393 5741 qua:
2432 5669 2504 5725 sit
2534 5667 2788 5734 latitudo,
2829 5676 2885 5724 et
2910 5668 3208 5738 longitudo,
3246 5679 3302 5725 et
3338 5666 3685 5742 profundinn,
