3972 6184
289 265 392 319 975

910 264 971 319 Β.
1014 263 1267 318 ΒᾹΒΛΝΙ
1307 263 1524 354 ﬂAUlll
1558 263 1874 321 ARCHIEP.
1918 263 2224 322 MOGUNT.
2263 265 2544 323 OPERUM
2588 265 2766 321 PARS
2804 265 2865 320 ll.

3426 268 3535 327 975

285 383 342 427 et
367 372 610 429 altitudo.
650 371 803 439 Quod
834 381 1013 428 autem
1052 372 1378 428 llebraicum
1406 372 1537 427 dicit
1566 371 1853 428 aedificium
1882 376 1933 435 Α
1960 373 2224 431 trinsecus
2241 383 2398 431 erant
2423 390 2687 431 mensurae
2712 390 2842 437 suae,
2872 375 3005 430 nihil
3048 377 3191 432 enim
3212 378 3416 448 absque
3445 397 3544 436 ra-

288 469 595 534 scparatum
623 471 679 518 et
702 462 939 533 parietes
967 460 1104 529 ejus,
1136 458 1488 530 Septuaginta
1532 460 1737 530 reliqua
1775 461 1858 517 in-

287 559 650 621 terpretantur
675 559 729 605 et
753 550 1082 620 separantis,
1113 563 1232 617 qtue
1271 564 1378 603 non
1399 551 1643 604 haereant
1682 549 1861 619 parie-

290 641 434 696 tibus
464 640 664 708 tcmpli,
697 639 789 693 sed
814 638 1142 708 propinquos
1172 646 1228 691 et
1262 652 1391 694 suos
1420 637 1657 692 habeant
1680 638 1858 708 parie-

291 740 409 797 tes;
445 731 618 800 ipsum
640 742 852 797 quoque
887 726 1140 797 templum
1167 738 1224 781 et
1244 727 1424 796 anguli
1455 726 1572 796 ejus
1596 735 1652 781 et
1677 728 1855 794 telam,

288 821 341 875 id
383 828 490 883 cst,
530 818 820 892 πρόπυλον,
875 817 991 872 sive
1030 816 1372 879 vestibulum,
1417 819 1654 875 exterius
1703 828 1860 875 erant

288 916 455 962 strata
504 907 667 977 ligno,
710 906 974 976 sapientia
1020 906 1274 962 videlicet
1315 907 1458 976 quod
1502 906 1707 978 lignum
1733 908 1861 962 vitm

287 1000 449 1052 situm
473 998 524 1052 in
559 998 806 1066 paradiso
847 996 1121 1067 Scriptura
1159 1008 1580 1065 commemorat;
1610 998 1860 1055 fenestra:

289 1103 501 1163 quoque
541 1086 696 1155 juxta
749 1086 1099 1156 Septuaginta
1144 1096 1307 1142 erant
1336 1086 1491 1142 facta:
1540 1087 1595 1141 in
1641 1088 1858 1142 modum

287 1179 419 1232 retis
464 1177 636 1232 instar
663 1177 1023 1232 cancellorum
1052 1215 1069 1243 ,
1108 1186 1169 1232 ut
1213 1193 1321 1232 non
1363 1177 1633 1247 speculari
1685 1177 1860 1246 lapide

287 1285 386 1324 nec
410 1269 586 1335 vitro,
628 1269 723 1325 sed
760 1268 918 1339 lignis
956 1268 1351 1325 interrasilibus
1389 1279 1444 1324 et
1494 1268 1861 1324 vermiculatis

287 1364 702 1429 clauderentur;
733 1378 833 1432 pro
869 1363 1065 1433 quibus
1108 1364 1165 1418 in
1198 1362 1463 1419 Hebraico
1495 1363 1746 1433 obliquas
1784 1363 1862 1418 fe-

212 1492 219 1501 .
288 1463 499 1511 uestras
533 1455 714 1520 habet,
742 1470 863 1525 quae
908 1455 964 1510 in
992 1455 1162 1511 tribus
1193 1463 1398 1510 tantum
1427 1466 1584 1511 erant
1614 1455 1861 1526 partibus

288 1544 493 1615 templi,
534 1544 602 1599 ad
643 1545 920 1599 dexteram
964 1545 1211 1600 videlicet
1244 1553 1298 1600 et
1327 1546 1621 1611 sinistram,
1652 1555 1709 1601 et
1739 1554 1863 1616 post

289 1645 517 1705 tergum,
551 1634 605 1689 id
632 1643 735 1695 est,
766 1635 830 1688 ad
859 1634 1138 1689 meridiem
1166 1644 1220 1689 et
1256 1635 1324 1690 ad
1350 1634 1679 1705 aquilonem,
1708 1644 1764 1690 et
1792 1636 1858 1691 ad

1960 467 2107 522 tione
2130 476 2456 524 etmeitsnra
2478 469 2533 523 in
2561 468 2760 537 templo
2783 468 2898 533 Dei,
2916 477 2972 523 et
2997 469 3231 526 maxime
3259 471 3313 526 in
3338 473 3544 529 Sancto

1958 569 2266 614 sanctorum
2303 572 2333 610 ι
2373 559 2483 614 Deo
2511 557 2714 613 factum
2737 567 2842 614 est.
2887 559 3081 614 Caelata
3129 576 3346 631 quoque
3381 571 3543 618 erant

1958 647 2215 702 cherubin
2241 664 2259 702 :
2282 647 2426 703 haud
2455 647 2676 702 dubium
2700 647 2830 717 quin
2848 648 2921 705 .in
2944 648 3105 718 lignis
3129 651 3200 704 de
3232 652 3544 719 pavimento

1959 752 2131 807 usque
2155 737 2223 792 ad
2251 735 2515 793 fenestras
2542 737 2988 807 pertingentibus,
3014 749 3072 793 et
3098 750 3206 794 tam
3234 741 3544 807 fabrefacta

1961 826 2415 891 erantcaelaturze,
2436 835 2498 880 ut
2516 841 2622 881 non
2645 826 2885 895 sculpta),
2902 828 2999 883 sed
3020 830 3276 899 appositae
3294 832 3543 887 videren-

1961 926 2068 973 tur.
2086 917 2357 972 Cherubin
2374 918 2802 989 interpretantur
2815 920 3358 979 scientiremultitndo.
3372 925 3543 997 igitur

1961 1005 2284 1061 intrinsecus
2306 1006 2363 1061 in
2390 1007 2738 1063 interioribus
2760 1010 2964 1077 templi,
2990 1019 3110 1079 post
3131 1012 3372 1067 scientiae
3401 1014 3545 1068 mul-

1963 1096 2244 1153 titudinem
2266 1096 2522 1152 uelantur
2540 1098 2589 1151 ei
2612 1097 2822 1167 palma),
2851 1099 2905 1155 in
2929 1101 3125 1169 quibus
3142 1102 3352 1173 signum
3371 1105 3546 1159 vieto-

1960 1186 2055 1240 ria:
2094 1194 2214 1252 est,
2242 1186 2455 1242 dicente
2482 1185 2739 1256 Apostolo
2785 1206 2802 1242 :
2840 1207 2859 1240 ι
2908 1189 3212 1260 Persequor
3249 1202 3426 1248 autem
3471 1199 3547 1248 ad

1961 1282 2222 1329 statutum
2245 1273 2490 1330 bravium
2513 1290 2763 1348 supernae
2797 1279 3096 1335 vocationis
3122 1281 3217 1336 Dei
3247 1282 3301 1336 in
3323 1282 3541 1337 Christo

1960 1358 2087 1417 Jesu
2113 1359 2332 1433 (Philip.
2365 1364 2470 1436 ιιι).
2506 1383 2526 1417 ι
2579 1364 2710 1431 Quae
2735 1366 2929 1436 palmae
2964 1377 3122 1424 erant
3161 1370 3305 1425 inter
3336 1372 3549 1427 chernb

1958 1459 2015 1507 et
2038 1453 2265 1519 cbernb,
2290 1460 2350 1506 ut
2377 1469 2540 1509 unum
2585 1455 2787 1510 cberub
2812 1455 3037 1513 duarum
3071 1458 3377 1527 palmarum
3404 1459 3542 1515 late—

1962 1544 2109 1601 ribus
2131 1544 2440 1599 vallaretur.
2467 1544 2678 1615 (Βεάα.)
2702 1545 2838 1601 Hinc
2862 1562 3075 1617 quoque
3098 1549 3154 1602 in
3176 1548 3314 1604 libro
3336 1550 3540 1619 Regum

1962 1634 2221 1704 scriptum
2251 1642 2335 1689 est
2369 1650 2383 1687 :
2431 1634 2501 1689 Et.
2525 1633 2654 1690 fecit.
2697 1636 2752 1689 in
2780 1637 2858 1690 eis
2883 1637 3145 1692 cherubin
3171 1647 3228 1692 et
3250 1638 3456 1707 palmas
3483 1648 3543 1694 et

287 1726 639 1783 occidentem.
688 1723 978 1780 Orientalis
1007 1734 1187 1778 autem
1214 1738 1344 1793 pars
1378 1739 1487 1779 non
1516 1724 1749 1779 habebat
1782 1724 1867 1779 fe—
1895 1734 1939 1792 Β
1966 1724 2206 1794 picturas
2251 1724 2450 1787 varias,
2496 1726 2652 1794 quasi
2698 1728 3072 1796 prominentes
3115 1729 3182 1783 de
3228 1731 3433 1797 pariete
3483 1738 3543 1785 et

289 1822 525 1880 uestras,
563 1813 690 1883 quia
733 1813 848 1885 ipse
878 1813 1129 1868 introitus
1163 1812 1368 1867 clarum
1411 1812 1738 1868 immittebat
1777 1812 1863 1869 lu-

291 1918 413 1958 men
459 1903 807 1967 intrinsecus,
845 1912 900 1957 et
929 1910 1121 1959 cuncta
1164 1903 1419 1957 interiora
1458 1902 1637 1972 templi
1669 1900 1859 1971 janua-

292 2009 417 2048 rum
462 1991 664 2047 lumine
693 1992 1112 2063 complebantur,
1143 1993 1214 2047 ita
1250 2001 1310 2047 ut
1334 2006 1430 2062 per
1455 1992 1693 2062 singulas
1720 1992 1869 2047 fene-

290 2092 434 2138 stras
478 2092 533 2138 et
585 2082 942 2137 cancellorum
999 2081 1266 2137 foramina
1319 2083 1465 2138 intro
1513 2084 1634 2153 quis
1685 2091 1870 2152 posset

291 2175 560 2245 aspicere.
611 2172 821 2246 (Beda.)
869 2173 1023 2229 Betis
1069 2182 1253 2228 autem
1298 2174 1562 2229 connexio
1607 2175 1868 2229 unitatem

290 2266 536 2337 designat
557 2263 698 2330 fidei,
728 2279 846 2334 qua:
869 2272 954 2319 est
980 2265 1034 2318 in
1062 2263 1277 2319 vinculo
1304 2264 1474 2334 pacis.
1506 2264 1659 2330 Quod
1687 2271 1867 2319 autem

290 2359 421 2414 dicit
447 2357 711 2412 fenestras
737 2371 856 2410 esse
880 2357 1153 2426 obliquas,
1202 2356 1440 2411 ostendit
1482 2354 1868 2429 abundantiam

292 2449 426 2506 lucis
455 2449 703 2505 internae.
750 2445 1023 2501 Fcnestrce
1056 2444 1240 2516 templi
1266 2444 1517 2501 doctores
1542 2450 1667 2503 sunt
1695 2444 1870 2499 sancti

290 2548 346 2592 et
386 2537 658 2608 Spiritales
699 2536 896 2606 quique
933 2537 986 2591 in
1015 2535 1276 2600 Ecclesia,
1317 2535 1514 2605 quibus
1554 2544 1736 2590 mente
1773 2550 1869 2589 ex-

290 2628 604 2683 cedentibus
630 2626 764 2693 Deo,
794 2642 991 2682 arcana
1032 2634 1363 2681 secretorum
1402 2623 1701 2679 caelestium
1743 2639 1869 2693 spe-

291 2719 479 2773 cialius
504 2719 715 2773 caeteris
739 2717 916 2772 videre
941 2717 1273 2771 conceditur.
1299 2714 1525 2783 Quidam
1553 2728 1641 2779 ea,
1667 2728 1786 2782 quae
1814 2713 1869 2767 in

292 2808 504 2864 occulto
545 2808 744 2869 vident,
779 2806 989 2876 publice
1011 2806 1253 2861 fidelibus
1276 2806 1536 2875 pandunt,
1565 2804 1721 2874 quasi
1745 2818 1870 2861 sus.

291 2911 449 2972 cepto
487 2900 688 2954 lumine
732 2898 858 2953 solis
882 2896 1130 2952 fenestrae
1151 2906 1342 2952 cuncta
1366 2895 1549 2965 templi
1572 2894 1868 2966 penetralia

294 2989 520 3059 replent.
551 2988 698 3043 Unde
723 2989 862 3043 bene
889 2987 1088 3041 eaedem
1120 2984 1369 3043 fenestrae
1396 2986 1650 3055 obliquae,
1680 2985 1732 3038 id
1760 2992 1867 3049 est,

1969 1813 2322 1882 egredientes.
2376 1814 2867 1886 Cberubnamquc
2919 1817 2973 1871 in
3021 1818 3313 1888 parietibus
3358 1820 3541 1890 templi

1968 1901 2389 1971 facitSalomon,
2415 1919 2539 1959 cum
2553 1904 2756 1963 electos
2782 1922 2910 1965 suos
2935 1907 3274 1964 Dondnusad
3301 1911 3540 1981 regulam

1970 1992 2371 2064 Scripturarum
2418 2005 2751 2060 sanctarum,
2801 1997 2856 2052 in
2898 1998 3092 2066 quibus
3137 2009 3220 2055 est
3259 1999 3543 2056 multitudo

1968 2088 2231 2152 scientiae,
2256 2088 2421 2142 vitam
2451 2104 2604 2144 suam
2628 2088 2862 2160 dirigere
2889 2090 3072 2145 donat.
3093 2089 3366 2146 Cherubin
3380 2090 3540 2156 facit,

1968 2194 2091 2235 cum
2117 2193 2213 2233 eos
2251 2178 2304 2232 in
2330 2179 2435 2235 hoc
2457 2180 2659 2235 mundo
2686 2182 2990 2239 castitatem
3025 2182 3283 2253 angelieas
3316 2198 3546 2240 conver-

1968 2269 2194 2324 sationis
2217 2269 2315 2338 pro
2342 2268 2560 2324 modulo
2582 2285 2681 2325 suo
2707 2271 2866 2325 docet
2893 2272 3115 2338 imitari,
3137 2273 3279 2341 quod
3308 2273 3542 2329 maxime

1968 2358 2164 2429 vigiliis
2205 2373 2270 2414 ac
2316 2357 2561 2414 laudibus
2586 2359 2800 2423 divinis,
2837 2360 3124 2416 dilectione
3158 2361 3371 2417 sincera
3401 2360 3542 2417 Com

1969 2452 2159 2507 ditoris
2192 2458 2249 2506 et
2295 2451 2546 2520 proximi,
2570 2452 2806 2520 geritur.
2852 2450 3065 2507 Palmas
3094 2450 3240 2517 facit,
3272 2467 3395 2507 cum
3426 2467 3543 2507 me-

1969 2542 2196 2597 moriam
2237 2550 2455 2598 aeterna:
2481 2542 2863 2597 retributionis
2888 2557 3077 2598 eorum
3110 2543 3381 2598 mentibus
3417 2541 3541 2598 infi-

1969 2636 2066 2704 git,
2093 2644 2153 2689 ut
2192 2648 2259 2690 eo
2287 2635 2466 2691 minus
2503 2636 2572 2689 ab
2602 2649 2728 2689 arce
2758 2634 2985 2705 iustitia;
3031 2633 3138 2689 labi
3166 2641 3387 2705 queant,
3432 2650 3540 2705 quo

1972 2725 2273 2780 mercedem
2294 2724 2519 2795 justitixe
2538 2739 2751 2794 semper
2772 2734 2898 2780 ante
2919 2725 3101 2780 cordis
3117 2725 3302 2781 oculos
3323 2726 3536 2781 habent.

1970 2814 2123 2870 Facit
2169 2815 2412 2884 picturas
2439 2815 2619 2869 varias
2658 2815 2812 2883 quasi
2844 2814 3211 2883 prominentes
3243 2814 3311 2869 de
3337 2814 3541 2884 pariete

1971 2915 2028 2958 et
2055 2904 2394 2974 egredientes
2421 2922 2435 2956 :
2467 2919 2591 2958 cum
2637 2902 2958 2957 multifarias
2986 2903 3244 2956 virtutum
3276 2901 3543 2971 operatio-

1976 3009 2071 3048 nes
2110 2992 2355 3048 fidelibus
2400 2994 2607 3047 tribuit.
2651 2993 2805 3049 Verbi
2847 2994 3039 3061 gratia,
3085 2992 3296 3048 viscera
3328 2993 3541 3046 miseri-

296 3081 438 3134 intus
480 3079 701 3134 latiores
731 3075 898 3131 fuisse
923 3075 1292 3146 perhibentur,
1335 3074 1461 3143 quia
1490 3072 1743 3126 nimirum
1778 3086 1867 3126 ne-

1973 3082 2189 3147 cordim,
2219 3083 2627 3153 benignitatem,
2655 3081 3028 3145 humilitatem,
3057 3081 3538 3151 patientiam,_mo-

292 3188 442 3228 cesso
472 3179 578 3234 est,
605 3179 665 3224 ut
688 3169 932 3239 quisquis
950 3167 1113 3239 jubar
1138 3181 1381 3237 superum
1404 3163 1871 3239 contemplationis

291 3265 377 3319 vel
421 3263 489 3318 ad
535 3270 864 3318 momentum
904 3258 1238 3330 perceperit,
1287 3273 1407 3311 mox
1461 3256 1637 3310 sinum
1692 3238 1871 3310 cordis

292 3353 520 3424 amplius
547 3350 857 3423 castigando
884 3348 1092 3413 dilatet,
1128 3355 1290 3418 atque
1327 3347 1396 3400 ad
1435 3343 1640 3415 majora
1679 3358 1870 3414 capes-

293 3443 459 3499 senda
534 3440 718 3496 solerti
767 3437 1155 3495 exercitatione
1204 3445 1492 3507 praeparet.
1550 3435 1682 3490 item
1727 3434 1870 3504 quod

293 3531 563 3601 PrOpbeta
594 3528 725 3583 dicit
764 3536 966 3583 terram
1002 3541 1173 3597 usque
1214 3525 1279 3579 ad
1326 3524 1611 3589 fenestras,
1642 3533 1698 3578 et
1724 3522 1872 3578 fene-

292 3632 436 3679 stras
485 3621 726 3689 clausas,
781 3618 1031 3690 designat
1082 3617 1136 3672 in
1186 3615 1493 3672 doctoribus
1545 3614 1868 3686 paucitatem

292 3717 550 3773 doctrina:
580 3712 872 3786 spiritalis;
902 3711 1103 3767 Paulus
1130 3726 1362 3780 namque
1380 3709 1668 3781 Apostolus
1706 3708 1866 3764 dicit:

299 3827 316 3858 ι
349 3804 629 3877 Templum
675 3804 819 3859 enim
867 3803 963 3859 Dei
1013 3810 1257 3856 sanctum
1304 3810 1401 3863 est,
1436 3800 1577 3870 quod
1608 3799 1743 3854 estis
1779 3813 1872 3853 vos

294 3899 344 3969 (1
362 3898 484 3955 Cor.
531 3894 648 3969 ιιι).
681 3915 700 3949 ι
732 3894 934 3967 (Greg.)
957 3894 1014 3949 ln
1039 3895 1141 3949 hoc
1168 3901 1345 3948 autem
1378 3891 1575 3962 templo
1599 3890 1867 3951 fenestrae,

294 3989 605 4047 sacerdotes
628 3994 684 4042 et
708 3985 1070 4056 speculatores
1104 3991 1249 4047 sunt,
1280 3983 1372 4052 qui
1419 3984 1472 4036 in
1496 3981 1692 4054 populo
1735 3979 1868 4034 lide-

296 4084 425 4136 lium
475 4081 656 4135 lumen
707 4085 908 4132 sanctrc
949 4075 1351 4143 praedicationis
1405 4072 1711 4127 infundunt.
1762 4070 1871 4126 Sed

299 4187 421 4226 cum
455 4180 600 4225 terra
638 4182 807 4238 usque
835 4166 903 4221 ad
932 4163 1201 4220 fenestras
1245 4172 1350 4230 εει,
1394 4162 1642 4219 fenestras
1676 4161 1871 4216 clausze

296 4271 444 4327 sunt,
473 4260 599 4332 quia
631 4275 750 4315 cmn
784 4266 996 4313 terrena
1026 4255 1280 4327 cogitatio
1309 4254 1363 4308 in
1388 4254 1726 4309 sacerdotum
1751 4266 1871 4307 cor-

296 4355 452 4409 dibus
476 4351 766 4416 excrescit,
811 4348 1060 4404 fenestrre
1095 4348 1273 4402 lumen
1307 4362 1412 4403 non
1449 4345 1678 4399 fundunt
1699 4384 1715 4410 ,
1744 4345 1870 4417 quia

1972 3172 2224 3238 destiam,
2270 3171 2494 3227 sufferre
2529 3172 2783 3237 invicem,
2826 3179 2881 3224 et
2928 3169 3132 3226 donare
3175 3171 3541 3241 sibimetipsis,

1972 3277 2133 3331 super
2168 3263 2348 3317 omnia
2391 3270 2569 3317 autem
2618 3263 2720 3317 hoc
2766 3262 3087 3318 cbaritatem
3133 3263 3354 3325 habere,
3402 3264 3544 3331 quod

1970 3362 2055 3406 est
2100 3352 2366 3411 vinculum
2406 3351 2775 3422 perfectionis.
2831 3351 2961 3419 Quae
3002 3352 3247 3406 videlicet
3291 3352 3541 3414 virtutes,

1971 3457 2090 3497 cum
2124 3443 2179 3498 in
2219 3452 2421 3496 tantam
2456 3441 2642 3497 electis
2690 3441 3135 3496 consuetudinem
3181 3437 3451 3503 venerint,
3481 3452 3547 3513 uta

1972 3532 2120 3586 velut
2162 3530 2480 3586 naturaliter
2519 3531 2600 3585 eis
2637 3530 2920 3584 videantur
2961 3530 3156 3593 insitas,
3202 3529 3331 3598 quid
3379 3528 3543 3592 ahud,

1918 3692 1923 3697 ι
1970 3637 2134 3693 quam
2170 3622 2393 3691 pictura:
2419 3621 2610 3674 domus
2636 3619 2846 3674 Domini
2874 3620 3266 3688 prominentes,
3295 3618 3451 3687 quasi
3478 3618 3545 3672 de

1971 3712 2176 3782 pariete
2192 3712 2421 3766 exeunt?
2443 3704 2566 3787 quia
2591 3711 2753 3765 verba
2782 3718 2838 3765 et
2864 3725 3026 3780 opera
3056 3710 3297 3765 veritatis
3315 3726 3422 3765 non
3449 3709 3547 3763 ad-

1971 3804 2077 3856 huc
2097 3803 2165 3856 ab
2187 3802 2309 3856 aliis
2332 3802 2669 3856 extrinsecus
2689 3800 2920 3863 discunt,
2945 3801 3035 3856 sed
3058 3801 3178 3855 utsi
3203 3801 3311 3855 sint
3331 3800 3552 3856 sibimet

1972 3891 2133 3945 infixa
2160 3891 2415 3945 radicitus
2448 3898 2502 3944 et
2536 3899 2746 3960 parata,
2772 3905 2985 3959 semper
3011 3890 3078 3944 ab
3111 3889 3311 3944 intimis
3342 3890 3542 3957 cordis,

1970 3996 2089 4051 qua:
2119 3992 2241 4036 sunt
2273 3981 2500 4052 agenda,
2533 3981 2644 4035 sive
2684 3981 2911 4035 dicenda
2937 3979 3232 4048 proferunt.
3274 3978 3542 4052 (llieron.)

1970 4074 2121 4140 Quod
2150 4074 2355 4133 cbcrub
2383 4088 2719 4142 nequaquam
2760 4080 2819 4126 ut
2859 4073 2919 4126 in
2939 4071 3200 4147 principio
3227 4070 3389 4139 hujus
3425 4084 3546 4140 pro—

1970 4166 2146 4234 pheta:
2173 4164 2405 4235 legimus
2434 4173 2664 4233 quatuor
2692 4163 2922 4218 habebat
2961 4163 3147 4228 facies,
3178 4163 3411 4218 hominis
3443 4162 3547 4217 sci-

1971 4254 2096 4308 licet
2121 4264 2176 4309 ct
2209 4253 2398 4317 leonis,
2433 4262 2489 4308 ct
2513 4254 2686 4318 vituli,
2712 4263 2766 4309 et
2790 4254 3003 4324 aquilae,
3031 4255 3125 4309 sed
3153 4262 3361 4308 tantum
3390 4255 3544 4317 duas,

1973 4344 2074 4398 hoc
2108 4353 2208 4408 est,
2250 4344 2482 4399 hominis
2514 4353 2569 4399 et
2602 4345 2791 4400 leonis.
2824 4346 3061 4412 Quorum
3087 4345 3322 4416 primum
3359 4345 3425 4399 ad
3464 4360 3548 4398 ra-

296 4443 605 4499 sacerdotes
653 4440 720 4495 ab
766 4436 940 4494 officio
1002 4435 1402 4508 praedicationis
1467 4435 1867 4489 obmutescunt.
1901 4418 1949 4476 Ῑ)
1976 4436 2178 4491 tionem
2207 4437 2455 4505 pertinet,
2486 4452 2718 4507 sequens
2744 4436 2813 4490 ad
2842 4435 3098 4491 furorem.
3153 4435 3414 4490 Furorem
3453 4450 3549 4488 au-

297 4529 564 4603 (IIieron.)
593 4528 659 4585 Et
684 4544 788 4585 non
817 4529 990 4585 solum
1028 4527 1297 4584 exteriora
1322 4533 1483 4581 erant
1509 4533 1677 4580 strata
1705 4525 1868 4596 ligna,

297 4623 390 4678 sed
431 4631 582 4678 tanta
623 4628 741 4676 erat
784 4620 1049 4690 lignorum
1077 4619 1231 4689 copia
1276 4634 1371 4687 per
1398 4617 1703 4682 circuitum,
1734 4625 1795 4670 ut
1819 4625 1875 4671 et

299 4713 666 4784 pavimentum
697 4719 753 4767 et
781 4711 846 4767 de
868 4711 1177 4781 pavimento
1206 4724 1375 4778 usque
1414 4708 1480 4762 ad
1506 4706 1771 4762 fenestras
1811 4706 1874 4761 li-

299 4803 420 4875 gnis
446 4802 625 4857 omnia
646 4798 1019 4872 jungerentur.
1048 4798 1176 4867 Quae
1203 4796 1451 4853 fenestrae
1470 4797 1624 4867 juxta
1649 4795 1873 4866 Septua-

298 4896 447 4965 ginta
480 4892 857 4962 aperiebantur
893 4890 1196 4959 tripliciter,
1226 4899 1285 4944 ut
1314 4888 1516 4958 apertis
1544 4887 1641 4949 eis,
1675 4886 1872 4957 triplex

302 4989 352 5040 in
389 4983 588 5055 templo
612 4982 706 5037 Dei
736 4981 1087 5051 intelligentia
1114 4987 1526 5035 monstraretur.
1553 4976 1715 5033 Juxta
1747 4977 1872 5031 illud

299 5076 439 5145 quod
468 5072 593 5129 alibi
617 5071 840 5127 dicitur:
870 5089 890 5121 ι
922 5070 999 5124 Tn
1031 5077 1209 5125 autem
1232 5069 1475 5124 describe
1502 5083 1566 5122 ca
1596 5068 1876 5137 triplieitcr

302 5164 487 5240 (Prov.
529 5162 686 5235 nu).
740 5180 758 5214 ι
798 5159 1130 5230 Prospicitur
1174 5168 1352 5214 autem
1394 5174 1490 5229 per
1516 5173 1610 5213 eas
1653 5173 1758 5215 non
1791 5173 1876 5213 so-

302 5258 410 5311 lum
446 5255 691 5319 interius,
721 5251 815 5317 sed
844 5261 900 5307 et
932 5249 1192 5314 exterius,
1223 5258 1283 5304 ut
1321 5264 1438 5319 quae
1465 5249 1720 5305 interiora
1751 5257 1878 5303 sunt

301 5345 611 5410 invisibilia,
640 5359 760 5414 qua:
792 5341 1059 5397 exteriora
1087 5339 1313 5395 visibilia
1347 5355 1732 5412 cognoscamus
1756 5380 1772 5406 ,
1814 5349 1876 5396 ut

302 5435 447 5490 aliud
472 5443 725 5498 mentem,
747 5431 892 5486 aliud
921 5443 1157 5493 carnem,
1189 5427 1333 5483 aliud
1360 5428 1656 5499 Spiritalem
1684 5427 1877 5483 intelli-

303 5527 560 5595 gentiam,
584 5520 725 5580 aliud
753 5522 1048 5595 simplicem
1072 5529 1335 5577 monstret
1358 5521 1657 5577 historiam.
1691 5520 1757 5575 Et
1779 5537 1878 5591 per

305 5632 491 5671 omnes
517 5616 746 5686 parietes
772 5615 826 5669 in
856 5614 1083 5671 circuitu
1109 5623 1216 5668 tam
1239 5613 1563 5668 intrinsecus
1591 5628 1751 5684 quant
1777 5628 1875 5668 ex-

1980 4535 2085 4579 tcm
2126 4525 2377 4591 dicimus,
2416 4541 2523 4579 non
2565 4540 2718 4588 eum,
2767 4525 2875 4598 qui
2898 4524 3283 4594 perturbationi
3319 4532 3377 4578 et
3420 4523 3548 4602 vitio

1977 4615 2256 4684 proximus
2282 4624 2386 4681 est,
2425 4615 2518 4670 sed
2555 4616 2644 4686 qui
2686 4615 2883 4670 mentis
2910 4613 3211 4669 consolidat
3246 4611 3545 4673 mollitiem,

1977 4715 2032 4759 et
2061 4705 2336 4761 fortiorem
2378 4705 2508 4760 facit
2541 4706 2781 4760 animum
2819 4704 3149 4761 dimicantis.
3195 4704 3251 4757 ln
3284 4703 3547 4773 principio

1977 4798 2120 4852 enim
2171 4797 2508 4865 subjacemus
2547 4807 2603 4852 ct
2647 4797 3111 4865 concupiscendus,
3158 4810 3279 4865 qua:
3319 4794 3550 4850 refertur

1978 4887 2044 4945 ad
2074 4886 2297 4941 vitulum
2340 4895 2562 4957 propter
2611 4896 2769 4941 terra:
2810 4902 2997 4956 opera,
3035 4895 3090 4939 et
3126 4885 3230 4938 alia
3269 4894 3392 4938 sunt
3431 4898 3550 4936 car-

1978 4978 2141 5042 milia,
2171 4977 2274 5031 alia
2315 4978 2600 5046 spiritalia,
2627 4990 2856 5046 quorum
2887 4985 3193 5031 extremum
3222 4975 3418 5044 aquila:
3459 4974 3549 5027 de—

1976 5077 2214 5137 putatur.
2241 5068 2371 5122 Cum
2397 5076 2575 5122 autem
2602 5067 2979 5125 intraverimus
2994 5063 3192 5119 Sancta
3218 5071 3546 5131 sanctorum,

1977 5173 2031 5217 et
2068 5162 2320 5217 interiora
2372 5161 2552 5231 templi
2599 5161 3004 5230 possiderimus,
3062 5172 3403 5229 nequaquam
3446 5154 3547 5211 alia

1981 5266 2037 5305 re
2067 5251 2384 5322 indigemus,
2409 5250 2512 5306 nisi
2542 5250 2753 5305 ratione
2778 5259 2938 5319 atque
2965 5246 3302 5315 fortitudine,
3321 5248 3549 5317 quorum

1982 5341 2209 5396 alterum
2240 5342 2306 5395 ad
2336 5356 2551 5395 sensum
2598 5348 2760 5409 atque
2798 5339 3157 5411 prudentiam,
3207 5337 3437 5394 alterum
3469 5351 3550 5391 ιἐο

1981 5432 2152 5487 fertur
2179 5432 2248 5485 ad
2273 5431 2437 5485 animi
2464 5431 2940 5500 persevcrantiam.
2972 5429 3159 5485 Omnis
3186 5430 3351 5499 igitur
3375 5428 3547 5499 paries

1978 5538 2077 5592 per
2098 5522 2382 5577 circuitum
2405 5521 2587 5591 templi
2610 5536 2639 5575 a
2662 5521 2969 5591 pavimento
3000 5535 3169 5590 usque
3189 5520 3257 5574 ad
3281 5517 3545 5588 laquearia

1982 5611 2243 5668 cherubin
2275 5610 2509 5667 habebat
2546 5619 2601 5666 et
2622 5610 2827 5680 palmas
2854 5611 2988 5665 mira
3015 5618 3135 5666 arte
3158 5608 3394 5665 emistus.
3424 5605 3546 5662 Post
