3972 6184
405 370 508 429 977

1314 372 1664 429 (ΖΟΜΜΕΝΤ.
1706 373 1773 428 IN
1813 360 2266 428 EZECHIELEM.
2306 400 2376 412 —
2411 371 2536 426 LIB.
2578 371 2738 427 XVII.

3559 370 3666 426 978

350 557 367 571 θ
405 500 528 555 quae
557 481 901 555 aperiebatur
929 489 1296 539 sanctuarium
1328 493 1382 538 et
1420 485 1677 555 templum
1716 501 1813 555 per
1848 499 1979 553 qua-
2008 486 2058 547 Α
2089 500 2107 533 ι
2136 482 2522 553 Oprofundum
2553 484 2864 539 divitiarum
2905 483 3180 554 sapientia:
3201 492 3257 539 et
3285 483 3524 543 scientia:
3546 486 3666 553 Dei,

405 587 539 632 tuor
560 572 786 644 angulos
814 580 1005 629 contra
1040 573 1234 627 faciem
1274 583 1603 629 sanctorum.
1655 574 1813 628 Prius
1840 573 1986 628 enim

404 666 671 720 habemus
717 663 961 719 scientia:
1004 664 1425 729 multitudinem,
1470 679 1774 736 perquam,
1818 664 1987 719 victo-

404 757 545 809 riam
592 757 658 809 de.
698 756 853 811 hoste
895 756 1299 824 consequimur,
1346 765 1402 812 et
1445 764 1631 827 postea
1667 756 1823 812 nobis
1862 772 1987 812 san-

403 848 679 903 ctuarium
709 847 955 917 aperitur
980 855 1035 902 et
1063 845 1341 916 templum,
1385 847 1530 917 quod
1555 847 1718 901 habet
1756 857 1989 917 quatuor

404 935 649 1008 angulos,
673 945 729 992 et
763 936 1049 990 stationem
1083 936 1469 1001 lirmissimam,
1514 944 1570 991 et
1594 951 1715 1006 qua:
1760 937 1815 990 in
1860 937 1984 991 nul-

405 1027 515 1081 lam
549 1034 759 1097 partem
788 1025 1050 1080 declivior
1074 1026 1164 1080 sit.
1209 1024 1361 1080 Hane
1385 1025 1529 1080 enim
1552 1025 1711 1081 habet
1741 1033 1988 1080 naturam

406 1133 661 1173 mensura
687 1116 1067 1187 quadranguli,
1092 1125 1152 1172 ut
1174 1115 1357 1171 stabili
1382 1117 1803 1199 consistat-basi.
1841 1117 1909 1171 Et
1933 1117 1991 1172 in

407 1210 639 1279 mystico
663 1222 907 1269 numero,
930 1207 1022 1276 qui
1051 1206 1300 1276 prudenti
1326 1206 1516 1262 lectori
1539 1208 1855 1277 perspicuus
1879 1215 1986 1273 est,

407 1296 675 1352 elementa
718 1304 952 1364 quatuor
991 1309 1057 1348 ex
1105 1293 1301 1363 quibus
1335 1300 1587 1348 constant
1615 1294 1795 1348 omnia
1819 1293 1988 1350 solida

406 1396 776 1460 perpetuaque
831 1387 1122 1457 possideat.
1182 1386 1250 1441 Bt
1307 1395 1503 1442 cuncta
1552 1396 1741 1442 contra
1794 1387 1989 1443 faciem

409 1482 703 1538 sanctuarii
728 1479 1081 1550 aspiciebant.
1124 1479 1263 1533 Ante
1288 1480 1431 1549 quod
1457 1480 1846 1545 sanetuarium,
1876 1480 1991 1535 sive

410 1573 465 1627 in
491 1587 599 1643 quo
626 1573 935 1626 sanctuario
957 1572 1309 1643 eratgspccies
1330 1570 1514 1625 altaris
1536 1571 1696 1643 lignei
1724 1574 1883 1626 trium
1904 1588 1992 1626 cu-

408 1662 645 1717 bitorum
662 1660 963 1727 altitudine,
982 1670 1037 1716 et
1052 1661 1384 1733 longitudine
1409 1660 1714 1717 cubitorum
1740 1662 1989 1727 duorum,

409 1760 465 1805 ct
487 1751 766 1805 latitudine
788 1751 1096 1806 cubitorum
1120 1753 1370 1817 duorum,
1389 1752 1479 1821 qui
1498 1752 1681 1822 juncti
1691 1761 1896 1824 septem
1914 1752 1992 1806 fa-

2084 589 2246 644 quam
2304 576 2674 632 inscrutabilia
2718 575 2923 645 judicia
2966 577 3116 645 ejus,
3166 586 3221 633 et
3264 577 3663 650 investigabiles

2084 665 2186 721 via:
2213 664 2391 721 illius!
2430 684 2450 717 ι
2480 664 2658 737 (Rom.
2697 666 2797 736 xi.)
2822 666 2909 732 Et,
2944 685 2962 717 ι
2995 666 3127 734 Quis
3157 668 3405 737 cognovit
3446 682 3667 723 sensum

2085 755 2297 813 Domini
2323 756 2558 831 (Ibid)?
2587 779 2606 812 ι
2643 760 2744 814 nisi
2776 759 2865 815 ille
2893 761 2983 830 qui
3009 769 3092 815 est
3115 761 3296 832 magni
3330 761 3539 816 consilii
3568 777 3665 815 an-

2084 847 2252 919 gelus,
2277 857 2331 903 et
2359 864 2455 903 sua
2482 857 2661 919 potest
2692 850 2867 922 dignis
2899 851 3110 921 aperire
3132 853 3387 922 mysteria
3416 869 3428 904 :
3457 853 3658 913 ἔκθέτας

2086 949 2264 996 autem
2292 940 2477 997 Romae
2505 941 2774 1011 appellant
2801 942 2997 998 solaria
3038 945 3105 1000 de
3131 943 3528 1000 emnaculerum
3560 960 3657 1014 pa-

2087 1032 2310 1088 rietibus
2326 1033 2638 1099 eminentia,
2664 1033 2776 1088 sive
2794 1035 3151 1099 tneniana,.ab
3166 1050 3230 1091 eo
3256 1036 3346 1106 qui
3374 1052 3434 1090 ea
3455 1036 3663 1106 primus

2088 1122 2310 1188 invenit,
2357 1137 2479 1193 quas
2526 1123 2766 1178 nonnulli
2813 1124 3124 1180 Gneeorum
3163 1129 3419 1202 ἕξὼστρας
3447 1138 3662 1182 vocant.

2162 1232 2182 1266 ι
2225 1211 2542 1270 Etlocntus
2560 1224 2643 1271 est
2673 1216 2737 1271 ad
2786 1231 2913 1271 me:
2942 1215 3070 1271 Haec
3117 1226 3202 1272 est
3247 1234 3432 1274 mensa
3480 1203 3662 1274 coram

2093 1321 2114 1356 ‹
2160 1303 2406 1358 Domino.
2448 1302 2518 1357 Et
2547 1304 2652 1358 duo
2682 1307 2816 1360 ostia
2844 1312 3000 1360 erant
3035 1306 3089 1360 in
3120 1306 3315 1376 templo
3343 1315 3396 1361 et
3438 1308 3491 1362 in
3544 1323 3669 1362 san-

2095 1409 2116 1443 α
2158 1391 2387 1457 ctuario,
2414 1398 2467 1446 et
2498 1391 2555 1446 in
2582 1392 2792 1448 duobus
2815 1394 2971 1449 ostiis
3000 1410 3064 1449 ex
3097 1403 3326 1465 utraque
3359 1408 3513 1466 parte
3540 1397 3669 1452 bina

2095 1499 2114 1531 ο
2158 1488 2315 1535 erant
2335 1480 2548 1547 ostiola,
2574 1496 2693 1551 quae
2718 1482 2772 1536 in
2802 1498 2859 1537 se
2885 1484 3112 1538 invicem
3141 1484 3478 1553 plicabantur
3502 1504 3515 1538 :
3544 1485 3668 1541 bina

2097 1591 2115 1622 ι
2161 1571 2305 1625 enim
2336 1572 2476 1626 ostia
2521 1582 2677 1627 erant
2721 1588 2785 1628 ex
2817 1583 3046 1644 utraque
3085 1583 3238 1645 parte
3274 1577 3557 1630 ostiorum.
3603 1577 3671 1631 Et

2098 1679 2117 1710 ι
2166 1659 2350 1714 cmiata
2397 1670 2554 1715 erant
2591 1662 2642 1715 in
2689 1662 2822 1732 ipsis
2860 1665 3013 1719 ostiis
3056 1666 3239 1734 templi
3288 1666 3571 1734 cherubin,
3612 1676 3675 1723 et

2100 1770 2118 1801 ε
2165 1752 2453 1822 sculptura:
2490 1753 2788 1824 palmarum
2840 1755 2979 1809 sicut
3021 1756 3072 1809 in
3120 1758 3416 1826 parietibus
3459 1775 3673 1831 quoque

411 1841 556 1895 cium
578 1840 805 1895 cumras.
829 1840 980 1907 Quod
995 1841 1417 1897 altareehabebai
1437 1858 1659 1909 comm,
1681 1855 1736 1900 ει
1762 1854 1871 1900 iam
1895 1846 1993 1901 ba-
2025 1840 2070 1898 B
2106 1858 2123 1891 ‹
2169 1854 2435 1911 expressae
2461 1851 2634 1897 erant.
2689 1843 3046 1911 Quamobrem
3086 1855 3142 1901 et
3194 1849 3463 1918 grossiora
3517 1861 3687 1921 erant‘

411 1944 521 1995 ses,
545 1944 705 1999 quam
741 1930 970 2000 parietes
992 1930 1130 2000 ejus,
1161 1934 1263 1987 hoc
1293 1941 1393 1999 est,
1421 1934 1588 1990 latera
1614 1944 1770 1989 erant
1793 1935 1985 2006 lignea.

395 2007 468 2076 Ἰιι
510 2038 618 2091 quo
657 2021 949 2093 Scriptura:
983 2034 1182 2081 saneta:
1223 2028 1478 2096 mysteria
1505 2029 1773 2083 humanus
1815 2045 1995 2084 sermo

410 2120 590 2181 potest
618 2113 904 2183 explicare,
956 2116 1223 2184 quomodo
1264 2116 1434 2172 altare
1489 2118 1541 2172 in
1576 2133 1682 2187 quo
1705 2119 1845 2189 ignis
1872 2135 1995 2175 suc—

411 2204 867 2266 eendenduserat,
886 2221 1072 2261 mensa
1094 2206 1343 2263 videlicet
1361 2209 1747 2280 thymiamatis,
1773 2211 1906 2265 nihil
1927 2213 1996 2267 ab

415 2294 538 2365 igne
557 2297 809 2366 patiatur,
826 2299 943 2364 sed,
964 2307 1025 2352 ut
1043 2299 1117 2354 ita
1141 2300 1340 2365 dicam,
1359 2300 1480 2371 igne
1502 2303 1688 2371 purius
1710 2303 1822 2357 fiat.
1844 2303 1998 2359 Sicut

415 2387 559 2441 enim
592 2397 900 2444 sanctorum
936 2404 1119 2459 opera,
1150 2391 1217 2446 de
1243 2390 1439 2462 quibus
1463 2391 1652 2446 scribit
1672 2394 1990 2462 Apostolus:

420 2499 440 2531 ι
469 2479 905 2554 Uniuscujusque
943 2501 1078 2556 opus
1128 2487 1287 2556 quale
1327 2490 1414 2553 sit,
1466 2489 1611 2561 ignis
1654 2491 1928 2560 probabit,
1969 2512 1988 2544 ι

417 2586 525 2626 non
567 2582 815 2642 pereunt,
862 2574 956 2630 sed
1001 2591 1099 2646 per
1128 2577 1305 2647 ignem
1335 2579 1556 2648 puriora
1588 2588 1990 2636 monstrantur:

417 2663 492 2717 ita
540 2672 596 2717 et
636 2663 823 2720 altaris
867 2666 1032 2735 ligna,
1088 2684 1209 2739 qua:
1251 2669 1318 2723 de
1365 2669 1527 2740 lignis
1574 2671 1808 2741 paradisi
1848 2681 1993 2740 sunt,

415 2771 525 2811 non
556 2764 866 2812 cremantur
897 2759 1020 2831 igne
1053 2760 1250 2825 vicino,
1285 2762 1378 2817 sed
1408 2763 1630 2833 puriora
1674 2764 1991 2819 redduntur.

417 2844 532 2901 Nec
558 2847 753 2901 mirum
782 2849 886 2903 hoc
908 2850 974 2903 de
1001 2852 1309 2906 sanctuario
1337 2861 1390 2907 et
1416 2852 1761 2910 interioribus
1789 2856 1994 2927 templi,

420 2947 473 2993 et
504 2938 663 2994 altari
709 2939 1073 3011 thymiamatis
1106 2944 1353 3009 credere,
1382 2960 1503 3000 eum
1543 2946 1707 3001 etiam
1730 2948 1994 3018 enim“,

419 3028 565 3097 quod
606 3028 731 3100 ligni
768 3045 938 3101 genus
972 3041 1055 3087 est
1098 3033 1183 3089 vel
1208 3034 1299 3089 lini
1339 3035 1541 3091 habens
1569 3037 2001 3105 similitudinem,

419 3129 623 3190 quanto
652 3121 769 3192 plus
799 3124 1011 3190 arserit,
1041 3132 1190 3179 tanto
1219 3126 1470 3182 mundius
1495 3127 1819 3184 inveniatur.

2102 1951 2120 1985 ‹
2166 1934 2307 2006 ligna
2345 1935 2397 1989 in
2428 1935 2677 1989 vestibuli
2710 1935 2885 1991 fronte
2915 1936 3235 2004 forinsecus,
3265 1956 3427 2011 super
3454 1958 3573 2011 quae
3599 1942 3675 1996 fe-

2103 2044 2121 2077 c
2168 2036 2361 2082 nostra:
2390 2025 2621 2097 obliqua:
2642 2038 2689 2081 et
2721 2029 3016 2084 similitudo
3042 2029 3337 2099 palmarum
3364 2030 3490 2088 hinc
3515 2042 3675 2103 atque

2103 2136 2119 2169 ι
2166 2119 2288 2174 inde
2325 2119 2376 2173 in
2411 2119 2708 2176 humerulis
2736 2120 3009 2188 vestibuli,
3040 2123 3334 2178 smundum
3374 2123 3544 2179 latera
3580 2126 3676 2181 do-

2100 2226 2119 2259 ι
2167 2224 2285 2263 mus
2316 2208 2762 2281 latitudinrnique
2802 2213 3090 2283 parietum.
3128 2234 3145 2266 ›
3184 2214 3274 2269 Vir
3303 2232 3434 2286 ergo
3465 2198 3550 2271 ille
3580 2217 3675 2288 qui

2094 2299 2412 2368 prophetam
2449 2300 2501 2354 in
2553 2300 2732 2356 abdita
2779 2302 2963 2374 templi
3001 2305 3390 2370 introduxerat,
3435 2316 3490 2364 et
3534 2308 3677 2364 inter

2096 2399 2290 2444 cetera
2317 2391 2628 2446 ostenderat
2658 2392 2705 2447 ei
2734 2392 2902 2447 altare
2927 2394 3179 2466 ligneum,
3202 2398 3342 2466 quod
3369 2405 3423 2451 et
3450 2397 3676 2469 angulos

2095 2489 2149 2535 et
2194 2497 2414 2546 cornua,
2447 2482 2602 2553 juxta
2643 2483 3025 2557 Septuaginta,
3072 2495 3127 2543 et
3167 2488 3402 2558 parietes
3442 2488 3676 2545 habebat

2095 2570 2325 2642 ligneos,
2350 2572 2487 2628 dixit
2518 2574 2565 2629 ci
2593 2592 2605 2627 :
2652 2574 2763 2631 Hoc
2804 2576 2977 2631 altare
3005 2577 3147 2648 quod
3181 2579 3403 2649 respicis
3448 2579 3560 2649 ipsa
3589 2590 3673 2636 est

2096 2678 2282 2717 mensa
2312 2678 2495 2717 coram
2528 2664 2774 2732 Domino,
2803 2683 2924 2737 qua:
2968 2668 3021 2724 in
3061 2669 3412 2726 similitudine
3443 2670 3561 2725 rubi
3588 2688 3676 2726 ar-

2096 2751 2185 2806 det
2213 2762 2267 2807 et
2295 2768 2400 2808 non
2431 2756 2790 2811 comburitur.
2819 2759 2892 2814 De
2932 2775 3037 2829 qua
3080 2769 3299 2815 sanctus
3339 2760 3577 2831 loquitur
3606 2762 3675 2817 ad

2097 2840 2297 2899 Deum:
2321 2863 2339 2894 ‹
2367 2842 2573 2899 Parasti
2600 2845 2652 2899 in
2672 2858 2959 2916 conspectu
2985 2864 3103 2902 meo
3129 2864 3392 2915 mensam,
3416 2849 3676 2905 adversus

2096 2945 2191 2985 eos
2233 2932 2324 3000 qui
2376 2932 2637 2987 tribulant
2687 2950 2772 2989 me
2828 2926 3002 3005 (Psul.
3030 2936 3188 3007 χχιι).
3236 2955 3254 2988 ι
3313 2932 3428 2993 Ι)υο
3462 2953 3677 3008 quoque

2095 3022 2234 3076 ostia
2277 3030 2434 3077 erant
2479 3023 2533 3078 in
2580 3024 2800 3094 templo,
2846 3034 2899 3079 et
2948 3026 3000 3081 in
3050 3027 3164 3098 ipso
3210 3030 3539 3095 sanctuario,
3577 3047 3679 3101 per

2098 3127 2218 3181 qum
2241 3114 2519 3184 utriusque
2542 3115 2885 3171 instrumenti
2913 3127 3245 3174 sacramenta
3282 3129 3683 3175 monstrantura

494 3208 786 3283 (MAURUS.)
833 3210 1068 3267 Possunt
1112 3223 1295 3269 tamen
1353 3216 1406 3270 in
1455 3215 1739 3272 altitudine
1783 3217 1991 3285 altaris,

2100 3200 2165 3256 Et
2216 3202 2269 3255 in
2313 3203 2520 3259 duobus
2568 3206 2723 3261 ostiis
2766 3221 2832 3261 cx
2882 3216 3112 3277 utraque
3164 3219 3317 3280 parte
3356 3209 3480 3286 bina
3521 3220 3683 3266 erant

418 3314 542 3369 qua:
567 3308 653 3355 est
678 3301 837 3355 trium
876 3303 1199 3370 cubitorum,
1230 3305 1453 3374 mystice
1490 3306 1658 3376 accipi
1694 3307 1857 3361 corda
1888 3306 1997 3362 cle-

420 3398 656 3455 clorum,
704 3406 823 3461 qua:
864 3407 962 3463 per
1006 3393 1187 3458 fidem,
1242 3408 1411 3463 spem,
1464 3402 1519 3449 et
1567 3394 1885 3449 charitatem
1927 3393 1996 3448 ad

420 3481 663 3535 coelestia
696 3483 949 3548 tendunt;
1002 3483 1056 3539 in
1085 3484 1435 3553 longitudine,
1463 3501 1581 3555 qua:
1609 3493 1723 3541 erat
1767 3486 1997 3540 duorum

419 3571 747 3638 cubitorum,
777 3572 1157 3644 longanimitas
1181 3584 1238 3630 et
1258 3576 1515 3645 patientia
1541 3592 1726 3632 eorum
1749 3577 1995 3649 intelligi,

419 3659 512 3729 qui
561 3670 879 3732 exspectant
929 3679 1150 3732 regnum
1200 3664 1481 3732 futurum,
1538 3675 1591 3722 et
1636 3676 1891 3722 exercent
1936 3683 1996 3723 se

417 3750 558 3806 l‘ene
583 3753 852 3821 operando
877 3753 931 3808 in
956 3754 1164 3811 duobus
1188 3757 1471 3827 prmceptis
1497 3755 1796 3822 cbaritatis,
1825 3759 1995 3812 donec

417 3840 736 3910 perveniant
783 3842 850 3897 ad
904 3845 1097 3915 gaudia
1147 3847 1493 3917 sempiterna.
1561 3846 1717 3917 Apte
1742 3848 1886 3902 enim
1940 3848 2001 3901 in

419 3935 821 3989 constructione
863 3935 1194 3991 tabernaculi
1223 3937 1317 3993 Dei
1346 3938 1412 3993 de
1441 3937 1599 4010 lignis
1646 3939 1801 3993 setim
1823 3980 1840 4005 ,
1875 3953 1995 4008 qua:

418 4022 555 4077 alba:
586 4025 752 4094 spina:
776 4026 993 4093 similia,
1022 4036 1219 4083 etesse
1267 4029 1694 4100 incorruptibiiia
1720 4030 1993 4097 dicuntur,

418 4120 709 4183 utrumque
737 4114 909 4171 altare
938 4117 1052 4172 fieri
1092 4120 1423 4190 prmcipitur.
1457 4120 1571 4176 Hoc
1598 4130 1702 4186 est,
1733 4121 1992 4177 holocau-

419 4201 489 4256 sti
526 4211 582 4257 et
612 4205 906 4275 thymiama
933 4207 978 4262 is
1007 4225 1020 4261 :
1064 4209 1190 4278 quia
1220 4210 1473 4265 nimirum
1505 4227 1607 4265 una
1632 4221 1713 4268 est
1741 4212 1863 4268 fidei
1887 4230 1993 4271 non

421 4292 559 4348 (icta!
588 4295 833 4351 llrmitas.
867 4297 1001 4365 Quia
1041 4301 1282 4356 omnium
1324 4302 1484 4358 corda
1515 4303 1810 4361 electorum
1859 4322 1996 4377 pra:-

418 4383 618 4437 umniri
664 4393 828 4456 atque
872 4388 940 4442 ad
987 4391 1387 4462 suscipiendum
1440 4393 1617 4466 ignem
1665 4396 1991 4464 dilectionis,

417 4477 471 4523 et
498 4469 770 4526 offerenda
813 4473 921 4528 Deo
947 4474 1209 4530 virtutum
1242 4477 1519 4543 libamina,
1550 4479 1749 4535 debent
1775 4496 1988 4550 prtepa-

419 4560 552 4623 rari,
568 4562 693 4631 quia
716 4563 966 4620 omnibus
980 4566 1305 4637 generaliter
1326 4569 1532 4637 pusillis
1554 4584 1675 4624 cum
1700 4570 1994 4641 majoribus

419 4649 657 4722 loquitur
679 4652 966 4727 Apostolus
991 4655 1212 4711 dicens:
1246 4675 1265 4708 ι
1295 4656 1613 4713 Mundemus
1633 4673 1732 4713 nos
1752 4662 1820 4714 ab
1845 4661 1993 4715 omni

420 4740 831 4809 inquinamento
868 4745 1049 4799 carnis
1073 4751 1129 4799 et
1158 4744 1402 4814 spiritus,
1426 4745 1771 4816 perﬁcientes
1795 4749 1993 4803 sancti-

418 4828 725 4885 ﬁcationcm
774 4834 826 4887 in
860 4834 1052 4888 timore
1076 4833 1169 4889 Dei
1199 4832 1253 4906 (Ι
1274 4833 1399 4890 Cor.
1424 4834 1541 4905 vn).
1591 4856 1609 4888 ι
1662 4836 1800 4907 Apte
1853 4853 1992 4893 unus

418 4936 483 4977 ac
512 4937 617 4976 non
652 4922 834 4994 dispar
861 4934 981 4980 erat
1013 4926 1168 4998 ignis,
1199 4928 1291 4998 qui
1336 4928 1392 4982 in
1418 4927 1521 4982 hoc
1543 4927 1700 4984 altari
1724 4930 1986 4995 victimas,

417 5013 471 5069 in
499 5014 590 5068 illo
623 5015 781 5070 thura
820 5016 1182 5085 incendebat,
1230 5019 1355 5089 quia
1404 5019 1661 5075 nimirum
1716 5037 1856 5077 unus
1907 5030 1993 5077 est

416 5105 663 5176 spiritus,
711 5106 802 5178 qui
851 5116 1166 5165 cunctorum
1221 5120 1428 5165 mentes
1473 5110 1706 5165 fidelium
1750 5112 1991 5167 variante

416 5198 762 5253 donationum
779 5200 951 5271 gratia
963 5200 1216 5257 vivificat.
1231 5199 1505 5276 (Ηὶενοη.)
1529 5202 1772 5272 Ignosce,
1798 5203 1984 5268 lector,

414 5289 733 5353 dilltcmtati,
767 5301 821 5346 et
862 5293 1072 5348 veniam
1119 5294 1293 5348 tribue
1334 5295 1556 5365 pauperi
1601 5293 1984 5366 intelligentite.

413 5377 522 5434 Per
556 5379 824 5437 fenestras
852 5384 995 5438 enim
1022 5383 1269 5453 obliquas
1305 5391 1359 5438 et
1390 5385 1441 5438 in
1476 5384 1693 5440 modum
1725 5385 1856 5440 retis
1910 5384 1990 5438 fa-

412 5477 557 5535 ctas,
580 5479 635 5526 et
668 5487 790 5543 quae
832 5487 1049 5543 semper
1076 5473 1272 5529 clausae
1306 5483 1451 5538 sunt,
1478 5474 1571 5528 vix
1599 5489 1772 5545 usque
1816 5474 1884 5529 ad
1914 5473 1995 5528 in-

415 5561 671 5617 teriorem
700 5563 916 5617 domum
939 5562 1119 5617 cordis
1142 5562 1313 5618 nostri
1342 5562 1555 5617 oculum
1587 5577 1874 5633 possumus
1904 5562 1990 5616 iu-

415 5655 745 5719 tromittcre,
793 5661 855 5708 ut
883 5654 1063 5708 omnia
1092 5668 1212 5723 quae
1256 5652 1531 5708 cernimus
1579 5654 1633 5707 in
1669 5654 1861 5708 umbra
1908 5649 1992 5710 vi-

415 5743 639 5801 deamus
677 5752 731 5801 ct
775 5742 1043 5817 imagine,
1083 5754 1138 5798 et
1176 5758 1296 5799 cum
1337 5741 1594 5813 Apostolo
1662 5742 1986 5799 clamemus:

2019 4534 2072 4594 D

2098 3291 2311 3356 ostiola,
2341 3308 2461 3362 qua:
2492 3294 2544 3347 in
2572 3309 2630 3348 se
2659 3295 2889 3350 invicem
2924 3297 3303 3368 plicabantur:
3333 3310 3391 3356 ut
3419 3310 3473 3354 et
3508 3301 3560 3355 in
3593 3302 3681 3356 hi-

2099 3384 2269 3437 storia
2315 3383 2609 3455 spiritalem
2637 3385 2840 3442 habeas
2868 3387 3293 3459 intelligentiam,
3324 3399 3379 3445 et
3415 3391 3468 3445 in
3498 3398 3678 3462 tropo-

2097 3474 2237 3546 logia
2282 3476 2522 3531 historiae
2566 3479 2875 3543 veritatem,
2907 3496 3137 3550 quorum
3181 3491 3468 3554 utrumque
3497 3484 3673 3540 altero

2099 3565 2321 3636 indiget,
2351 3575 2405 3620 et
2428 3566 2472 3620 si
2501 3583 2663 3621 unum
2690 3566 2944 3635 defuerit,
2974 3570 3213 3640 perfecta
3244 3582 3396 3647 caret
3423 3573 3673 3628 scientia.

2099 3654 2250 3723 Quod
2281 3665 2457 3712 autem
2486 3659 2727 3729 sequitur
2755 3676 2768 3713 :
2800 3680 2817 3714 ι
2842 3660 2972 3716 Bina
2998 3663 3136 3716 ostia
3165 3672 3323 3719 erant
3346 3680 3419 3719 ex
3440 3674 3668 3736 utraque

2098 3755 2252 3815 parte
2293 3747 2589 3813 ostiorum,
2626 3769 2643 3801 ι
2690 3748 2845 3818 juxta
2891 3751 3131 3808 litteram
3177 3755 3519 3825 perspicuum
3564 3765 3670 3813 est.

2097 3836 2285 3893 Solent
2319 3839 2463 3893 enim
2505 3839 2559 3894 in
2592 3840 2885 3910 majoribus
2912 3843 3161 3901 tricliniis
3183 3847 3307 3902 bina
3335 3847 3435 3904 sibi
3464 3847 3671 3904 haerere

2096 3933 2258 3995 atque
2281 3927 2557 4000 conjungi,
2586 3938 2646 3984 ut
2672 3930 2844 3995 major
2869 3932 3122 3989 introitus
3166 3951 3503 4006 nequaquam
3534 3938 3669 3996 duo-

2094 4017 2196 4072 bus
2224 4026 2279 4073 et
2304 4018 2627 4089 ingentibus,
2665 4021 2760 4076 sed
2795 4031 3028 4093 quatuor
3059 4025 3356 4081 minoribus
3389 4025 3672 4083 claudatur

2095 4109 2179 4163 vel
2206 4111 2479 4180 aperiatur
2509 4110 2733 4167 foribus.
2754 4112 2965 4185 (Beda.)
2986 4113 3305 4185 llatcitaqne
3329 4117 3468 4172 ostia
3487 4133 3585 4188 per
3603 4119 3677 4173 si-

2094 4199 2495 4270 gnificationem
2516 4201 2811 4258 multifario
2834 4212 3061 4275 possunt
3077 4205 3268 4275 accipi.
3288 4204 3419 4261 Nam
3437 4217 3491 4262 et
3512 4223 3675 4278 ange-

2095 4289 2230 4344 licos
2256 4291 2479 4362 spiritus
2506 4308 2732 4362 quorum
2766 4294 3069 4349 ministerio
3096 4295 3149 4348 in
3175 4294 3557 4350 habitationem
3579 4314 3677 4366 pa-

2100 4383 2220 4437 tria:
2247 4384 2485 4440 cmlcstis
2520 4385 2931 4450 introducimur,
2959 4385 3236 4453 aptissime
3261 4386 3547 4457 designant
3578 4405 3590 4440 :
3622 4396 3678 4442 et

2101 4473 2467 4540 apostolorum
2510 4488 2663 4543 mque
2700 4474 3227 4544 apostolicorumqae
3266 4475 3522 4541 virorum,
3553 4478 3675 4532 oui-

2098 4564 2197 4619 bus
2223 4564 2402 4620 claves
2425 4565 2576 4635 regni
2602 4564 2861 4619 caelorum
2888 4572 3012 4619 sunt
3035 4564 3194 4631 datm,
3221 4575 3403 4621 tenent
3424 4568 3673 4640 ﬁguram.

2099 4656 2199 4722 Qui
2240 4664 2458 4727 accepta
2488 4663 2755 4726 potestate
2801 4670 2829 4710 a
2872 4656 3098 4711 Domino
3143 4657 3341 4728 ligandi
3377 4668 3537 4729 atque
3569 4660 3677 4717 sol-

2099 4747 2255 4801 vendi
2301 4744 2515 4818 (Matth.
2560 4746 2799 4819 xvm),ct
2828 4747 3019 4818 dignos
3064 4747 3210 4805 intra
3252 4750 3400 4818 regni
3443 4749 3671 4819 januam

2098 4836 2406 4902 admittunt,
2432 4844 2487 4891 et
2508 4846 2872 4902 contumaces,
2899 4839 3137 4908 impuros
3166 4856 3232 4897 ac
3275 4842 3554 4911 superbos,
3579 4859 3681 4900 ex-

2099 4927 2568 4993 communicando,
2612 4927 2725 4983 sive
2767 4929 3294 4996 anathematizando,
3331 4933 3399 4987 ab
3431 4933 3675 5003 ingressu

2096 5016 2223 5071 vitae
2250 5017 2500 5087 perennis
2532 5017 2832 5071 eliminant.
2876 5018 2980 5073 Sed
3016 5030 3073 5074 et
3094 5035 3257 5090 opera
3281 5018 3505 5088 justitia:
3541 5034 3675 5089 quo-

2099 5122 2216 5161 rmn
2264 5108 2456 5162 merito
2501 5109 2567 5163 ad
2616 5124 2840 5180 regnum
2891 5108 3112 5165 cmleste
3150 5110 3482 5182 pervenitur,
3525 5118 3674 5163 recte

2094 5212 2191 5266 per
2209 5199 2367 5264 ostia,
2398 5213 2495 5267 per
2519 5214 2639 5268 qua:
2666 5199 2719 5253 in
2751 5198 2949 5253 Sancta
2982 5208 3291 5254 sanctorum
3334 5197 3672 5270 ingredieba-

2097 5297 2201 5350 tur,
2236 5294 2461 5357 possunt
2494 5288 2668 5359 typiee
2694 5287 2987 5357 designari,
3019 5285 3175 5355 juxia
3206 5288 3309 5341 hoc
3333 5286 3475 5356 quod
3517 5286 3568 5340 in
3610 5285 3673 5339 li-

2095 5377 2195 5431 bro
2232 5375 2519 5447 Sapientiae
2549 5378 2808 5448 scriptum
2843 5387 2925 5434 est
2955 5397 2967 5432 :
3001 5398 3019 5429 ‹
3058 5377 3358 5434 Custoditio
3386 5386 3565 5433 autem
3598 5377 3675 5431 le-

2096 5484 2245 5539 gum,
2280 5470 2672 5524 consummatio
2722 5469 3140 5538 incorruptionis
3166 5477 3280 5535 est;
3336 5468 3673 5538 incorruptio

2098 5569 2277 5614 autem
2310 5559 2441 5614 facit
2468 5575 2587 5616 esse
2613 5562 2914 5631 proximum
2942 5562 3051 5615 Deo
3083 5558 3231 5631 (Sep.
3267 5559 3361 5631 vi).
3397 5579 3415 5612 ι
3457 5557 3670 5615 Coucu~

2096 5651 2357 5722 piscentia
2403 5651 2586 5721 itaque
2615 5651 2892 5721 sapientiae
2930 5650 3157 5705 deducet
3188 5650 3255 5704 azl
3298 5663 3522 5721 regnum
3548 5664 3672 5718 per-

2097 5751 2338 5814 petuum.
2387 5744 2592 5812 Quibus
2637 5740 2885 5798 omnibus
2930 5749 3052 5812 apte
3099 5740 3362 5813 congruit.
3409 5736 3521 5796 Duo
3552 5746 3685 5797 sunt
