3972 6184
354 327 465 396 979

353 450 533 498 autem
560 442 774 509 ostiola,
804 444 916 500 sive
942 444 1065 514 quia
1090 444 1258 497 Deum
1288 458 1351 498 ac
1380 443 1655 512 proximos
1681 444 1927 515 diligunt,
1961 447 2007 506 Α

351 543 409 591 et
457 534 659 607 angeli,
708 544 762 592 et
801 535 1046 591 homines
1092 536 1285 601 sancti,
1325 550 1499 604 neque
1537 534 1676 591 ullus
1703 536 1926 607 januam

351 624 498 690 vitae,
528 624 627 678 nisi
663 639 761 693 per
786 623 1053 695 geminam
1083 624 1223 678 hanc
1249 623 1593 680 dilectionem
1625 624 1821 695 poterit
1847 624 1928 679 in-

358 714 504 769 trare
539 732 552 768 :
596 730 689 769 seu
720 714 846 784 quia
892 714 1176 784 utriusque
1202 714 1379 784 populi
1410 712 1655 770 fidelibus
1682 725 1737 770 et
1757 713 1928 771 Judtei

354 801 562 857 scilicet
594 810 647 856 et
679 802 894 874 gentilis
929 803 1117 858 eadem
1145 804 1267 858 vita:
1294 803 1463 874 jauua
1502 811 1793 858 reseratur.
1828 804 1928 859 Po-

356 904 467 949 stes
507 893 709 949 habent
755 895 1072 965 angulorum
1122 897 1380 968 quinque,
1435 896 1561 966 quia
1603 912 1709 951 non
1753 897 1926 952 solum

355 982 567 1039 animas
595 984 893 1040 electorum
922 984 1042 1041 aula
1072 986 1195 1041 coeli
1243 987 1449 1056 recipit,
1481 987 1574 1041 sed
1604 997 1657 1040 et
1683 988 1927 1057 corpori-

357 1071 459 1127 bus
496 1073 786 1129 immortali
815 1074 986 1146 gloria
1015 1076 1256 1146 praeditis
1296 1076 1348 1130 in
1382 1075 1589 1147 judicio
1628 1094 1754 1133 suas
1788 1077 1931 1133 fores

351 1165 545 1233 aperit.
576 1162 844 1239 (Hieron.)
895 1164 950 1220 In
979 1166 1174 1235 quibus
1206 1167 1360 1221 ostiis
1389 1166 1574 1235 templi
1607 1166 1722 1222 sive
1755 1167 1927 1222 sancti

350 1264 659 1310 sanctorum
688 1255 873 1309 cmlata
918 1262 1073 1309 erant
1115 1255 1398 1323 cherubin,
1434 1257 1499 1312 de
1524 1257 1720 1328 quibus
1769 1273 1930 1327 supra

352 1346 611 1412 diximus,
641 1355 694 1401 et
730 1347 1019 1417 sculptura:
1061 1348 1361 1419 palmarum
1392 1366 1406 1400 :
1440 1359 1498 1403 ut
1526 1359 1645 1420 post
1691 1351 1931 1407 scientiae

353 1436 750 1492 multitudinem
803 1439 1031 1493 victoria
1082 1439 1411 1495 intrantibus
1452 1441 1742 1510 praebetur.
1803 1441 1932 1509 Qua:

352 1526 625 1596 sculptura
664 1527 962 1597 palmarum
1005 1527 1057 1581 in
1097 1529 1348 1583 omnibus
1384 1544 1600 1598 quoque
1637 1529 1931 1600 parietibus

352 1618 536 1689 trmpli
560 1626 700 1674 erat.
726 1617 1029 1689 Redditquc
1065 1634 1258 1674 causas
1293 1636 1458 1690 quare
1500 1620 1686 1675 uelata
1732 1619 1932 1675 fuerint

354 1707 407 1761 in
440 1707 569 1777 ipsis
598 1708 755 1763 ostiis
795 1708 1076 1775 cherubin,
1107 1716 1161 1764 et
1204 1709 1506 1779 palmarum
1554 1726 1824 1781 expressa:
1858 1711 1932 1766 si-

992 333 1054 389 B.
1093 331 1344 388 RABANI
1378 331 1596 388 MAURI
1634 330 1954 388 ARClllEP.
1997 331 2310 389 MOGUNT.
2344 331 2628 390 OPERUM
2667 332 2846 388 PARS
2883 334 2949 389 ll.

3514 332 3625 390 980

2617 445 2844 502 CAPUT
2884 445 3044 501 XLII.

2031 572 2539 650 Dc_gasopl_tylactis
2570 577 2822 650 australis
2855 587 2903 650 et
2939 580 3266 650 aquilonum
3298 580 3530 650 aediﬁcii,
3572 591 3624 638 α

2099 644 2376 716 descriptio
2437 715 2441 716 ν
2472 663 2651 700 eorum
2678 644 3027 716 a’diﬁciorum
3067 663 3085 701 :
3125 649 3190 703 de
3224 650 3352 704 locis
3380 644 3468 704 tibi
3492 644 3623 707 cde-

2102 712 2225 791 b_ant
2260 712 2575 791 sacerdotes,
2603 717 2694 791 qui
2732 712 3051 791 nongexea‘nt
3092 719 3162 791 ad
3198 721 3482 791 populum,
3518 723 3624 777 nisi

2099 783 2347 853 depositis
2375 783 2690 841 vestimentis
2718 787 2996 842 ministerii
3023 788 3127 855 sui,
3157 783 3261 844 etc.

2107 936 2127 970 ι
2166 917 2232 973 Et
2252 918 2439 974 eduxit
2465 934 2550 974 me
2575 921 2626 974 in
2656 921 2855 976 atrium
2882 922 3234 994 exteriusper
3253 922 3398 977 viam
3428 923 3626 978 ducen-

2037 1025 2057 1060 t
2096 1016 2200 1064 tem
2239 1010 2308 1064 ad
2341 1010 2669 1080 aquilonem,
2696 1019 2752 1067 et
2774 1010 3074 1068 introduxit
3099 1028 3185 1067 me
3225 1013 3280 1067 in
3305 1013 3624 1084 gazophyla-

2037 1119 2059 1155 ι
2092 1103 2258 1168 cium,
2302 1103 2449 1173 quod
2489 1111 2611 1158 erat
2647 1112 2842 1159 contra
2890 1114 3201 1174 separatum
3243 1103 3528 1160 :editicium
3569 1112 3625 1159 et

2037 1209 2057 1243 ι
2092 1201 2283 1248 contra
2316 1194 2486 1248 aedem
2527 1201 2839 1264 vergentem
2883 1194 2951 1249 ad
2996 1195 3334 1263 aquilonem,
3381 1195 3439 1249 in
3484 1196 3620 1249 facie

2041 1300 2059 1334 ι
2095 1282 2445 1353 longitudinis
2475 1292 2692 1338 centum
2719 1284 2953 1350 cubitos,
2971 1284 3099 1339 ostii
3128 1284 3395 1354 aquilonis
3424 1294 3479 1338 et
3503 1284 3623 1338 lati-

2036 1391 2055 1424 ι
2093 1373 2295 1427 tudinis
2317 1372 2708 1443 quinquaginta
2736 1373 2947 1428 cubitos
2972 1382 3164 1427 contra
3193 1373 3381 1443 viginti
3407 1374 3621 1428 cubitus

2038 1479 2056 1511 ι
2096 1461 2218 1515 atrii
2254 1461 2551 1526 interioris,
2582 1469 2638 1516 et
2663 1468 2853 1516 contra
2884 1462 3253 1530 pavimentum
3282 1470 3513 1516 stratum
3551 1463 3622 1516 la-

2038 1568 2054 1601 t
2093 1549 2216 1619 pidc
2253 1550 2377 1604 atrii
2404 1550 2717 1615 exterioris,
2757 1550 2844 1604 ubi
2875 1559 2992 1606 erat
3020 1550 3260 1620 porticus
3279 1549 3467 1619 juncta
3499 1567 3622 1621 por—

2037 1659 2055 1690 ¢
2092 1639 2222 1694 ticui
2250 1638 2466 1709 triplici.
2491 1640 2559 1694 Et
2583 1648 2710 1694 ante
2734 1640 3118 1711 gazophylacia
3136 1640 3503 1696 deambulatio
3528 1643 3622 1696 de-

2037 1748 2054 1779 t
2089 1743 2208 1782 cem
2247 1729 2553 1784 cubitorum
2595 1728 2901 1784 latitudinis
2932 1730 3000 1784 ad
3033 1729 3292 1784 interiora
3321 1731 3621 1800 respiciens

351 1797 705 1866 militudiues,
734 1800 874 1855 unde
911 1808 964 1855 et
989 1800 1259 1871 grossiora
1286 1809 1443 1856 erant
1482 1800 1624 1870 ligna
1664 1802 1716 1856 in
1762 1804 1923 1858 vesti-
1956 1823 1995 1881 Β
2031 1837 2049 1869 .
2088 1819 2185 1875 vim
2235 1818 2402 1874 ουυειί
2463 1821 2639 1875 unius.
2702 1821 2772 1875 Ει
2827 1821 2965 1876 ostia
3022 1836 3210 1877 eorum
3273 1823 3344 1876 ad
3414 1797 3620 1893 gquuo.

349 1888 475 1942 bulo
501 1897 670 1959 portae
706 1889 1006 1945 forinsecus
1037 1899 1097 1945 ut
1126 1898 1180 1945 et
1210 1890 1517 1945 firmitatem
1564 1892 1845 1957 haberent,
1872 1905 1928 1950 et

349 1979 668 2043 coelaturam
698 1992 919 2051 possent
951 1983 1212 2053 recipere.
1259 1982 1600 2053 Pulchreque
1647 1983 1802 2052 juxta
1847 1987 1928 2041 in-

353 2068 701 2139 telligentiam
758 2070 1055 2139 spiritalem
1117 2070 1357 2126 firmiora
1429 2083 1484 2127 et
1538 2071 1724 2127 caelata
1801 2085 1927 2130 sunt

350 2161 506 2223 ostia,
556 2167 617 2218 ut
656 2169 710 2216 et
757 2161 895 2215 lirmi
925 2171 1064 2218 atem
1099 2162 1335 2217 habeant
1374 2172 1482 2233 etp
1522 2162 1922 2232 lcbritudiuem,

350 2266 419 2306 ne
447 2250 567 2321 quis
607 2251 677 2306 ad
705 2249 901 2307 Sancta
931 2262 1241 2308 sanctorum
1275 2252 1469 2309 similis
1490 2252 1634 2309 Oziae
1657 2270 1726 2329 po
1758 2256 1827 2309 sit
1855 2257 1925 2310 ir-

348 2356 617 2413 runpere,
649 2352 704 2398 et
731 2344 833 2399 sibi
862 2332 1224 2399 sacerdotium
1251 2345 1548 2403 vindicare.
1598 2346 1810 2420 (Bcda.)
1840 2348 1924 2404 llli

345 2434 616 2504 praecipue
644 2435 840 2504 quibus
871 2434 1108 2491 ﬁdelium
1152 2452 1286 2491 cura
1316 2439 1630 2504 commissa,
1663 2448 1718 2495 et
1747 2440 1925 2496 claves

347 2526 497 2594 regni
530 2525 788 2581 caelorum
814 2536 940 2581 sunt
966 2527 1124 2593 datae,
1152 2528 1298 2582 omni
1345 2527 1543 2584 debent
1592 2529 1811 2585 solertia
1842 2532 1924 2586 in-

345 2615 423 2670 sis
446 2628 558 2679 ere,
588 2625 647 2669 ut
673 2623 932 2685 quantum
963 2618 1130 2688 gradu
1169 2618 1491 2689 prteminent
1527 2621 1760 2684 ceteris,
1800 2630 1922 2677 tau-

346 2713 460 2759 tum
502 2709 557 2758 et
606 2705 797 2761 merito
844 2706 1152 2776 praecellant
1202 2709 1359 2764 bona:
1402 2711 1679 2783 actionis.‘
1711 2709 1924 2766 Habent

345 2809 583 2864 namque
638 2795 690 2849 in
739 2810 798 2850 se
849 2796 1114 2866 picturam
1159 2798 1421 2853 cherubin
1471 2800 1754 2870 sculptam,
1795 2818 1920 2857 cum

346 2884 643 2955 angelicam
674 2885 726 2938 in
754 2886 916 2940 terris
941 2887 1125 2953 vitam,
1158 2898 1417 2959 quantum
1454 2891 1773 2947 mortalibus
1803 2909 1922 2963 pos-

341 2980 499 3034 sibile
524 2989 627 3044 est,
653 2986 709 3034 et
737 2988 914 3034 mente
958 2979 1237 3036 imitantur
1263 2992 1318 3037 et
1345 2998 1526 3052 opere.
1562 2983 1777 3039 llabent
1804 2986 1921 3056 pal-

342 3086 551 3125 marum
584 3071 835 3140 Species,
893 3084 1014 3124 cum
1068 3071 1207 3125 dona
1255 3086 1502 3143 superna:
1550 3074 1919 3132 retributionis

2035 1928 2053 1960 ‹
2092 1924 2235 1974 nem,
2261 1910 2348 1963 ubi
2378 1918 2535 1964 erant
2558 1911 2944 1981 gazophylacia
2974 1910 3026 1964 in
3053 1911 3424 1979 superioribus
3446 1912 3623 1966 humi-

2035 2016 2054 2049 ‹
2091 1998 2259 2064 liora,
2306 2001 2434 2071 quia
2482 2002 2874 2070 supportabant
2918 2001 3197 2072 porticus,
3240 2017 3362 2072 quae
3403 2017 3471 2056 ex
3516 2004 3621 2059 illis

2034 2109 2052 2139 ι
2089 2090 2402 2145 eminebant
2443 2090 2511 2145 de
2554 2089 2923 2157 inferioribus,
2965 2100 3023 2147 et
3058 2093 3124 2147 de
3154 2093 3346 2148 mediis
3381 2095 3616 2150 aedilicii.

2034 2197 2053 2231 ι
2091 2180 2338 2249 Tristega
2382 2180 2526 2235 enim
2572 2190 2727 2236 erant
2774 2191 2829 2236 et
2874 2196 2980 2237 non
3012 2182 3282 2239 habebant
3313 2183 3615 2248 columnas,

2033 2288 2050 2320 σ
2087 2270 2229 2326 sicut
2268 2280 2425 2325 erant
2468 2271 2730 2327 columnae
2762 2272 3055 2340 atriornm;
3100 2281 3387 2343 propterea
3413 2274 3618 2329 cmine-

2034 2376 2051 2408 ι
2093 2357 2221 2412 bant
2257 2358 2324 2413 de
2362 2357 2734 2426 inferioribus,
2772 2368 2828 2415 et
2865 2361 2933 2416 de
2971 2360 3164 2416 mediis
3202 2362 3355 2418 atriis
3396 2379 3427 2418 a
3474 2371 3615 2418 terra

2033 2466 2053 2499 ι
2091 2449 2287 2504 cubitis
2316 2450 2726 2521 quinquaginta.
2765 2450 2832 2506 Et
2862 2452 3138 2521 peribolus
3162 2454 3400 2509 exterior
3425 2469 3618 2510 secun-

2032 2557 2049 2589 I
2086 2537 2213 2592 dum
2235 2538 2637 2610 gawpbylaeia,
2660 2556 2780 2611 quce
2801 2550 2955 2597 erant
2982 2543 3036 2596 iit
3062 2543 3146 2598 via
3177 2543 3300 2597 atrii
3326 2544 3614 2600 exterioris

2031 2649 2048 2681 ι
2087 2638 2214 2685 ante
2263 2630 2665 2702 gazophylacia.
2716 2630 3017 2704 Longitudo
3060 2632 3179 2703 ejus
3224 2635 3608 2705 quinquaginta

2029 2736 2051 2769 σ
2086 2720 2422 2785 cubitorum,
2464 2720 2591 2790 quia
2636 2719 2912 2793 longitudo
2945 2733 3065 2778 erat
3104 2725 3607 2797 gazophylacionuu

2029 2827 2047 2860 ε
2086 2810 2208 2864 atrii
2236 2810 2521 2866 exterioris
2546 2813 2936 2883 quinquaginta
2974 2814 3309 2880 cubitorum,
3345 2826 3400 2871 et
3437 2816 3607 2888 longi-

2029 2917 2048 2951 ι
2085 2900 2213 2955 tudo
2238 2910 2362 2955 ante
2388 2900 2587 2965 faciem
2610 2902 2791 2973 templi
2812 2911 3029 2958 centum
3051 2904 3374 2959 cubitorum.
3404 2905 3469 2959 Et
3490 2914 3607 2960 erat

2030 3010 2049 3042 ι
2085 2991 2272 3047 subter
2306 2993 2686 3064 gazophylacia
2730 2994 2847 3049 lJth
2880 2994 3132 3050 introitus
3172 2995 3242 3050 ab
3284 2995 3491 3050 oriente
3520 2996 3604 3049 in-

2029 3099 2047 3134 t
2082 3084 2437 3153 gradientium
2466 3084 2518 3137 in
2560 3099 2624 3138 ea
2651 3083 2717 3138 de
2751 3084 2891 3138 atrio
2929 3084 3208 3151 exteriori,
3236 3084 3291 3139 in
3327 3085 3604 3141 latitudine

345 3158 450 3212 lixa
479 3173 692 3229 semper
731 3159 1027 3213 intentione
1062 3160 1414 3216 meditantur.
1474 3162 1659 3218 Palma
1688 3182 1918 3236 namque
1945 3171 1990 3232 C
2026 3194 2044 3223 ι
2081 3174 2302 3243 periboli
2330 3174 2473 3239 atrii,
2506 3175 2646 3243 quod
2677 3183 2797 3229 erat
2826 3184 3014 3230 contra
3042 3176 3183 3230 viam
3206 3176 3522 3232 orientalem
3549 3178 3604 3231 in

342 3265 536 3305 manus
576 3250 817 3305 victricis
866 3260 1091 3305 ornatus
1139 3260 1242 3307 est.
1294 3251 1563 3327 (lIieron.)
1596 3253 1770 3325 Super
1797 3272 1917 3326 qua)

340 3343 479 3397 ostia
523 3351 682 3398 erant
724 3342 979 3399 fenestra:
1013 3344 1245 3416 obliqua!
1289 3345 1403 3401 sive
1445 3348 1808 3416 absconditae,
1859 3357 1918 3405 ut

339 3429 514 3501 ipsum
540 3446 753 3501 quoque
787 3431 988 3497 lumen,
1019 3436 1161 3503 quod
1189 3436 1532 3503 praebebatur
1567 3438 1911 3502 intrinsecus,

338 3535 443 3573 non
468 3518 694 3574 haberet
718 3519 1012 3590 perfectam
1039 3522 1344 3587 scientiam,
1374 3540 1473 3580 nec
1496 3524 1704 3579 clarum
1735 3526 1914 3582 lumen

339 3618 395 3665 et
424 3611 632 3666 cunctis
672 3620 886 3682 patens,
921 3613 1014 3668 sed
1041 3613 1299 3684 pleraque
1328 3629 1394 3668 ex
1426 3624 1580 3685 parte
1617 3625 1759 3671 esset
1787 3617 1911 3670 abs-

341 3701 638 3756 conditum.
690 3701 843 3757 Nunc
888 3703 1031 3758 enim
1082 3703 1326 3760 videmus
1387 3704 1439 3759 in
1497 3706 1815 3775 aenigmate,
1860 3712 1912 3761 et

341 3790 570 3844 necdum
602 3792 848 3847 novimus
875 3792 1011 3847 sicut
1032 3800 1246 3862 oportet
1269 3809 1369 3848 nos
1388 3794 1545 3849 scire.
1572 3793 1706 3848 Cum
1735 3804 1914 3850 autem

342 3884 553 3938 venerit
593 3885 735 3953 quod
786 3884 1078 3955 perfectum
1128 3896 1241 3952 est,
1290 3897 1416 3942 tunc
1460 3887 1600 3957 quod
1648 3903 1714 3942 ex
1760 3896 1915 3958 parte

342 3971 521 4029 fuerat
546 3975 873 4028 destruetur.
916 3974 983 4028 Et
1003 3984 1120 4028 erat
1143 3975 1440 4031 similitudo
1460 3977 1758 4047 palmarum
1789 3978 1916 4033 hinc

341 4070 503 4131 atque
529 4062 671 4116 inde.
705 4061 994 4133 Eleganter
1029 4064 1081 4117 in
1110 4065 1461 4121 interioribus
1487 4067 1667 4138 templi
1699 4077 1753 4122 et
1788 4084 1912 4123 san-

338 4153 442 4209 etis
474 4160 784 4207 sanctorum
822 4168 926 4207 non
956 4152 1132 4222 posuit
1172 4155 1417 4209 dextram
1440 4164 1492 4210 et
1517 4156 1812 4223 sinistram,
1846 4172 1914 4212 ne

341 4242 469 4311 quid
497 4242 775 4297 sinistrum
816 4241 869 4296 in
921 4242 1006 4298 his
1056 4258 1176 4314 quae
1216 4259 1406 4314 magna
1452 4255 1579 4301 sunt
1620 4256 1673 4302 et
1715 4263 1911 4304 arcana

337 4335 517 4390 dicete
564 4333 862 4401 videretur,
906 4333 999 4389 sed
1049 4336 1174 4391 hinc
1202 4346 1364 4407 atque
1393 4338 1536 4404 inde,
1584 4341 1736 4411 juxta
1783 4341 1913 4397 illud

336 4425 478 4494 quod
506 4425 558 4479 in
583 4425 872 4497 Evangelio
900 4427 1158 4497 scriptum
1183 4437 1268 4482 est
1294 4445 1307 4481 :
1340 4447 1355 4478 ι
1385 4426 1486 4495 Qui
1514 4438 1564 4483 te
1587 4432 1913 4500 percusserit

335 4516 390 4571 in
420 4517 665 4571 dextram
697 4517 992 4584 maxillam,
1043 4518 1222 4589 prmbe
1248 4521 1295 4574 ei
1327 4528 1381 4575 et
1412 4520 1638 4576 alteram
1691 4522 1905 4593 (Matth.
1940 4518 1987 4576 D

334 4607 409 4679 v).
450 4629 469 4661 ι
506 4608 758 4679 Nunquid
785 4611 965 4665 dicere
1014 4627 1117 4666 non
1165 4614 1338 4683 potuit
1376 4623 1432 4669 et
1465 4615 1776 4670 sinistram?
1806 4616 1911 4673 Sed

334 4698 554 4767 quando
596 4699 897 4768 percutitur
943 4700 1151 4765 dextra,
1181 4702 1453 4771 przebetur
1492 4704 1659 4759 altera
1698 4708 1910 4773 dextra,

335 4789 459 4858 quia
483 4787 537 4841 in
560 4797 749 4842 sancto
768 4790 886 4844 viro
903 4798 1191 4861 utrumque
1209 4794 1477 4857 dextrum,
1494 4803 1782 4866 utrumque
1796 4813 1911 4867 per-

333 4879 532 4933 fectum
562 4887 663 4931 est.
696 4896 713 4929 ι
746 4879 813 4933 Et
835 4880 887 4933 in
915 4880 1211 4938 humerulis
1234 4886 1482 4940 vestibuli
1517 4888 1811 4944 secundum
1837 4889 1913 4944 la-

336 4979 448 5023 tera
475 4971 669 5024 domus
698 4970 1141 5044 latitudinemque
1172 4979 1458 5047 parietum.
1495 4999 1514 5032 ι
1548 4980 1653 5037 Pro
1679 4999 1786 5052 quo
1811 4982 1913 5038 Se-

333 5061 612 5132 ptuaginta
635 5061 1024 5117 transtulerunt
1045 5065 1098 5118 in
1120 5065 1465 5136 laquearibus
1484 5070 1662 5136 telam,
1687 5071 1785 5127 hoc
1807 5082 1913 5140 est,

334 5154 597 5231 προπύλου
646 5160 701 5207 et
754 5152 926 5207 latera
972 5154 1187 5222 domus,
1229 5159 1451 5227 aequalis
1500 5163 1755 5232 ponderis
1801 5164 1915 5221 sive

333 5258 620 5299 mensurae.
689 5244 797 5300 Per
837 5260 958 5316 quae
996 5245 1229 5302 latenter
1277 5251 1578 5306 ostenditur
1632 5262 1686 5308 et
1729 5266 1913 5325 postes

333 5338 764 5409 superliminaris
792 5337 906 5394 sive
932 5338 1182 5393 vestibuli
1208 5338 1335 5411 (hoc
1357 5342 1501 5397 enim
1528 5345 1794 5400 bumeruli
1830 5349 1909 5402 τίς

333 5429 530 5483 dentur
566 5426 916 5500 significare),
950 5436 1006 5482 et
1045 5427 1215 5484 latera
1262 5428 1453 5486 domus
1483 5442 1536 5488 et
1570 5434 1904 5492 latitudinem

331 5520 632 5589 parietum,
684 5529 876 5576 cuncta
920 5521 1146 5576 rationis
1189 5519 1347 5591 plena
1387 5540 1508 5579 esse
1547 5536 1709 5596 atque
1758 5544 1908 5583 ineu-

330 5623 493 5673 θυι-ω,
522 5619 577 5664 et
599 5610 732 5664 nihil
755 5611 808 5664 in
830 5610 1027 5681 templo
1048 5611 1258 5667 Domini
1287 5616 1511 5684 reperiri
1533 5618 1674 5688 quod
1699 5620 1904 5689 absque

338 5710 589 5753 mensura
612 5708 668 5755 et
691 5701 952 5772 sapientia
975 5704 1323 5760 constitutum
1353 5706 1442 5761 sit.

2025 3279 2044 3313 ι
2081 3261 2272 3317 faciem
2315 3261 2524 3317 aedilicii
2566 3263 2820 3333 separati.
2865 3263 2933 3317 Et
2973 3271 3130 3317 erant
3156 3269 3284 3318 ante
3320 3264 3605 3319 aedilicium

2024 3372 2041 3405 ι
2080 3353 2480 3425 gazophylacia,
2510 3364 2566 3410 et
2593 3355 2679 3409 via
2709 3363 2834 3408 ante
2863 3353 3056 3410 faciem
3080 3370 3299 3421 eorum,
3333 3354 3490 3425 juxta
3528 3356 3604 3411 si-
3704 3436 3713 3443 ἦ

2023 3464 2041 3496 ι
2078 3445 2430 3501 Inilitudinem
2476 3446 3004 3517 gazophylaciorum,
3053 3463 3172 3516 qua:
3215 3456 3375 3503 erant
3423 3447 3477 3502 in
3517 3448 3601 3504 via

2022 3553 2039 3586 ι
2077 3536 2362 3606 aquilonis.
2398 3535 2707 3591 Secundum
2755 3536 3141 3608 longitudinem
3173 3553 3379 3603 eorum,
3432 3539 3511 3594 sic
3547 3548 3605 3594 et

2023 3641 2040 3674 ι
2079 3624 2304 3679 latitudo
2331 3638 2539 3689 eorum,
2567 3635 2623 3680 et
2646 3627 2824 3681 oumis
2853 3627 3107 3684 introitus
3138 3631 3325 3683 eo'rum
3356 3638 3413 3683 et
3447 3630 3601 3684 simi-

2022 3734 2038 3766 ι
2077 3715 2331 3771 litudines
2364 3725 2419 3771 et
2443 3715 2582 3771 ostia
2609 3733 2815 3782 eorum,
2834 3720 3127 3773 secundum
3162 3719 3300 3774 ostia
3328 3720 3603 3790 gazophy—

2021 3823 2039 3855 ι
2078 3806 2357 3871 laciorum,
2383 3823 2503 3877 qua:
2525 3818 2680 3863 erant
2703 3808 2757 3862 in
2782 3808 2865 3863 via
2892 3809 3213 3880 respiciente
3237 3811 3304 3865 ad
3330 3819 3597 3865 austrum.

2020 3916 2039 3949 ι
2075 3896 2284 3953 Ostium
2326 3898 2378 3952 in
2424 3898 2597 3968 capite
2639 3898 2760 3963 vite,
2802 3914 2922 3968 qua:
2960 3907 3081 3954 erat
3121 3907 3249 3955 ante
3277 3899 3598 3954 vestibulum

2020 4007 2038 4040 ι
2076 3999 2384 4059 separatum
2422 4006 2520 4059 per
2558 3991 2698 4044 viam
2734 3990 3055 4046 orientalem
3095 3991 3536 4062 ingredientibus.
3572 4010 3595 4045 ι

2015 4079 2283 4153 (Ηὶενοη.)
2320 4079 2606 4135 Volueram
2636 4081 3011 4150 desperatione
3038 4090 3095 4137 et
3122 4080 3491 4152 magnitudine
3521 4081 3597 4135 rei

2011 4185 2251 4240 praesens
2288 4169 2655 4229 testimonium
2686 4170 2903 4225 silentio
2935 4172 3236 4241 praeterire,
3278 4169 3371 4225 sed
3409 4168 3597 4226 melius

2012 4261 2308 4316 arbitratus
2333 4277 2452 4316 sum
2499 4262 2855 4332 quodcunque
2882 4260 3063 4317 dicere
3088 4278 3249 4332 quam
3274 4262 3495 4316 omnino
3526 4260 3595 4313 nil

2012 4352 2210 4407 dicere.
2254 4350 2593 4406 Socraticum
2636 4350 2762 4405 illud
2810 4367 3133 4407 assumens:
3169 4350 3296 4407 Scio
3322 4350 3464 4422 quod
3500 4366 3592 4404 ne~

2013 4446 2198 4498 sciam.
2215 4442 2348 4498 Pars
2362 4444 2504 4498 enim
2531 4444 2770 4500 scientiae
2792 4444 3025 4500 estscire
3042 4445 3184 4513 quod
3200 4445 3427 4499 nescias.
3446 4443 3596 4496 Post-

2011 4551 2173 4606 quam
2202 4535 2363 4606 igitur
2388 4549 2451 4588 ea
2488 4550 2609 4605 quze
2646 4543 2805 4589 erant
2842 4535 2984 4589 intus
3007 4535 3266 4605 prapheta
3291 4532 3595 4604 diligentius

2011 4629 2401 4699 contemplatus
2426 4638 2510 4684 est
2527 4670 2540 4695 ,
2569 4629 2753 4685 eduxit
2783 4646 2906 4685 eum
2932 4631 3039 4694 vir,
3065 4631 3221 4701 cujus
3248 4629 3517 4684 funiculus
3542 4636 3596 4683 et

2011 4717 2252 4772 calamus
2276 4726 2393 4774 erat
2419 4718 2473 4773 in
2499 4734 2659 4774 manu
2678 4760 2693 4786 ,
2727 4720 2797 4775 ad
2835 4721 3031 4774 atrium
3060 4718 3301 4773 exterius
3329 4733 3429 4788 per
3455 4718 3594 4772 viam

2010 4809 2294 4864 ducentem
2324 4810 2392 4864 ad
2420 4811 2748 4881 aquilonem,
2785 4812 2930 4882 quod
2958 4821 3015 4867 et
3036 4826 3201 4880 supra
3223 4809 3332 4879 jam
3363 4810 3592 4876 viderat,

2016 4908 2301 4970 antequam
2341 4900 2599 4957 interiora
2638 4910 2965 4972 penetraret.
3012 4900 3119 4956 Sed
3157 4901 3317 4955 aliter
3354 4900 3595 4955 videmus

2015 4990 2305 5062 perfectam
2358 4993 2620 5048 habentes
2668 4994 2979 5058 scientiam,
3029 4993 3182 5049 aliter
3228 4994 3283 5047 in
3331 4990 3593 5066 principio

2015 5079 2355 5150 disciplinae:
2392 5091 2447 5136 et
2484 5097 2705 5137 necesse
2728 5089 2841 5147 est,
2880 5093 2937 5136 ut
2965 5082 3053 5151 qui
3090 5081 3348 5135 interiora
3374 5094 3592 5148 conspe-

2015 5172 2178 5236 xerit,
2203 5172 2495 5226 secundum
2523 5174 2766 5228 eamdem
2796 5172 3022 5228 formam
3049 5181 3209 5244 atque
3236 5187 3519 5226 mensuras
3541 5181 3593 5224 et

2016 5262 2290 5316 recondita
2327 5274 2697 5328 sacramenta,
2726 5264 2889 5318 etiam
2918 5279 3038 5335 qua:
3064 5264 3336 5318 exteriora
3372 5272 3498 5317 sunt
3521 5262 3594 5315 vi-

2015 5340 2156 5408 deat.
2196 5354 2432 5408 Eductus
2468 5362 2647 5410 autem
2690 5364 2774 5409 est
2815 5356 2867 5411 in
2900 5355 3341 5427 gazophylacium
3376 5356 3511 5417 sive,
3538 5361 3593 5407 ut

2013 5443 2370 5516 Symmachus
2395 5458 2450 5501 et
2484 5445 2835 5518 Septuaginta
2876 5449 3286 5509 transtulerunt,
3316 5448 3587 5508 exedram,

2010 5543 2067 5591 et
2103 5535 2399 5591 Thcodotio
2432 5538 2789 5610 παστοφόριον.
2826 5539 2969 5608 quod
3006 5539 3060 5593 in
3101 5539 3398 5593 thalamum
3431 5534 3590 5591 verti-

2013 5634 2119 5692 tur,
2169 5628 2311 5696 quod
2349 5637 2467 5683 erat
2509 5638 2697 5684 contra
2743 5639 3050 5698 separatum
3093 5629 3403 5685 aedilicium.
3445 5623 3589 5695 Quod

2011 5725 2191 5773 autem
2231 5717 2580 5791 Septuaginta
2618 5720 2871 5777 addidere
2910 5736 3008 5792 pro
3044 5719 3426 5794 gazophylacio
3472 5729 3584 5773 cxc-
