3972 6184
406 298 504 355 εΒΙ

1312 298 1662 356 COMMENT.
1699 301 1763 355 lN
1804 299 2249 355 EZECUIELEM.
2292 330 2361 340 -—
2397 300 2522 356 LIB.
2564 301 2722 356 XVII.

3542 302 3654 359 983

407 413 536 467 dras
559 408 815 479 quinque,
852 407 905 461 in
928 407 1193 463 Hebraieo
1228 425 1333 465 non
1359 410 1614 475 habetur;
1647 411 1788 480 quod
1818 425 1981 481 galea
2008 416 2056 471 Α
2086 408 2321 465 tulimus.
2362 407 2637 478 Significat
2681 419 2858 464 autem
2886 409 3026 479 quod
3056 419 3179 465 ante
3211 409 3647 487 foresgazophy—

356 554 364 564 ,
408 500 712 572 phylaeium
740 509 860 554 erat
894 506 1082 552 contra
1108 509 1412 567 separatum
1446 500 1749 563 aedilicium,
1782 500 1847 552 de
1875 514 1982 568 quo

407 605 570 659 supra
587 588 838 651 diximus,
864 602 1056 658 gazera
1077 606 1088 640 :
1106 599 1409 657 separatum
1431 598 1607 642 autem
1630 596 1746 641 erat
1766 602 1860 641 eos
1873 602 1977 641 sus

408 682 615 750 cipicns
656 679 745 749 qui
786 680 853 733 ah
897 678 1145 747 aquilone
1196 680 1501 737 veniebant.
1544 680 1608 733 Et
1646 688 1762 732 crat
1795 691 1981 733 contra

2081 499 2343 554 laeiorum
2381 499 2618 554 omnium
2665 500 2778 555 sive
2813 499 3132 553 exedrarum
3183 508 3239 554 et
3289 500 3644 554 thalamorum

2082 588 2241 645 fuerit
2291 590 2650 644 deambulatio
2698 590 3032 644 latitudinem
3088 590 3293 645 habens
3345 590 3645 644 cubitorum

2079 681 2295 741 decem,
2329 680 2419 748 qui
2448 688 2504 733 et
2532 680 2647 748 ipse
2680 679 2952 749 perfectus
2975 688 3058 734 est
3099 694 3375 744 numerus,
3400 677 3485 733 vel
3519 692 3645 748 pro-

406 771 576 824 :edem
606 778 912 837 vergentem
944 769 1009 822 ad
1041 768 1357 837 aquilonem,
1392 769 1442 822 id
1478 777 1581 832 est,
1609 768 1982 837 respicientem
2078 774 2200 836 pter
2226 770 2535 841 decalogum
2564 772 2649 825 vel
2675 779 2891 840 propter
2917 770 3187 841 Evangelii
3227 778 3645 825 sacramentum.

407 861 624 928 quidem
655 858 918 927 aquilonis
951 866 1160 926 partes,
1197 857 1287 912 sed
1320 872 1426 911 non
1466 858 1519 911 in
1565 858 1813 925 aquilone
1843 857 1985 926 posi-

2082 855 2141 912 Si
2164 859 2306 913 enim
2336 861 2404 914 ab
2432 874 2542 914 uno
2575 875 2672 930 per
2697 862 2831 915 duos
2859 869 2914 914 et
2941 869 3048 914 tres
3077 861 3144 914 ad
3179 869 3427 929 quartum
3462 873 3650 913 nume-

410 960 563 1014 tnm,
607 958 666 1002 ut
707 948 915 1003 facilior
956 956 1100 1003 esset
1150 948 1406 1002 transitus
1450 948 1534 1001 his
1579 948 1670 1017 qui
1716 947 1980 1017 aquilonis
2077 958 2205 999 Tum
2233 947 2439 1012 venias,
2477 948 2729 1019 denarius
2757 949 3168 1019 Evangeliorum
3204 964 3460 1004 numerus
3489 947 3652 1004 elﬁci-

410 1040 611 1110 frlgora
649 1039 1021 1109 relinquebant
1040 1079 1054 1103 ,
1088 1055 1117 1092 a
1144 1053 1250 1107 quo
1277 1040 1634 1094 exardescunt
1660 1039 1794 1092 mala
1822 1055 1986 1108 super

411 1143 635 1187 terram.
668 1131 920 1202 Legimus
944 1132 996 1185 in
1028 1131 1383 1185 Numerorum
1416 1131 1551 1185 libro
1586 1132 1775 1203 (Nam.
1812 1132 1984 1204 xxxu)

412 1220 586 1273 tribus
627 1220 762 1284 Dan,
797 1229 849 1273 et
878 1218 1200 1289 Nephtalim,
1237 1230 1291 1273 et
1328 1219 1463 1274 Aser
1495 1220 1722 1274 ﬁliorum
1754 1220 1896 1275 Baiae
1932 1230 1987 1274 et

409 1307 644 1375 Zelphm,
675 1307 988 1361 ancillarum
1026 1307 1226 1362 Rachel
1256 1317 1308 1361 ct
1336 1307 1465 1371 Lize,
1492 1308 1558 1361 ad
1587 1307 1851 1376 aquilonis
1875 1308 1989 1378 pla-

410 1411 508 1465 gas
536 1404 712 1450 castra
743 1395 992 1450 tenuisse.
1034 1395 1184 1450 Nunc
1211 1411 1423 1465 quoque
1452 1395 1502 1448 in
1532 1395 1666 1449 facie
1696 1395 1983 1465 longitudi-

412 1483 500 1536 nis
523 1483 642 1537 ostii
670 1481 932 1551 aquilonis
954 1492 1167 1537 centum
1190 1482 1352 1537 fuisse
1370 1482 1599 1546 cubitos,
1615 1491 1664 1536 et
1689 1483 1986 1539 latitudinis

412 1572 828 1641 quinquaginta,
874 1580 931 1624 ut
972 1587 1037 1625 ex
1088 1572 1272 1626 decem
1338 1572 1553 1626 decadis
1591 1572 1988 1641 quadrangulus

411 1675 670 1714 numerus
719 1674 868 1728 atque
901 1660 1187 1729 perfectus,
1217 1671 1269 1713 et
1305 1676 1371 1716 ex
1403 1669 1604 1730 septem
1644 1662 1986 1716 hebdomadi-

2082 1039 2188 1093 tur,
2218 1031 2271 1084 in
2303 1032 2454 1103 cujus
2480 1032 2762 1089 latitudine
2790 1034 3130 1088 deambulant
3159 1036 3493 1099 sacerdotes,
3525 1043 3651 1089 ante

2081 1119 2292 1188 singula
2354 1121 2733 1192 gazophylacia
2782 1122 3113 1191 gradientes,
3164 1123 3237 1177 ita
3287 1124 3544 1177 duntaxat
3595 1130 3658 1176 ut

2084 1220 2298 1275 semper
2325 1206 2393 1260 ad
2432 1207 2690 1263 interiora
2732 1209 3021 1278 respiciant
3054 1210 3152 1264 via:
3180 1211 3318 1279 ejus,
3359 1226 3477 1280 quae
3507 1209 3656 1264 ducit

2085 1294 2154 1349 ad
2195 1294 2432 1348 cubitum
2473 1310 2671 1361 unum,
2707 1298 2774 1352 ad
2810 1297 3011 1352 cultum
3044 1299 3295 1354 videlicet
3327 1300 3482 1355 unius
3520 1300 3655 1353 divi-

2087 1381 2297 1448 nitatis,
2323 1382 2538 1438 dicente
2573 1382 2710 1439 Filio
2736 1386 2803 1439 ad
2830 1384 3044 1440 Patrem
3073 1400 3088 1439 :
3122 1404 3140 1438 ο
3176 1386 3429 1441 Revelavi
3462 1401 3652 1440 nomen

2087 1478 2239 1526 tuum
2268 1472 2574 1527 hominibus
2609 1472 2788 1544 (Joan.
2819 1473 2971 1545 xvu).
3016 1474 3131 1544 Ipsa
3161 1486 3242 1531 est
3276 1478 3417 1530 enim
3450 1477 3530 1530 via
3569 1477 3661 1530 in-

2088 1559 2284 1614 teriora
2328 1559 2636 1628 respiciens,
2675 1576 2793 1629 qua:
2831 1562 2959 1617 dicit
3005 1565 3057 1617 in
3102 1564 3390 1635 Evangelio
3431 1584 3443 1618 :
3491 1585 3508 1616 ι
3547 1556 3657 1635 Ego

2087 1668 2206 1708 sum
2233 1653 2339 1718 via,
2360 1663 2416 1708 et
2439 1653 2565 1720 vita,
2595 1662 2651 1710 et
2682 1655 2880 1711 veritas
2910 1653 3089 1728 (Joan.
3123 1653 3253 1727 xiv),
3290 1675 3308 1707 ι
3342 1656 3466 1723 quia
3497 1670 3657 1709 nemo

410 1751 538 1814 bus,
566 1749 657 1820 qui
696 1750 1027 1806 remissionis
1060 1761 1143 1805 est
1183 1766 1457 1815 numerus,
1493 1760 1546 1805 et
1584 1751 1635 1805 in
1668 1751 1986 1820 principium
2016 1745 2064 1804 B
2088 1742 2234 1798 venit
2257 1742 2322 1795 ad
2344 1742 2585 1797 DOtiliam
2614 1743 2788 1798 Patris
2816 1744 2918 1799 nisi
2944 1760 3042 1814 per
3064 1743 3282 1798 Filium.
3309 1744 3375 1797 Ει
3400 1744 3536 1798 ostia
3560 1759 3654 1798 ea-

410 1843 662 1909 uuiouis,
711 1844 763 1898 id
797 1853 913 1910 est,
955 1845 1211 1915 ogdoadis
1255 1845 1507 1913 erumpit,
1555 1844 1904 1899 sacerdotalia
1934 1844 1988 1898 in

413 1935 613 2005 templo
666 1934 760 1989 Dei
814 1936 982 2005 spatia
1039 1944 1486 1990 monstrat-eatur.
1546 1933 1783 2003 lllndque
1847 1932 1990 2002 quod

412 2025 565 2096 juxta
590 2024 908 2079 llebraicum
933 2025 1176 2096 jungitur
1206 2034 1390 2079 contra
1415 2024 1600 2095 viginti
1631 2020 1839 2079 cubitos
1868 2023 1990 2076 atrii

414 2117 710 2180 interioris,
749 2132 845 2186 pro
889 2131 994 2185 quo
1039 2116 1388 2186 Septuaginta
1438 2114 1852 2178 transtulerunt,
1899 2114 1993 2169 de-

412 2218 615 2275 srrtpta
644 2215 798 2260 erant
835 2206 973 2260 sicut
997 2214 1160 2275 portae
1191 2207 1312 2260 atrii
1345 2206 1636 2270 interioris,
1666 2207 1807 2260 hunc
1831 2206 1994 2261 habet

416 2309 632 2349 sensum
675 2313 687 2348 :
729 2296 867 2363 quod
898 2294 1181 2347 exterioris
1218 2294 1338 2347 atrii
1372 2293 1711 2347 centonarius
1747 2301 1794 2345 et
1835 2292 1993 2362 quin-

415 2383 781 2453 quagenarius
805 2397 1063 2437 numerus
1090 2382 1329 2436 eamdem
1354 2382 1460 2434 vim
1489 2381 1703 2444 habeat,
1734 2397 1892 2451 quam
1913 2381 1991 2434 vi-

417 2473 666 2525 cenarins
691 2472 813 2526 atrii
848 2471 1137 2526 interioris.
1180 2469 1235 2524 Si
1271 2471 1415 2524 enim
1451 2480 1683 2539 quatuor
1709 2471 1992 2539 quinquies

418 2570 674 2631 supputrs
712 2561 762 2614 in
806 2575 1029 2614 numero
1066 2560 1354 2622 vicenario,
1410 2567 1696 2627 utrumque
1757 2558 1992 2625 reperies

420 2657 822 2714 testamentum,
869 2656 928 2702 ut
974 2656 1027 2702 ct
1068 2647 1153 2702 lex
1195 2655 1442 2701 teneatur
1490 2647 1541 2701 in
1584 2646 1891 2715 Evangeiio,
1937 2655 1993 2701 et

417 2737 765 2808 Evangelium
802 2738 867 2790 de
903 2736 1037 2807 legis
1076 2737 1254 2791 radice
1294 2745 1544 2790 nascatur
1584 2751 1599 2789 :
1637 2751 1734 2805 pro
1760 2751 1865 2805 quo
1895 2751 1992 2790 nu-

422 2841 573 2880 mero
612 2824 956 2897 Septuaginta
995 2825 1395 2879 similitudinem
1438 2826 1560 2879 atrii
1600 2827 1870 2881 interioris
1910 2827 1993 2881 iu-

422 2916 703 2985 terpretati
762 2923 927 2980 sum,
983 2913 1206 2969 forsitan
1260 2915 1610 2971 formidantes
1659 2917 1990 2972 vicenarium

420 3021 737 3067 numerum,
778 3003 831 3060 in
872 3020 977 3075 quo
1003 3004 1299 3060 offeruntur
1330 3007 1467 3061 Esau
1509 3022 1725 3061 munera
1763 3008 1816 3061 in
1853 3010 1990 3063 atrio

422 3095 663 3150 interiori
690 3110 906 3166 ponere.
933 3094 1186 3165 Sequitur
1214 3114 1228 3148 :
1267 3115 1285 3147 ι
1323 3097 1387 3150 Et
1413 3105 1596 3151 contra
1630 3098 1993 3167 pavimentum
2022 3076 2065 3137 C

422 3193 654 3237 stratum
700 3184 873 3253 lapide
917 3184 1043 3237 atrii
1089 3185 1405 3250 exterioris,
1453 3186 1542 3239 ubi
1593 3195 1711 3238 erat
1757 3188 1997 3254 porticus

417 3270 602 3338 juncta
633 3272 861 3338 porticni
892 3272 1106 3340 triplici.
1138 3291 1156 3323 ι
1180 3271 1285 3325 Pro
1315 3287 1421 3341 quo
1450 3272 1796 3342 Septuaginta
1824 3281 1997 3327 trans-

423 3359 665 3413 tulerunt
704 3376 719 3412 :
767 3377 785 3409 ι
826 3360 891 3413 Et
921 3361 1058 3414 sicut
1101 3361 1362 3415 columnae
1404 3361 1526 3414 atrii
1574 3361 1860 3415 exterioris
1903 3376 1999 3430 per

423 3451 668 3504 ordinem
721 3453 908 3519 positae
970 3460 1159 3513 contra
1219 3452 1408 3505 faciem
1465 3452 1765 3520 porticuum
1830 3452 1999 3522 tripli-

423 3540 588 3592 cium.
635 3558 655 3592 ›
702 3538 978 3609 Significat
1027 3550 1239 3605 autem,
1285 3542 1426 3610 quod
1468 3542 1832 3610 pavimentum
1875 3542 1999 3596 atrii

422 3630 709 3684 exterioris
732 3631 854 3683 vivo
884 3630 1044 3685 fuerit
1074 3639 1300 3685 stratum
1330 3630 1527 3701 lapide,
1570 3639 1626 3684 ut
1664 3647 1765 3686 nec
1797 3633 2001 3686 a‘statis

424 3720 664 3788 pulvere,
712 3735 810 3775 nec
856 3721 968 3776 luto
1004 3721 1196 3776 hiemis
1248 3722 1582 3777 sacerdotum
1625 3722 1847 3792 vestigia
1888 3721 2004 3791 pol-

425 3810 661 3864 lnantur.
705 3811 857 3866 Unde
894 3820 949 3866 et
987 3812 1243 3868 Dominus
1281 3827 1605 3868 ascensurus
1645 3814 1711 3867 ad
1757 3811 1999 3878 Patrem,

424 3902 786 3969 apostolorum
829 3902 966 3955 lavat
996 3903 1158 3972 pedes
1205 3902 1384 3974 (Joan.
1426 3903 1584 3974 xm),
1633 3910 1693 3956 ut
1731 3903 2002 3957 mundatis

424 3990 773 4060 purgatisque
794 3992 1032 4060 vestigiis
1048 3992 1482 4062 scandantregua
1505 3991 1761 4046 caelorum
1791 4009 1807 4045 :
1830 4000 1885 4046 et
1904 3992 2005 4045 im-

424 4085 582 4146 perat
618 4079 873 4148 apostolis
902 4078 1115 4150 (Matth.
1159 4097 1222 4145 x;
1272 4080 1441 4135 Marc.
1484 4080 1580 4151 vt),
1625 4089 1686 4135 ut
1729 4082 1781 4136 in
1815 4097 2004 4150 quam-

426 4181 638 4235 cunque
676 4168 903 4238 ingressi
945 4168 1140 4224 fuerint
1174 4170 1479 4234 civitatem,
1516 4182 1571 4225 et
1613 4187 1718 4225 non
1754 4187 2005 4242 suscepe-

427 4255 541 4309 rint
570 4270 684 4318 eos,
715 4258 992 4312 excutiant
1037 4258 1232 4327 pedum
1280 4274 1498 4314 suorum
1544 4259 1847 4329 pidverem.
1893 4273 2001 4329 quo

426 4343 636 4398 scilicet
674 4344 807 4398 nihil
847 4361 1125 4400 munerum
1170 4356 1504 4401 terrenarum
1546 4346 1616 4400 ab
1646 4347 1726 4402 eis
1767 4348 1904 4415 apud
1942 4362 2002 4402 se

2092 1847 2209 1884 rum
2236 1830 2303 1884 ad
2337 1829 2669 1898 aquilonem,
2698 1830 2787 1884 ubi
2812 1841 2966 1886 erant
3001 1832 3381 1901 gazophylacia
3407 1832 3458 1885 in
3496 1846 3655 1900 supe-

2091 1919 2324 1974 rioribus
2357 1920 2660 1985 humiliora,
2688 1921 2811 1989 quia
2837 1922 3224 1990 supportabant
3246 1922 3506 1991 porticus,
3543 1936 3660 1989 quae

2088 2022 2155 2062 ex
2200 2008 2304 2063 illis
2330 2009 2635 2063 eminebant
2659 2009 2725 2064 de
2754 2008 3096 2064 inferioribus
3116 2018 3172 2064 et
3199 2010 3389 2064 mediis
3428 2009 3657 2063 aedificii.

2092 2099 2334 2170 Tristega
2362 2099 2504 2154 enim
2528 2108 2684 2155 erant
2709 2109 2764 2155 et
2789 2115 2896 2155 non
2921 2101 3191 2155 habebant
3218 2099 3495 2155 columnas
3523 2100 3670 2155 sicut

2090 2200 2247 2247 erant
2287 2192 2549 2247 columna:
2586 2192 2867 2246 atriorum.
2912 2190 3204 2261 Propterea
3247 2191 3554 2245 eminebant
3598 2192 3664 2245 dc

2092 2282 2468 2348 inferioribus,
2506 2290 2562 2337 et
2597 2283 2663 2337 de
2696 2282 2886 2337 mediis
2923 2296 2952 2336 a
2986 2289 3130 2336 terra
3172 2281 3367 2336 cubitis
3394 2282 3664 2359 quinqua-

2092 2375 2257 2444 ginta.
2275 2373 2424 2440 Quod
2440 2372 2712 2444 jungitur:
2733 2392 2750 2424 ι
2772 2373 2908 2429 ostia
2920 2387 3127 2436 earum,
3157 2391 3174 2421 ι
3194 2371 3510 2426 subauditur
3532 2386 3665 2425 exe-

2092 2465 2308 2516 drarum
2330 2462 2442 2515 sive
2455 2460 2978 2532 gazophylaciorum,
2997 2459 3063 2514 de
3080 2459 3274 2529 quibus
3298 2474 3457 2528 supra
3484 2474 3673 2513 sermo-

2092 2551 2214 2606 fuit.
2246 2551 2374 2618 Qua:
2406 2551 2783 2623 gazophylacia
2812 2560 2969 2606 erant
2999 2552 3052 2606 in
3082 2552 3464 2622 superioribus,
3496 2553 3546 2606 id
3582 2564 3664 2606 est

2094 2640 2147 2693 in
2200 2640 2493 2695 ctenaculis
2547 2640 2850 2694 humiliora.
2911 2640 3040 2707 Quae
3092 2639 3367 2694 cmnzxcula
3422 2641 3667 2694 ascendit

2092 2729 2256 2793 Elias,
2283 2737 2338 2784 et
2366 2728 2586 2783 Elisatus
2614 2727 2732 2801 (III
2764 2728 2888 2799 Reg.
2912 2743 2996 2792 vi;
3021 2725 3105 2780 IV
3133 2727 3254 2798 Reg.
3284 2728 3382 2798 Iv),
3405 2737 3461 2782 et
3486 2728 3667 2782 Domi-

2095 2836 2194 2874 nus
2219 2836 2339 2876 cum
2370 2820 2643 2889 discipulis
2669 2820 2860 2890 pascha
2890 2819 3128 2873 facturus
3155 2817 3348 2886 (Marc.
3378 2834 3501 2883 xlv;
3539 2818 3662 2872 Luc.

2092 2912 2249 2982 xxu),
2282 2920 2335 2966 et
2363 2910 2616 2977 Tabitha,
2656 2925 2775 2980 qua:
2813 2921 2868 2965 et
2905 2910 3009 2965 ﬁde
3052 2909 3278 2979 apostoli
3318 2917 3374 2964 et
3409 2910 3669 2963 virtutum

2095 3017 2313 3057 suarum
2346 3002 2538 3055 merito
2563 3001 2817 3056 suscitata
2851 3010 2931 3056 est
2966 2999 3103 3070 (Act.
3133 2999 3231 3072 lx).
3276 3001 3380 3055 Ista
3403 3007 3529 3055 sunt
3555 3014 3667 3054 cu:-

2097 3092 2304 3155 nacnla,
2336 3092 2403 3147 de
2436 3092 2630 3160 quibus
2658 3092 2707 3144 in
2732 3090 2938 3160 psalmo
2968 3091 3225 3162 scriptum
3251 3102 3330 3144 est.
3359 3107 3371 3142 :
3410 3109 3429 3141 ‹
3464 3089 3566 3157 Qui
3597 3089 3673 3143 ri-

2096 3190 2189 3249 gat
2239 3191 2449 3236 montes
2498 3180 2565 3235 de
2611 3181 2901 3235 cmunculis
2942 3180 3070 3250 ΗΛ,
3123 3177 3509 3250 superioribus]
3559 3178 3673 3233 suis

2099 3269 2270 3340 (l’sal.
2302 3268 2440 3340 cm).
2482 3289 2500 3320 ι
2536 3268 2647 3322 Nisi
2682 3270 2824 3322 enim
2857 3271 2977 3338 quis
3005 3270 3124 3323 fons
3154 3269 3316 3323 fuerit
3341 3268 3579 3333 elfeetus,
3616 3278 3671 3323 et

2098 3357 2165 3410 ad
2196 3356 2385 3410 altiora
2416 3356 2747 3420 surrexerit,
2790 3356 2982 3424 pluviis
3010 3356 3217 3409 Domini
3251 3372 3355 3411 non
3389 3357 3665 3428 rigabilur,

2098 3445 2189 3515 qui
2220 3459 2318 3513 pro
2360 3443 2669 3497 diversitate
2697 3444 3010 3498 meritorum
3043 3445 3107 3498 de
3133 3445 3327 3513 primo,
3358 3446 3594 3500 secundo
3616 3457 3672 3502 et

2101 3533 2263 3588 tertio
2305 3531 2561 3601 irrigatur
2600 3531 2899 3585 cmuaculo.
2944 3530 3061 3600 Ipsa
3102 3547 3313 3601 quoque
3346 3536 3671 3605 gazophyla-

2100 3625 2204 3686 cia,
2242 3624 2343 3677 hoc
2383 3634 2500 3687 est,
2537 3623 2773 3677 thesauri
2807 3637 3057 3692 gazarum
3096 3624 3305 3677 Domini
3344 3626 3393 3677 in
3424 3628 3670 3695 superio-

2101 3713 2251 3766 ribus
2295 3712 2578 3766 humiliora
2622 3719 2763 3765 Stmt.
2812 3711 3023 3777 Quanto
3062 3713 3205 3766 enim
3244 3715 3364 3781 quis
3411 3715 3675 3769 excel..ior

2102 3802 2294 3865 fuerit,
2325 3810 2475 3855 tanto
2510 3816 2632 3854 cum
2667 3800 2922 3871 Apostolo
2951 3802 3250 3857 humilitate
3288 3801 3552 3869 drjicitur,
3593 3804 3683 3859 di-

2101 3911 2269 3951 cens:
2304 3915 2321 3945 ί
2353 3894 2454 3961 Qui
2498 3909 2601 3947 non
2644 3909 2765 3948 sum
2793 3894 2985 3964 dignus
3020 3895 3200 3948 vocari
3226 3896 3518 3964 apostolus,
3549 3897 3674 3963 quia

2100 3994 2414 4057 persecutus
2447 4000 2564 4039 sum
2606 3984 2901 4039 Ecclesium
2936 3984 3026 4039 Dei
3065 3986 3114 4056 (1
3147 3984 3269 4039 Cor.
3304 3987 3413 4056 xv).
3454 4006 3471 4039 ι
3510 3987 3679 4040 Erant-

2102 4084 2280 4130 autem
2329 4075 2445 4144 ipsa
2492 4074 2869 4145 gazophylacia
2917 4075 2970 4128 in
3018 4075 3309 4130 cmnaculis
3358 4076 3669 4140 humiliora,

2101 4167 2226 4236 quia
2253 4166 2640 4235 supportabant
2676 4164 2932 4233 porticus.
2970 4180 3089 4233 qua:
3125 4182 3189 4218 ex
3228 4165 3333 4220 illis
3369 4167 3674 4221 eminebant

2100 4256 2167 4311 de
2192 4256 2556 4319 inferioribus,
2593 4255 2737 4308 etde
2766 4255 2955 4308 meliis
2990 4254 3220 4309 :cdilicii.
3253 4255 3449 4309 Reddit
3482 4270 3689 4310 causas.

2102 4361 2199 4399 cur
2225 4343 2602 4415 gazophylacia
2631 4344 2682 4397 in
2720 4342 3009 4399 cmuaeulis
3034 4347 3204 4411 posita
3238 4343 3522 4397 lnnniliora
3559 4342 3674 4399 fue-

428 4448 708 4490 remanere
736 4435 1025 4504 patiantur.
1066 4435 1181 4491 Non
1223 4437 1394 4492 solum
1423 4430 1603 4493 autem
1633 4439 1994 4509 pavimentum
2030 4422 2074 4479 θ
2103 4438 2210 4491 rint
2237 4456 2249 4491 :
2276 4439 2400 4507 quia
2429 4436 2833 4507 supportabant,
2864 4436 3056 4503 inquit,
3085 4436 3341 4503 porticus,
3370 4451 3489 4505 qua:
3512 4436 3673 4493 liber—

425 4530 657 4576 stratnm
685 4534 804 4579 erat
835 4525 1031 4595 lapide,
1059 4528 1153 4582 sed
1179 4537 1235 4583 et
1258 4530 1495 4598 porticus
1520 4538 1637 4583 erat
1662 4528 1846 4599 juncta
1877 4547 2001 4599 por-

428 4611 557 4667 ticui
585 4613 797 4683 triplici.
832 4614 944 4670 Una
981 4618 1220 4685 porticus
1261 4618 1327 4672 ab
1365 4619 1539 4674 imbre
1566 4628 1622 4673 et
1655 4627 1784 4674 aestu
1824 4630 2001 4690 prote-

425 4716 559 4772 gens
591 4704 917 4772 sacerdotes,
951 4714 1003 4761 et
1028 4704 1212 4771 juncta
1248 4708 1479 4776 portioni
1516 4708 1740 4778 triplici,
1779 4710 2001 4765 demon-

427 4800 669 4863 stratque
711 4797 1022 4866 mysterium
1053 4795 1352 4861 Trinitatis,
1393 4799 1536 4866 quod
1575 4814 1699 4852 cum
1738 4797 1915 4855 Patris
1942 4809 1999 4854 et

427 4882 547 4937 Filii
579 4891 634 4937 et
660 4884 894 4952 Spiritus
931 4886 1102 4940 sancti
1132 4886 1404 4941 dividatur
1438 4888 1775 4955 nominibus,
1818 4899 1997 4946 tamen

422 4986 534 5025 una
578 4966 680 5026 sibi
725 4973 1005 5028 divinitate
1048 4976 1407 5047 conjungitur.
1448 4977 1580 5032 Erat
1623 4992 1834 5048 quoque
1872 4990 1998 5035 ante

422 5062 803 5133 gazophylacia
834 5064 945 5119 sive
973 5065 1202 5120 exedras
1232 5066 1312 5120 vel
1344 5066 1607 5121 thalamos
1640 5066 1998 5124 deambulatio

423 5152 611 5207 decem
647 5153 949 5208 cubitorum
976 5155 1274 5210 latitudinis
1301 5156 1365 5209 ad
1406 5156 1669 5211 interiora
1706 5157 1998 5226 respiciens

421 5242 523 5297 viae
552 5245 715 5298 cubiti
737 5247 913 5301 unius.
944 5245 1201 5316 Quodque
1226 5262 1255 5301 a
1278 5247 1623 5317 Septuaginta
1652 5248 1890 5302 additum
1917 5259 2000 5304 est

428 5348 447 5381 ι
482 5346 577 5400 per
601 5334 810 5389 cubitus
839 5335 1180 5406 longitudinis
1206 5348 1420 5392 centum
1439 5377 1455 5403 ,
1490 5357 1508 5390 ι
1539 5335 1870 5407 superfluum
1889 5346 1994 5404 est,

422 5423 545 5490 quia
564 5422 615 5475 in
635 5422 895 5481 liehraico
919 5443 1022 5482 non
1046 5428 1293 5491 habetur,
1318 5428 1457 5498 quod
1478 5435 1740 5497 ponentes
1761 5427 2000 5485 tulerunt

422 5512 475 5567 id
497 5513 638 5584 quod
657 5516 883 5572 habetur
906 5518 957 5572 in
980 5518 1201 5574 Πρω*ωο
1227 5537 1239 5572 :
1278 5538 1296 5571 ι
1332 5520 1397 5573 ad
1419 5520 1678 5577 interiora
1707 5520 1996 5590 respiciens

423 5603 521 5658 vim
534 5604 696 5661 cubiti
722 5608 897 5675 unius,
912 5610 1079 5679 ιᾳυοά
1098 5625 1198 5668 nos
1218 5610 1280 5666 dc
1297 5608 1558 5668 llebraica
1580 5611 1806 5664 veritate
1830 5621 1996 5669 trans-

2101 4539 2209 4584 tate
2231 4530 2373 4583 aeris
2399 4528 2730 4583 frnelmntur.
2774 4526 2840 4578 Et
2866 4526 3178 4580 eminebant
3219 4527 3285 4580 de
3328 4526 3671 4587 inferioribus

2097 4628 2152 4673 et
2178 4620 2241 4673 de
2271 4617 2461 4673 mediis
2490 4615 2723 4674 aedilicii.
2761 4624 2817 4668 ut
2845 4614 3137 4668 secundum
3163 4616 3499 4669 caenaculum
3526 4620 3672 4686 pavi-

2100 4715 2280 4761 mento
2316 4704 2586 4759 inferioris
2613 4703 2802 4757 domus
2829 4710 2974 4756 esset
3002 4703 3343 4769 eminentius,
3373 4713 3429 4759 et
3455 4706 3683 4760 tertium.

2099 4795 2435 4852 cmuaculum
2465 4793 2698 4848 secundo
2731 4801 2874 4848 esset
2905 4793 3191 4849 excelsius.
3230 4794 3301 4850 Et
3320 4806 3523 4865 quanto
3551 4799 3679 4867 quis

2101 4884 2165 4937 ad
2194 4882 2470 4952 superiora
2494 4881 2899 4945 conscenderet,
2927 4881 3257 4941 tantoaltiori
3282 4893 3524 4940 uteretur
3557 4902 3668 4941 cce-

2098 4973 2322 5035 naculo,
2367 4982 2568 5041 quanto
2614 4971 2916 5025 humilitate
2963 4975 3264 5038 crescebat,
3310 4975 3522 5030 dicente
3566 4976 3669 5029 Do-

2100 5065 2244 5118 mino
2271 5081 2283 5117 :
2317 5082 2334 5115 ‹
2369 5064 2468 5131 Qui
2496 5062 2607 5116 vult
2637 5062 2778 5117 inter
2806 5078 2900 5118 vos
2937 5062 3106 5132 major
3129 5081 3275 5130 esse,
3316 5068 3407 5120 liat
3431 5068 3669 5120 omnium

2100 5155 2353 5210 minimus
2380 5155 2593 5226 (Matth.
2622 5154 2798 5227 xxtu).
2834 5175 2851 5207 ›
2882 5154 3065 5226 Neque
3090 5159 3232 5213 enim
3262 5158 3521 5214 columnis
3548 5159 3671 5212 aliis
3700 5180 3703 5183 λ

2098 5246 2472 5314 portabantur,
2498 5245 2637 5298 sicut
2663 5243 2716 5297 in
2740 5244 2996 5299 atriorum
3022 5245 3282 5301 columnis
3310 5246 3554 5318 legimus,
3574 5248 3669 5301 sed

2099 5334 2406 5389 eminebant
2433 5334 2499 5388 de
2533 5333 2897 5400 inferioribus,
2928 5344 2981 5389 et
3018 5335 3081 5388 de
3114 5336 3302 5389 mediis
3326 5351 3355 5387 a
3386 5342 3529 5388 terra
3570 5350 3667 5389 cu-

2101 5425 2222 5481 bitis
2251 5425 2636 5495 quinquaginta
2672 5440 2895 5479 numero
2940 5425 3272 5478 remissionis
3304 5424 3542 5478 omnium
3572 5424 3669 5477 de-

2099 5517 2352 5572 bitorum.
2392 5515 2517 5570 Haec
2554 5523 2676 5570 sunt
2719 5524 2899 5569 autem
2944 5514 3183 5584 tristega,
3215 5515 3280 5569 de
3311 5515 3503 5583 quibus
3532 5529 3663 5583 prte-

2098 5611 2295 5680 cipitur
2326 5627 2336 5663 :
2376 5628 2396 5660 ι
2430 5607 2682 5663 Describe
2709 5621 2771 5661 ea
2808 5605 3105 5675 triplicitcr,
3136 5606 3356 5662 consilio
3394 5616 3448 5660 et
3492 5607 3664 5662 sciet»
