3972 6184
329 287 429 344 985

964 282 1026 337 Β.
1070 279 1321 336 RABAN’I
1360 279 1583 336 MAURI
1617 277 1933 335 ARClIIEP.
1976 279 2289 339 MOGUNT.
2331 275 2616 335 OPERUM
2656 275 2839 333 PARS
2874 277 2942 332 ll.

3501 277 3608 333 98!

326 401 425 463 tia,
453 408 511 459 ut
540 398 869 469 reapondeas
896 398 1237 454 sermonibus
1264 396 1508 452 veritatis
1536 396 1622 451 bis
1647 411 1764 466 qua:
1788 410 1915 466 pro-
1940 398 1990 458 Α
2022 412 2041 447 σ
2076 406 2259 452 torum
2303 405 2358 452 et
2401 394 2728 451 oblationem
2757 409 2857 465 pro
2900 401 3125 463 peccato
3167 401 3222 448 et
3256 408 3357 464 pro
3383 393 3603 450 delicto.

325 498 602 561 ponuntur
624 488 721 544 tibi
748 487 928 561 (Prov.
958 487 1116 560 χιιι).
1154 508 1173 541 ι
1208 486 1467 542 Interiora
1491 487 1657 557 igitur
1680 496 1734 542 et
1763 496 1915 542 exte-

326 585 472 639 riora
503 581 767 637 columnis
803 580 1061 651 indigent.
1099 578 1229 646 Qua:
1255 587 1431 633 autem
1474 579 1668 634 altiora
1698 586 1824 633 sunt
1858 587 1915 634 et

324 672 605 735 interiora,
628 670 1018 733 columnarum,
1040 669 1095 723 id
1114 677 1215 735 est,
1239 668 1398 723 alieni
1424 669 1607 723 auxilii
1630 684 1784 723 usum
1806 684 1910 722 non

323 765 545 819 habent.
594 762 727 817 Post
763 762 879 816 hac
921 761 1121 816 dicitur
1159 779 1172 815 :
1210 779 1231 812 ‹
1263 761 1331 816 Et
1370 760 1642 831 peribolus
1676 762 1915 816 extetior

323 854 621 910 secundum
649 851 1054 923 gazophylacia,
1077 866 1198 921 quae
1227 859 1383 905 erant
1414 851 1467 905 in
1494 851 1580 906 via
1610 851 1734 905 atrii
1762 860 1914 906 exte-

322 945 487 1001 rioris
530 954 657 999 ante
704 944 1110 1015 gazophylacia,
1154 944 1436 1014 longitudo
1482 944 1599 1015 ejus
1646 945 1913 1014 quinqua-

325 1035 475 1107 ginta
518 1035 824 1090 cubitorum
876 1052 890 1089 :
928 1035 1054 1102 quia
1104 1035 1383 1106 longitudo
1427 1043 1547 1090 erat
1589 1035 1912 1107 gazophyla-

322 1122 530 1177 ciorum
572 1123 699 1177 atrii
725 1124 1014 1179 exterioris
1052 1124 1444 1195 quinquaginta
1485 1126 1824 1191 cubitorum,
1856 1133 1912 1181 et

319 1210 597 1282 longitudo
635 1219 764 1266 ante
807 1211 998 1267 faciem
1035 1213 1221 1283 templi
1252 1223 1471 1267 centum
1514 1213 1841 1269 cubitorum.
1885 1232 1903 1266 ι

318 1302 604 1360 Peribolus
650 1319 865 1359 murum
914 1304 1206 1376 signiﬁcat,
1251 1307 1343 1375 qui
1388 1313 1505 1361 erat
1549 1306 1808 1372 exterior,
1856 1313 1913 1361 et

320 1393 570 1465 cingebat
595 1395 979 1467 gawphylacia
1009 1398 1065 1451 in
1096 1397 1183 1451 via
1208 1396 1333 1452 atrii
1364 1397 1675 1464 exterioris,
1703 1397 1910 1453 habens

318 1486 375 1540 in
413 1487 747 1558 longitudine
783 1488 1174 1559 quinquaginta
1218 1489 1430 1545 cubitos
1463 1509 1475 1543 :
1509 1490 1575 1545 de
1611 1488 1765 1558 cujus
1807 1505 1909 1544 nu-

318 1576 455 1630 meri
499 1585 841 1633 sacramento
885 1579 1076 1634 crebro
1116 1578 1370 1634 diximus.
1419 1579 1590 1635 Porro
1627 1580 1908 1652 longitudo

319 1678 444 1726 ante
481 1669 673 1727 faciem
718 1672 901 1743 templi
940 1690 1283 1745 nequaquam
1326 1676 1715 1748 quinquaginta
1755 1678 1905 1734 cubi-

2022 503 2040 539 ι
2074 487 2249 543 Locus
2278 488 2422 542 enim
2457 495 2679 542 sanctus
2714 493 2816 541 est.
2854 484 2990 540 Cum
3027 491 3211 540 autem
3240 483 3468 555 ingressi
3494 484 3608 540 fue-

2020 597 2039 630 ‹
2074 577 2183 631 rint
2204 577 2514 633 sacerdotes
2533 592 2638 631 non
2656 575 3007 648 egredientur
3025 574 3091 632 de
3107 575 3311 630 sanctis
3331 575 3384 629 in
3405 576 3606 631 atrium

2019 689 2037 719 ς
2073 670 2313 723 exterius
2352 687 2365 722 :
2405 676 2462 724 et
2488 669 2563 723 ibi
2603 675 2868 738 reponent
2890 665 3214 722 vestimenta
3241 681 3361 733 sua,
3405 668 3460 722 in
3486 668 3609 738 qui-

2020 778 2039 811 c
2075 760 2177 815 bus
2218 761 2562 827 ministrant,
2605 762 2732 830 quia
2769 769 2956 815 sancta
3002 768 3157 825 sunt,
3197 759 3607 831 vestienturque

2019 869 2038 901 ι
2077 851 2411 907 vestimentis
2449 852 2599 919 aliis,
2636 860 2691 906 et
2722 852 2801 907 sic
2832 851 3130 922 procedent
3163 851 3232 906 ad
3266 851 3542 923 populum.
3578 871 3598 906 ι

2015 940 2284 1012 (Ilieron.)
2310 942 2406 998 Vir
2426 942 2534 1007 ille,
2557 943 2650 1012 qui
2674 942 2867 997 ductor
2887 942 3160 1013 prophetae
3179 940 3601 1012 fuit,postquam

2012 1045 2134 1084 eum
2163 1031 2313 1086 duxit
2344 1031 2397 1086 in
2440 1033 2637 1086 atrium
2670 1031 2909 1088 exterius
2929 1072 2944 1097 ,
2976 1040 3033 1087 et
3057 1031 3392 1105 [ntunstravit
3418 1031 3601 1086 omnia

2012 1138 2131 1195 quae
2154 1127 2464 1196 prmteritus
2490 1142 2670 1182 sermo
2692 1127 2958 1191 narravit,
2983 1126 3366 1197 gazophylacia
3388 1140 3604 1196 quoque

2011 1216 2124 1271 sive
2153 1217 2401 1282 exedras,
2452 1216 2505 1271 in
2542 1216 2738 1287 quibus
2763 1217 3067 1273 diutissime
3100 1226 3467 1273 commoratus
3495 1224 3602 1284 est,

2010 1306 2142 1361 dixit
2167 1306 2234 1360 ad
2257 1321 2380 1362 eum
2397 1321 2413 1360 :
2433 1306 2556 1362 Haec
2581 1316 2705 1361 sunt
2726 1306 3110 1379 gazophylacia
3136 1306 3221 1361 vel
3246 1306 3459 1361 exedra:
3483 1309 3603 1362 tha-

2009 1397 2245 1467 lamique
2293 1397 2362 1453 ad
2409 1398 2714 1468 aquilonem
2755 1408 2811 1454 et
2849 1408 3114 1464 austrum,
3158 1412 3280 1468 quae
3317 1407 3445 1453 sunt
3474 1407 3599 1453 ante

2007 1488 2292 1544 mdificium
2319 1499 2653 1559 separatum,
2678 1499 2733 1544 et
2758 1490 3099 1561 appellantur
3116 1496 3304 1544 sancta
3330 1489 3600 1561 gazophy-

2006 1579 2164 1647 lacia,
2196 1579 2249 1641 in
2285 1580 2478 1650 quibus
2507 1590 2797 1636 vescuntur
2825 1580 3154 1641 sacerdotes.
3190 1580 3281 1651 qui
3312 1581 3600 1651 appropin-

2006 1679 2175 1741 quant
2199 1670 2266 1724 ad
2291 1670 2576 1726 Dominum
2603 1672 2658 1727 in
2689 1670 2890 1727 Sancta
2924 1679 3255 1727 sanctorum.
3294 1672 3372 1726 Ex
3402 1672 3602 1742 quibus

317 1768 496 1817 torum
530 1771 672 1828 erat,
704 1772 763 1820 ut
789 1774 915 1821 ante
942 1768 1350 1839 gazopliylacia,
1389 1771 1482 1825 sed
1511 1781 1729 1826 centum
1758 1771 1901 1827 cubi-

2010 1759 2268 1816 discimus
2314 1760 2511 1816 multas
2554 1762 2797 1816 orborum
2827 1777 2949 1818 esse
2991 1762 3357 1827 diversitates,
3402 1761 3600 1831 quibus

318 1862 535 1908 torum:
569 1861 627 1909 ut
670 1864 796 1927 post
836 1858 1212 1912 remissionem
1249 1860 1493 1916 omnium
1533 1869 1906 1930 peccatorum,

315 1936 552 2011 perfecta
582 1946 804 2013 praemia
833 1946 889 2001 in
918 1950 1234 2005 centenario
1256 1965 1482 2006 numero
1508 1952 1900 2021 praestolemur.

314 2029 423 2086 Pro
451 2034 690 2102 peribolo
712 2036 827 2092 sive
850 2053 1027 2102 muro,
1050 2040 1194 2109 quod
1214 2040 1479 2097 Hebraice
1504 2043 1702 2098 dicitur
1720 2044 1903 2114 gader,

319 2123 671 2197 Septuaginta
705 2128 879 2189 lumen
910 2131 1248 2202 interpretati
1285 2145 1411 2191 sunt
1445 2138 1589 2208 quod
1624 2141 1775 2195 venit
1811 2154 1904 2194 ex-

316 2219 587 2276 trinsecus
611 2229 667 2276 et
690 2221 959 2279 illuminat
997 2226 1175 2281 cordis
1199 2229 1370 2283 nostri
1394 2229 1604 2297 oculos,
1628 2246 1736 2285 non
1762 2230 1906 2286 suill-

317 2308 496 2365 ciente
523 2320 717 2367 natura
745 2315 915 2369 nostri
940 2314 1180 2383 luminis,
1211 2318 1354 2389 quod
1380 2328 1631 2376 versatur
1662 2321 1717 2375 in
1741 2336 1903 2377 sensu

311 2399 614 2469 perfectura
658 2403 903 2461 scientia:
929 2405 1132 2463 habere
1160 2406 1450 2480 fulgorem,
1490 2410 1594 2466 nisi
1637 2413 1903 2469 extrinse-

313 2504 413 2545 cus
455 2504 553 2560 per
592 2490 687 2547 Dei
718 2495 950 2564 gratiam
996 2496 1250 2564 introeat,
1285 2500 1428 2569 quod
1457 2500 1687 2569 primum
1715 2501 1907 2558 oculos

210 2630 217 2633 _
312 2580 487 2636 nostri
533 2582 714 2637 cordis
755 2582 1041 2640 illuminat.
1075 2586 1142 2642 Et
1181 2603 1343 2644 omne
1396 2590 1595 2645 atrium
1637 2592 1900 2658 exterius,

312 2668 457 2737 quod
485 2669 877 2742 quinquaginta
903 2675 1213 2731 cubitorum
1239 2676 1521 2735 latitudine
1549 2681 1805 2748 tenditur,
1825 2681 1902 2737 fa-

314 2760 391 2814 cit
417 2759 739 2818 clarescere.
777 2762 972 2819 Postea
1002 2780 1133 2821 vero
1161 2778 1286 2823 cum
1330 2770 1638 2826 venerimus
1665 2779 1791 2827 ante
1822 2772 1902 2826 fa-

311 2852 452 2907 ciem
482 2853 689 2923 templi,
725 2854 962 2923 perfecta
1003 2857 1058 2912 in
1091 2861 1406 2916 centenario
1430 2876 1659 2916 numero
1698 2864 1902 2933 recepi-

311 2956 435 2997 mus
480 2943 721 3012 parantia.
772 2944 901 2999 Erat
945 2956 1125 3001 autem
1169 2948 1357 3004 subter
1388 2951 1773 3022 gazophylacia
1816 2953 1899 3008 in-

309 3035 509 3092 troitus
537 3035 604 3091 ab
625 3037 834 3093 oriente
853 3024 1278 3109 ingredientium
1310 3040 1363 3096 in
1392 3057 1456 3097 ea
1486 3044 1552 3098 de
1581 3044 1722 3099 atrio
1750 3052 1901 3102 exte-

311 3128 463 3185 riori.
495 3126 721 3199 Oportet
746 3130 894 3185 enim
920 3129 1015 3186 Dei
1041 3147 1138 3188 nos
1176 3133 1456 3203 possidere
1484 3132 1720 3200 divitias,
1748 3143 1804 3189 et
1833 3135 1901 3192 de

310 3218 452 3273 atrio
477 3220 729 3276 exteriori
755 3220 943 3277 subter
962 3223 1343 3295 gazophylacia
1371 3224 1596 3281 orientis
1619 3226 1899 3282 introitum

311 3309 597 3379 reperire:
631 3318 687 3366 ει
726 3326 825 3382 per
868 3312 1208 3371 latitudinem
1253 3315 1501 3385 periboli,
1543 3318 1634 3387 qui
1681 3319 1901 3387 respicit

311 3402 457 3457 viam
481 3403 729 3471 orientis,
759 3405 946 3463 venire
980 3408 1046 3462 ad
1073 3407 1384 3473 aedilicium,
1421 3409 1564 3478 quod
1592 3410 1793 3465 sanctis
1817 3419 1902 3466 est

307 3501 638 3564 separatum,
669 3503 797 3551 ante
819 3497 964 3566 quod
1010 3505 1139 3552 sunt
1177 3498 1583 3569 gazophylacia,
1614 3507 1670 3553 et
1698 3499 1751 3553 in
1786 3499 1898 3569 ipsa

307 3584 396 3639 via
443 3584 739 3641 similitudo
785 3587 1314 3659 gazophylaciorutn,
1361 3604 1481 3659 quae
1523 3598 1683 3644 erant
1728 3590 1901 3644 invia

305 3675 598 3747 aquilonis.
644 3676 796 3734 Licet
834 3680 981 3734 enim
1026 3681 1096 3736 ad
1141 3679 1368 3735 orientis
1412 3681 1791 3749 perveniamus
1818 3682 1901 3736 in-

307 3768 557 3833 troitum,
585 3776 766 3823 tamen
810 3769 1109 3825 similitudo
1151 3769 1415 3839 majorum
1455 3779 1539 3825 est
1581 3770 1635 3824 in
1677 3771 1899 3827 minori-

305 3861 439 3927 bus;
466 3870 650 3918 etnon
680 3877 966 3932 possumus
1007 3864 1074 3918 ad
1100 3863 1329 3919 orientis
1362 3850 1647 3934 pervenire
1692 3863 1896 3930 lumen,

307 3952 410 4007 nisi
435 3967 533 4023 per
565 3953 707 4006 viam
738 3953 1027 4022 aquilonis,
1057 3954 1111 4008 id
1133 3962 1238 4021 est,
1264 3970 1364 4025 per
1387 3955 1596 4011 minora
1623 3964 1681 4010 et
1723 3956 1898 4011 humi-

303 4043 440 4098 liora
471 4044 541 4098 ad
581 4042 786 4112 majora
817 4052 872 4098 et
909 4043 1101 4098 altiora
1132 4046 1434 4101 tendamus.
1477 4046 1533 4101 In
1574 4046 1691 4117 ipso
1716 4057 1897 4103 autem

306 4134 534 4199 introitu
561 4133 840 4205 longitudo
865 4143 984 4191 erat
1004 4134 1198 4191 similis
1225 4136 1544 4205 latitudinis,
1576 4138 1630 4192 id
1658 4147 1762 4204 est,
1806 4155 1898 4194 ea-

305 4224 428 4280 dem
458 4239 710 4281 mensura
758 4240 857 4295 per
897 4226 1183 4296 quadrum.
1215 4226 1511 4296 Omnisque
1540 4229 1819 4300 ingressus
1844 4241 1898 4286 ει

304 4314 690 4372 similitudines
733 4325 789 4372 et
814 4318 955 4373 ostia
995 4318 1241 4374 eamdem
1274 4319 1540 4375 habebant
1586 4336 1893 4379 mensuram

2005 1850 2151 1907 vesci
2180 1851 2552 1907 sacerdotibus
2580 1851 2707 1907 licet
2730 1852 2813 1907 vel
2838 1868 2943 1907 non
2970 1852 3119 1918 licet,
3147 1861 3199 1907 et
3231 1853 3299 1908 de
3322 1852 3408 1910 bis
3443 1853 3597 1923 ipsis,

2005 1958 2141 2013 quos
2163 1947 2291 2002 licet
2320 1944 2373 1998 in
2400 1945 2550 1999 cibos
2576 1959 2793 2001 sumere
2824 1960 2932 1999 non
2956 1944 3009 1999 in
3036 1944 3287 2000 omnibus
3311 1954 3599 2000 sumuntur

2006 2033 2158 2099 locis,
2186 2049 2287 2089 nec
2312 2035 2380 2089 ab
2409 2034 2682 2101 omnibus,
2726 2049 2901 2106 neque
2937 2036 3085 2091 omni
3129 2044 3387 2106 tempore.
3416 2034 3596 2090 Gazo-

2002 2128 2253 2197 pbytacia
2282 2127 2552 2197 aquilonis
2574 2137 2629 2183 et
2649 2128 2819 2183 austri
2850 2137 2979 2197 puto
3003 2143 3143 2192 esse,
3168 2143 3288 2197 quae
3314 2126 3398 2183 vel
3422 2128 3598 2182 histo-

2004 2218 2099 2272 ria:
2135 2218 2451 2272 contineant
2493 2217 2920 2289 simplicitatem,
2965 2217 3048 2272 vel
3093 2217 3353 2289 spiritalis
3396 2217 3597 2271 intelli-

2002 2306 2199 2378 gentia:
2235 2315 2605 2374 sacramenta,
2635 2317 2696 2361 ut
2733 2322 2829 2379 per
2870 2307 3178 2377 aquilonem
3212 2307 3493 2361 veniamus
3528 2306 3598 2359 ad

2002 2398 2309 2454 meridiem.
2332 2398 2516 2470 Neque
2537 2401 2682 2455 enim
2701 2400 2781 2454 sic
2800 2398 3024 2471 legenda
3043 2408 3127 2454 est
3147 2398 3329 2453 littera
3348 2406 3402 2453 et
3427 2398 3600 2453 histo-

2002 2489 2097 2543 ria:
2139 2487 2488 2543 fundamenta
2525 2487 2798 2559 iacienda,
2832 2498 2893 2543 ut
2938 2504 3046 2544 non
3074 2488 3354 2543 veniamus
3387 2487 3455 2542 ad
3485 2486 3596 2541 cul-

2002 2582 2148 2636 mina
2188 2599 2203 2635 :
2247 2596 2347 2636 nec
2386 2581 2459 2636 ita
2497 2581 2865 2652 pulcherrimo
2895 2580 3123 2636 aedificio
3154 2587 3297 2634 tecta
3322 2576 3594 2649 ponenda,

2001 2681 2063 2726 ut
2104 2687 2443 2742 nequaquam
2488 2671 2831 2729 fundamenta
2880 2670 2990 2726 sint
3035 2669 3226 2725 solida.
3272 2666 3597 2724 Sacerdotes

2000 2773 2178 2819 autem
2221 2764 2313 2833 qui
2360 2771 2654 2819 vescuntur
2698 2763 2753 2818 in
2798 2761 3053 2827 cellariis,
3094 2762 3151 2816 in
3186 2758 3383 2831 quibus
3412 2758 3596 2815 multa:

2002 2860 2203 2915 divitia:
2224 2859 2597 2924 continentur,
2628 2857 2729 2927 ipsi
2759 2864 2886 2913 sunt
2925 2855 3017 2926 qui
3066 2854 3500 2926 appropinquant
3520 2851 3591 2906 "ad

2002 2948 2312 3016 Dominum,
2341 2951 2407 3004 de
2422 2948 2617 3020 quibus
2645 2948 2924 3019 Scriptura
2942 2946 3385 3018 καίνει-(Επεὶ.
3413 2943 3586 3015 xxiv),

2002 3042 2146 3112 quod
2192 3040 2406 3113 Moyses
2431 3041 2943 3112 appropinquaverit
2968 3040 3035 3096 ad
3061 3040 3372 3104 Dominum,
3399 3048 3457 3094 et
3481 3055 3593 3095 ca:-

2006 3133 2106 3189 teri
2150 3134 2411 3189 accedere
2440 3149 2548 3189 non
2585 3134 2880 3203 potuerint.
2925 3131 2983 3187 In
3021 3131 3377 3188 mdilicatione
3405 3130 3591 3202 templi

2000 3224 2218 3294 mystici
2240 3233 2295 3278 et
2329 3225 2385 3279 in
2415 3223 2673 3279 Ecclesiae
2701 3232 3042 3285 sacramento
3069 3223 3223 3279 multi
3252 3231 3380 3278 sunt
3406 3238 3590 3279 sacer-

1998 3317 2153 3373 dotes
2186 3325 2242 3373 et
2276 3316 2557 3386 apostolici
2597 3316 2722 3381 viri,
2770 3316 2861 3387 qui
2888 3315 3152 3372 accedunt
3183 3316 3250 3372 ad
3280 3314 3587 3380 Dominum,

1998 3418 2053 3463 et
2081 3424 2186 3463 non
2234 3408 2289 3462 in
2318 3408 2558 3478 quolibet
2594 3408 2735 3471 loco,
2776 3408 2872 3463 sed
2901 3406 3206 3481 inSancto
3248 3415 3587 3463 sanctorum.

1999 3497 2263 3569 Quodque
2295 3498 2450 3569 juxta
2493 3497 2847 3568 Septuaginta
2879 3497 3092 3560 dicitur,
3125 3497 3219 3552 lilii
3258 3497 3455 3562 Sadoc,
3497 3498 3592 3567 qui

1999 3590 2389 3660 interpretatur
2418 3589 2621 3660 justus,
2663 3589 2717 3643 in
2747 3587 3013 3644 Hebraico
3042 3602 3150 3643 non
3190 3588 3440 3644 habetur.
3482 3586 3587 3651 Ibi,

1999 3681 2205 3752 inquit,
2233 3690 2423 3752 ponent
2454 3679 2748 3735 sacerdotes
2777 3678 2973 3735 Sancta
3013 3689 3316 3735 sanctorum
3350 3689 3402 3733 et
3444 3677 3589 3733 oblu-

1999 3772 2213 3836 tionem,
2244 3772 2348 3827 hoc
2373 3780 2478 3836 est,
2521 3770 2799 3825 victimam
2826 3770 3151 3837 holocausti,
3186 3780 3233 3824 et
3258 3786 3353 3841 pro
3378 3780 3590 3840 peccato

1999 3872 2047 3917 et
2075 3878 2170 3932 pro
2210 3862 2531 3932 ignorantia,
2562 3870 2622 3916 ut
2646 3876 2752 3916 non
2792 3861 2966 3917 solum
3003 3863 3133 3933 jnge
3164 3860 3398 3917 oderant
3421 3861 3590 3915 sacri-

1999 3953 2214 4019 ficium,
2258 3953 2352 4009 sed
2395 3967 2495 4023 pro
2536 3952 2848 4009 diversitate
2891 3960 3191 4024 temporum
3234 3961 3291 4008 et
3328 3951 3590 4022 qualitate

1999 4047 2208 4117 peccati
2251 4054 2416 4116 atque
2456 4046 2791 4117 ignorantiae,
2815 4048 2991 4101 sciant
3021 4046 3239 4115 placare
3280 4045 3586 4107 Dominum,

1999 4140 2125 4210 quia
2158 4139 2272 4210 ipse
2301 4137 2452 4194 locus
2483 4146 2704 4193 sanctus
2727 4147 2841 4203 est,
2874 4147 2930 4193 et
2952 4137 3304 4194 sacerdotalis
3329 4138 3383 4192 in
3411 4152 3478 4192 eo
3504 4137 3583 4191 di-

1998 4234 2177 4303 gnitas
2215 4239 2605 4297 commoratur,
2636 4247 2758 4301 quae
2791 4234 2964 4301 possit
3001 4247 3193 4302 rogare
3220 4247 3319 4302 pro
3352 4231 3585 4286 caeteris.

2000 4323 2227 4391 Quando
2264 4331 2445 4377 autem
2488 4323 2886 4393 procedendum
2928 4329 3011 4377 est
3055 4323 3123 4376 ad
3166 4339 3293 4386 eos,
3336 4321 3430 4390 qui
3482 4335 3586 4377 non

302 4414 358 4461 et
391 4405 824 4475 similitudinem,
852 4424 1014 4480 quam
1044 4410 1449 4482 gazophylacia,
1490 4426 1611 4481 qua:
1653 4423 1811 4468 erant
1839 4415 1892 4468 in
1924 4450 1973 4510 Β
1998 4422 2226 4485 possunt
2255 4413 2438 4484 templi
2464 4413 2607 4469 adita
2642 4420 2949 4483 penetrare,
2985 4428 3085 4468 nec
3118 4411 3316 4467 divinae
3350 4412 3590 4467 scientia:

303 4498 390 4552 via
417 4498 739 4569 respiciente
766 4500 833 4555 ad
859 4511 1124 4556 ausxrum.
1150 4502 1255 4557 Per
1274 4502 1540 4559 orientem
1576 4504 1721 4559 enim
1746 4508 1898 4576 aqui-

305 4590 446 4648 lonis
477 4591 677 4662 frigora
711 4593 1105 4664 restinguentes
1139 4594 1486 4664 pervenimus
1514 4596 1585 4651 ad
1626 4606 1891 4663 austrum,

303 4684 359 4740 in
400 4699 509 4755 quo
535 4699 769 4754 sponsus
812 4686 1033 4741 recubat
1062 4687 1117 4741 in
1148 4688 1394 4754 meridie,
1426 4697 1481 4743 et
1510 4689 1563 4744 in
1592 4689 1752 4761 pleno
1778 4706 1897 4746 ver-

303 4785 456 4832 satur
484 4776 705 4832 lumine.
740 4776 799 4832 ln
827 4780 1004 4849 capite
1034 4787 1218 4834 autem
1246 4780 1486 4851 ejusdem
1514 4782 1633 4846 vias,
1663 4783 1765 4838 hoc
1786 4792 1894 4847 est,

287 4866 587 4923 orientalis
620 4882 740 4938 quae
766 4875 911 4938 patet
942 4868 1368 4938 ingredientibus
1393 4872 1592 4927 ostium
1617 4883 1721 4938 est,
1750 4875 1891 4943 quod

303 4956 408 5013 nisi
429 4963 675 5028 apertum
700 4957 864 5014 fuerit
884 4960 954 5014 ab
974 4974 1057 5024 eo,
1080 4962 1169 5031 qui
1197 4962 1327 5017 dicit
1350 4980 1363 5015 :
1386 4963 1499 5034 Ego
1527 4979 1645 5019 sum
1670 4968 1891 5031 ostium,

301 5057 355 5105 et
392 5049 485 5120 qui
515 5048 678 5106 habet
704 5049 912 5106 clavem
944 5051 1110 5106 David
1136 5053 1204 5106 ad
1230 5053 1554 5109 vestibulum
1581 5066 1891 5112 sanctorum

302 5139 596 5197 virtutibus
621 5150 953 5212 separatum,
982 5151 1038 5198 et
1065 5144 1209 5213 quod
1232 5145 1301 5200 ab
1337 5145 1588 5215 aquilone
1616 5149 1894 5205 venientes

305 5234 550 5304 suscipit,
582 5250 688 5291 non
723 5250 1010 5306 possumus
1035 5237 1337 5306 pervenire.

381 5344 400 5379 ι
434 5326 502 5380 Ει
527 5327 663 5382 dixit
702 5328 770 5381 ad
804 5341 890 5381 me
923 5346 935 5380 :
967 5326 1365 5398 Gazopbylacia
1397 5329 1681 5400 aquilonis,
1712 5340 1768 5386 et
1795 5348 1890 5402 ga-

309 5436 327 5468 ι
363 5417 674 5489 zophylacia
717 5418 912 5484 austri,
947 5433 1066 5488 quae
1108 5427 1235 5473 sunt
1264 5428 1388 5477 :utte
1421 5421 1708 5476 aedificium
1741 5438 1895 5493 sepa-

308 5526 327 5558 ι
364 5516 566 5573 ratum,
604 5508 719 5563 haec
764 5516 891 5563 sunt
933 5508 1317 5581 gazopliylacia
1361 5519 1565 5577 sancta,
1601 5511 1655 5565 in
1698 5511 1896 5582 quibus

311 5620 328 5647 ι
364 5606 658 5653 vescuntur
686 5599 1019 5664 sacerdotes,
1044 5602 1135 5670 qui
1169 5599 1601 5671 appropinquant
1626 5602 1691 5656 ad
1718 5602 1894 5657 Dorul-

313 5704 333 5733 ι
369 5700 519 5755 num,
543 5685 820 5753 iuSancta
848 5698 1179 5750 Sanctorum.
1210 5691 1284 5749 lbi
1309 5702 1511 5763 ponent
1546 5692 1745 5751 Sancta
1771 5711 1893 5752 san-

2001 4521 2199 4562 arcana
2226 4519 2578 4577 cognoscere,
2605 4504 2978 4575 egrediantur,
3007 4505 3200 4575 inquit,
3230 4503 3377 4560 foras
3403 4504 3471 4560 ad
3495 4518 3590 4559 eos

1998 4599 2306 4654 sacerdotes
2341 4597 2396 4650 in
2425 4596 2623 4652 atrium
2658 4598 2942 4652 exterius:
2970 4611 3311 4667 nequaquam
3344 4612 3468 4652 cum
3505 4597 3591 4653 his

1998 4689 2358 4753 vestimentis,
2385 4688 2581 4757 quibus
2609 4687 2932 4743 intrinsecus
2963 4687 3132 4743 induti
3155 4694 3344 4751 erant,
3376 4687 3589 4742 viscera

1997 4782 2248 4837 vi'lelioet
2284 4780 2669 4837 misericordia:
2706 4788 2763 4835 et
2802 4779 3089 4835 Dominum
3128 4779 3485 4847 Salvatorem,
3524 4783 3591 4838 de

1999 4872 2195 4942 quibus
2234 4872 2495 4943 scriptum
2525 4880 2611 4927 est
2649 4889 2662 4926 :
2710 4889 2729 4922 ‹
2766 4871 3051 4926 lnduimini
3093 4870 3370 4927 Christum
3404 4870 3587 4928 Jesum

2002 4964 2174 5036 (Rom.
2200 4962 2340 5029 xm),
2376 4981 2395 5014 ι
2430 4978 2531 5018 nec
2559 4962 2643 5017 his
2664 4971 2888 5017 utantur
2908 4962 3267 5026 sermonibus,
3299 4963 3366 5018 de
3393 4961 3591 5033 quibus

2001 5054 2238 5124 loquitur
2278 5052 2442 5119 Deus,
2492 5053 2803 5124 Mysterium
2841 5069 3021 5109 meum
3051 5054 3184 5109 mihi
3229 5065 3285 5108 et
3316 5055 3471 5119 meis,
3523 5070 3591 5110 ne

2001 5146 2282 5200 incurrant
2314 5144 2368 5199 in
2401 5145 2550 5211 illud,
2595 5146 2737 5215 quod
2777 5144 3027 5200 Salvator
3063 5146 3317 5216 prohibet
3347 5147 3535 5203 dicens
3574 5165 3586 5200 :

2013 5256 2026 5289 ι
2056 5236 2231 5292 Nolite
2257 5238 2387 5292 dare
2417 5245 2663 5292 sanctum
2700 5239 2942 5304 canibus,
2979 5252 3080 5294 nec
3107 5238 3406 5310 projiciatis
3445 5256 3588 5295 mar-

1998 5328 2203 5401 garitas
2235 5336 2360 5383 ante
2390 5343 2585 5397 porcos
2615 5328 2832 5399 (Matth.
2863 5329 2993 5400 vn);
3027 5350 3044 5381 ι
3078 5332 3171 5386 sed
3197 5341 3400 5402 ponent
3424 5333 3579 5388 vcsti-

2000 5422 2181 5475 tncnta
2231 5434 2326 5475 sua
2374 5419 2729 5485 intrinsecus,
2773 5420 2970 5490 quibus
3030 5421 3326 5478 induuntur
3372 5423 3584 5493 quando

2000 5511 2311 5566 ministrant
2337 5510 2391 5565 in
2422 5511 2606 5581 templi
2635 5512 2831 5583 adytis,
2861 5521 3048 5568 sancta
3078 5515 3222 5569 enim
3255 5524 3401 5578 sunt,
3432 5524 3489 5570 et
3519 5511 3583 5568 ad

1999 5618 2096 5658 eos
2126 5603 2218 5674 qui
2270 5601 2570 5673 perfectam
2609 5618 2714 5658 non
2747 5604 2949 5660 habent
2982 5606 3323 5662 sanctitatem
3361 5622 3471 5661 non
3501 5606 3584 5660 de-

1997 5697 2127 5754 bent
2177 5692 2424 5765 proferri.
2469 5697 2855 5771 Accipientque
2897 5699 3003 5757 alia
3043 5701 3388 5770 vestimenta,
3412 5710 3464 5757 et
3508 5699 3583 5756 sic
