3972 6184
237 381 344 442 38-3
1201 377 1550 435 COMMENT.
1589 378 1659 435 Ν
1694 378 2100 435 EZElllELEM.
2140 413 2208 423 -—
2233 382 2361 439 LIB.
2401 382 2561 438 ιινιι.
3307 349 3323 363 ⁸
3385 385 3487 441 986

235 494 531 568 precedent
551 491 617 548 ad
638 490 913 561 populum.
947 488 1058 555 Sic,
1089 491 1283 564 inquit,
1319 494 1604 564 loquentur
1626 495 1691 549 ad
1718 510 1813 565 po-
1841 498 1887 558 Α
1922 514 1941 546 ι
1985 505 2069 553 est
2086 506 2273 553 contra
2296 508 2516 552 ventum
2532 496 2797 566 aquilonis
2812 497 3133 566 quingentos
3150 495 3410 561 calatnes,
3431 498 3486 552 in

236 586 455 657 pulum,
502 584 772 652 quomodo
817 588 992 651 potest
1038 583 1227 636 audire
1271 585 1517 653 populus.
1567 585 1719 640 Unde
1760 593 1814 639 et
1922 603 1940 636 ι
1985 586 2192 641 calamo
2215 603 2481 642 mensura:
2501 604 2599 656 per
2621 603 2831 658 gyrum.
2855 588 2922 641 Et
2941 587 3008 642 ad
3026 598 3243 641 ventum
3271 597 3484 642 austra-

236 671 526 744 Apostolus
549 670 616 724 ad
653 669 959 724 Corinthios
994 669 1330 739 loquebatur,
1359 673 1412 725 in
1440 673 1634 741 quibus
1664 692 1682 724 ι
1718 688 1815 726 au-
1920 694 1939 726 t
1982 676 2085 731 lem
2106 692 2323 732 mensus
2335 679 2752 747 estquingentos
2767 677 3022 734 calamos.
3039 678 3091 731 in
3111 677 3319 732 calamo
3339 693 3488 732 men-

238 763 486 817 diebatur
511 759 793 814 l'ornieatio
829 767 883 812 et
917 758 1040 812 talis
1068 758 1375 821 fcrnicatio.
1402 762 1574 829 qualis
1605 777 1705 817 nec
1732 764 1815 817 in-
1919 784 1939 816 ι
1980 781 2119 821 sum
2150 781 2248 836 per
2288 768 2594 821 circuitum.
2634 767 2700 821 Et
2738 767 2806 820 ad
2846 775 3061 821 ventum
3101 767 3486 823 occidentalem

240 857 522 921 tergentes
534 848 583 920 (l
602 847 723 902 Cor.
740 848 790 918 γ)
813 866 825 900 :
848 867 866 900 ι
895 861 916 880 '
939 846 1046 901 Lac
1060 848 1275 916 quidem
1294 849 1444 903 vobis
1465 858 1646 917 potum
1671 851 1808 915 dedi,

1920 876 1938 907 ι
1987 872 2202 913 mensus
2222 865 2304 913 est
2322 859 2644 927 quingentos
2669 858 2920 920 calamos,
2959 857 3011 911 in
3041 857 3248 912 calamo
3273 874 3479 913 mensu-

237 955 348 994 non
376 953 556 993 escam
581 936 659 1008 (id
683 944 769 991 est
795 937 1021 990 solidum
1048 937 1274 1008 cibum),
1308 939 1533 992 necdum
1556 941 1698 994 enim
1724 957 1818 996 ca—
1919 962 1939 997 ι
1986 961 2077 1001 rae.
2104 946 2208 1002 Per
2227 955 2455 1015 quatuor
2473 953 2663 1000 ventos
2684 960 2903 1000 mensus
2918 954 3002 1000 est
3015 960 3228 1000 murum
3248 944 3364 1012 ejus
3389 962 3489 999 un-

236 1043 370 1100 pere
396 1027 656 1098 poteratis
681 1025 732 1100 (ι
755 1024 880 1082 Cor.
919 1026 1023 1097 Ill).
1060 1045 1080 1078 ι
1126 1025 1208 1081 Ad
1235 1042 1372 1095 quos
1397 1042 1609 1083 rursum
1639 1029 1771 1085 dicit
1795 1043 1814 1084 :
1918 1056 1938 1090 ι
1984 1038 2142 1106 dique
2164 1053 2263 1107 per
2285 1038 2593 1102 circuitum,
2611 1037 2937 1108 longitudine
2957 1039 3368 1108 quingentorum
3395 1053 3488 1092 en-

244 1138 264 1171 ι
299 1119 471 1175 Filioli
508 1118 643 1181 mei,
673 1133 807 1187 quos
838 1118 1030 1171 iterum
1068 1119 1330 1187 parturio,
1376 1121 1547 1176 donec
1569 1122 1818 1180 Christus
1919 1145 1938 1179 ι
1982 1127 2249 1192 bitorum,
2292 1135 2347 1183 et
2392 1127 2671 1182 latitudine
2724 1128 3138 1197 quingentorum
3185 1128 3487 1182 cubitorum

237 1207 504 1264 ‘ormetur
550 1209 605 1262 in
648 1208 801 1262 vobis
822 1206 965 1278 (Gal.
999 1207 1094 1278 tv).
1137 1227 1157 1261 ι
1202 1208 1446 1267 Parvulis
1485 1211 1630 1264 enim
1654 1219 1817 1282 atque
1920 1234 1940 1268 ι
1982 1217 2308 1272 dividentem
2350 1218 2494 1273 inter
2531 1217 2892 1272 sanctuarium
2931 1225 2985 1271 et
3028 1217 3165 1287 vulgi
3213 1217 3409 1272 locum.
3463 1236 3479 1270 ι

241 1301 563 1355 lactantibus
585 1316 693 1354 non
721 1299 890 1354 solum
920 1315 1025 1355 non
1051 1302 1270 1371 prodest
1291 1302 1492 1357 solidus
1519 1303 1690 1368 cibus,
1721 1304 1816 1358 sed
1915 1303 2184 1378 (Hierom)
2215 1306 2501 1362 Sciendum
2530 1308 2672 1376 quod
2701 1316 2822 1376 post
2847 1314 3062 1361 ventum
3090 1307 3408 1361 orientalem
3433 1316 3489 1361 ct

238 1390 498 1445 interﬁcit
538 1405 651 1455 eos,
697 1391 788 1460 qui
829 1390 1079 1460 perfecta:
1121 1395 1297 1449 aetatis
1338 1395 1644 1449 hominibus
1682 1410 1814 1468 con-
1915 1397 2218 1466 aquilonem
2264 1399 2318 1452 in
2347 1406 2508 1452 vento
2533 1397 2753 1452 australi
2786 1407 2843 1452 et
2872 1399 3185 1452 occidentali
3216 1400 3353 1468 apud
3385 1399 3485 1455 Se-

237 1483 405 1552 gruit.
427 1482 579 1549 Quod
606 1482 764 1537 aliter
784 1483 1002 1552 intelligi
1026 1492 1222 1552 potest.
1261 1481 1463 1555 (Greg.)
1494 1485 1817 1541 Sacerdotes
1914 1485 2190 1555 ptuaginta
2216 1486 2351 1540 ordo
2376 1494 2736 1555 praeposterus
2754 1494 2843 1540 Sll.
2871 1485 2948 1539 Illi
2973 1487 3113 1541 enim
3136 1489 3366 1556 primum
3393 1504 3489 1558 po-

237 1588 370 1628 vero
409 1573 571 1627 etiam
604 1583 724 1643 post
751 1575 1214 1645 compunctionem
1242 1589 1305 1628 ac
1333 1574 1596 1645 lacrymas
1620 1591 1818 1645 cogun-
1915 1582 2140 1629 suerunt
2166 1576 2572 1640 occidentalem,
2604 1575 2657 1629 id
2684 1586 2767 1631 est
2791 1590 2956 1639 mare,
2993 1585 3046 1630 et
3072 1586 3255 1645 postea
3280 1591 3489 1632 austra—

238 1671 329 1716 tur
369 1663 670 1717 necessaria
717 1644 946 1715 ﬁliorum
995 1678 1213 1717 suorum
1258 1644 1613 1734 cognoscere,
1659 1644 1714 1720 et
1751 1680 1816 1720 ea
1916 1663 2043 1730 lem,
2092 1678 2217 1719 eum
2261 1665 2402 1734 apud
2438 1664 2693 1721 Hebraeos
2740 1666 2969 1734 primum
3018 1644 3249 1735 ponatur
3294 1676 3488 1724 ventus

235 1767 359 1820 qua:
400 1751 669 1821 refugiunt
712 1754 892 1807 animo
935 1754 1203 1824 patienter
1242 1755 1448 1821 audire,
1490 1764 1652 1826 atque
1695 1766 1817 1827 post
1916 1755 2188 1820 australis,
2219 1764 2277 1810 et
2297 1764 2485 1827 postea
2513 1757 2879 1812 occidentalis.
2922 1756 3180 1827 Quodque
3209 1759 3487 1830 Scriptura

235 1840 467 1910 suspiria
493 1841 811 1906 caelestium,
831 1842 1194 1911 quorumlibet
1213 1845 1511 1900 carnalium
1535 1847 1812 1901 hominum
1843 1843 1888 1902 Β
1916 1860 2059 1899 nunc
2086 1844 2218 1899 dicit
2244 1857 2261 1898 :
2297 1864 2317 1896 ι
2353 1845 2596 1915 Cumque
2621 1846 2943 1914 complesset
2988 1862 3270 1907 mensuras
3298 1849 3490 1903 domus

235 1928 406 1984 onera
444 1938 680 1999 portare,
710 1940 766 1984 et
792 1944 931 2000 saepe
958 1946 1080 1985 cum
1116 1934 1612 2002 supervenientibus
1637 1950 1730 1991 cor
1757 1937 1813 1990 in
1917 1933 2210 2000 interioris,
2251 1935 2436 1990 eduxit
2477 1951 2565 1989 me
2603 1950 2700 2004 per
2725 1936 2865 1989 viam
2896 1945 3087 2005 portae,
3115 1951 3234 2004 qua:
3272 1937 3489 2005 respicit

236 2021 450 2075 diversa
487 2020 744 2091 qualitate
789 2020 1183 2077 transfundere.
1232 2021 1368 2077 Nam
1404 2025 1689 2094 aliquando
1728 2041 1814 2080 sa-
1916 2024 1984 2079 ad
2010 2025 2148 2079 viam
2178 2024 2516 2088 orientalem,
2555 2042 2574 2076 ι
2634 2025 2871 2079 ostendit
2917 2034 3129 2088 cuncta,
3172 2041 3290 2094 qua:
3325 2041 3487 2094 supra

236 2113 431 2168 cerdos
455 2113 521 2167 de
547 2111 713 2167 lucris
741 2112 1072 2183 spiritalibus
1099 2115 1314 2184 gaudet.
1364 2114 1468 2170 Sed
1498 2131 1620 2170 cum
1658 2117 1818 2187 quili—
1914 2111 2062 2167 dicta
2107 2120 2254 2178 sunt,
2285 2123 2340 2167 et
2365 2112 2667 2168 forinsecus
2695 2121 2749 2168 et
2783 2114 3133 2178 intrinsecus,
3164 2124 3219 2168 et
3249 2115 3302 2168 in
3353 2115 3490 2168 intc-

235 2205 327 2259 bet
371 2216 607 2257 moerens
650 2203 1045 2272 supervenerit;
1089 2204 1194 2259 nisi
1222 2202 1336 2272 ejus
1364 2219 1650 2262 maerorem
1679 2208 1732 2261 in
1756 2222 1816 2263 se
1915 2201 2148 2257 rioribus
2177 2202 2383 2272 templi,
2432 2203 2536 2257 hoc
2573 2211 2678 2267 est,
2706 2204 2879 2258 sancti
2907 2213 3240 2269 sanctorum,
3272 2204 3487 2274 proprie

236 2293 565 2362 susceperit,
591 2292 916 2348 tribulationi
945 2292 1086 2348 illius
1109 2296 1444 2363 compatiens
1474 2311 1580 2351 non
1622 2306 1724 2352 est.
1750 2298 1819 2353 Et
1916 2294 1984 2348 ad
2029 2294 2208 2364 templi
2235 2294 2519 2349 aedilicium
2549 2295 2840 2364 pertinere,
2885 2304 2940 2350 et
2984 2295 3166 2365 templi
3193 2297 3485 2350 interioris.

235 2383 525 2454 aliquando
550 2385 616 2439 de
641 2385 848 2440 damnis
868 2385 1167 2439 animarum
1192 2386 1367 2457 luget,
1393 2395 1449 2442 et
1477 2398 1692 2458 repente
1722 2404 1814 2443 su-
1919 2382 2071 2439 Unde
2100 2399 2243 2439 nunc
2267 2384 2511 2454 sequitur
2536 2401 2549 2438 :
2589 2403 2606 2434 ι
2643 2385 2841 2439 Eduxit
2868 2400 2952 2438 me
2996 2400 3093 2455 per
3122 2385 3259 2439 viam
3286 2395 3486 2456 portae,

233 2476 596 2546 perveniunt,
633 2475 727 2545 qui
764 2474 832 2530 de
871 2475 1187 2544 quibusdam
1222 2478 1335 2531 suis
1374 2479 1816 2547 prosperitatibus
1917 2489 2037 2543 quas
2057 2476 2379 2544 respiciebat
2404 2476 2473 2530 ad
2515 2475 2654 2530 viam
2696 2476 3032 2541 orientalem,
3065 2484 3120 2530 ει
3161 2492 3376 2531 mensus
3405 2485 3489 2531 est

232 2563 513 2629 tutantur,
542 2579 769 2634 quorum
815 2564 860 2619 si
888 2563 1087 2620 lzetitiae
1136 2566 1390 2622 sacerdos
1435 2582 1540 2621 non
1585 2583 1817 2639 congau-
1915 2579 2035 2619 eam
2077 2565 2314 2634 undique
2369 2580 2468 2634 per
2537 2565 2854 2631 circuitum,
2908 2565 3021 2620 sive
3084 2565 3485 2620 similitudinem

233 2654 383 2719 deat,
411 2655 588 2709 minus
614 2669 798 2709 amare
825 2656 1063 2710 creditur
1097 2656 1255 2721 ﬁlios,
1285 2657 1338 2711 in
1368 2673 1596 2726 quorum
1623 2660 1817 2727 gaudio
1916 2654 2125 2710 domus.
2155 2672 2174 2706 ι
2210 2652 2314 2708 Per
2331 2655 2474 2723 quod
2500 2654 2895 2709 demonstratur
2914 2669 3019 2707 non
3051 2653 3221 2722 ipsam
3243 2652 3486 2719 domum,

232 2758 342 2798 non
374 2743 626 2808 exsultat,
648 2744 914 2813 praecipue
938 2760 1060 2799 cum
1090 2744 1282 2800 Paulus
1307 2746 1489 2801 dicat:
1527 2767 1544 2798 ι
1572 2747 1818 2804 Gaudere
1916 2747 2012 2801 sed
2048 2744 2454 2801 similitudinem
2484 2745 2674 2801 domus
2705 2760 2846 2810 esse,
2897 2761 3016 2816 qua:
3051 2745 3310 2809 cernitur,
3360 2745 3488 2813 quia

232 2850 359 2888 cum
394 2834 767 2903 gaudentibus,
808 2833 935 2890 ﬁere
972 2851 1092 2891 cum
1138 2835 1391 2892 ﬁeritibus
1425 2836 1603 2908 (Rom.
1630 2839 1753 2910 xn).
1791 2858 1810 2891 ι
1922 2854 1940 2888 ι
1986 2851 2129 2892 ηυιιε
2178 2851 2275 2907 per
2326 2836 2601 2905 speculum
2631 2836 2876 2890 videmus
2922 2835 2975 2889 in
3002 2836 3306 2904 aenigmate.
3352 2834 3488 2889 Cum

232 2925 381 2980 Nihil
406 2941 536 2997 ergo
558 2935 665 2980 tam
687 2941 972 2981 onerosum
997 2928 1173 2982 ordini
1203 2928 1377 2994 rideo,
1398 2945 1558 2999 quam
1585 2931 1815 3001 rigorem
1915 2939 2097 2983 autem
2126 2927 2357 2983 venerit’
2381 2927 2523 2996 quod
2564 2926 2860 2996 perlectum
2910 2936 3013 2990 est,
3058 2936 3185 2979 tunc
3230 2927 3374 2995 quod
3420 2940 3488 2981 ex

230 3016 433 3070 mentis
445 3016 815 3085 compatiendo
834 3013 1068 3080 ﬂectere,
1088 3027 1283 3071 etcum
1304 3019 1547 3088 personis
1563 3035 1817 3089 superve—
1914 3027 2070 3088 parte
2096 3026 2180 3073 est
2211 3017 2519 3071 destruetur
2548 3015 2599 3087 (1
2627 3015 2748 3070 Cor.
2779 3014 2922 3087 xm).
2963 3035 2981 3067 ι
3019 3015 3170 3070 Unde
3196 3026 3251 3070 et
3280 3015 3488 3086 Moyses

232 3106 509 3161 aientibus
543 3107 781 3161 animum
820 3115 1066 3174 mutare;
1109 3118 1164 3164 et
1204 3118 1380 3165 tamen
1416 3110 1519 3165 hoc
1543 3111 1700 3165 valde
1732 3118 1816 3165 est
1921 3110 1976 3163 in
2020 3107 2385 3172 tabernaculo,
2423 3116 2479 3161 et
2508 3105 2758 3161 Salomon
2793 3108 2847 3160 in
2879 3104 3105 3160 tedilieio
3153 3121 3258 3159 non
3287 3106 3486 3160 verita-

232 3195 624 3250 necessarium.
653 3193 785 3249 Nam
809 3196 1077 3265 quomodo
1097 3212 1162 3251 ex
1189 3198 1570 3266 praedicatione
1598 3198 1714 3267 ejus
1745 3200 1814 3253 ad
1842 3180 1885 3240 (δ
1919 3210 2024 3254 tem
2074 3199 2288 3257 tectorii
2345 3197 2548 3266 templi,
2581 3197 2676 3251 sed
2712 3194 3115 3251 similitudinem
3153 3195 3489 3265 ﬁguramque

230 3284 362 3340 boni
386 3285 568 3355 operis
599 3286 826 3357 gratiam
850 3296 1103 3356 peccator
1153 3288 1455 3353 adducitur,
1493 3290 1538 3344 si
1572 3290 1686 3358 ipse
1723 3290 1816 3360 qui
1915 3286 2179 3350 fecerunt,
2216 3295 2273 3338 ut
2303 3298 2400 3355 per
2435 3284 2568 3346 hinc,
2605 3299 2727 3352 quae
2770 3283 2979 3336 minora
3009 3290 3133 3337 sunt
3161 3291 3215 3336 et
3247 3289 3484 3347 terrena,

231 3377 497 3446 pnedicat
528 3376 742 3433 videtur
768 3377 1049 3448 ingratus?
1094 3377 1246 3434 Unde
1283 3394 1381 3449 per
1417 3379 1561 3435 hunc
1604 3394 1818 3449 quoque
1914 3391 1980 3431 ea
2011 3390 2130 3444 qme
2159 3375 2212 3428 in
2244 3371 2577 3437 cmlestibus,
2622 3379 2678 3427 et
2727 3370 2781 3424 in
2825 3370 3052 3437 spiritali
3082 3369 3310 3424 aedilicio
3336 3378 3483 3435 sunt,

230 3467 488 3521 eumdem
523 3469 838 3538 prophetam
866 3479 1051 3538 postea
1079 3469 1295 3533 dicitur,
1329 3479 1387 3523 ut
1412 3485 1535 3525 cum
1576 3472 1819 3526 sacerdo-
1917 3464 2216 3536 intelligere
2255 3462 2544 3534 possimus.
2605 3460 2700 3515 Vir
2749 3468 2927 3514 autem
2954 3500 2970 3526 ,
3026 3459 3116 3530 qui
3166 3460 3486 3529 prophetam

232 3566 321 3610 tes
361 3555 686 3612 intrinsecus
725 3558 1053 3621 ministrant,
1084 3558 1334 3619 ,vcatibus
1377 3557 1533 3613 lineis
1574 3567 1815 3625 utantur,
1914 3558 2211 3620 eduxerat,
2247 3569 2587 3624 nequaquam
2637 3553 2688 3606 in
2733 3551 2930 3605 atrium
2960 3549 3218 3613 exterius,
3255 3550 3349 3603 sed
3390 3562 3487 3619 per

229 3646 302 3701 dc
338 3645 535 3716 quibus
569 3647 861 3703 subditur:
906 3665 924 3700 ι
959 3648 1200 3718 Cumque
1237 3650 1584 3720 egredientur
1618 3650 1817 3705 atrium
1913 3646 2057 3701 viam
2083 3653 2253 3714 porta:
2301 3657 2421 3713 qua:
2466 3641 2790 3710 respiciebat
2832 3640 2898 3694 ad
2943 3639 3084 3693 viam
3129 3639 3482 3705 orientalem,

229 3734 480 3790 exterius
517 3735 586 3790 ad
622 3736 896 3807 populum,
923 3746 1124 3792 exuent
1167 3754 1227 3793 se
1270 3741 1588 3795 vestimenta
1630 3756 1729 3796 sua
1762 3741 1815 3796 in
1916 3735 2149 3806 primum
2180 3748 2400 3789 mensus
2437 3740 2520 3786 est
2548 3738 2738 3787 contra
2777 3738 2994 3783 ventum
3023 3727 3340 3782 orientalem
3367 3767 3381 3791 ,
3432 3728 3486 3782 id

229 3824 434 3894 quibus
463 3825 920 3891 ministraverunt,
956 3837 1012 3884 et
1038 3839 1237 3899 ponent
1262 3846 1325 3885 ea
1351 3830 1404 3885 in
1432 3832 1817 3904 gazophylaeio
1913 3840 2018 3896 est,
2057 3831 2125 3886 ad
2152 3828 2467 3885 orientalem
2503 3827 2712 3897 plagam
2757 3826 3080 3895 quingentos
3110 3824 3346 3879 calamos
3388 3839 3487 3895 per

229 3916 554 3971 sanctuarii.
606 3938 625 3971 ι
664 3918 954 3974 Crossiora
986 3922 1184 3991 quippe
1216 3922 1534 3977 vestimenta
1570 3933 1697 3979 sunt
1733 3924 1815 3978 la-
1915 3935 2104 3992 gyrum
2135 3937 2149 3974 :
2177 3920 2414 3974 secundo
2441 3918 2507 3971 ad
2533 3916 2876 3986 aquilonem:
2917 3915 3075 3969 tertio
3105 3914 3171 3968 ad
3200 3921 3441 3968 austrum
3468 3932 3482 3967 :

229 4021 360 4060 nea.
396 4004 504 4061 Sed
527 4022 653 4062 cum
681 4010 936 4065 sacerdos
963 4010 1030 4064 ad
1060 4020 1307 4065 sanctum
1334 4013 1693 4069 ministerium
1722 4031 1817 4071 ac-
1916 4025 2110 4087 quarto
2146 4016 2211 4069 ad
2261 4028 2430 4079 mare,
2463 4012 2514 4067 id
2564 4021 2667 4077 est,
2709 4012 2775 4066 ad
2817 4009 3175 4066 occidentem.
3203 4007 3308 4064 Per
3347 4024 3481 4076 qua-

230 4096 401 4161 cedit,
417 4112 541 4152 cum
561 4099 706 4154 intus
731 4115 827 4169 per
850 4102 1315 4171 compunctiouem
1338 4102 1654 4174 ingreditur,
1685 4107 1816 4175 sub-
1918 4119 2040 4164 tuor
2067 4106 2317 4162 videlicet
2340 4113 2531 4160 ventos
2562 4120 2775 4160 murum
2807 4104 2859 4158 in
2891 4104 3122 4161 circuitu
3153 4111 3260 4157 tam
3290 4103 3343 4156 in
3368 4101 3484 4156 lon-

231 4185 319 4240 till
367 4186 635 4243 intellectu
673 4203 896 4244 necesse
935 4198 1052 4255 est,
1107 4190 1263 4261 quasi
1312 4191 1452 4249 lineo
1496 4196 1816 4250 vestimento
1916 4204 2193 4275 gitudine,
2252 4216 2413 4271 quam
2467 4200 2522 4254 in
2574 4198 2876 4263 latitudine,
2918 4199 3021 4253 hoc
3062 4204 3163 4260 est,
3214 4210 3309 4264 per
3351 4210 3481 4266 qua-

229 4282 512 4339 induatur.
541 4284 647 4340 Sed
676 4301 800 4342 cum
820 4288 887 4342 ad
915 4288 1166 4359 populum
1191 4290 1320 4346 foris
1340 4292 1634 4363 egreditur,
1654 4307 1817 4364 epor-
1915 4295 2091 4350 drum.
2123 4291 2226 4360 Qui
2274 4306 2461 4346 murus
2513 4290 2674 4346 simul
2716 4290 2951 4345 habebat
2985 4289 3089 4343 duo
3128 4285 3289 4340 millia
3339 4285 3486 4339 cala-~

230 4380 313 4427 tet
351 4382 411 4427 ut
444 4376 795 4443 vestimenta,
844 4378 897 4433 in
940 4380 1136 4448 quibus
1175 4383 1502 4440 intrinsecus
1541 4386 1815 4442 ministra-
1916 4396 2052 4437 mos.
2105 4380 2201 4436 Sin
2251 4390 2433 4435 autem
2480 4381 2722 4435 calamus
2767 4394 2858 4434 sex
2894 4378 3193 4432 cubitorum
3236 4384 3387 4439 erat,
3431 4382 3485 4428 et

230 4472 414 4530 verat,
457 4474 697 4536 reponat,
737 4476 898 4539 atque
937 4472 1134 4541 populo
1171 4472 1290 4529 aliis
1320 4476 1561 4531 vestibus
1594 4477 1798 4533 indutui

1915 4475 2168 4535 παλαιστῆ
2202 4474 2363 4530 unius
2398 4489 2517 4544 qua:
2542 4475 2792 4530 παλαιστή
2811 4511 2826 4535 ,
2854 4477 3000 4524 sexta
3034 4483 3160 4538 pars
3186 4466 3352 4521 cubiti
3379 4473 3483 4529 est,

227 4566 515 4626 appareat.
551 4557 685 4624 Quia
706 4560 752 4614 si
777 4561 830 4614 in
854 4564 1281 4632 campum-tionis
1301 4581 1411 4620 suae
1440 4567 1618 4638 rigore
1645 4582 1705 4625 se
1734 4576 1815 4624 te-
1837 4528 1891 4587 Β
1914 4566 2255 4637 perspicuum
2309 4572 2396 4619 est
2414 4528 2431 4544 ³
2449 4576 2661 4617 murum
2712 4559 3033 4615 exteriorem
3073 4555 3325 4610 habuisse
3388 4569 3488 4624 per

224 4656 381 4711 neat,
415 4647 538 4703 siin
569 4663 656 4714 eo,
678 4665 836 4719 quem
871 4653 1133 4707 orationis
1165 4663 1407 4724 tempore
1437 4656 1643 4722 habuit,
1679 4672 1814 4714 ma:-
1916 4658 2203 4713 circuitum
2251 4654 2486 4710 calamos
2529 4653 2635 4707 duo
2665 4649 2853 4714 millia,
2891 4648 2984 4717 qui
3029 4645 3232 4702 faciunt
3271 4645 3484 4700 cubitus

222 4754 360 4794 rore
379 4740 657 4809 perduret,
676 4744 1005 4799 exteriorum
1026 4760 1205 4799 rerum
1228 4746 1390 4799 verba
1410 4746 1687 4815 suscipere
1709 4762 1813 4803 non
1916 4749 2199 4804 duodecim
2241 4745 2404 4800 millia
2431 4753 2698 4799 trecentos
2735 4741 2955 4813 triginta
2981 4749 3106 4800 tres,
3137 4745 3190 4792 et
3224 4734 3483 4792 trientem

222 4829 497 4894 admittit,
523 4841 578 4887 et
596 4833 722 4902 quid
744 4849 875 4904 grex
909 4834 975 4890 de
997 4834 1320 4899 necessariis
1341 4833 1525 4901 faciat,
1559 4836 1605 4891 si
1626 4836 1813 4894 audire
1916 4841 1983 4895 de
2025 4837 2231 4895 duobus
2263 4835 2520 4891 millibus.
2550 4831 2793 4887 Prudens
2819 4830 2989 4885 lector
3014 4838 3069 4884 et
3097 4827 3324 4898 diligens
3346 4826 3488 4897 legat

220 4929 400 4989 atque
420 4924 751 4991 perpendere
769 4925 835 4979 ad
858 4925 979 4990 hoc,
995 4926 1136 4994 quod
1150 4941 1386 4995 praesens
1402 4935 1609 4996 tempus
1620 4928 1810 4999 exigit,
1914 4928 2112 4983 librum
2139 4926 2267 4983 lesu
2288 4925 2457 4989 Nave,
2482 4932 2537 4978 et
2561 4922 2801 4977 inveniet
2831 4920 3099 4990 quomodo
3142 4918 3194 4973 in
3221 4919 3488 4975 suburba-

221 5019 421 5081 pastor
449 5014 695 5069 recusat?
729 5013 1008 5070 Crossiora
1039 5032 1170 5087 ergo
1208 5018 1519 5073 vestimenta
1562 5020 1814 5075 sacerdos
1915 5020 2000 5074 nis
2030 5020 2146 5074 haec
2165 5031 2418 5072 mensura
2447 5020 2711 5069 servetur.
2743 5010 2899 5067 Unde
2934 5017 2991 5065 et
3012 5010 3157 5082 legio
3182 5010 3485 5065 daunonum

218 5102 1446 5176 exiensantepOpulmninduat,utmentissuze
1462 5110 1703 5164 habitum
1718 5125 1815 5180 pro
1917 5109 2061 5162 hunc
2120 5097 2404 5161 numerum
2461 5103 2613 5175 eligit
2677 5102 2733 5157 in
2790 5098 3141 5157 collocatione
3194 5115 3484 5170 porcorum

220 5194 467 5253 utilitate
482 5196 713 5251 ﬁliorum
728 5198 888 5253 etiam
904 5199 972 5253 ad
987 5201 1484 5255 terrenatolerzmda
1506 5210 1810 5272 componat.
1916 5196 2067 5270 (Luc.
2113 5196 2258 5267 vm),
2288 5205 2348 5251 ut
2385 5195 2477 5265 qui
2523 5192 2882 5249 servientibus
2926 5191 3040 5246 Deo
3081 5200 3349 5261 praecepto
3377 5186 3485 5242 Do-

309 5304 330 5337 ι
376 5285 618 5356 Cumque
641 5289 959 5358 coruplesset
983 5305 1262 5345 n‘tensnras
1290 5293 1479 5346 donius
1511 5292 1810 5358 interioris,
1915 5288 2044 5343 mini
2077 5295 2357 5357 separatus
2379 5294 2483 5351 est,
2522 5285 2577 5339 in
2606 5283 2933 5358 contrariam
2975 5290 3183 5353 partem
3217 5281 3486 5334 referatur

224 5395 258 5433 ε
304 5379 495 5436 eduxit
520 5396 607 5436 me
651 5397 746 5451 per
772 5382 913 5437 viam
964 5392 1163 5452 portae,
1209 5399 1329 5452 qua:
1369 5384 1693 5454 respiciebat
1741 5385 1810 5439 ad
1916 5380 1982 5434 ad
2010 5378 2364 5450 perditionem
2410 5389 2597 5431 eorum
2636 5374 2728 5445 qui
2782 5374 2947 5428 vitam
2997 5385 3153 5427 coeno
3191 5369 3403 5440 dignam
3430 5378 3488 5426 et

226 5489 256 5525 ι
299 5471 443 5527 viam
469 5475 808 5540 orientalem,
838 5482 895 5529 et
941 5489 1157 5528 mensus
1187 5482 1273 5529 est
1295 5490 1416 5529 eam
1447 5475 1684 5543 undique
1712 5489 1812 5544 per
1914 5469 2163 5525 sordibus
2194 5474 2595 5522 consectantur.
2623 5462 2812 5519 Omnis
2839 5470 3016 5516 autem
3054 5474 3240 5514 murus
3264 5459 3359 5529 qui
3402 5463 3489 5514 est

227 5580 257 5615 ς
300 5561 611 5618 circuitum.
631 5564 846 5620 Mensus
865 5573 949 5620 est
968 5572 1149 5619 autem
1165 5572 1356 5619 contra
1380 5572 1603 5617 ventum
1630 5564 1810 5619 orien-
1913 5559 2174 5623 exterior,
2216 5565 2272 5612 et
2305 5557 2469 5613 habet
2521 5554 2969 5626 spatiosissimam
2998 5550 3386 5618 longitudinem
3428 5556 3487 5604 et

227 5671 255 5706 σ
304 5653 469 5708 talem
496 5656 707 5712 calamo
740 5672 1009 5717 mensura:
1046 5671 1141 5727 per
1167 5655 1453 5711 circuitum
1488 5654 1810 5726 quingentos
1913 5650 2250 5707 latitudinem
2280 5663 2378 5719 per
2410 5648 2696 5718 quadrum,
2721 5643 3087 5716 apostolorum
3112 5641 3353 5696 continet
3386 5655 3486 5695 uu-

227 5764 253 5797 ι
299 5745 565 5814 cateruas,
592 5747 643 5802 in
666 5747 872 5805 calamo
894 5762 1157 5804 mensurae
1177 5744 1576 5818 pergyrum.Et
1591 5757 1813 5801 mensus
1913 5758 2147 5811 merum,
2178 5740 2233 5798 id
2255 5748 2362 5810 est,
2392 5737 2675 5797 duodecim
2716 5734 2970 5802 millium,
2999 5739 3060 5789 ut
3101 5728 3328 5818 singulis
3353 5745 3449 5802 apt
3477 5758 3486 5776 ι
