3972 6184
535 333 636 389 m
700 296 707 301 ’

1181 329 1240 384 Β.
1281 330 1533 386 manu
1572 330 1787 386 mum
1828 331 2146 388 ARCIIIEP.
2187 308 2494 387 uocum.
2533 324 3033 385 manumanus
3070 326 3134 381 u.

3702 329 3807 384 £83

536 443 691 501 stolis
731 442 978 498 millenus
1025 455 1282 495 numerus
1329 440 1614 510 deputetur
1642 481 1659 507 ,
1707 453 1764 497 et
1809 452 1986 498 tamen
2039 444 2105 498 ad
2135 445 2186 506 Α
2216 458 2235 490 ι
2280 439 2380 494 Fili
2411 437 2669 500 hominis,
2699 436 2848 492 locus
2876 436 2995 493 solii
3033 437 3141 492 mei
3174 446 3230 493 et
3268 439 3421 494 locus
3451 440 3803 510 vestigiorum

540 552 849 594 mensuram
882 534 1227 605 plenitudinis
1264 533 1465 588 Christi
1503 543 1560 588 et
1600 534 1828 604 perfecti
1862 536 1960 590 viri
2006 551 2115 591 non

534 627 718 682 veniat
746 625 848 678 nisi
886 624 1143 693 jungatur
1170 622 1220 676 ei
1247 630 1302 676 et
1337 625 1612 685 παλαια-τύ.
1634 625 1725 693 qui
1752 626 1975 681 trecenti
2012 626 2112 680 tri.

536 717 679 787 ginta
716 722 771 768 et
816 722 926 768 tres
952 713 1164 768 cubitos
1190 721 1247 766 et
1287 713 1450 767 cubiti
1494 715 1710 768 tertiam
1739 724 1972 783 partem,
2017 731 2116 785 per

533 821 653 876 qua:
681 814 881 859 sanctae
911 813 965 858 et
992 803 1315 859 venerabilis
1345 804 1628 859 Trinitatis
1659 808 1981 876 mysterium
2022 808 2115 863 de-

533 904 882 957 monstratur,
919 894 1135 958 habeat,
1165 909 1285 962 qum
1327 895 1493 964 cingit
1523 904 1576 947 et
1607 896 1772 948 vallat
1799 896 2015 960 omnia,
2059 905 2115 952 et

533 991 864 1045 habitatores
892 989 1074 1058 templi
1103 988 1185 1041 sui
1226 997 1449 1056 prmstat
1475 988 1792 1042 tutissimos.
1828 988 1978 1044 Unde
2005 996 2116 1044 tre-

532 1092 810 1138 centorum
838 1081 1145 1136 cubitorum
1180 1094 1305 1134 arca
1340 1079 1453 1133 Noe
1492 1080 1654 1134 habet
1701 1080 2111 1151 longitudinem,

531 1183 586 1228 et
614 1174 830 1243 triginta
858 1172 1160 1227 cubitorum
1205 1171 1542 1224 altitudinem
1565 1211 1579 1234 ,
1618 1187 1739 1239 qua:
1767 1186 2114 1225 consumma-

532 1273 620 1319 tur
649 1266 700 1319 in
730 1282 838 1319 uno
865 1264 1048 1319 cubito
1079 1281 1091 1317 :
1137 1264 1279 1332 quod
1310 1273 1490 1317 autem
1538 1264 1610 1317 ibi
1647 1264 1918 1317 adduntur
1956 1263 2113 1332 quin-

531 1358 787 1426 quaginta
822 1356 988 1411 cubiti
1043 1356 1095 1408 in
1147 1355 1431 1408 latitudine
1472 1355 1827 1421 remissionis,
1868 1364 1927 1407 ut
1970 1369 2113 1423 saepe

533 1448 791 1511 diximus,
830 1446 1100 1515 signiﬁcat
1136 1453 1557 1499 sacramentum.
1596 1446 1751 1501 Unde
1772 1454 1827 1500 et
1853 1445 2112 1501 Dominus

530 1536 749 1605 triginta
773 1550 1036 1587 annorum
1051 1535 1199 1594 yenit
1212 1535 1619 1603 adhaptismnm
1640 1533 1790 1604 (Luc.
1816 1532 1920 1605 ιιι).
1946 1535 2110 1589 Ethic

530 1625 645 1694 ipse
661 1624 988 1694 prophetain
1025 1624 1292 1693 principio
1318 1623 1608 1677 voluminis
1633 1624 1714 1677 sui
1738 1639 1935 1677 annum
1958 1624 2111 1694 ponit

2221 549 2241 584 ι
2283 532 2478 601 pedum
2528 546 2799 595 meorum,
2850 532 3174 587 ubirhabito
3218 532 3273 586 in
3332 533 3515 588 medio
3566 533 3804 589 ﬁliorum

2220 638 2239 672 ι
2278 620 2443 675 Israel
2490 620 2544 674 in
2579 629 2869 674 aeternum.
2902 621 2967 674 Et
3008 637 3117 675 non
3145 622 3386 692 polluent
3420 622 3561 678 ultra
3609 624 3806 679 domus

2218 734 2239 768 ι
2278 716 2443 771 Israel
2483 731 2677 771 nomen
2724 726 2968 770 sanctum
3005 731 3207 782 meum,
3267 717 3370 787 ipsi
3411 727 3468 773 et
3517 732 3676 789 reges
3708 732 3803 773 eo—

2221 823 2240 859 ι
2284 822 2404 860 rum
2450 806 2505 860 in
2535 806 2986 862 fornicationibus
3031 808 3168 873 suis,
3211 817 3268 863 et
3302 810 3355 862 in
3400 810 3576 864 ruinis
3604 825 3801 880 regum

2217 917 2240 953 ι
2282 915 2538 965 suorum,
2570 909 2629 954 et
2666 900 2720 953 in
2750 900 3004 966 excelsis,
3037 902 3131 971 qui
3176 901 3427 956 fabricati
3469 911 3592 958 sunt
3634 903 3801 958 limen

2217 1009 2238 1044 ‹
2278 1008 2436 1046 suum
2455 992 2607 1063 juxta
2635 991 2799 1046 limen
2827 1007 3027 1057 meum,
3061 1000 3116 1047 et
3151 1001 3337 1061 postes
3358 992 3661 1062 suosjuxta
3709 1009 3804 1063 po.

2214 1099 2236 1133 ι
2279 1088 2393 1136 stes
2420 1096 2591 1145 meos,
2616 1088 2671 1134 et
2701 1095 2891 1135 murus
2913 1089 3035 1135 erat
3079 1081 3222 1136 inter
3254 1096 3340 1136 me
3364 1091 3421 1136 et
3443 1097 3553 1138 eos.
3587 1083 3658 1137 Et
3682 1083 3802 1153 pol-

2215 1186 2237 1222 ι
2282 1168 2497 1224 luerunt
2540 1186 2736 1225 nomen
2767 1180 3014 1226 sanctum
3051 1188 3231 1227 meum
3276 1174 3329 1226 in
3373 1174 3799 1228 abominationi-

2215 1277 2235 1311 ι
2280 1259 2405 1324 bus,
2431 1274 2566 1329 quas
2598 1259 2869 1325 fecerunt,
2912 1269 3137 1329 propter
3168 1263 3311 1329 quod
3349 1262 3663 1332 consumpsi
3705 1277 3803 1317 eos

2214 1366 2235 1401 ι
2279 1348 2333 1404 in
2366 1349 2446 1403 ira
2470 1363 2609 1404 mea.
2643 1349 2801 1404 Nunc
2825 1365 2956 1421 ergo
2982 1350 3248 1420 repellant
3269 1351 3461 1420 procul
3488 1351 3802 1406 fornicatio-

2213 1458 2234 1491 ι
2279 1455 2401 1494 nem
2424 1454 2600 1504 suam,
2622 1448 2676 1495 et
2706 1442 2891 1495 ruinas
2918 1455 3110 1510 regum
3135 1453 3359 1494 suorum
3377 1457 3408 1494 a
3432 1455 3538 1508 me,
3565 1449 3624 1495 et
3644 1442 3798 1496 babi-

2215 1548 2234 1579 ‹
2284 1529 2409 1582 tabo
2459 1530 2511 1583 in
2546 1531 2722 1585 medio
2757 1545 2945 1586 eorum
2995 1545 3231 1602 semper.
3270 1551 3289 1583 ι
3335 1531 3606 1603 (Πὶετοη.)
3639 1532 3801 1588 Dica-

2207 1631 2329 1670 mus
2354 1617 2585 1671 strictim
2617 1617 2685 1673 de
2707 1619 2934 1688 singulis
2967 1627 3230 1689 quantum
3274 1620 3672 1689 explanationis
3706 1638 3803 1691 pa—

528 1716 879 1778 triccsimum,
907 1715 1419 1784 quitrieentesimus
1437 1723 1493 1768 et
1517 1714 1824 1769 tricesimus
1850 1729 2107 1769 numerus
2209 1705 2339 1758 ῑὶιυτ
2364 1705 2672 1772 ιιίίῙὶοιιιωεν
2728 1722 2798 1761 ne
2834 1709 2961 1763 dum
3010 1710 3292 1765 Sllldemlls
3322 1710 3599 1773 brevitati.
3651 1712 3801 1767 veh-

528 1807 700 1861 tribus
724 1806 921 1860 additis
945 1814 1000 1859 et
1022 1806 1179 1859 tertia
1211 1815 1366 1874 parte
1388 1805 1706 1873 completur.
1741 1805 1873 1860 Illud
1900 1814 2102 1871 autem,
2137 1801 2179 1860 Β
2209 1804 2451 1849 "lenium
2508 1812 2617 1852 non
2666 1797 2840 1853 SOlum
2888 1798 3081 1871 Moysi,
3123 1799 3217 1853 sed
3246 1808 3303 1854 et
3340 1802 3623 1871 prophetae
3661 1801 3803 1857 Eleo

527 1898 669 1965 quod
695 1911 792 1964 per
817 1895 1214 1965 simplicitatem
1248 1895 1729 1964 interpretationis,
1760 1895 1886 1950 dmn
1911 1912 2100 1966 parum

530 1988 861 2041 attendimus
910 1988 1187 2042 celeritate
1238 1988 1473 2041 dictand'
1522 1997 1577 2042 et
1626 1986 1976 2059 Septuaginta
2008 1990 2102 2043 ba-

527 2077 675 2143 bcnt,
711 2087 766 2133 et
813 2087 996 2133 nostra
1050 2079 1334 2133 translatio
1369 2098 1386 2129 ί
1448 2095 1658 2133 murum
1701 2080 1816 2147 ejus
1864 2083 2100 2151 undique

525 2182 621 2235 per
671 2168 954 2222 circuitum
1014 2168 1349 2237 longitudine
1409 2169 1828 2237 quingentorum
1891 2172 2101 2226 cubito-

526 2273 641 2311 rum
674 2298 688 2323 ,
737 2266 791 2313 et
851 2259 1130 2314 latitudine
1197 2260 1611 2330 quingentorum
1671 2263 1972 2318 cubitorum
2007 2304 2021 2327 ,
2076 2283 2094 2316 ι

524 2346 778 2401 llelmeus
839 2362 1018 2401 sermo
1081 2363 1188 2401 non
1265 2348 1551 2415 continet,
1616 2349 1713 2403 sed
1782 2349 2102 2419 simpliciter

524 2436 911 2508 longitudinem
972 2440 1388 2509 quingentorum
1441 2447 1497 2493 et
1547 2430 1888 2496 laiitudinem
1939 2443 2101 2511 quin-

518 2534 822 2596 gentorum,
864 2528 1297 2582 utsubaudiatur
1338 2528 1696 2593 calamorum,
1725 2525 1883 2584 sicuti
1906 2537 2100 2598 quarto

519 2632 681 2686 supra
722 2617 923 2672 dictum
951 2628 1035 2673 est
1064 2618 1129 2672 ad
1168 2619 1488 2674 orientalem
1519 2628 1732 2675 ventum
1774 2629 1828 2675 et
1852 2622 1919 2675 ad
1943 2622 2096 2691 aqui-

520 2704 720 2772 lonem,
750 2715 804 2761 et
849 2708 917 2762 ad
961 2716 1224 2772 austrum,
1256 2718 1312 2763 et
1353 2709 1420 2762 ad
1451 2724 1599 2763 mare
1645 2709 1956 2780 quingentis
2008 2726 2099 2767 ca-

525 2797 685 2850 lamis
736 2813 947 2852 murum
988 2800 1221 2868 partium
1255 2799 1589 2862 singularum
1630 2802 1696 2854 ab
1725 2817 1790 2855 eo
1819 2802 1911 2871 qui
1949 2812 2098 2856 tene-

520 2887 612 2942 bat
642 2886 905 2941 calamum
938 2887 1102 2943 fuisse
1132 2890 1452 2943 dimensum.
1488 2888 1961 2960 (Quingentesimus
1999 2907 2096 2946 au-

518 2985 629 3033 tem
667 2994 944 3045 numerus,
977 2981 1069 3049 qui
1101 2981 1310 3035 vicinus
1335 2990 1418 3035 est
1447 2982 1927 3053 quinquagenaria,
1956 2985 2098 3053 quod

518 3069 584 3121 ad
612 3069 984 3124 remissionem
1014 3070 1283 3138 pertineat
1312 3071 1550 3124 omnium
1581 3081 1949 3142 peccatorum,
1989 3090 2094 3128 non

2203 1884 2395 1940 cliielis
2424 1895 2701 1942 remaneat
2733 1887 2786 1942 in
2821 1888 3000 1953 nobis,
3039 1889 3132 1957 qui
3163 1889 3412 1959 cupimus
3441 1891 3679 1946 revelata
3715 1892 3797 1947 l'a-

2201 1974 2287 2031 cie
2312 1977 2594 2032 veritatem
2638 1978 2850 2034 Domini
2877 1981 3254 2050 contemplari.
3306 1980 3491 2037 Gloria
3533 1998 3668 2053 ergo
3702 1984 3797 2039 Dei

2202 2065 2369 2122 Israel
2414 2069 2715 2141 ingreditur
2755 2086 2854 2140 per
2892 2074 3033 2127 viam
3072 2074 3392 2129 orientalem
3418 2115 3433 2138 ,
3475 2090 3574 2144 per
3630 2092 3795 2145 quam

2200 2167 2257 2213 et
2281 2173 2501 2229 egressa
2529 2159 2723 2223 fuerat,
2749 2161 2966 2231 quando
2988 2163 3184 2218 civitas
3213 2163 3425 2219 Domini
3457 2164 3645 2220 furore
3668 2182 3795 2235 per-

2202 2261 2360 2302 cussa
2385 2257 2491 2304 est.
2519 2248 2824 2318 Ingreditur
2851 2259 3056 2317 autem,
3084 2252 3192 2308 imo
3216 2254 3523 2325 regreditur
3549 2255 3621 2309 ad
3644 2270 3795 2321 eam,

2200 2337 2326 2406 quia
2361 2337 2615 2407 templum
2649 2339 2862 2395 Domini
2880 2342 3230 2397 aediﬁcatum
3286 2343 3341 2397 in
3398 2353 3585 2399 monte
3636 2360 3793 2399 mon-

2199 2436 2489 2483 straverat.
2523 2429 2589 2484 Et
2621 2438 2798 2486 tamen
2850 2432 3021 2487 multo
3046 2433 3167 2503 plus
3193 2442 3298 2497 est,
3325 2436 3469 2504 quod
3499 2435 3553 2490 in
3601 2450 3796 2492 conse-

2200 2523 2488 2590 quentibus
2532 2524 2769 2579 dicitur:
2813 2544 2834 2576 ¢
2870 2525 3090 2580 Levavit
3142 2541 3229 2581 me
3274 2527 3549 2597 Spiritus,
3598 2538 3656 2583 et
3706 2530 3797 2584 in.

2201 2613 2439 2667 troduxit
2483 2629 2571 2669 me
2617 2615 2671 2668 in
2714 2615 2913 2669 atrium
2972 2618 3234 2672 exterius.
3296 2618 3367 2672 Et
3401 2633 3530 2674 ecce
3588 2619 3799 2689 repleta

2199 2711 2319 2755 erat
2355 2702 2525 2772 gloria
2566 2704 2776 2759 Domini
2810 2706 3021 2761 demus.
3061 2726 3079 2759 ι
3137 2707 3238 2763 IIic
3271 2709 3416 2764 enim
3448 2710 3620 2779 gloria
3668 2722 3797 2766 tau-

2201 2801 2314 2847 tum
2347 2791 2443 2847 Dei
2488 2793 2654 2848 Israel
2696 2795 3014 2865 ingreditur,
3047 2798 3119 2851 ibi
3162 2810 3341 2853 autem
3380 2800 3600 2865 dicitur,
3648 2803 3797 2870 quod

2198 2881 2472 2950 plenitudo
2499 2882 2683 2952 gloria:
2711 2884 2926 2940 Domini
2956 2884 3122 2940 fuerit
3147 2886 3202 2940 in
3227 2887 3447 2956 templo.
3482 2888 3558 2942 De
3595 2905 3704 2958 qua
3733 2901 3794 2945 ct

2198 2972 2366 3028 Isaias
2411 2975 2602 3028 scribit
2652 2993 2740 3041 :,t
2788 2974 2907 3030 Vidi
2961 2978 3250 3032 Dominum
3298 2981 3583 3035 sedentem
3629 2998 3799 3052 super

2200 3063 2457 3117 thronum
2492 3064 2768 3119 excelsum
2796 3075 2852 3119 et
2876 3067 3144 3122 clevatum
3186 3068 3323 3139 (lsa.
3357 3072 3457 3139 vr).
3494 3090 3513 3121 ι
3547 3071 3614 3125 Et
3638 3072 3795 3141 plena

519 3158 689 3212 solum
721 3168 873 3215 vetus
902 3159 1202 3230 Scriptura,
1241 3163 1333 3216 sed
1381 3172 1433 3216 et
1476 3140 1775 3218 Salvatoris
1821 3165 1875 3219 in
1913 3165 2091 3219 Evan-
2122 3140 2165 3200 (ἶ
2197 3153 2382 3207 domi“
2430 3153 2598 3225 9,075“
2644 3155 2778 3223 εῘειδν
2828 3155 3043 3225 quando
3084 3157 3321 3213 revela”
3373 3158 3517 3215 ίιιθίθ
3560 3161 3795 3231 Simiam

516 3248 656 3319 gelio
685 3252 844 3304 verba
884 3252 1280 3317 demonstrant,
1331 3251 1560 3307 dicentis
1603 3271 1616 3306 :
1671 3274 1690 3305 ‹
1724 3254 1839 3309 Duo
1882 3256 2091 3310 debito-

517 3356 605 3396 res
647 3348 804 3395 crant
829 3340 1118 3396 feneratori
1143 3342 1388 3398 cuidam:
1419 3359 1557 3399 unus
1580 3345 1808 3399 debebat
1846 3345 2095 3402 denarios

513 3429 954 3500 quingentos,’et
992 3430 1130 3484 alius
1164 3432 1555 3502 quinquaginta
1591 3431 1743 3503 (Luc.
1796 3433 1918 3505 vn).
1954 3453 1973 3486 ι
2028 3435 2094 3489 Et

517 3534 706 3575 murus
735 3521 926 3575 dividit
967 3521 1107 3576 inter
1127 3522 1494 3576 sanctuarium
1526 3532 1582 3576 et
1614 3523 1757 3593 vulgi
1783 3523 1984 3578 locum.
2015 3525 2095 3579 Ex

512 3626 621 3681 quo
651 3609 999 3681 intelligimus
1023 3625 1236 3667 onmem
1280 3626 1440 3680 supra
1469 3612 1647 3681 templi
1680 3613 2092 3681 descriptionem

515 3700 877 3768 sacerdotum,
919 3702 1009 3771 qui
1041 3709 1168 3757 stmt
1219 3700 1311 3757 lilii
1345 3700 1542 3766 Sadoc,
1575 3700 1743 3757 fuisse
1777 3702 2095 3758 ministeriis

514 3791 816 3863 delegatum
845 3813 859 3849 :
892 3795 1037 3849 hunc
1073 3803 1250 3849 autem
1300 3809 1537 3862 murum,
1581 3795 1674 3866 qui
1723 3802 1875 3849 tanto
1922 3794 2095 3864 spatio

516 3884 793 3949 dilatetur,
826 3893 881 3939 et
910 3885 1162 3942 universa
1192 3886 1509 3952 circumeat,
1555 3901 1810 3958 separare
1842 3894 2097 3941 sanctua-

519 3973 660 4027 rium
685 3982 740 4030 et
765 3974 909 4045 vulgi
935 3974 1133 4031 locum.

1076 4107 1302 4164 CAPUT
1339 4109 1520 4165 XLIII.

532 4195 963 4269 Viditipropheta
1013 4198 1301 4253 claritatem
1354 4201 1450 4255 Dei
1495 4219 1514 4255 :

589 4268 741 4322 idolis
769 4269 915 4323 suis:
947 4270 1248 4340 prwcipitur
1275 4271 1542 4325 ostendere
1569 4268 1795 4339 ﬁguram
1826 4282 1873 4325 et
1896 4273 2095 4324 descri-

588 4340 815 4408 ptionem
867 4340 1088 4404 domus;
1141 4340 1205 4392 de
1253 4356 1497 4393 mensura
1545 4340 1729 4394 altaris
1772 4341 2098 4395 holocausta-

587 4425 727 4475 rum,
754 4418 801 4462 et
830 4409 895 4464 de
923 4410 1026 4463 ritu
1050 4408 1164 4480 ejus
1192 4419 1240 4464 et
1263 4410 1536 4478 sacriﬁciis
1556 4410 1809 4479 ejusdem.

1555 4202 1728 4272 arguit
1771 4201 1991 4257 Judrros
2031 4201 2096 4255 de

592 4536 613 4569 ι
656 4517 724 4573 Ει
758 4519 947 4575 eduxit
980 4534 1067 4576 me
1112 4522 1182 4577 ad
1214 4531 1459 4593 Portam,
1501 4536 1623 4590 quae
1658 4522 1983 4592 respiciebat
2027 4524 2096 4579 ad

522 4627 540 4659 ι
586 4609 728 4661 viam
766 4609 1107 4665 orientalem.
1140 4611 1207 4666 Et
1232 4625 1362 4666 ecce
1390 4612 1559 4683 gloria
1606 4612 1697 4667 Dei
1733 4612 1896 4667 Israel
1926 4614 2098 4683 ingre-

523 4715 543 4750 ι
586 4698 838 4753 diebatur
862 4716 960 4770 per
984 4701 1127 4756 viam
1156 4703 1490 4768 orientalem,
1520 4712 1576 4759 et
1603 4719 1703 4759 vox
1729 4714 1849 4759 erat
1869 4705 1920 4759 ei
1940 4705 2095 4775 quasi

525 4806 545 4840 c
588 4804 691 4843 vox
714 4804 972 4858 aquarum
1000 4792 1310 4858 multarum,
1336 4803 1393 4849 et
1419 4804 1561 4851 terra
1585 4795 1901 4866 splendebat
1924 4811 1953 4849 a
1981 4811 2093 4851 ma-

525 4897 543 4931 I
580 4878 780 4949 jestate
807 4878 942 4948 ejus.
976 4881 1042 4936 Et
1069 4883 1177 4937 vidi
1209 4884 1466 4940 visionem
1511 4887 1803 4942 secundum
1858 4888 2093 4957 speciem

523 4990 542 5022 ι
588 4985 750 5039 quam
780 4969 1039 5037 videram,
1070 4975 1285 5041 quando
1318 4976 1466 5030 venit
1518 4985 1575 5030 ut
1604 4978 1938 5047 disperderet
1966 4978 2096 5031 civi-

523 5082 541 5113 ι
590 5068 777 5125 tatem,
804 5069 861 5116 et
906 5062 1117 5131 species
1143 5066 1437 5119 secundum
1470 5076 1773 5135 aspectum,
1813 5082 1973 5136 quem
2018 5069 2097 5122 vi-

522 5170 541 5202 ι
588 5152 770 5206 deram
796 5150 951 5220 juxta
976 5151 1194 5207 ﬂuuium
1229 5153 1463 5210 Chobar.
1497 5157 1565 5211 Et
1610 5157 1781 5211 cecidi
1810 5173 1974 5228 super
2017 5158 2095 5214 l'a-

521 5259 540 5293 c
587 5241 720 5296 ciem
760 5257 938 5296 meam
984 5251 1089 5296 :et
1139 5238 1395 5313 majestas
1449 5246 1659 5301 Domini
1721 5248 1966 5317 ingressa
2011 5261 2095 5304 cst

525 5350 545 5384 r
584 5333 840 5402 templum
891 5349 989 5405 per
1043 5335 1185 5389 viam
1242 5345 1432 5406 porta,
1490 5354 1610 5408 quae
1647 5340 1971 5408 respiciebat
2023 5342 2093 5397 ad

521 5442 540 5478 ι
582 5425 868 5481 orientem.
894 5427 960 5481 Et
997 5426 1191 5483 levavit
1214 5444 1301 5483 me
1330 5429 1573 5499 spiritus,
1604 5431 1985 5486 et'introduxit
2007 5447 2094 5488 me

522 5535 543 5569 ι
587 5519 638 5572 in
672 5520 870 5573 atrium
920 5524 1180 5575 exterius.
1234 5521 1303 5573 Et
1337 5535 1466 5575 ecce
1522 5521 1725 5591 repleta
1776 5531 1897 5576 erat
1923 5522 2115 5593 gloria.

523 5622 544 5657 ι
588 5607 795 5660 Domini
845 5609 1059 5663 domus.
1108 5610 1175 5664 Et
1223 5611 1404 5666 audivi
1437 5613 1743 5681 loquentem
1792 5614 1858 5669 ad
1902 5632 1989 5671 me
2030 5618 2094 5673 de

528 5715 547 5749 ι
586 5697 762 5753 domo.
791 5699 856 5754 Et
890 5701 973 5755 vir
1000 5702 1091 5773 qui
1123 5704 1300 5760 stabat
1336 5704 1489 5775 juxta
1522 5719 1628 5772 me,
1657 5706 1808 5761 'dixit
1849 5710 1913 5763 ad
1957 5725 2042 5766 me
2077 5729 2088 5763 :

2120 4481 2173 4541 D

2195 3246 2410 3301 Domini
2461 3248 2892 3325 contemplantes
2953 3249 3313 3305 reformamur
3368 3252 3424 3307 in
3493 3254 3792 3324 imaginem

2196 3340 2458 3396 creatoris
2493 3338 2579 3413 (Il
2615 3338 2739 3395 Cor.
2770 3340 2874 3413 tu).
2917 3341 3034 3397 Vos:
3076 3358 3293 3414 quoque
3338 3352 3461 3399 erat
3502 3344 3597 3400 Dei
3636 3346 3792 3416 quasi

2195 3448 2293 3487 eoa:
2332 3449 2589 3504 aquarum
2629 3432 2917 3487 multarum
2961 3446 2984 3487 :
3012 3436 3254 3489 omnium
3307 3435 3521 3491 scilicet
3571 3437 3626 3491 in
3675 3447 3788 3491 toto

2193 3521 2326 3575 orbe
2373 3520 2714 3591 populorum,
2772 3530 2833 3576 ut
2858 3521 3095 3578 Joannes
3139 3524 3475 3594 evangelista
3529 3525 3715 3597 (Apoc.
3742 3528 3785 3594 ι)

2195 3612 2609 3680 interpretatur,
2646 3614 2760 3667 sive
2795 3613 2950 3683 quasi
2975 3629 3079 3670 vox
3109 3622 3414 3669 castrorum
3445 3628 3503 3670 et
3523 3617 3665 3671 sicut
3681 3632 3779 3671 vox

2193 3701 2585 3770 geminantium
2611 3702 2930 3767 multorum,
2947 3713 3010 3758 ut
3032 3705 3307 3760 exercitus
3321 3705 3416 3759 Dei
3446 3716 3780 3761 sacramenta

2192 3798 2562 3860 cognosceret.
2607 3790 2762 3858 Quod
2791 3793 3100 3864 intelligens
3121 3801 3178 3849 et
3224 3791 3395 3849 Iacob
3429 3795 3649 3850 vocavit
3683 3811 3775 3849 nn-

2196 3894 2320 3934 mcn
2361 3880 2504 3936 illius
2551 3880 2653 3936 loci
2696 3890 2879 3937 castra
2923 3881 3077 3953 (Gen.
3134 3883 3326 3954 xxxii),
3377 3884 3447 3940 de
3491 3886 3691 3955 quibus
3729 3893 3780 3940 et

2196 3970 2322 4026 alibi
2368 3972 2632 4041 scriptum
2679 3982 2809 4029 est:
2868 3992 2889 4026 ε
2921 3974 3129 4031 Currus
3166 3976 3262 4031 Dei
3312 3976 3501 4032 decem
3555 3977 3780 4032 millium

2195 4059 2475 4131 multiplex
2513 4063 2680 4118 millia
2716 4064 3011 4121 laetantium
3041 4064 3214 4136 (Psal.
3257 4067 3448 4138 van).
3480 4086 3499 4119 ι
3537 4067 3656 4124 Una
3682 4084 3779 4124 au-

2199 4160 2309 4210 tem
2342 4169 2446 4208 vox
2495 4155 2695 4210 dicitur
2717 4165 3021 4213 castrorum
3049 4168 3106 4213 et
3142 4160 3536 4226 multitudinis,
3566 4170 3781 4233 propter

2197 4258 2362 4298 unum
2409 4244 2465 4299 in
2492 4244 2588 4300 Dei
2636 4246 2794 4303 laude
2839 4263 3188 4316 consensum,
3233 4253 3655 4324 geminaturque
3679 4270 3778 4310 vox

2198 4335 2510 4389 canentium
2537 4336 2689 4391 Patri
2716 4346 2773 4392 et
2803 4337 2944 4394 Filio
2966 4348 3022 4394 et
3064 4339 3291 4411 Spiritui
3340 4353 3558 4408 sancto,
3597 4363 3617 4396 ι
3650 4344 3777 4401 Sau-

2199 4433 2353 4489 ctus,
2405 4436 2624 4484 sanctum
2648 4468 2665 4493 ,
2710 4439 2932 4486 sanctus
2978 4431 3243 4488 Dominus
3293 4432 3440 4490 Deus
3498 4434 3774 4501 Sabaoth,

2201 4512 2356 4582 plena
2408 4525 2493 4572 est
2531 4526 2674 4573 terra
2723 4519 2894 4590 gloria
2922 4521 3040 4592 ejus
3093 4522 3229 4594 (Ira.
3272 4526 3373 4594 vr).
3411 4544 3432 4578 ι
3490 4526 3773 4598 Sequitur:

2207 4626 2227 4658 ι
2264 4608 2330 4662 Et
2367 4617 2511 4665 terra
2536 4611 2852 4681 Splendebat
2876 4630 2906 4668 a
2934 4616 3217 4686 majestate
3244 4616 3401 4686 ejus;
3437 4639 3458 4671 ι
3492 4622 3638 4691 quod
3660 4637 3775 4693 pro-

2199 4698 2318 4768 prie
2342 4699 2395 4754 in
2426 4702 2656 4758 adventu
2688 4703 2889 4760 Christi
2913 4706 3113 4762 factum
3139 4717 3244 4773 est,
3270 4711 3495 4778 quando
3531 4728 3552 4762 ι
3584 4713 3639 4767 in
3675 4726 3772 4767 cln-

2201 4805 2325 4844 nem
2350 4800 2552 4848 terram
2573 4795 2744 4849 exivit
2764 4798 3132 4866 apostolorum
3155 4815 3343 4864 sonus,
3371 4810 3429 4856 et
3452 4806 3507 4857 in
3542 4803 3675 4857 lines
3694 4817 3768 4855 or-

2198 4880 2284 4936 bis
2316 4891 2583 4938 tcrrarum
2619 4886 2786 4940 verba
2811 4902 3000 4942 eorum
3027 4887 3198 4959 (Psal.
3242 4891 3427 4962 xvm).
3458 4909 3479 4943 ι
3508 4891 3766 4960 Quotidie

2202 4993 2307 5046 que
2336 4979 2588 5048 impletur
2614 4980 2668 5034 in
2695 4982 3066 5047 credentibus,
3108 4992 3166 5038 et
3208 4985 3277 5039 ad
3303 4985 3609 5055 perfectura
3637 5000 3769 5041 eom-

2202 5068 2456 5136 plebitnr,
2498 5071 2713 5141 quando
2741 5075 3110 5143 corruptivum
3144 5074 3246 5130 hoc
3269 5076 3511 5132 induerit
3540 5079 3769 5132 incol-ru-

2203 5160 2462 5228 ptionem,
2492 5171 2549 5217 et
2581 5163 2810 5218 mortale
2840 5164 2981 5219 istud
3006 5164 3169 5221 fuerit
3188 5167 3598 5224 immortalitate
3621 5167 3768 5222 vesti-

2202 5262 2337 5308 tum.
2365 5253 2714 5321 Quodautem
2739 5256 3000 5311 infertur:
3032 5277 3052 5309 ‹
3076 5258 3145 5312 Ει
3166 5260 3275 5315 vidi
3304 5260 3569 5316 visionem
3590 5275 3767 5315 scam-

2198 5345 2326 5399 dum
2360 5347 2595 5414 speciem
2618 5361 2780 5417 quam
2800 5347 3298 5418 videram,quando
3320 5348 3474 5404 venit
3496 5359 3552 5405 ut
3571 5350 3764 5418 disper-

2198 5435 2353 5491 deret
2392 5436 2690 5503 civitatom,
2718 5454 2744 5489 -ι
2774 5454 2877 5508 pro
2922 5454 3030 5509 quo
3077 5439 3433 5510 Septuaginta
3484 5436 3763 5494 transtule-

2194 5534 2328 5581 runt
2370 5564 2385 5590 .
2426 5544 2446 5579 ‹
2488 5528 2708 5596 quando
2753 5528 3028 5598 ingressus
3064 5545 3215 5590 sum,
3271 5537 3330 5583 ut
3386 5543 3637 5600 ungerent
3688 5526 3764 5581 ci-

2197 5619 2439 5684 vitatetn,
2492 5641 2510 5672 ι
2567 5635 2691 5674 cum
2729 5618 2883 5689 juxta
2928 5620 3253 5683 Hebraicum
3300 5622 3636 5690 perspicuum
3675 5618 3757 5677 si'.

2190 5711 2343 5780 juxta
2396 5711 2743 5782 Septuaginta
2794 5712 3079 5783 plurimam
3136 5713 3527 5769 abacuritatem
3580 5709 3757 5772 habet.
