3972 6184
206 373 314 431 1‘99

1105 372 1454 431 COMMENT.
1498 375 1566 430 IN
1602 376 2062 437 EZECIIIELEM.

2101 410 2173 421 --
2211 380 2338 436 LIB.
2380 377 2545 434 xvn.
3381 382 3486 436 vim
3550 346 3558 354 ’

205 483 482 556 quomodo
528 481 779 538 Ezechiel
826 481 1104 551 ingressus
1150 484 1259 549 sit,
1326 493 1384 538 ut
1431 494 1659 556 augeret
1714 487 1792 541 ci-
1821 497 1869 557 Α
1898 497 2020 556 post
2049 490 2381 560 superbiam,
2411 490 2518 543 imo
2540 504 2637 559 per
2663 488 2971 561 superbiam
3005 486 3252 545 fabricati
3275 500 3401 545 sunt
3426 492 3487 545 li-

207 581 456 637 ritatem.
506 578 573 631 ad
614 574 773 644 cujus
810 575 1152 644 prophetiam
1207 578 1792 649 comminationemque

205 668 527 725 conciderit.
562 665 674 720 Nisi
719 666 859 721 forte
887 666 1015 721 illud
1037 667 1300 732 dicamus,
1342 669 1485 737 quod
1525 670 1794 738 correptio

206 761 489 833 prophetae
517 758 588 813 sil.
638 758 822 813 unctio
847 757 1085 813 civita.is
1118 767 1172 812 et
1203 760 1386 813 unctio
1410 759 1515 813 olei
1557 759 1796 813 exsulta-

209 852 374 906 tionis
411 847 763 905 sacerdotalis
790 858 844 902 et
877 848 1009 917 regii
1047 866 1060 900 :
1102 849 1245 917 quod
1274 849 1365 917 qui
1397 849 1628 903 libenter
1649 864 1797 903 rece-

205 941 410 1013 perint,
460 948 516 996 et
568 939 756 994 audire
799 938 1089 1005 voluerint,
1153 939 1462 994 elliciuntur
1498 940 1645 993 uncti
1684 938 1794 994 Do-

206 1032 363 1098 mini,
414 1032 482 1087 de
533 1030 731 1101 quibus
777 1031 1040 1100 scriptum
1086 1040 1172 1086 est
1220 1048 1234 1085 ;
1293 1049 1310 1081 ι
1350 1029 1522 1085 Nolite
1573 1041 1795 1100 tangere

206 1124 447 1180 christos
482 1136 654 1187 meos,
699 1130 755 1176 ct
809 1122 863 1175 iu
913 1122 1194 1191 preplnstis
1254 1122 1388 1176 meis
1437 1122 1602 1176 nolite
1640 1121 1795 1177 mali-

207 1213 363 1282 gnari
386 1209 561 1282 (Psal.
588 1209 719 1281 etv).
758 1228 778 1261 ι
812 1209 905 1263 Ille
934 1220 1111 1262 autem
1148 1217 1326 1278 potest
1345 1208 1500 1277 juxta
1528 1213 1792 1286 ἀναγωγήν

205 1318 412 1374 ungere
447 1300 744 1365 civitatem,
785 1301 853 1355 de
889 1315 993 1371 qua
1037 1300 1300 1368 scriptum
1331 1309 1414 1354 est
1443 1318 1453 1352 :
1498 1320 1515 1350 ι
1547 1299 1792 1355 Gloriosa

205 1395 352 1449 dicta
378 1400 505 1447 sunt
542 1391 607 1446 de
642 1399 713 1453 te,
755 1390 949 1445 civitas
994 1388 1090 1444 Dei
1126 1384 1298 1461 (Psal.
1349 1388 1595 1459 Lxxxvi),
1633 1407 1650 1439 ι
1700 1389 1792 1458 qui

205 1485 342 1539 vidit
371 1484 633 1537 visionem
676 1496 869 1534 currus
897 1488 951 1534 et
975 1480 1355 1549 mysteriorum
1385 1479 1501 1543 Dei,
1529 1494 1690 1547 quam
1712 1479 1794 1533 in-

207 1576 378 1629 tuitus
400 1584 482 1629 est
512 1571 757 1627 Ezechiel
788 1585 952 1641 super
993 1570 1212 1625 fluvium
1253 1570 1489 1633 Chobar,
1527 1571 1616 1638 qui
1652 1584 1792 1625 onus

203 1667 526 1738 pondusque
566 1662 857 1735 significat.
912 1661 1050 1729 Quid
1102 1662 1247 1716 enim
1297 1661 1516 1731 gravius
1559 1660 1795 1715 flumini-

203 1757 308 1811 bus
332 1754 638 1825 Babylonis,
671 1768 835 1823 super
859 1767 979 1822 qua:
1008 1750 1177 1804 David
1206 1750 1348 1804 sedit
1372 1759 1428 1804 et
1454 1748 1623 1813 flevit,
1668 1763 1792 1802 cum

1897 594 2019 633 men
2054 596 2210 634 suum
2259 581 2415 652 juxta
2456 580 2618 635 limen
2671 581 2800 645 Dei,
2836 590 2890 635 et
2930 588 3112 650 postes
3173 595 3300 636 suos
3332 580 3486 650 juxta

1894 678 2077 738 postes
2107 671 2270 725 illius.
2303 671 2536 725 Audiant
2561 672 2675 726 haec
2696 668 2854 737 juxta
2890 669 3126 723 litteram
3157 668 3487 724 muliercula:

1895 768 2135 815 onerata:
2180 761 2441 829 peccatis,
2478 775 2599 829 quae
2628 759 3091 814 circumferuntur
3134 758 3281 813 omni
3325 769 3486 812 ventu

1896 849 2160 903 doctrina:
2189 848 2404 920 (Eplies.
2440 851 2538 918 tv),
2568 863 2782 918 semper
2805 848 3098 912 discentes,
3132 856 3188 901 et
3212 862 3485 917 nunquam

1896 941 1963 997 ad
1990 941 2272 996 scientiam
2295 942 2541 996 veritatis
2562 941 2968 1011 pervenientes:
2992 948 3224 994 mentem
3237 937 3484 1007 junctam

1895 1030 2029 1095 Deo,
2075 1047 2182 1085 non
2211 1032 2549 1086 vicinitatem
2584 1030 2961 1095 ecclesiarum,
2995 1039 3051 1084 et
3095 1029 3483 1084 habitationem

1893 1120 2200 1188 proximam
2250 1119 2347 1175 Dei
2403 1121 2458 1175 in
2484 1136 2543 1176 se
2591 1133 2887 1190 provocare
2937 1119 3298 1184 clementiam,
3355 1118 3485 1187 quin

1896 1208 2076 1278 potius
2122 1208 2551 1280 indignationem
2588 1208 2805 1263 Domini
2855 1209 3223 1272 commoveri,
3270 1210 3487 1278 quando

1896 1295 1951 1350 in
1974 1299 2310 1353 consecratis
2334 1299 2443 1354 Deo
2472 1298 2606 1355 locis
2631 1298 2884 1368 indignus
2908 1299 3180 1354 habitator
3196 1310 3295 1353 est.
3332 1318 3350 1349 ι
3385 1298 3486 1353 Fa-

1896 1385 2085 1442 bricati
2115 1389 2657 1459 sunt,iuquit,limen
2682 1405 2840 1444 suum
2875 1389 3029 1458 juxta
3053 1390 3213 1445 limen
3236 1406 3439 1455 meum,
3461 1408 3479 1439 ι

1896 1485 1955 1530 ut
1996 1476 2131 1530 nihil
2177 1478 2464 1534 interesset
2509 1480 2651 1534 inter
2690 1496 2904 1534 sacrum
2934 1489 2987 1537 et
3015 1480 3322 1551 profanum.
3362 1501 3379 1532 ι
3420 1478 3487 1535 Et

1893 1577 2075 1636 postes
2116 1584 2244 1623 suos
2268 1568 2421 1637 juxta
2452 1579 2636 1639 postes
2670 1586 2853 1637 meos;
2891 1591 2909 1623 ι
2942 1581 2999 1624 ιιι
3031 1586 3171 1625 unus
3221 1570 3485 1625 laicorum

1893 1666 1948 1712 et
1975 1660 2318 1713 sacerdotum
2345 1670 2493 1715 esset
2517 1662 2792 1715 introitus.
2825 1661 2975 1716 Unde
3001 1660 3289 1731 Apostolus
3315 1662 3447 1716 dicit
3470 1680 3482 1714 :

1901 1766 1918 1800 ι
1960 1748 2160 1805 Probet
2202 1759 2385 1805 autem
2412 1767 2471 1806 se
2516 1754 2704 1817 homo,
2728 1762 2783 1807 et
2810 1753 2889 1807 sic
2916 1753 3142 1807 accedat
3184 1753 3251 1806 ad
3290 1768 3486 1820 corpus

204 1847 593 1901 recordaretur
622 1843 786 1898 Sion?
808 1844 882 1897 De
907 1841 1104 1912 quibus
1130 1840 1392 1910 scriptum
1431 1850 1515 1894 cst
1541 1854 1554 1893 :
1594 1858 1611 1889 ι
1644 1838 1791 1893 Pim-
1820 1840 1864 1898 Β
1892 1848 1948 1892 et
1972 1840 2289 1910 sanguinem
2316 1841 2530 1896 Demini
2555 1841 2606 1914 (I
2629 1840 2751 1897 Cor.
2777 1842 2910 1915 xi).i
2929 1843 2996 1897 Et
3021 1851 3079 1897 ut
3099 1844 3317 1912 gravius
3343 1842 3488 1898 face-

204 1937 339 1991 terit
375 1935 519 1990 enim
556 1936 727 2004 tigura
759 1932 917 2001 hujus
941 1931 1124 1985 mundi
1158 1929 1210 2001 (I
1255 1928 1378 1984 Cor.
1417 1930 1543 2002 vn);
1577 1949 1596 1981 ι
1628 1929 1792 1984 nihil-

203 2041 311 2096 que
339 2034 470 2095 puto
493 2024 547 2079 in
578 2023 755 2078 saeculi
782 2022 944 2091 hujus
964 2020 1283 2077 confusioae
1308 2035 1428 2074 esse
1446 2028 1787 2090 perpetuum,

204 2118 302 2172 sed
329 2115 510 2170 omnia
546 2114 826 2184 pueterirc
854 2122 910 2167 et
960 2110 1144 2165 liuere.
1174 2110 1303 2177 Quae
1340 2111 1432 2180 qui
1480 2110 1791 2164 considera-

205 2209 377 2272 vcrit,
420 2207 577 2261 cadet
606 2220 770 2276 super
816 2204 1011 2257 faciem
1053 2217 1227 2268 suam,
1284 2200 1591 2271 inti-Iligens
1626 2215 1788 2270 quam

203 2296 398 2369 procul
438 2297 509 2351 sit
547 2312 578 2350 a
610 2295 895 2363 majestate
933 2295 1029 2348 Dei
1064 2302 1119 2347 et
1154 2292 1537 2363 ﬂeetetgcnua
1576 2293 1643 2345 ad
1690 2290 1792 2347 Pa-

205 2401 346 2445 trem
402 2389 456 2443 in
486 2387 703 2442 nomine
743 2385 872 2442 Jesu
909 2386 1134 2441 Christi.
1187 2404 1205 2437 ι
1255 2385 1517 2453 Cumque,
1552 2383 1646 2447 ait,
1689 2398 1791 2453 ego

203 2481 558 2546 curruissem,
590 2477 844 2546 majestas
890 2477 1100 2532 Domini
1132 2477 1375 2547 ingressa
1404 2484 1489 2529 est
1534 2474 1788 2543 templum

198 2589 305 2644 per
328 2572 470 2627 viam
501 2579 690 2640 purae,
723 2583 843 2638 quae
887 2567 1213 2636 respiciebat
1252 2566 1321 2620 ad
1351 2566 1637 2629 orientem,
1683 2574 1793 2618 sta-

203 2668 415 2734 timque
484 2678 570 2717 me
627 2661 859 2717 elevavit
909 2660 1132 2729 spiritus
1184 2658 1349 2729 (ipse
1420 2657 1563 2712 enim
1601 2655 1792 2725 jacens

199 2768 432 2825 pergere
462 2770 566 2809 non
592 2753 892 2821 valebam);
937 2759 992 2806 et
1038 2749 1342 2804 introduxit
1385 2763 1472 2803 me
1512 2748 1568 2802 in
1593 2748 1792 2801 atrium

200 2848 466 2900 exterius.
504 2865 521 2895 ι
549 2845 705 2899 Foris
728 2844 872 2897 enim
899 2842 1222 2897 cecideram.
1253 2842 1320 2894 Et
1346 2856 1496 2905 ecce,
1523 2841 1615 2909 qui
1639 2841 1792 2910 prius

203 2953 598 3008 conspexerant
625 2937 851 3008 gloriam
876 2936 970 2989 Dei
1004 2934 1168 2989 Israel
1198 2934 1500 3003 venientem
1528 2949 1625 3003 per
1649 2935 1792 2988 viam

198 3030 545 3095 orientalem,
569 3032 675 3084 vidi
696 3029 956 3100 repletam
977 3027 1146 3098 gloria
1168 3026 1378 3080 Domini
1403 3027 1619 3081 domum
1643 3025 1789 3094 ejus:

200 3134 260 3177 et
289 3136 476 3175 vocem
507 3122 574 3174 ad
603 3136 688 3174 me
715 3121 782 3174 de
818 3121 977 3173 domo
1005 3117 1247 3172 interiori
1273 3116 1541 3185 loquentis
1587 3116 1788 3169 audivi.

1892 1939 1977 1984 ret
2022 1931 2167 1999 quod
2217 1929 2470 1998 dicebat,
2520 1943 2837 2003 sequentem
2872 1932 3054 2005 jungit
3107 1934 3482 1988 versiculum:

1896 2036 1916 2071 ‹
1952 2018 2021 2073 Ει
2055 2035 2244 2076 murus
2286 2031 2407 2076 erat
2434 2024 2577 2078 inter
2606 2040 2694 2079 me
2720 2033 2775 2078 et
2820 2040 2937 2091 eos,
2974 2046 2992 2077 ι
3028 2037 3086 2079 ιιι
3127 2026 3486 2081 sacerdotalia

1892 2109 2158 2164 sacrificia
2184 2120 2241 2165 et
2260 2111 2381 2166 loca
2421 2124 2889 2170 sacramentorum
2917 2117 3163 2186 corporis
3192 2126 3246 2170 et
3270 2117 3489 2184 sangui-

1892 2201 1978 2256 nis
2015 2201 2218 2257 Christi
2248 2205 2610 2261 brevissimus
2636 2222 2825 2263 murus
2866 2208 3152 2263 divideret.
3191 2228 3209 2260 ι
3257 2210 3326 2264 Et
3366 2211 3479 2278 pol-

1892 2290 2126 2356 luerunt,
2161 2295 2356 2363 inquit,
2388 2310 2586 2349 nomen
2630 2305 2876 2352 sanctum
2911 2314 3088 2352 meum
3127 2299 3181 2353 in
3208 2299 3485 2355 abomina-

1896 2384 2131 2439 tionibus
2163 2401 2300 2454 quas
2335 2384 2605 2440 fecerunt.
2640 2406 2658 2438 ι
2707 2388 2845 2455 Quid
2885 2391 3109 2459 prodest
3138 2391 3487 2447 habitationis

1893 2472 2094 2526 vicinia
2152 2481 2206 2526 et
2245 2474 2455 2549 medius
2519 2473 2666 2530 inter
2724 2477 2973 2532 cellulam
3034 2489 3278 2534 nostram
3306 2491 3361 2536 et
3408 2482 3487 2537 al-

1894 2569 2008 2616 tare
2058 2563 2269 2617 Domini
2313 2565 2517 2635 paries,
2573 2582 2697 2621 cum
2748 2569 2801 2622 in
2845 2571 2960 2636 his,
3012 2588 3133 2641 qua:
3162 2582 3373 2628 secreto
3409 2576 3488 2629 fa-

1893 2654 2085 2718 cimus,
2115 2663 2167 2708 et
2194 2670 2315 2724 qua:
2348 2665 2502 2727 turpe
2533 2668 2617 2711 est
2646 2658 2809 2712 etiam
2851 2661 3053 2725 dicere,
3082 2664 3486 2717 contaminetnr

1892 2753 1948 2798 et
1991 2746 2267 2815 polluatur
2317 2764 2515 2803 nomen
2563 2750 2815 2805 Domini?
2855 2752 2969 2822 Ego
3032 2753 3137 2808 hoc
3198 2755 3483 2817 arbitror,

1891 2837 2036 2905 quod
2086 2854 2191 2892 non
2241 2839 2447 2908 polluat
2492 2855 2688 2895 nomen
2729 2840 2847 2908 Dei,
2892 2842 2996 2897 nisi
3047 2843 3170 2909 ille,
3205 2845 3297 2914 qui
3340 2844 3485 2899 visus

1892 2933 1975 2979 est
2005 2926 2211 2981 nomini
2242 2928 2361 2999 ejus
2394 2930 2643 2996 credere,
2683 2939 2739 2983 et
2780 2946 2849 2986 ex
2895 2932 3038 2988 illius
3070 2936 3282 2991 censeri
3320 2950 3485 2990 voca-

1892 3016 2037 3081 bulo,
2066 3026 2120 3071 et
2148 3018 2416 3088 quomodo
2442 3008 2577 3075 tollit
2603 3023 2845 3078 membra
2868 3024 3067 3081 Christi
3088 3035 3143 3081 et
3167 3028 3296 3083 facit
3315 3042 3486 3083 ment-

1895 3107 1990 3161 bra
2022 3110 2341 3174 meretricis,
2385 3112 2476 3180 qui
2520 3113 2673 3182 prius
2700 3114 2919 3171 Christo
2961 3118 3192 3173 credidit
3221 3137 3234 3172 :
3284 3120 3363 3175 sic
3394 3120 3486 3177 ille

201 3215 338 3281 Quae
362 3212 491 3282 quid
519 3212 589 3266 sit
617 3212 814 3275 locuta,
844 3209 1124 3278 Scriptura
1154 3223 1262 3260 non
1288 3215 1497 3271 narrat,
1517 3205 1621 3261 nisi
1647 3205 1788 3260 forte
1816 3197 1862 3265 C
1893 3197 2081 3267 polluit
2109 3215 2302 3253 nomen
2333 3201 2549 3270 Dei,qui
2576 3204 2726 3272 prius
2753 3206 2991 3261 nominis
3027 3209 3145 3278 ejus
3172 3210 3332 3264 fidem
3360 3226 3481 3268 sus-

201 3307 336 3361 illud
360 3305 599 3376 Apostoli
630 3322 644 3357 :
674 3323 692 3355 ι
723 3304 787 3357 Et
810 3303 991 3357 audivi
1020 3301 1180 3356 verba
1209 3299 1525 3364 inelfabilia,
1546 3315 1666 3368 qua:
1686 3314 1793 3353 non

200 3397 333 3452 licet
358 3397 564 3451 homini
609 3396 756 3464 loqui
792 3394 875 3468 (ll
909 3393 1031 3449 Cor.
1086 3392 1205 3463 xu).
1248 3412 1265 3444 ι
1310 3391 1405 3447 Vir
1457 3400 1659 3457 autem,
1710 3391 1792 3447 in-

200 3490 328 3559 quit
352 3487 462 3552 ille,
491 3489 581 3556 qui
607 3488 787 3542 stabat
803 3485 958 3555 juxta
998 3485 1342 3557 prephetam,
1372 3481 1510 3537 dixit
1547 3484 1616 3538 ad
1644 3498 1787 3550 eum,

200 3595 369 3649 quem
416 3580 700 3649 perspicue
749 3578 1036 3633 Dominum
1093 3574 1464 3645 intelligimus.
1515 3574 1613 3631 Cui
1644 3577 1790 3631 enim

200 3666 297 3723 alii
326 3667 528 3737 peterit
573 3665 886 3732 convenire,
917 3666 1060 3735 quod
1099 3666 1343 3735 sequitur
1374 3683 1387 3719 :
1425 3684 1442 3716 ‹
1474 3664 1574 3722 Fili
1620 3668 1793 3722 homi—

200 3759 313 3820 nis,
346 3757 500 3811 loeus
546 3756 667 3811 solii
716 3758 844 3824 mei,
892 3765 950 3812 et
993 3758 1141 3814 locus
1194 3760 1550 3832 vestigiorum
1593 3762 1791 3831 pedum

200 3864 453 3903 nieorum
477 3887 492 3915 ,
557 3848 647 3903 ubi
688 3850 872 3905 habito
925 3850 979 3903 in
1035 3851 1214 3906 medio
1253 3853 1488 3907 filiorum
1529 3852 1693 3907 Israel
1734 3852 1789 3906 in

198 3952 500 4005 aeternum;
536 3958 555 3993 ι
584 3941 689 3995 nisi
723 3940 821 4007 illi,
859 3941 951 4011 qui
977 3941 1184 3996 habitat
1214 3943 1268 3997 in
1300 3943 1561 4008 Ecclesia,
1595 3944 1649 3997 in
1676 3957 1788 3998 meo

201 4034 299 4088 die
321 4033 559 4087 filiorum
580 4032 744 4088 Israel
774 4034 1110 4088 cernentium
1136 4034 1446 4100 Dominum,
1494 4047 1549 4091 et
1578 4037 1789 4091 habitat

203 4124 260 4177 in
285 4130 630 4192 perpetuum,
654 4138 760 4178 non
781 4124 1075 4178 secundum
1103 4125 1359 4195 templum
1386 4125 1691 4182 Salomonis
1717 4126 1785 4180 ad

204 4211 461 4281 tempus?
488 4211 555 4265 Et
581 4211 731 4266 locus
756 4211 874 4282 ejus
898 4220 982 4266 est
1010 4212 1101 4268 ille
1134 4214 1200 4268 de
1222 4229 1329 4284 quo
1363 4215 1623 4284 scriptum
1655 4224 1739 4270 est
1769 4233 1782 4270 :

207 4321 231 4356 ι
266 4305 336 4359 Et
366 4304 543 4359 factus
564 4312 649 4358 est
664 4304 718 4357 in
740 4317 875 4372 pace
902 4303 1052 4359 locus
1071 4306 1190 4372 ejus
1211 4305 1382 4377 (Psal.
1400 4307 1561 4379 LXXV)
1580 4347 1595 4372 ,
1626 4327 1645 4359 ι
1666 4323 1787 4376 qua:

201 4402 498 4465 exsuperat
524 4409 740 4450 omnem
767 4409 1009 4449 sensum.
1041 4396 1109 4449 Et
1135 4395 1285 4451 locus
1314 4397 1662 4467 vestigiorum
1686 4412 1783 4467 pe-

201 4488 337 4543 dum
363 4484 525 4549 illius,
554 4484 808 4555 apostolis
833 4485 1136 4541 dicentibus
1163 4504 1176 4540 :
1216 4506 1233 4538 ‹
1261 4486 1563 4543 Adoremus
1588 4490 1640 4542 in
1665 4489 1783 4543 loco

1894 3288 2116 3357 ceperit.
2146 3289 2398 3358 Alioquin
2431 3292 2682 3347 ethnicus
2710 3302 2767 3348 et
2807 3293 3027 3350 Judmus
3054 3313 3179 3351 cum
3215 3300 3328 3354 sint
3363 3301 3483 3370 pol-

1894 3375 1991 3430 luti
2038 3385 2091 3432 et
2131 3381 2515 3447 contaminati,
2565 3381 2674 3436 imo
2721 3385 3111 3441 contaminatio
3157 3388 3271 3458 ipsa
3321 3398 3484 3459 atque

1893 3467 2115 3538 pollutio
2140 3485 2337 3524 nomen
2359 3470 2453 3525 Dei
2474 3471 2716 3542 polluere
2743 3483 2798 3528 et
2818 3478 3195 3534 contaminare
3220 3495 3328 3536 non
3349 3497 3475 3552 pos»

1892 3567 2038 3622 sunt,
2066 3562 2209 3631 quod
2242 3560 2315 3615 illi
2340 3562 2604 3631 polluunt.
2643 3563 2728 3620 Ad
2755 3580 2893 3637 quos
2920 3567 3118 3623 dicitur
3145 3584 3161 3624 :
3205 3589 3224 3622 ι
3257 3570 3363 3626 Per
3387 3587 3483 3628 vos

1893 3666 2088 3706 nomen
2121 3669 2301 3708 meum
2334 3654 2743 3726 blasphematur
2768 3659 2823 3714 in
2854 3660 3106 3730 gentibus
3132 3662 3269 3734 (Ita.
3306 3665 3422 3738 LII).
3457 3684 3476 3717 ι

1897 3757 1916 3790 ι
1946 3739 2174 3811 PrOpter
2215 3743 2315 3798 has
2363 3743 2532 3815 igitur
2581 3761 2775 3803 causas
2811 3752 3124 3821 consumpsi
3172 3766 3265 3808 eos
3297 3755 3352 3808 in
3398 3756 3481 3810 ira

1891 3847 2037 3899 mea,
2075 3852 2094 3883 ι
2130 3834 2255 3903 quia
2308 3836 2425 3891 haec
2471 3837 2652 3894 fecere
2698 3854 2820 3909 quae
2867 3842 3126 3899 diximus.
3175 3845 3243 3900 Et
3297 3856 3483 3902 tamen

1892 3926 2129 3985 clemens
2162 3930 2419 3987 Dominus
2449 3947 2664 3987 rursum
2690 3935 2971 4005 prophetae
3013 3939 3277 4010 prmeipit,
3306 3951 3367 3995 ut
3397 3941 3485 4010 ju-

1889 4018 2017 4075 beat
2043 4020 2123 4076 eis
2150 4021 2339 4090 procul
2369 4037 2401 4076 a
2445 4037 2507 4077 se
2556 4039 2839 4081 removere
2884 4027 3273 4085 fornicationes
3301 4032 3485 4102 pristi-

1889 4126 2012 4192 nas,
2041 4121 2098 4166 et
2126 4113 2313 4169 ruinas
2354 4128 2540 4184 regum
2586 4131 2806 4172 suorum
2861 4133 2928 4174 ac
2973 4121 3277 4192 principum
3320 4126 3480 4181 dere-

1890 4189 2135 4272 linquere
2166 4212 2220 4259 et
2249 4205 2509 4276 repellere
2535 4222 2641 4262 non
2675 4216 2784 4262 tam
2812 4223 2844 4263 a
2873 4225 2932 4265 se
2967 4189 3131 4280 quam
3153 4189 3197 4266 ia
3241 4213 3371 4268 Deo.
3416 4215 3484 4270 Et

1886 4293 2016 4350 boni
2063 4297 2243 4367 operis
2274 4299 2457 4353 statim
2489 4302 2709 4371 praemia
2749 4302 3050 4372 pollicetur,
3096 4304 3324 4361 dicens:
3358 4325 3377 4358 ι
3414 4307 3484 4364 Et

1889 4386 2144 4443 habitabo
2173 4390 2225 4442 in
2262 4390 2442 4446 medio
2485 4407 2696 4446 eorum.
2736 4412 2757 4444 ι
2793 4393 2868 4447 De
2896 4408 3003 4464 quo
3028 4396 3161 4449 etin
3191 4396 3482 4467 Evangelia

1891 4478 2132 4533 dicitur:
2170 4499 2188 4531 ι
2223 4480 2431 4537 Medius
2478 4482 2620 4537 inter
2658 4498 2754 4537 vos
2787 4492 2915 4548 stat,
2953 4499 3113 4554 quem
3165 4500 3261 4541 vos
3305 4489 3481 4543 nesci-

203 4578 300 4633 ubi
330 4548 605 4632 steterunt
624 4578 789 4648 pedes
821 4578 939 4649 ejus
965 4575 1137 4647 (Psal.
1162 4580 1368 4650 cxxxr).
1404 4598 1423 4632 ι
1462 4581 1528 4634 Et
1558 4581 1788 4650 pulchre
1819 4548 1866 4608 D
1896 4569 1963 4624 tis
1991 4567 2171 4641 (Joan.
2202 4570 2259 4642 ι).
2288 4591 2306 4623 ι
2334 4571 2398 4626 Et
2428 4572 2691 4627 habitabit
2717 4589 2823 4627 non
2851 4548 3019 4644 parvo
3046 4584 3309 4646 tempore,
3339 4586 3396 4633 ut
3422 4580 3481 4636 in

202 4670 365 4731 dixit,
389 4677 663 4734 steterunt,
688 4671 741 4722 in
766 4668 1008 4724 Ecclesia
1031 4669 1175 4722 enim
1201 4678 1348 4723 stant
1366 4672 1532 4739 pedes
1554 4672 1787 4729 Domini.

202 4758 262 4813 In
292 4758 577 4829 Synagoga
600 4758 881 4813 ambulant
899 4765 955 4812 et
984 4765 1329 4828 praetereunt.
1360 4759 1430 4813 Ut
1449 4771 1629 4815 autem
1652 4764 1791 4819 scia-

202 4868 331 4907 mus
360 4852 465 4906 boe
486 4851 590 4906 dici
622 4853 687 4907 de
703 4851 968 4917 Ecclesia,
985 4850 1249 4922 jungitur,
1284 4869 1302 4902 ι
1335 4851 1403 4905 Et
1428 4867 1536 4907 non
1549 4854 1794 4924 polluerit

201 4945 350 5000 ultra
367 4944 562 4999 domus
576 4942 741 4997 Israel
760 4958 956 5000 nomen
975 4952 1224 4999 sanctum
1240 4959 1442 4999 meum.
1456 4965 1474 4999 ι
1493 4945 1647 5013 Quod
1665 4963 1795 5018 pro-

201 5036 326 5105 prie
347 5033 416 5086 ad
441 5047 536 5087 eos
555 5034 807 5102 pertinet,
825 5034 917 5103 qui
943 5041 1142 5089 sancta:
1158 5036 1590 5091 conversationis
1611 5038 1665 5092 in
1681 5039 1785 5094 Ec-

200 5125 376 5180 clesia
416 5134 842 5178 commorantur.
872 5124 974 5192 Qui
1014 5133 1140 5179 sunt
1173 5135 1353 5181 autem
1381 5128 1472 5198 qui
1500 5128 1790 5199 polluerant

202 5219 364 5290 prius
387 5231 583 5272 nomen
612 5227 857 5273 sanctum
888 5218 983 5274 Dei
1011 5220 1159 5289 ponit
1200 5220 1539 5277 manifestius
1569 5241 1583 5277 :
1623 5241 1642 5274 ι
1681 5224 1788 5294 Ipsi

201 5320 263 5364 et
302 5323 460 5379 rcges
493 5324 682 5364 eorum
717 5318 827 5363 tam
868 5310 1116 5380 populus,
1156 5325 1319 5381 quam
1374 5316 1683 5371 sacerdotes
1735 5318 1790 5374 in

204 5402 661 5460 fornicatiouibus
689 5404 824 5469 suis,
851 5405 1057 5474 quibus
1075 5420 1105 5460 a
1132 5405 1243 5461 Deo
1274 5405 1523 5463 fornicati
1550 5420 1699 5476 sunt,
1735 5419 1793 5466 et

202 5498 263 5552 in
296 5494 470 5551 ruinis
498 5508 684 5566 regum
714 5510 956 5561 suorum,
993 5513 1012 5548 ι
1044 5497 1136 5566 qui
1168 5496 1369 5552 frustra
1417 5500 1521 5555 sibi
1554 5515 1654 5571 per
1699 5517 1791 5557 su-

201 5586 455 5656 perbiam
483 5584 689 5656 regium
732 5600 928 5641 nomen
971 5595 1277 5641 assumunt.
1315 5587 1559 5659 Denique
1602 5592 1790 5660 sequi-

204 5688 299 5732 tnr
325 5694 341 5731 :
385 5694 406 5730 ι
440 5675 511 5731 Ει
545 5676 598 5731 iu
627 5676 898 5742 excelsis;
930 5694 950 5729 ι
978 5691 1240 5749 arrogans
1266 5679 1413 5733 enim
1443 5694 1594 5736 mens
1619 5680 1789 5737 oll'en-

203 5767 287 5824 dit
312 5767 509 5838 Deum,
546 5769 765 5827 humilis
797 5771 864 5826 ad
899 5770 1323 5830 misericordiam
1354 5782 1630 5844 provocat.
1682 5772 1784 5841 Qui

1896 4658 2199 4731 Synagoga,
2233 4662 2329 4715 sed
2367 4662 2422 4715 in
2468 4650 2789 4733 perpetuum
2827 4682 2844 4720 ς
2876 4667 3020 4737 quod
3050 4667 3104 4720 III
3135 4668 3336 4723 Christi
3378 4670 3482 4726 Ec-

1893 4749 2059 4806 clesia
2087 4736 2491 4821 comprobatur.

1971 4860 1989 4892 ι
2029 4841 2105 4895 Tu
2137 4851 2342 4908 autem,
2389 4843 2464 4897 lili
2513 4844 2773 4911 hominis,
2817 4848 3043 4904 ostende
3080 4850 3262 4908 domui
3310 4853 3477 4911 Israel

1896 4950 1918 4987 ι
1967 4934 2246 5006 templum,
2273 4943 2329 4990 et
2353 4934 2760 4992 confundantur
2810 4940 2880 4995 ab
2916 4940 3290 5012 iniquitatibus
3330 4949 3474 5013 suis,

1897 5043 1918 5079 ι
1960 5034 2017 5082 et
2042 5027 2371 5083 meditemur
2409 5024 2693 5094 fabricam,
2726 5037 2780 5084 et
2825 5031 3151 5089 erubescant
3194 5051 3259 5090 ex
3300 5041 3475 5093 omni-

1899 5135 1919 5168 ι
1964 5116 2065 5172 bus
2088 5132 2208 5186 qua:
2230 5116 2493 5172 fecerunt.
2519 5115 2771 5187 Figuram
2794 5120 2987 5177 domus
3009 5132 3065 5178 et
3093 5123 3310 5181 fabrica:
3335 5127 3471 5196 ejus,

1899 5226 1920 5260 ι
1964 5211 2143 5265 exitus
2182 5221 2236 5265 et
2262 5212 2540 5280 introitus,
2570 5222 2626 5269 et
2649 5229 2864 5269 onmem
2890 5216 3306 5287 descriptionem
3334 5220 3472 5289 ejus,

1900 5323 1917 5354 ς
1964 5311 2022 5357 et
2054 5302 2306 5357 universa
2340 5312 2608 5374 prazcepta
2636 5304 2776 5373 ejus,
2816 5315 3177 5376 cunctumque
3227 5309 3471 5364 ordinem

1900 5413 1919 5442 ι
1965 5402 2023 5447 et
2064 5407 2253 5448 omnes
2305 5393 2452 5466 leges
2488 5395 2605 5464 ejus
2645 5398 2874 5453 ostende
2925 5399 3022 5461 eis,
3068 5406 3123 5452 et
3165 5400 3372 5455 scribes
3417 5401 3470 5455 in

1901 5501 1919 5535 ι
1965 5485 2138 5540 oculis
2164 5500 2374 5551 eorum,
2421 5497 2481 5540 ut
2512 5489 2821 5543 custodiant
2853 5503 3044 5543 omnes
3083 5490 3470 5558 descriptiones

1899 5594 1919 5627 ι
1961 5575 2102 5646 ejus,
2132 5584 2187 5630 et
2216 5585 2483 5646 praecepta
2518 5579 2676 5643 illius,
2703 5587 2760 5634 et
2795 5578 2996 5633 faciant
3023 5593 3105 5633 ea.
3135 5578 3242 5633 Ista
3280 5588 3360 5634 est
3389 5580 3467 5635 lex

1901 5684 1939 5727 ιν
1963 5666 2156 5722 domus
2190 5668 2242 5722 in
2275 5669 2584 5724 summitate
2621 5670 2841 5734 montis,
2871 5682 3061 5724 omnes
3099 5669 3234 5724 fines
3275 5668 3391 5737 ejus
3420 5668 3477 5723 in

1900 5776 1918 5810 ς
1961 5759 2188 5814 circuitu
2222 5777 2236 5812 :
2278 5769 2520 5816 sanctum
2550 5768 2856 5817 sanctorum
2899 5760 3021 5815 erit.
3057 5761 3178 5816 llaec
3222 5769 3306 5817 cst
3343 5772 3482 5834 ergo
