3972 6184
512 392 609 448 991

1160 392 1220 447 B.
1260 387 1513 445 meum
1551 386 1767 447 usum
1804 386 2126 444 ARCHIEP.
2169 354 2476 443 uocum.
2517 386 2800 443 optarunt
2836 386 3014 442 pass
3052 386 3118 441 ιι.

3663 391 3771 446 999.

518 522 540 556 ι
585 503 671 558 lex
715 504 923 559 domus.
976 520 995 553 ι
1047 499 1315 569 (Iliorum)
1366 499 1480 554 Non
1537 499 1685 569 parvi
1732 497 1913 568 operis
1956 505 2076 559 est,
2110 499 2154 555 Α
2182 496 2246 550 de
2268 495 2613 565 peccantibus
2630 495 2876 559 dicimus,
2899 512 3022 551 cum
3046 496 3189 566 ipsos
3208 513 3422 566 quoque
3444 510 3772 569 operatorcs

513 593 654 663 quod
697 590 866 646 oculis
900 591 1080 646 carnis
1119 590 1202 644 vel
1234 599 1412 644 mente
1437 589 1785 660 conspexeris
1813 586 2081 642 audienti-
2179 585 2401 655 justitia:
2430 594 2575 640 tanta
2600 586 2821 655 pervehi
2852 586 3249 655 dispensatione
3274 588 3595 643 videamus?
3618 590 3767 647 Alius

514 682 615 736 bus
656 668 1054 744 demonstrare,
1092 687 1151 732 ut
1184 686 1239 732 et
1272 680 1369 748 ipsi
1401 687 1579 733 tecum
1627 678 1827 733 vidisse
1871 675 2086 730 videan-

515 778 622 823 tur.
660 767 1016 834 Quamobrem
1049 766 1240 820 scribit
1265 776 1321 820 et
1362 765 1629 837 Josephus
1654 781 1748 821 eos
1774 766 1866 835 qui
1894 764 1963 818 ad
1987 764 2083 819 de-

512 854 855 910 scribendam
905 863 1105 909 terram
1156 856 1304 909 missi
1349 865 1474 909 sunt
1515 857 1584 910 ab
1621 853 1749 909 Iesu
1800 853 1911 908 filio
1941 853 2088 907 Nave

514 947 681 1000 fuisse
728 948 1024 1023 γιομέτρας,
1056 955 1109 999 ει
1158 954 1352 1011 artem,
1395 961 1516 1016 qua:
1563 961 1707 1000 nunc
1744 944 2089 1014 philosopho-

514 1052 632 1089 rum
671 1036 887 1105 propria
921 1045 1026 1101 est,
1069 1036 1323 1091 habuisse
1353 1037 1679 1106 geometriae.
1711 1036 1902 1090 Domui
1924 1036 2090 1105 igitur

513 1128 676 1183 Israel
700 1143 887 1182 eorum
927 1128 1019 1197 qui
1063 1128 1244 1182 animo
1273 1128 1609 1198 conspiciunt
1634 1126 1806 1180 Deum
1850 1126 2091 1181 ostendi-

516 1227 607 1272 tur
634 1219 848 1282 domus,
879 1219 979 1272 hoc
1010 1226 1114 1282 est,
1148 1217 1430 1287 templum,
1459 1217 1604 1288 quod
1634 1217 1881 1271 Ezechiel
1925 1217 2087 1272 situm

515 1307 568 1360 in
603 1313 784 1360 monte
814 1306 1117 1373 conspexit.
1165 1306 1230 1359 Et
1270 1320 1374 1360 non
1416 1306 1590 1361 solum
1631 1305 1685 1360 in
1732 1312 1952 1369 monte,
1995 1305 2091 1361 sed

518 1394 660 1448 sicut
691 1408 833 1447 nunc
862 1394 1080 1458 dicitur,
1112 1395 1166 1448 in
1197 1395 1507 1450 summitate
1536 1395 1751 1448 montis.
1797 1394 1969 1461 Quam
1997 1409 2091 1449 ne-

516 1498 786 1553 quaquam
818 1482 966 1537 illam
998 1494 1267 1553 putemus,
1299 1500 1419 1555 qua:
1447 1499 1476 1538 a
1515 1483 1806 1539 Salomone
1842 1492 2092 1539 constru-

517 1585 602 1629 cta
627 1583 879 1629 narratur
902 1574 955 1627 in
985 1574 1188 1645 Regum
1215 1583 1268 1629 et
1296 1574 1743 1644 Paralipomenon
1788 1574 1940 1629 libris
1971 1572 2087 1645 (III

522 1665 647 1736 Reg.
681 1680 766 1730 vt;
801 1664 830 1719 Ι
866 1663 1052 1719 Parui.
1084 1667 1188 1736 ιιι).
1216 1666 1311 1721 Illa
1347 1666 1493 1721 enim
1524 1665 1750 1720 alterius
1788 1664 1994 1720 ordinis
2016 1671 2092 1717 at-

517 1772 622 1827 que
648 1772 914 1811 mensurae
937 1766 1040 1821 est,
1073 1765 1129 1810 et
1157 1758 1211 1811 in
1238 1756 1463 1827 singulis
1497 1771 1745 1827 magnam
1778 1756 1985 1810 habens
2011 1755 2092 1809 di-

2185 691 2418 745 namque
2446 677 2644 731 donum
2672 675 2909 731 scientia:
2948 676 3164 746 accipit,
3187 685 3241 731 et
3271 687 3449 733 tamen
3482 680 3551 733 ad
3592 681 3766 734 virtu-

2187 774 2293 820 tem
2339 766 2486 820 mirte
2524 766 2863 819 abstinentia:
2892 781 2995 820 non
3044 767 3321 838 pertingit.
3368 768 3523 824 Alius
3573 787 3766 843 magna

2187 854 2523 909 abstinentia:
2551 856 2750 909 virtute
2780 855 3096 925 accingitur,
3125 870 3225 912 nec
3264 865 3442 912 tamen
3473 859 3527 913 in
3555 876 3764 916 summa

2187 944 2527 999 conscientia:
2547 943 3000 1012 contemplatione
3021 944 3293 999 dilatatur.
3320 947 3476 1001 Alius
3506 964 3606 1018 per
3638 966 3765 1019 pro-

2186 1033 2383 1103 phetiu:
2413 1022 2661 1103 spiritum
2693 1033 2835 1086 valet
2877 1033 3057 1087 omnia
3102 1044 3327 1089 ventura
3362 1038 3643 1105 praescire.
3674 1042 3765 1093 sed

2189 1131 2370 1177 tamen
2421 1136 2517 1191 per
2546 1122 2841 1177 curationis
2878 1123 3104 1191 gratiam
3148 1139 3255 1178 non
3301 1125 3440 1181 valet
3485 1129 3767 1196 praesentis

2189 1214 2447 1270 molestia:
2476 1214 2615 1269 mala
2665 1214 2966 1268 sublevare.
3016 1213 3166 1269 Alius
3200 1230 3298 1284 per
3324 1216 3624 1271 curationis
3649 1234 3768 1288 gra-

2190 1306 2318 1359 tiam
2373 1304 2510 1358 mala
2539 1305 2821 1375 praesentis
2861 1304 3116 1358 molestia:
3164 1304 3427 1369 sublevat,
3466 1307 3563 1361 sed
3591 1316 3767 1361 tamen

2189 1394 2314 1462 quia
2368 1393 2660 1464 prophetiae
2707 1393 2957 1463 Spiritum
2992 1408 3096 1447 non
3127 1394 3319 1459 habet,
3350 1394 3481 1463 quid
3504 1405 3768 1465 sequatur

2192 1482 2419 1551 ignorat.
2451 1481 2601 1536 Alius
2630 1481 2992 1551 indigentibus
3020 1481 3182 1537 multa
3204 1482 3316 1551 jam
3340 1485 3557 1554 propria
3583 1485 3768 1556 largiri

2191 1579 2396 1641 potest.
2433 1572 2529 1626 sed
2563 1579 2740 1625 tamen
2781 1572 2978 1640 injuste
3013 1573 3291 1643 agentibus
3329 1574 3553 1628 obviare
3601 1574 3770 1630 libere

2192 1675 2297 1714 non
2319 1668 2511 1729 potest.
2538 1660 2689 1714 Alius
2712 1660 2906 1729 injuste
2935 1662 3215 1729 agentibus
3239 1664 3499 1717 audacter
3519 1679 3621 1733 pro
3661 1665 3775 1719 Deo

2192 1733 2398 1815 obviat:
2425 1751 2520 1805 sed
2545 1761 2720 1806 tamen
2751 1751 3134 1822 indigentibus,
3170 1768 3287 1822 quae
3313 1754 3503 1817 habet,
3534 1754 3770 1809 tribuere

518 1847 871 1901 versitatem:
912 1854 1227 1916 tantumque
1253 1845 1478 1900 inferior
1519 1846 1737 1915 templo,
1766 1846 1909 1915 quod
1948 1860 2090 1900 nunc
2120 1841 2165 1899 Β
2192 1840 2372 1894 omnia
2413 1849 2639 1897 recusat.
2669 1841 2819 1896 Alius
2858 1842 2967 1911 jam
2996 1851 3051 1896 et
3093 1843 3160 1896 ab
3198 1844 3370 1898 otioso
3416 1859 3477 1898 se
3523 1860 3771 1901 sermone

520 1935 820 1990 ostenditur
842 1935 1135 2001 Ezechieii,
1179 1944 1238 1989 ut
1263 1952 1370 1990 non
1406 1935 1580 1990 solum
1621 1935 1858 1990 cultores
1885 1935 2002 2004 ejus
2040 1943 2096 1991 et

521 2023 725 2087 aeditui,
776 2024 871 2079 sed
900 2033 954 2079 et
983 2025 1096 2094 ipse
1128 2024 1420 2080 fabricator
1447 2023 1563 2093 ejus
1609 2024 1862 2080 Salomon
1907 2040 2090 2094 pecca-

522 2114 664 2167 verit
689 2122 742 2167 et
780 2113 919 2167 otl‘eu
943 2115 1063 2168 ferit
1104 2115 1293 2179 Deum,
1327 2116 1455 2170 licet
1495 2123 1679 2184 postea
1718 2117 1890 2186 egerit
1922 2118 2097 2186 paeni-

526 2206 749 2259 tentiam
800 2207 1043 2261 scribens
1070 2206 1360 2262 Proverbia
1408 2207 1463 2261 in
1500 2207 1696 2277 quibus
1741 2208 1815 2299 ait
1864 2226 1878 2261 :
1924 2228 1942 2260 ι
1987 2208 2097 2263 Νο-

526 2297 745 2353 vissime
795 2314 894 2367 ego
941 2299 1023 2368 egi
1075 2298 1480 2369 pmnitentiam,
1544 2309 1599 2355 et
1644 2297 1851 2370 respexi
1894 2309 1951 2354 ut
1997 2300 2094 2355 eli-

526 2401 706 2459 gerem
746 2387 1106 2458 disciplinam.
1144 2410 1162 2442 ι
1206 2388 1314 2445 lsta
1359 2398 1537 2445 autem
1585 2405 1706 2460 qute
1748 2391 2015 2445 Ezechieli
2046 2401 2100 2446 et

527 2492 625 2548 per
652 2476 991 2533 Ezechielem
1013 2478 1193 2532 domui
1216 2477 1380 2533 lsrael
1405 2479 1729 2544 ostenditur,
1759 2479 1885 2534 talis
1914 2488 2017 2544 est,
2042 2488 2102 2535 ut

531 2566 623 2636 qui
651 2581 770 2622 eam
799 2576 977 2622 mente
1006 2569 1389 2639 conspexerit,
1417 2578 1592 2625 cesset
1626 2570 1693 2625 ab
1728 2570 2101 2641 iniquitatibus

531 2657 664 2721 suis,
708 2672 812 2711 non
837 2658 1179 2727 quibusdam,
1210 2658 1303 2713 sed
1339 2659 1609 2714 omnibus.
1658 2658 1785 2715 Sive
1820 2667 1877 2715 ut
1901 2661 1955 2714 in
1998 2660 2101 2717 He-

530 2746 720 2801 braico
745 2748 1050 2802 continetur
1086 2767 1099 2802 :
1141 2767 1158 2800 ι
1209 2745 1583 2805 Confundatur
1608 2759 1665 2806 et
1704 2751 1970 2807 sustineat
1998 2760 2104 2806 tor-

533 2843 775 2889 mentum
788 2851 941 2889 suum
964 2851 1062 2905 pro
1082 2837 1332 2893 omnibus
1344 2854 1463 2907 quae
1479 2838 1685 2895 fecerit.
1707 2860 1727 2893 ι
1749 2839 1992 2895 Sustinet
2005 2856 2103 2894 au-

536 2930 645 2978 tem
677 2932 1003 2979 tormentum
1035 2925 1375 2996 iniquitatum
1399 2930 1759 2999 suarum,'qui
1779 2938 2107 3000 cessatpraa-

537 3016 693 3070 terita
710 3014 886 3071 facere
896 3029 1157 3087 peccata:
1172 3021 1501 3092 Multumque
1526 3023 1746 3094 prodest
1768 3024 1837 3086 ei,
1863 3026 1952 3093 qui
1979 3034 2106 3080 ante

2196 1932 2530 2001 restringens
2557 1932 2748 2002 linguae
2778 1931 3050 1987 lasciviam
3082 1943 3319 2002 superat,
3345 1935 3437 1989 sed
3472 1945 3651 1989 tamen
3675 1938 3767 1990 ad-

2198 2023 2303 2077 huc
2350 2021 2685 2091 insurgentes
2719 2023 2811 2076 irae
2853 2022 3099 2077 stimulos
3139 2022 3375 2092 perfecte
3418 2041 3527 2080 non
3576 2026 3766 2081 calcat.

2196 2113 2347 2168 Alius
2384 2114 2747 2184 insurgentem
2792 2115 2927 2169 iram
2966 2114 3079 2183 jam
3122 2116 3359 2184 perfecte
3410 2118 3649 2181 edomat,
3678 2120 3771 2173 sed

2198 2213 2375 2259 tamen
2409 2204 2583 2258 adhuc
2608 2204 2843 2275 linguam
2874 2204 2927 2259 in
2974 2204 3212 2259 lmtitiam
3263 2207 3490 2261 relaxat.
3519 2207 3657 2275 Quid
3690 2219 3773 2263 est

2199 2295 2332 2359 hoc,
2370 2294 2511 2365 quod
2548 2294 2649 2347 iste
2676 2309 2740 2348 eo
2768 2292 2910 2347 bono
2942 2293 3140 2364 indiget
3159 2334 3173 2358 ,
3206 2309 3313 2365 quo
3343 2295 3481 2350 alius
3508 2296 3694 2367 pollet,
3716 2305 3770 2351 et

2199 2381 2286 2436 ille
2333 2397 2454 2437 cum
2501 2381 2681 2436 multis
2743 2382 2983 2451 polleat,
3044 2384 3323 2447 abundet,
3390 2384 3515 2439 aliis
3577 2386 3769 2440 bomnn

2200 2476 2388 2530 adesse
2436 2475 2759 2540 considerat,
2789 2475 2933 2545 quod
2979 2476 3081 2529 sibi
3124 2475 3314 2531 deesse
3361 2477 3640 2546 suspirat:
3674 2480 3773 2533 nisi

2201 2566 2341 2633 quod
2384 2566 2520 2620 mira
2570 2566 2850 2622 nobiscum
2894 2567 3289 2637 dispensatione
3331 2569 3542 2640 agitur,
3579 2581 3641 2625 ut
3682 2587 3775 2639 per

2201 2657 2324 2719 hoc,
2345 2656 2485 2725 quod
2514 2656 2651 2712 alter
2674 2657 2853 2722 habet,
2880 2666 2936 2711 et
2955 2659 3055 2713 iste
3083 2675 3185 2713 non
3214 2660 3410 2725 habet,
3445 2676 3586 2715 unus
3608 2661 3780 2716 altero

2202 2743 2392 2798 melior
2410 2745 2759 2799 ostendatur:
2790 2755 3058 2815 quatenus
3086 2756 3234 2802 tanto
3267 2749 3547 2805 ardentius
3587 2752 3655 2806 de
3682 2753 3777 2806 hu-

2203 2836 2428 2891 militate
2456 2837 2683 2907 quisque
2718 2838 2981 2908 proficiat,
3009 2848 3211 2908 quanto
3234 2855 3299 2894 ex
3324 2840 3501 2905 bonis,
3527 2858 3650 2912 qua:
3673 2860 3774 2899 non

2205 2925 2385 2991 habet,
2411 2925 2717 2981 inferiorem
2755 2941 2814 2982 se
2850 2927 3169 2984 habentibus
3192 2933 3426 3000 pensat?
3477 2930 3681 3001 Sicque
3720 2934 3782 2990 fit

2206 3026 2265 3072 ut
2298 3017 2421 3073 dum
2453 3017 2542 3074 ille
2565 3019 2617 3073 in
2655 3018 2788 3085 isto,
2818 3028 2980 3090 atque
3017 3021 3107 3076 hic
3140 3020 3194 3076 in
3224 3021 3314 3077 illo
3354 3024 3607 3093 respicit,
3637 3025 3778 3095 quod

534 3105 862 3173 peccaverit,
890 3106 1073 3162 videre
1100 3109 1317 3164 domum
1340 3109 1459 3176 Dei,
1489 3117 1544 3167 et
1562 3112 1737 3167 omnis
1760 3110 1975 3167 fabrica:
1989 3112 2106 3182 ejus
2154 3181 2161 3182 ί
2208 3106 2535 3174 admiretur,
2567 3108 2820 3164 distincta
2859 3110 2997 3164 bona
3031 3117 3085 3165 et
3125 3110 3193 3165 ab
3220 3111 3503 3168 altitudine
3533 3114 3779 3169 elationis

537 3207 696 3249 nosse
741 3195 999 3263 rationes,
1050 3207 1110 3253 ut
1145 3207 1201 3254 et
1233 3214 1460 3271 peccare
1508 3201 1753 3266 desistat,
1804 3210 1861 3257 et
1899 3181 2104 3257 habens
2130 3181 2176 3244 C
2207 3200 2520 3269 reprimant,
2543 3208 2598 3256 et
2621 3201 2687 3255 ad
2718 3200 2951 3256 studium
2998 3201 3271 3271 profectus
3317 3206 3640 3259 accendant.
3678 3205 3781 3259 lia-

538 3279 668 3335 illud
698 3282 1024 3341 desiderium
1048 3327 1064 3353 ,
1104 3288 1250 3343 dicat
1297 3288 1361 3343 ad
1410 3291 1694 3347 Dominum
1730 3309 1745 3347 :
1790 3312 1807 3344 ι
1837 3292 2062 3347 Demine
2089 3333 2105 3358 ,

538 3370 700 3426 dilexi
748 3373 998 3429 decorem
1043 3377 1235 3433 domus
1275 3387 1399 3445 ture,
1443 3389 1497 3436 et
1540 3381 1715 3437 locum
1760 3383 2109 3438 habitationis

535 3461 724 3533 glorize
764 3471 868 3520 ture
907 3464 1079 3538 (Paul.
1118 3470 1267 3541 xxv).
1324 3490 1343 3523 ι
1389 3471 1457 3526 Et
1482 3473 1676 3527 iterum
1709 3490 1722 3527 :
1758 3490 1777 3525 ι
1812 3473 1988 3529 Unum
2021 3489 2110 3543 pc-

540 3552 601 3605 tii
643 3569 672 3607 a
723 3554 965 3620 Domino,
997 3557 1099 3612 hoc
1140 3559 1429 3628 requiram,
1478 3568 1540 3615 ut
1582 3561 1818 3616 habitem
1868 3561 1923 3616 in
1950 3563 2109 3617 domo

539 3641 752 3698 Domini
791 3647 1043 3701 omnibus
1080 3647 1269 3704 diebus
1316 3650 1440 3705 vita:
1489 3666 1621 3705 mea:
1657 3649 1830 3724 (Psal.
1884 3652 2053 3725 xxvi).
2085 3671 2104 3705 ι

538 3732 674 3789 Cum
722 3749 940 3805 erepere
966 3736 1151 3793 vivere
1194 3745 1249 3792 et
1289 3752 1409 3794 esse
1449 3753 1573 3795 cum
1621 3738 1857 3806 Christo,
1906 3740 2114 3812 quiest

542 3830 653 3909 vita
687 3830 1040 3886 credentium.

613 3918 815 3991 (ὦνερ.)
838 3918 999 3975 Juxta
1030 3920 1380 3990 tropologiam
1402 3935 1561 3987 vero,
1586 3922 1840 3993 templum
1862 3923 1958 3979 Dei
1989 3923 2113 3980 ﬁliis

539 4010 707 4067 lsrael
733 4012 800 4065 ad
830 4010 1202 4066 confusionem
1249 4014 1571 4079 ostenditur,
1599 4016 1816 4085 quando
1861 4017 2114 4070 uniuscu-

534 4100 732 4171 jusque
745 4099 878 4169 justi
900 4099 1101 4163 anima,
1128 4115 1288 4169 quam
1312 4102 1622 4171 inSpirando
1656 4106 1797 4159 Deus
1827 4105 2112 4172 inhabitat,

545 4198 747 4261 quanta
772 4189 1053 4245 sanctitate
1074 4188 1274 4260 fulgeat
1305 4193 1373 4247 ad
1395 4191 1769 4249 confusionem.
1798 4209 1949 4249 suam
1990 4208 2117 4265 pec-

541 4279 817 4336 catoribus
839 4278 1272 4345 demonstratur;
1296 4280 1427 4334 utin
1461 4280 1549 4335 illa
1586 4282 1805 4348 bonum,
1842 4284 1983 4352 quod
2022 4298 2118 4338 ne-

543 4370 771 4442 gligunt,
798 4369 1035 4435 videant,
1062 4377 1117 4424 et
1146 4368 1200 4423 in
1238 4384 1296 4423 se
1328 4369 1460 4440 ipsis
1486 4370 1680 4424 malum
1709 4372 1850 4440 quod
1892 4386 2118 4444 cperan-

546 4468 636 4515 tur
682 4461 1023 4516 erubescant.
1073 4458 1249 4515 Metiri
1291 4474 1421 4514 vero
1450 4468 1535 4515 est
1571 4459 1865 4526 fabricant,
1889 4477 2117 4532 pensare

2208 3304 2311 3360 gna
2336 3303 2565 3358 namque
2593 3288 2952 3346 sollicitudine
2972 3291 3039 3345 ad
3066 3306 3249 3346 curam
3285 3301 3485 3347 nostra:
3525 3294 3776 3349 meliora-

2211 3378 2374 3434 tionis
2407 3379 2743 3448 accingimur
2766 3379 2981 3449 quando
3006 3380 3060 3435 id
3109 3380 3323 3436 virtutis
3353 3381 3409 3436 in
3434 3382 3559 3441 aliis
3604 3385 3776 3438 cerni-

2210 3485 2348 3532 mus,
2372 3468 2513 3538 quod
2530 3484 2634 3523 non
2656 3469 2933 3525 habemus.
2953 3467 3221 3541 (Πίθωνι.)
3245 3470 3524 3541 Sequitur.
3557 3492 3576 3524 ι
3600 3473 3783 3529 Exitus

2209 3564 2326 3634 ejus
2353 3572 2408 3617 et
2435 3563 2705 3628 introitus,
2743 3584 2762 3615 ι
2796 3564 3117 3619 subauditur
3148 3565 3354 3621 domus.
3387 3564 3585 3623 Exitus
3607 3577 3783 3621 autem

2211 3666 2395 3707 eorum
2429 3651 2518 3720 qui
2552 3651 2902 3721 egrediuntur
2926 3652 2993 3705 ad
3040 3666 3133 3707 eos
3161 3652 3251 3722 qui
3279 3652 3411 3707 foris
3441 3664 3597 3719 sunt,
3624 3664 3680 3709 et
3709 3656 3777 3708 in-

2213 3742 2405 3798 troitus
2421 3756 2606 3797 eorum
2631 3741 2721 3812 qui
2746 3756 2842 3810 per
2856 3742 3232 3812 magistrorum
3254 3743 3599 3814 disciplinam
3618 3746 3686 3800 ad
3708 3746 3781 3799 in.

2213 3832 2409 3886 teriora
2434 3838 2737 3900 penetrant.
2772 3830 2840 3884 Et
2869 3845 3107 3895 omnem,
3140 3831 3330 3900 inquit,
3361 3834 3781 3903 descriptionem

2212 3919 2329 3988 ejus
2348 3920 2464 3975 sive
2479 3920 2854 3985 substantiam,
2869 3929 2927 3974 ut
2940 3919 3083 3974 LXX
3105 3921 3512 3976 transtulerunt.
3531 3921 3667 3989 Quae
3687 3938 3787 3977 Iron

2214 4019 2322 4065 tam
2343 4012 2411 4065 ad
2428 4009 2910 4074 naturamdomus,
2935 4024 3095 4079 quam
3127 4010 3194 4064 ad
3249 4009 3645 4079 supellectilem
3667 4027 3785 4082 per-

2213 4103 2349 4157 tinet
2377 4109 2538 4170 atque
2573 4100 2808 4156 divitias.
2842 4099 2909 4154 Et
2932 4100 3181 4154 universa
3214 4108 3493 4170 praecepta
3506 4112 3787 4158 cunctum-

2214 4207 2319 4262 que
2351 4191 2614 4255 ordinem,
2655 4197 2712 4244 et
2748 4204 2937 4245 omnes
2965 4189 3110 4260 leges
3149 4189 3332 4259 templi
3372 4193 3636 4247 ostendes
3688 4194 3784 4255 eis.

2214 4281 2306 4352 qui
2349 4288 2699 4351 portaverunt
2733 4287 3060 4334 tormentum
3090 4280 3430 4349 iniquitatem
3461 4296 3711 4352 suarum,
3739 4291 3788 4338 et

2215 4378 2595 4434 cessaverunt,
2634 4370 2747 4424 sive
2775 4367 2984 4424 confusi
3013 4377 3138 4424 sunt
3160 4383 3322 4438 super
3356 4369 3475 4436 his,
3515 4387 3642 4441 qua:
3669 4381 3791 4428 ante

2217 4467 2514 4530 gesserant.
2550 4458 2752 4514 Idcirco
2797 4466 2976 4512 autem
3022 4459 3247 4513 ostende
3275 4459 3356 4514 eis
3382 4468 3446 4514 ut
3487 4475 3559 4515 cu
3592 4462 3791 4517 todiant

542 4552 810 4608 subtiliter
843 4550 1115 4621 justorum
1145 4550 1330 4605 vitam.
1355 4549 1461 4606 Sed
1489 4551 1615 4606 dum
1664 4552 1919 4607 metimur
1951 4552 2118 4609 fabri—
2142 4546 2195 4606 D
2218 4549 2399 4605 omnia
2438 4564 2558 4620 quae
2584 4555 2851 4619 praecepta
2888 4559 3031 4604 sunt.
3066 4548 3207 4602 Nihil
3235 4549 3377 4603 enim
3402 4551 3630 4619 prodest
3656 4553 3790 4607 scire

544 4657 687 4707 cam,
709 4656 929 4696 necesse
954 4648 1055 4704 εει,
1089 4648 1149 4696 ιιι
1171 4655 1239 4695 ex
1263 4639 1495 4706 cunctis,
1517 4655 1638 4710 quae
1656 4639 1900 4706 fecimus,
1927 4642 2119 4698 erube-

546 4748 783 4788 scamus.
806 4733 941 4800 Quia
977 4732 1241 4788 bonorum
1270 4732 1435 4788 vitam
1464 4741 1668 4803 quanto
1690 4732 1940 4789 subtilius
1980 4750 2115 4805 pen-

544 4822 715 4878 sando
764 4824 1101 4888 discutimus,
1147 4830 1296 4878 tanto
1346 4822 1586 4878 severius
1632 4822 1686 4877 in
1732 4823 1888 4879 nobis
1935 4826 2115 4879 omnia

548 4911 730 4979 inique
783 4922 931 4982 gesta
992 4912 1365 4982 reprobamus.
1416 4910 1562 4966 Bene
1613 4921 1793 4967 autem
1842 4914 2119 4983 prophetae

545 4998 747 5055 dicitur
788 5008 848 5053 ut
891 5000 1135 5055 ostendat
1185 5000 1458 5071 templum,
1500 5001 1625 5070 quia
1670 5002 1812 5057 enim
1849 5002 2117 5072 justorum

546 5089 922 5146 rectitudinem
942 5098 1195 5160 peccator
1214 5091 1559 5146 considerare
1579 5091 1898 5158 dissimulat,
1926 5092 2117 5149 saltem

546 5184 685 5240 hanc
707 5199 776 5241 ex
802 5199 933 5240 voce
959 5183 1299 5254 prmdicantis
1322 5194 1598 5254 agnoscat.
1623 5183 1902 5255 Templum
1922 5187 2117 5257 quippe

544 5276 919 5346 peccatoribus
961 5274 1246 5329 ostendere
1280 5282 1390 5339 est,
1423 5283 1613 5345 sponte
1639 5291 1737 5331 sua
1773 5277 2118 5332 considerare

542 5365 876 5428 nolentibus,
906 5372 1175 5421 rectorum
1204 5379 1367 5434 opera
1398 5381 1640 5421 narrare.
1666 5365 1768 5433 Qui
1797 5367 1979 5436 itaque
2007 5368 2115 5423 sic-

543 5461 605 5508 ut
654 5454 908 5521 diximus,
946 5454 1164 5524 perduci
1195 5456 1263 5509 ad
1298 5469 1505 5510 summa
1536 5454 1878 5522 desiderant,
1906 5472 2118 5527 semper

544 5558 761 5600 necesse
791 5552 874 5600 est
903 5552 962 5599 ut
988 5542 1269 5600 meliorum
1299 5544 1624 5614 profectibus
1664 5546 1964 5611 intendant,
1988 5563 2120 5619 qua-

545 5640 700 5687 tenus
731 5642 880 5688 tanto
905 5633 1202 5691 districtius
1237 5633 1294 5688 in
1323 5648 1383 5689 se
1405 5634 1591 5704 culpas
1623 5634 1888 5704 judicent,
1915 5646 2118 5705 quanto

547 5718 601 5773 in
630 5719 734 5777 illis
759 5721 941 5790 altius,
965 5723 1106 5795 quod
1130 5724 1465 5780 admirentur
1492 5724 1692 5779 vident.
1720 5725 1827 5781 Sed
1858 5727 1986 5797 quid
2010 5728 2112 5784 ista

2220 4639 2635 4709 descriptionem
2667 4639 2858 4693 domus
2893 4646 2950 4693 et
2974 4651 3163 4692 omnes
3203 4638 3618 4695 distributiones
3657 4641 3787 4709 ejus,

2219 4729 2286 4785 de
2326 4718 2523 4799 quibus
2566 4729 2827 4797 scriptum
2869 4738 2991 4782 est:
3030 4746 3048 4778 ‹
3087 4726 3264 4782 Multae
3309 4729 3628 4785 mansiones
3658 4732 3788 4800 apud

2217 4824 2437 4880 Patrem
2464 4838 2643 4878 meum
2669 4822 2848 4895 (Joan.
2893 4822 3026 4894 xiv).
3076 4842 3095 4876 ι
3135 4823 3201 4877 Ει
3241 4824 3487 4879 iterum:
3531 4844 3552 4879 ι
3596 4825 3786 4882 Statuit

2219 4914 2480 4970 terminos
2501 4914 2738 4985 gentium
2757 4914 3051 4970 secundum
3076 4931 3358 4972 numerum
3381 4915 3620 4973 filiorum
3635 4917 3787 4973 lsrael

2218 5002 2396 5076 (Deut.
2447 5000 2643 5073 xxxn),
2682 5020 2701 5054 ι
2741 5002 2854 5058 sive
2907 5003 3220 5073 angelorum
3273 5003 3404 5068 Dei,
3457 5006 3566 5061 nisi
3602 5006 3784 5061 feceris

2217 5109 2338 5165 quae
2380 5104 2645 5164 praecepta
2687 5101 2832 5149 sunt.
2879 5094 3080 5150 Domus
3112 5103 3292 5150 autem
3317 5103 3373 5149 et
3416 5094 3504 5149 lex
3554 5096 3783 5150 omnium

2218 5192 2603 5255 praeceptorum
2626 5183 2744 5249 Dei,
2769 5192 2826 5239 et
2852 5184 3000 5251 urbs,
3027 5199 3149 5255 qua:
3184 5185 3239 5240 in
3263 5185 3580 5241 summitate
3599 5186 3785 5240 monitis

2216 5282 2300 5328 est
2323 5273 2635 5339 constituta,
2660 5273 2747 5328 illa
2766 5274 3037 5329 credenda
3059 5281 3165 5341 est,
3187 5276 3254 5330 de
3278 5291 3383 5345 qua
3406 5276 3668 5347 scriptum
3687 5284 3780 5339 est,

2222 5362 2337 5418 Non
2375 5372 2554 5433 potest
2580 5362 2838 5427 abscondi
2877 5364 3068 5418 civitas
3109 5378 3273 5433 super
3315 5375 3556 5421 montem
3600 5365 3779 5435 posita.

2221 5453 2305 5518 Et,
2330 5452 2592 5508 Fluminis
2642 5453 2694 5507 ι..
2717 5460 2874 5523 pctus
2919 5452 3158 5507 hetiiicat
3198 5454 3472 5510 civitatem
3514 5455 3638 5521 Dei;
3672 5469 3784 5525 qua:

2220 5544 2500 5613 perspicue
2546 5541 2779 5597 refertur
2821 5542 2890 5599 ad
2926 5543 3246 5610 Ecclesiam,
3284 5552 3344 5600 et
3385 5545 3492 5601 sita
3519 5554 3608 5601 est
3632 5546 3684 5599 in
3719 5557 3783 5598 eo

2222 5645 2405 5692 metite
2449 5636 2541 5707 qui
2577 5637 2629 5692 in
2671 5637 2873 5692 vertice
2918 5638 3161 5693 omnium
3202 5639 3467 5693 montium
3511 5647 3628 5703 est,
3667 5646 3720 5689 ct
3752 5649 3780 5687 ε

2218 5741 2326 5795 quo
2361 5727 2668 5783 vulneratus
2709 5737 2795 5785 est
2820 5728 3073 5801 princeps
3115 5728 3276 5800 Tyri,
3320 5744 3617 5799 omnesque
3657 5726 3784 5781 ﬁnes
