3972 6184
482 328 589 385 θεὶὸ

1157 315 1215 368 Β.
1258 308 1509 367 RABANI
1553 306 1770 363 MAURI
1808 300 2125 359 ARClilEP.
2168 295 2480 355 HOGUNT.
2520 289 2806 349 OPERUBI
2845 286 3023 342 PARS
3063 285 3124 339 ll.

3652 279 3767 335 996

486 442 914 513 propitiatorium
937 470 951 494 ,
980 433 1088 483 hoc
1118 423 1494 488 esuminoris
1537 429 1699 489 atque
1726 416 1946 487 majoris
1997 416 2064 470 ad
2092 418 2141 480 Α
2168 422 2351 513 mento
2376 409 2610 467 salvaret
2644 413 2880 513 qua-tuor
2918 401 3145 513 turgidos
3191 398 3407 513 mundi,
3449 397 3770 513 (liquam?

488 510 645 588 unius
671 526 854 583 altaris
879 521 1110 594 pertinet
1128 522 1548 571 sacramentum.
1581 511 1728 566 Inter
1753 510 1860 564 duo
1881 514 2060 562 autem

487 615 858 694 propitiatoria
897 611 1078 665 minus
1108 615 1272 675 atque
1299 602 1470 671 majus
1497 609 1730 694 quatuor
1758 607 1918 654 erant
1963 611 2062 651 cu-

490 690 621 775 bita,
654 714 893 779 quatuor
916 698 1098 756 mundi
1144 696 1408 751 elementa
1439 690 1822 763 signiﬁcantia,
1864 698 1985 757 quas
2010 694 2067 740 et

492 807 606 874 ipsa
634 796 954 870 perveniunt
982 792 1049 845 ad
1085 790 1245 844 unius
1270 786 1435 842 cubili
1470 783 1826 838 altitudinem.
1867 781 1936 874 Et
1963 781 2066 834 hoc

495 872 1060 948 animadvertenthtm,
1082 879 1225 951 quod
1258 879 1311 932 in
1349 890 1598 930 mensura
1623 874 1810 927 altaris
1857 872 2066 942 primus

493 984 705 1040 cubitus
733 980 787 1033 in
818 973 1101 1030 latitudine
1126 969 1253 1023 nulli
1290 965 1595 1037 copulatur,
1620 962 1713 1017 sed
1742 977 1838 1017 sua
1870 962 2069 1015 unione

495 1076 764 1138 perfectus
815 1076 917 1124 est.
947 1062 1230 1120 Secundus
1259 1067 1443 1113 autem
1485 1053 1789 1110 latitudinis
1832 1050 2064 1112 cubitus,

494 1177 615 1240 post
668 1166 802 1219 duos
847 1158 1057 1215 cubitus
1089 1151 1289 1207 crescit
1332 1150 1399 1204 ad
1433 1160 1726 1240 summum.
1765 1144 1831 1198 Et
1876 1142 2071 1196 tertius

496 1235 707 1312 cubitus
736 1259 857 1322 post
876 1243 1306 1320 prepitiatorium
1337 1239 1515 1293 minus
1542 1245 1595 1291 et
1626 1235 1797 1301 majus
1814 1248 1912 1303 per
1939 1246 2073 1302 qua-

497 1358 620 1402 tuor
659 1346 957 1405 elementa,
986 1338 1055 1392 ad
1098 1336 1259 1390 unius
1309 1331 1475 1387 cubiti
1520 1328 1833 1400 mysterium
1880 1325 2068 1379 tendit.

499 1441 569 1497 Ut
597 1454 735 1493 unus
759 1444 815 1491 et
854 1434 989 1488 alter
1009 1439 1066 1499 et
1100 1428 1291 1483 tertius
1318 1425 1531 1480 cubitus
1567 1422 1621 1477 in
1655 1421 1823 1476 altare
1861 1418 2074 1473 Domini

500 1540 836 1599 nequaquam
860 1522 1066 1594 primus
1087 1516 1356 1573 secundus
1384 1522 1440 1568 et
1466 1512 1659 1568 tertius
1679 1553 1696 1579 ,
1726 1510 1821 1566 sed
1852 1525 1990 1563 unus
2018 1516 2074 1564 ct

498 1636 636 1675 unus
665 1626 719 1672 et
746 1627 884 1670 unus
913 1625 1033 1666 esse
1056 1609 1288 1663 dicatur.
1321 1605 1437 1675 ipse
1461 1610 1640 1657 autem
1673 1599 1820 1655 Ariel
1841 1608 2078 1671 quatuor

2164 504 2429 573 scriptum
2476 510 2602 556 est:
2642 517 2662 549 ι
2711 495 2861 553 Multi
2909 493 2979 549 ab
3030 493 3244 548 oriente
3292 498 3348 545 et
3385 488 3685 546 occidente
3713 497 3772 544 et

2166 592 2419 662 aquilone
2472 598 2531 644 et
2575 586 2804 643 meridie
2846 582 3088 648 venient,
3146 589 3203 635 et
3249 580 3589 636 accubabunt
3629 595 3770 635 cum

2165 678 2681 761 Abrahamﬁtlsaac
2709 686 2765 732 et
2787 673 2956 731 Jacob
2984 674 3039 728 in
3063 685 3233 744 regno
3244 670 3505 727 calorum
3533 671 3770 741 (lauit.

2166 771 2306 845 vul).
2331 791 2349 823 ι
2376 770 2638 840 Quodque
2660 767 2907 838 sequitur
2934 782 2949 821 :
2981 784 2999 817 ι
3030 765 3096 820 Et
3115 779 3317 821 corona
3343 764 3458 819 sive
3479 764 3636 835 gisus
3664 779 3776 835 per

2167 863 2454 920 circuitum
2479 859 2617 930 ejus,
2653 879 2672 912 ι
2706 858 3029 914 subauditur
3055 856 3441 926 propitiatorii,
3461 874 3481 907 ε
3520 855 3773 911 habebat

2169 955 2455 1011 dimidium
2492 952 2739 1007 cubitum
2796 958 2853 1005 et
2898 949 3050 1004 sinus
3088 948 3258 1018 ipsius
3293 945 3699 1017 propitiatorii,
3744 960 3763 997 ιι

2169 1045 2284 1101 sive
2361 1040 2758 1098 consummatio
2831 1047 2997 1110 atque
3060 1036 3323 1108 perfectio
3352 1076 3367 1099 ,
3417 1050 3537 1105 quae
3590 1035 3771 1106 Synt-

2170 1136 2395 1191 machus
2423 1134 2808 1203 interpretatus
2835 1140 2920 1186 est
2952 1129 3295 1207 παριδρυμήν,
3331 1129 3559 1184 habebat
3590 1144 3771 1184 unum

2170 1227 2444 1291 cubitum,
2521 1224 2654 1278 illud
2730 1222 2994 1294 significat
3024 1262 3039 1286 ,
3114 1222 3256 1290 quod
3316 1228 3375 1274 et
3446 1228 3775 1290 peccatores

2173 1327 2231 1372 et
2270 1316 2403 1386 justi
2458 1314 2691 1375 Domini,
2722 1312 3106 1384 propitiatione
3169 1311 3444 1368 salveutur
3474 1351 3489 1376 ,
3551 1312 3776 1367 dicente

2172 1408 2413 1482 apostolo
2474 1406 2638 1461 Paulo
2699 1424 2712 1460 :
2771 1425 2791 1458 ι
2845 1405 3191 1461 Reconciliati
3268 1419 3454 1459 sumus
3520 1402 3633 1458 Deo
3719 1404 3777 1457 iu

2173 1501 2433 1573 sanguine
2458 1499 2584 1555 Filii
2630 1498 2747 1567 ejus
2788 1496 2959 1569 (Rom.
3004 1496 3081 1568 v).
3120 1516 3140 1550 ι
3185 1498 3254 1552 Et
3274 1497 3343 1553 de
3382 1497 3778 1566 peccatoribus

2174 1594 2389 1658 dicitur,
2433 1591 2580 1662 quod
2613 1590 2822 1645 dimidii
2861 1589 3026 1645 cubiti
3060 1604 3371 1645 mensuram
3400 1590 3637 1644 habeant
3672 1603 3781 1659 per

500 1709 800 1765 cubitorum
821 1710 957 1765 erat,
979 1707 1035 1754 et
1056 1698 1124 1751 ab
1142 1694 1287 1750 Ariel
1308 1706 1477 1763 usque
1500 1704 1714 1746 sursum
1727 1704 1929 1745 cornua
1943 1703 2078 1759 qua-
2102 1761 2139 1765 _
2176 1684 2483 1747 circuitum,
2515 1680 2607 1752 qui
2657 1689 2837 1737 tamen
2881 1679 3161 1735 salventur
3200 1681 3572 1736 misericordia
3608 1695 3783 1735 crea-

502 1761 653 1863 tnor;
683 1797 797 1852 sive
821 1761 956 1848 utin
978 1786 1327 1859 Septuaginta
1362 1761 1586 1850 dicitur,
1614 1782 1684 1837 ab
1721 1780 1871 1836 Ariel
1902 1794 2072 1849 usque
2102 1761 2149 1821 Β
2176 1777 2342 1839 toris,
2391 1774 2545 1843 juxta
2588 1774 2719 1829 illud
2768 1772 2911 1863 quod
2959 1771 3012 1826 in
3059 1769 3276 1863 Psalmo
3321 1770 3582 1863 scripula
3631 1783 3729 1863 est
3762 1790 3777 1827 :

503 1890 568 1943 ad
597 1858 875 1955 superiora
913 1858 1174 1936 cornuum
1214 1874 1428 1931 cubitus
1466 1887 1626 1928 unus.
1673 1870 1853 1936 Ariel,
1879 1880 1942 1926 ut
1966 1869 2077 1941 ple-
2180 1883 2200 1916 ε
2225 1864 2333 1919 Pro
2362 1863 2530 1955 nihilo
2576 1863 2756 1919 salvos
2796 1860 2966 1916 facies
2996 1874 3173 1955 eos.-.
3206 1859 3282 1915 De
3318 1858 3683 1955 justistquod
3724 1864 3780 1918 in

503 1947 681 2047 rique-
708 1975 996 2034 mstimant,
1048 1969 1433 2038 interpretatur
1476 1962 1571 2017 tua:
1607 1978 1723 2016 mea
1784 1960 1946 2015 Deus.
2000 1961 2077 2015 De
2175 1969 2286 2047 uno
2326 1952 2607 2009 salvantur
2651 1966 2881 2047 numero
2932 1948 3176 2047 solitario
3216 1956 3383 2047 atque
3408 1947 3696 2047 perfecto,_
3726 1961 3786 2005 et

504 2039 612 2138 quc
659 2071 715 2119 et
756 2064 810 2117 iu
842 2061 978 2117 isaia
1020 2058 1302 2129 propheta,
1324 2054 1414 2109 ubi
1464 2053 1722 2123 scriptum
1767 2062 1890 2108 est:
1929 2069 1948 2103 ι
1983 2052 2077 2109 Vae
2179 2044 2465 2138 imitantur
2490 2056 2653 2138 unum
2672 2040 3011 2138 divinitatem
3032 2039 3246 2138 dicente
3268 2039 3780 2138 eodem

506 2129 628 2223 tibi,
656 2154 845 2210 civitas
885 2150 1055 2214 Ariel,
1084 2139 1246 2218 quam
1289 2144 1619 2216 expugnavit
1658 2143 1795 2215 (sive
1846 2143 2081 2198 circum-
2183 2153 2203 2187 ι
2237 2135 2378 2223 9693
2422 2139 2542 2186 erat
2589 2131 2664 2223 in,
2697 2129 2917 2223 Christo
2963 2129 3223 2223 mundum
3274 2129 3638 2223 reconcilians
3670 2131 3786 2185 sibi

505 2220 672 2320 dedit)
689 2241 1006 2311 David(lsa.
1038 2237 1215 2309 χχιι),
1250 2255 1271 2289 ι
1300 2236 1509 2306 plenius
1528 2235 1779 2291 diximus.
1805 2233 1875 2290 Ut
1898 2243 2077 2289 autem

2195 2224 2266 2298 λιι
2308 2222 2431 2279 Cor.
2475 2223 2553 2294 v).
2586 2240 2605 2274 ι
2635 2222 2789 2291 Quod
2826 2230 3008 2276 autem
3038 2222 3091 2276 in
3134 2221 3242 2275 ﬁne
3282 2220 3444 2291 hujus

507 2346 629 2409 ego'
647 2311 884 2391 arbitror
908 2332 990 2387 leo
1016 2330 1100 2385 vel
1125 2327 1283 2384 fortis
1311 2327 1428 2392 Dei,
1455 2328 1597 2397 quod
1626 2342 1822 2383 nomen
1849 2326 2083 2383 refertur

2195 2315 2421 2385 ponitur,
2455 2332 2474 2363 ι
2509 2312 2575 2366 Et
2609 2313 2810 2384 gradus
2834 2311 2950 2382 ejus
2975 2312 3119 2366 versi
3148 2311 3215 2366 ad
3259 2311 3523 2367 orientem
3549 2352 3566 2376 ,
3598 2329 3619 2361 ι
3652 2327 3788 2382 gra-

506 2402 726 2499 proprie
750 2425 816 2479 ad
843 2422 1044 2485 altare,
1067 2421 1121 2475 in
1149 2433 1256 2488 quo
1284 2416 1367 2474 vel
1392 2417 1711 2472 illuminatio
1749 2417 1843 2472 Dei
1865 2426 1968 2482 est,
1996 2415 2083 2472 vel

2195 2407 2285 2463 dus
2330 2404 2490 2475 hujus
2523 2404 2908 2475 propitiatorii,
2957 2402 3297 2473 septuaginta
3339 2411 3575 2472 quatuor
3607 2402 3790 2458 libros

512 2494 684 2576 leo-et
711 2515 967 2572 fortitudo
991 2513 1128 2583 ejus,
1155 2511 1365 2566 dicente
1390 2508 1557 2565 Iacob
1585 2508 1652 2563 ad
1670 2506 1861 2563 Iudam
1893 2527 1905 2562 :
1937 2527 1955 2559 ε
1982 2507 2085 2563 Ca-
2185 2499 2385 2553 veteris
2407 2498 2757 2553 lnstrumenti
2784 2496 3045 2551 debemus
3073 2495 3339 2565 accipere,
3372 2494 3463 2564 qui
3503 2494 3791 2551 habebam

512 2614 655 2670 tulus
705 2609 873 2665 leonis
927 2604 1095 2671 Juda,
1128 2604 1203 2658 fili
1245 2602 1340 2667 mi,
1371 2602 1439 2657 ad
1491 2601 1727 2672 praedam
1776 2599 2083 2664 ascendisti,

2195 2591 2443 2661 cytharas
2471 2590 2524 2643 in
2547 2587 2866 2659 Apocalypsi
2893 2586 3117 2642 Joannis
3149 2587 3332 2657 (Apoc.
3370 2586 3447 2658 v),
3470 2595 3526 2641 et
3547 2601 3791 2642 coronas

511 2702 857 2772 requiescens
880 2694 1178 2752 accabuisti
1204 2700 1267 2747 ut
1312 2692 1427 2757 leo,
1470 2699 1525 2746 et
1551 2691 1707 2762 quasi
1747 2689 1935 2755 leaena,
1965 2689 2088 2758 quis

2195 2680 2242 2733 in
2273 2677 2537 2748 capitibus
2566 2676 2705 2744 ejus,
2727 2676 2812 2731 vel
2837 2682 3233 2731 sacramentum
3258 2674 3436 2730 Patris
3477 2682 3532 2729 et
3563 2674 3690 2732 Filii
3732 2684 3793 2731 ct

509 2764 793 2848 suscitabit
812 2787 975 2842 eum?
1005 2806 1025 2838 ι
1051 2783 1203 2858 (Gen.
1229 2783 1403 2854 χιιι.)
1418 2781 1733 2838 Cubitorum
1760 2788 1937 2835 autem
1951 2793 2088 2849 qua-

2195 2766 2427 2837 Spiritus
2451 2767 2623 2822 sancti
2663 2766 2718 2820 in
2758 2781 2865 2836 quo
2893 2780 3025 2820 vera
3055 2764 3209 2820 nobis
3237 2764 3396 2819 datur
3444 2765 3789 2835 propitiatio.

516 2890 638 2937 tuor
654 2890 758 2942 est,
775 2889 831 2931 et
857 2891 1060 2931 cornua
1082 2875 1245 2929 habet
1266 2882 1515 2942 quatuor,
1533 2872 1648 2927 sive
1662 2871 1939 2940 superiora
1962 2886 2092 2939 qua-

514 2984 638 3027 tuor
659 2984 941 3029 cornuum,
973 2980 1081 3019 uno
1113 2966 1294 3020 cubito
1310 2964 1588 3026 ﬁniuntur,
1605 2972 1664 3017 ut
1679 2962 2092 3032 Evangeliurum

514 3075 765 3116 mensura
789 3065 844 3111 et
874 3058 926 3110 in
959 3063 1125 3109 totum
1151 3054 1336 3108 urbem
1363 3052 1621 3108 fortitudo
1647 3054 1955 3109 discurrens
1994 3052 2094 3107 sub

2196 2859 2263 2913 Et
2281 2868 2340 2913 ut
2368 2858 2614 2914 dicamus
2639 2857 2899 2927 apertius,
2920 2864 3208 2927 propterea
3235 2856 3499 2925 graduum
3520 2872 3795 2914 numerus

2197 2948 2436 3003 incertus
2491 2947 2853 3015 relinquitur,
2902 2954 2964 2999 ut
3008 2951 3427 3015 quantocunque
3472 2946 3650 3001 studio
3720 2948 3793 3002 ad

2200 3040 2392 3097 altiora
2449 3039 2713 3095 scandere
2751 3038 3105 3108 potuerimus,
3134 3038 3187 3091 in
3228 3036 3580 3093 inferioribus
3628 3047 3796 3108 Pille-

516 3147 907 3206 illuminatioue
935 3145 1031 3199 Dei
1056 3152 1112 3198 et
1147 3143 1315 3198 leonis
1337 3142 1647 3198 fortitudine
1675 3143 2093 3209 demonstretur,
2125 3132 2170 3195 C
2202 3147 2324 3187 mus
2342 3130 2650 3195 collocatos.
2678 3137 2736 3184 el
2756 3131 3055 3198 cogitemus
3075 3127 3205 3184 illud
3230 3127 3461 3197 psalmi:
3490 3146 3511 3179 ‹
3534 3127 3700 3184 Ibunt
3726 3130 3796 3186 de

515 3240 586 3295 ad
614 3252 882 3306 unumque
909 3238 1144 3291 cubitum
1171 3236 1485 3307 perveniant
1506 3235 1698 3291 divina:
1723 3235 2094 3291 confessionis.

527 3331 594 3385 Et
623 3338 682 3384 ut
703 3328 961 3400 paulatim
993 3328 1298 3383 obscuritas
1325 3330 1605 3397 praesentis
1632 3326 1733 3382 loci
1763 3327 2101 3381 manifestior

516 3420 637 3483 ttat,
653 3419 933 3487 sequitur:
966 3434 985 3468 ι
1018 3417 1080 3470 Et
1104 3415 1251 3471 Aricl
1273 3417 1553 3471 duodecim
1577 3417 1881 3472 cubitorum
1913 3415 1966 3470 in
1983 3415 2100 3469 lono

517 3507 777 3577 gitudine,
816 3521 912 3577 per
937 3506 1218 3561 duodecim
1253 3506 1460 3561 cubitus
1494 3506 1787 3561 latitudinis
1820 3506 2097 3576 quadran-

520 3597 704 3667 gulum
729 3597 897 3665 aequis
928 3595 1210 3660 lateribus,
1239 3615 1257 3645 ι
1284 3596 1429 3664 quod
1458 3610 1618 3650 nemo
1632 3595 1840 3650 dubitat
1867 3596 1933 3650 ad
1966 3595 2098 3650 duo-

519 3689 695 3742 decim
744 3687 916 3742 tribus
953 3686 1234 3755 pertinere
1277 3686 1474 3756 qurein
1523 3683 1748 3740 Joannis
1773 3685 2092 3757 Apocalypsi

520 3780 735 3848 scriptae
762 3788 906 3844 sunt,
948 3786 1004 3832 et
1046 3778 1113 3831 ad
1141 3777 1504 3847 apostolorum
1539 3792 1850 3841 numerum,
1904 3777 1971 3833 de
2003 3794 2097 3833 cu-

514 3868 604 3939 jus
625 3877 962 3924 sacramento
984 3883 1145 3938 supra
1187 3869 1385 3924 dixisse
1420 3884 1505 3923 me
1543 3869 1781 3923 memini.
1812 3869 1918 3924 Per
1967 3884 2099 3939 qua-

524 3969 647 4014 tuor
683 3970 861 4012 autem
892 3957 1062 4012 latera
1106 3958 1289 4012 mundi
1335 3958 1566 4014 duodeni
1596 3958 1762 4013 cubiti
1794 3959 1954 4015 simul
1994 3958 2099 4015 elli-

525 4049 675 4101 ciunt
721 4045 1073 4115 quadraginta
1105 4055 1228 4100 octo
1273 4048 1483 4103 cubitus
1529 4049 1939 4104 sacerdotalium
1960 4051 2101 4106 civi-

528 4146 717 4200 tatum,
752 4143 812 4188 ut
834 4135 952 4189 istis
977 4136 1131 4203 quasi
1161 4135 1526 4192 fundamentis
1550 4139 1601 4192 in
1635 4149 1749 4195 toto
1785 4141 1915 4195 orbe
1944 4140 2099 4197 didu-

524 4226 603 4281 sis
628 4224 880 4279 Ecclesia:
908 4222 1166 4279 fortitudo
1210 4226 1488 4280 solidetur.
1520 4227 1690 4283 Porro
1730 4230 1950 4300 crepido
1999 4245 2099 4300 pro

526 4334 631 4389 qua
671 4316 1019 4387 Septuaginta
1041 4317 1479 4387 propitiatorium,
1500 4318 1821 4386 Theodotio,
1856 4332 1915 4375 ut
1935 4336 2097 4392 supra

516 4424 712 4473 azara,
761 4405 1117 4477 Symmachus
1155 4405 1487 4482 περιδρομήν,
1520 4409 1622 4463 hoc
1660 4417 1763 4474 est,
1807 4411 2093 4465 circuitum

527 4499 861 4567 interpretati
889 4506 1036 4563 sunt,
1068 4499 1474 4567 quatuordecim
1504 4500 1805 4556 cubitorum
1839 4510 1957 4556 erat
1984 4501 2101 4557 lon-

525 4591 805 4661 gitudinis,
850 4604 947 4659 per
991 4589 1398 4658 quatuordecim
1430 4590 1725 4646 latitudinis
1769 4592 1823 4647 in
1871 4608 2103 4663 quatuor

526 4681 739 4749 angulis
764 4680 901 4750 ejus,
950 4698 969 4731 ι
1021 4688 1076 4737 et
1117 4695 1317 4735 corona
1371 4681 1423 4735 in
1471 4681 1702 4739 circuitu
1731 4682 1848 4750 ejus
1887 4684 2100 4740 dimidii

527 4771 716 4834 cubiti,
750 4789 770 4822 ι
804 4786 901 4838 pro
939 4785 1047 4839 quo
1073 4770 1425 4841 Septuaginta
1482 4787 1697 4827 rursum
1735 4775 1885 4843 gison
1935 4775 2105 4830 inter-

530 4863 724 4931 pretati
786 4872 930 4916 sunt.
987 4863 1053 4916 Et
1095 4866 1271 4928 sinus,
1311 4864 1425 4919 sive
1467 4863 1620 4933 juxta
1691 4864 2099 4938 Symmachum,

533 4974 552 5005 ‹
614 4955 1008 5011 consummatio
1050 4954 1165 5023 ejus
1208 4965 1371 5026 atque
1421 4958 1682 5027 perfectio
1726 4960 1894 5014 cubiti
1939 4961 2098 5017 unius

527 5060 624 5116 per
672 5044 976 5110 circuitum,
1013 5065 1031 5097 ι
1069 5047 1196 5103 illud
1249 5048 1481 5105 latenter
1513 5051 1769 5117 ostendit,
1809 5053 1950 5122 quod
2001 5053 2102 5108 Do-

528 5137 703 5192 minus
732 5145 937 5203 noster,
965 5136 1055 5206 qui
1081 5152 1207 5194 vere
1247 5142 1677 5210 propitiatorium
1725 5142 1940 5209 dicitur,
1992 5161 2099 5201 non

526 5227 701 5284 solum
740 5241 841 5298 pro
864 5228 1104 5297 peccatis
1136 5230 1363 5295 nostris,
1401 5232 1495 5286 sed
1527 5246 1638 5301 pro-
1680 5235 1826 5289 omni
1873 5235 2097 5303 mundo,

523 5319 616 5390 qui
640 5334 737 5390 per
760 5319 1163 5388 quatuordecim
1198 5323 1576 5391 generationes
1594 5325 1807 5380 venerit
1830 5327 1898 5381 ab
1924 5327 2095 5382 Abra-

514 5412 650 5467 tham
678 5423 848 5478 usque
870 5409 938 5463 ad
962 5408 1128 5464 David
1153 5426 1169 5475 ;
1201 5419 1256 5465 et
1284 5426 1499 5468 rursum
1527 5427 1626 5482 per
1668 5415 1800 5472 alias
1839 5426 2097 5487 quatuor-

523 5500 700 5555 decim
744 5510 917 5569 usque
965 5500 1030 5555 ad
1077 5502 1447 5571 captivitatem
1498 5502 1795 5570 Jechoniaa,
1841 5517 1897 5561 et
1953 5508 2101 5580 ejus-

524 5595 648 5646 dem
685 5590 896 5645 numeri
933 5600 1276 5646 sacramento
1304 5592 1371 5647 ad
1408 5601 1620 5648 terrena
1648 5596 2010 5662 descenderit,
2040 5607 2102 5653 ut

527 5681 582 5734 in
608 5678 764 5733 tertia
805 5682 1291 5753 τεσσαρακαιδικὰδι
1333 5692 1388 5739 et
1423 5684 1588 5738 divini
1637 5687 1874 5743 muneris
1918 5704 2100 5745 sacra-

2200 3222 2402 3276 virtute
2426 3220 2481 3275 in
2508 3220 2767 3275 virtutem
2799 3215 2971 3289 (Paul.
2994 3216 3243 3289 manu).
3279 3237 3299 3271 ι

2279 3353 2299 3385 ι
2329 3333 2396 3388 Et
2437 3320 2573 3387 dixit
2602 3330 2668 3386 ad
2697 3345 2784 3386 me
2811 3349 2824 3384 :
2851 3329 2953 3385 Fili
2995 3329 3250 3395 hominis,
3283 3329 3402 3385 haec
3429 3329 3563 3387 dicit
3608 3330 3791 3386 Domi-

2208 3445 2226 3479 ι
2263 3442 2364 3482 nus
2389 3426 2568 3481 Deus:
2596 3424 2661 3480 Hi
2682 3431 2811 3480 sunt
2834 3424 2971 3479 ritus
3007 3423 3216 3488 altaris,
3247 3423 3300 3477 in
3339 3439 3663 3494 quacunque
3702 3425 3789 3479 die

2206 3536 2224 3569 ε
2257 3515 2421 3571 fuerit
2468 3514 2814 3579 fabricatum,
2841 3521 2903 3568 ut
2946 3513 3207 3568 offeratur
3253 3527 3415 3581 super
3464 3512 3598 3566 illud
3634 3512 3790 3566 holo-

2205 3627 2224 3660 «
2259 3615 2502 3663 caustum
2537 3614 2590 3661 et
2612 3604 2918 3661 effundatur
2936 3604 3185 3672 sanguis;
3214 3611 3270 3658 et
3298 3603 3454 3657 dabis
3490 3603 3788 3657 sacerdoti-

2205 3717 2225 3748 ε
2260 3698 2361 3753 bus
2388 3705 2444 3752 et
2471 3696 2669 3762 levitis,
2707 3696 2798 3766 qui
2843 3702 2968 3749 sunt
3001 3695 3066 3750 de
3092 3693 3298 3750 semine
3335 3691 3534 3759 Sadoc,
3579 3693 3670 3764 qui
3699 3709 3789 3748 ac-

2205 3806 2225 3839 ι
2261 3788 2456 3842 cedunt
2490 3786 2555 3840 ad
2582 3799 2688 3851 me,
2715 3786 2793 3840 ait
2812 3783 3069 3839 Dominus
3097 3784 3258 3847 Deus,
3299 3790 3360 3838 ut
3383 3781 3619 3837 offerant
3653 3782 3785 3836 mihi

2204 3899 2222 3931 ‹
2260 3879 2486 3934 vitulum
2517 3878 2583 3933 de
2608 3886 2858 3932 armento
2897 3891 2995 3946 pro
3032 3884 3273 3946 peccato.
3302 3874 3370 3929 Et
3398 3889 3685 3930 assumens
3722 3872 3790 3929 de

2205 3991 2224 4023 ι
2262 3971 2520 4042 sanguine
2546 3969 2666 4040 ejus
2694 3985 2862 4041 pones
2884 3978 3046 4039 super
3078 3977 3310 4037 quatuor
3348 3981 3577 4030 cornua,
3605 3975 3662 4020 et
3705 3982 3792 4020 su-

2206 4082 2224 4114 ι
2261 4077 2356 4132 per
2387 4068 2619 4131 quatuor
2647 4060 2870 4131 angulos
2908 4059 3216 4130 crepidinis,
3251 4065 3304 4112 ct
3333 4071 3499 4126 super
3533 4071 3788 4111 coronam

2207 4174 2225 4198 ι
2261 4153 2313 4207 in
2342 4151 2591 4215 circuitu,
2616 4159 2671 4205 et
2689 4150 2975 4205 mundabis
3002 4149 3133 4204 illud
3172 4157 3225 4203 et
3250 4147 3512 4218 cxpiabis.
3543 4147 3615 4203 Et
3637 4147 3793 4203 tolles

2207 4262 2226 4296 ε
2263 4244 2508 4309 vitulum,
2540 4247 2629 4314 qui
2656 4242 2866 4298 oblatus
2895 4242 3050 4297 fuerit
3084 4258 3182 4313 pro
3202 4250 3446 4312 peccato,
3487 4249 3541 4295 et
3570 4244 3794 4297 combu-

2208 4354 2227 4387 ‹
2265 4351 2353 4390 res
2391 4335 2539 4389 illum
2585 4335 2639 4389 in
2674 4341 2924 4402 separato
2973 4332 3093 4387 loco
3132 4333 3323 4387 domus
3348 4341 3507 4387 extra
3536 4342 3790 4389 sanctua-

2209 4447 2227 4480 ‹
2264 4428 2424 4482 rium.
2450 4426 2519 4482 Et
2549 4426 2602 4481 in
2630 4426 2715 4480 die
2749 4425 2984 4480 secunda
3022 4421 3219 4480 offeres
3259 4424 3473 4479 hircum
3504 4439 3790 4494 caprarum

2211 4537 2229 4570 ι
2269 4519 2666 4574 immaculatqu
2694 4533 2792 4587 pro
2817 4525 3060 4588 peccato,
3087 4525 3141 4571 et
3168 4515 3463 4586 expiabunt
3488 4516 3663 4571 altare
3689 4516 3789 4570 sic-

2212 4626 2231 4658 t
2267 4617 2329 4662 ut
2372 4608 2724 4680 expiaverunt
2768 4608 2821 4661 in
2854 4606 3042 4661 vitulo.
3076 4624 3094 4657 ι
3156 4602 3429 4677 (Ηξενοη.)
3497 4604 3786 4676 Postquam

2205 4699 2481 4770 propheta:
2502 4698 2827 4753 monstravit
2851 4696 3020 4750 altare
3046 4704 3100 4749 et
3128 4696 3367 4750 cubitum
3407 4692 3531 4762 ejus
3555 4696 3787 4751 cubitus—

2207 4802 2314 4858 que
2366 4787 2519 4852 duos,
2553 4795 2609 4842 et
2640 4801 2852 4842 rursum
2884 4785 3143 4849 cubitum,
3175 4793 3232 4840 et
3278 4793 3517 4855 quatuor
3560 4786 3778 4847 cubitus.

2205 4886 2262 4931 et
2313 4878 2473 4933 tertio
2513 4877 2787 4941 cubitum,
2842 4875 3126 4931 duodecim
3170 4888 3384 4944 quoque
3438 4875 3657 4931 cubitus
3699 4888 3783 4947 per

2203 4967 2337 5023 alios
2393 4968 2697 5031 duodecim,
2746 4975 2801 5022 et
2852 4975 3085 5037 quatuor
3135 4966 3323 5021 altaris
3371 4981 3600 5032 cornua,
3648 4964 3778 5020 Ariel

2203 5072 2418 5128 quoque
2444 5057 2724 5114 duodecim
2757 5057 3059 5111 cubitorum
3085 5071 3186 5126 per
3204 5055 3492 5113 duodecim
3515 5057 3782 5111 cubitosct

2202 5146 2556 5216 crepidinem,
2606 5145 2709 5201 hoc
2749 5153 2851 5208 est,
2902 5144 3333 5215 propitiatorium
3382 5144 3782 5216 quattuordecim

2205 5237 2509 5293 cubitorum
2535 5249 2634 5304 per
2658 5234 3063 5304 quatuordecim
3094 5235 3327 5298 cubitus,
3370 5250 3633 5291 coronam
3661 5248 3785 5306 quo—

2205 5342 2311 5398 que
2341 5326 2499 5388 illius,
2545 5334 2601 5380 et
2642 5325 2821 5380 sinum
2851 5326 3074 5381 dimidio
3112 5326 3299 5382 cubito
3337 5342 3438 5397 per
3487 5327 3783 5408 circuitum,

2199 5416 2513 5487 gradusque
2550 5416 2617 5469 ad
2647 5415 2936 5487 orientem,
2968 5429 3198 5485 quorum
3225 5415 3467 5473 incertus
3494 5426 3578 5474 est
3606 5433 3784 5474 nume-

2202 5522 2319 5572 rus,
2347 5506 2562 5560 locutus
2582 5514 2668 5560 est
2690 5505 2800 5570 vir,
2835 5504 2990 5575 cujus
3012 5506 3255 5561 calamus
3275 5515 3331 5561 et
3378 5505 3646 5563 funiculus
3669 5514 3784 5560 erat

2209 5600 2262 5655 in
2287 5617 2470 5665 manu,
2498 5609 2554 5654 ct
2593 5600 2749 5655 docet
2778 5616 2923 5665 eum,
2952 5601 3220 5671 quomodo
3264 5601 3451 5656 altaris
3477 5618 3638 5674 opere
3661 5616 3784 5673 per-

2212 5689 2355 5745 fecto
2377 5691 2547 5745 altare
2569 5678 2760 5745 debeat
2787 5692 2993 5762 expiari
3026 5693 3140 5747 sive
3164 5707 3493 5748 consecran.
3528 5694 3776 5750 Primum-
