3972 6184
196 309 312 364 997

1126 304 1480 362 COMMENT.
1518 304 1588 360 IN
1628 302 2077 360 EZEClliELEM.
2118 331 2188 340 -—
2226 298 2353 353 LIB.
2394 297 2555 354 XVII.

3363 299 3466 357 998

202 431 313 487 que
337 413 568 470 otfertur
585 412 802 469 victima
838 422 894 468 et
916 412 1075 468 datur
1107 414 1478 469 sacerdotibus
1509 413 1577 468 de
1601 427 1797 482 genere
1825 418 1873 478 Α
1902 424 2103 493 genere
2132 407 2200 462 ad
2243 406 2601 478 expiationem
2658 404 3120 462 immunditiarum
3166 415 3475 463 mstrarum

202 509 337 564 Levi
356 549 372 571 ,
394 506 487 578 qui
509 514 637 561 sunt
659 506 726 562 de
753 520 952 575 genere
973 506 1166 561 Sadoc.
1191 505 1536 576 Oll'erturque
1563 506 1793 571 vitulus;

202 600 437 657 vitulum
467 608 648 655 autem
671 598 762 669 qui
793 613 892 668 pro
914 598 1072 653 nobis
1101 598 1413 653 immolatus
1433 607 1536 661 est,
1555 608 1609 652 et
1629 597 1799 653 multa

203 689 615 761 Scripturarum
633 686 772 751 loca,
792 695 848 741 et
861 687 1132 757 praazipue
1143 687 1403 741 Barnabm
1417 685 1664 756 epistola,
1678 700 1800 755 qua:

203 781 442 835 habetur
466 779 609 833 inter
630 777 928 846 scripturas
946 776 1304 848 apocryphas,
1330 776 1591 831 nominat.
1609 776 1675 831 Et
1688 775 1803 830 hir-

204 886 308 925 cus
329 883 620 940 caprarum
642 867 881 923 secundo
894 865 1119 921 oll‘ertur
1132 866 1221 921 die
1239 885 1251 919 :
1269 866 1411 921 unde
1429 875 1485 920 et
1503 866 1705 936 pascha
1720 865 1802 920 fa-

205 959 355 1013 cturi
377 965 661 1013 assumunt
680 957 746 1011 de
765 970 929 1026 grege
949 970 1146 1027 agnum
1167 963 1222 1010 et
1244 955 1453 1011 haedum
1474 974 1485 1009 :
1503 963 1558 1010 et
1576 971 1667 1026 qut
1690 956 1801 1025 pri-

209 1065 361 1105 mum
386 1047 587 1119 pascha
613 1045 795 1102 facere
814 1060 920 1100 non
938 1053 1252 1115 potuerunt,
1276 1046 1333 1101 in
1358 1046 1595 1102 secundo
1615 1061 1800 1102 mense

208 1138 443 1205 faciunt,
473 1153 703 1209 quorum
730 1137 959 1192 alterum
984 1137 1052 1192 ad
1073 1137 1252 1206 justos
1280 1137 1543 1206 pertinet,
1579 1145 1630 1192 et
1668 1136 1801 1192 alte.

211 1242 336 1281 rum
384 1225 452 1281 ad
494 1224 843 1296 paenitentes.
869 1223 1051 1296 (Isid.)
1080 1225 1219 1291 Quia
1265 1226 1409 1282 enim
1438 1226 1686 1281 Christus
1715 1241 1802 1281 se-

210 1318 455 1373 cundum
484 1332 704 1373 carnem
731 1318 801 1375 de
829 1317 1050 1384 ludatis,
1093 1318 1185 1389 qui
1209 1319 1312 1375 sub
1335 1317 1467 1391 jugo
1494 1318 1628 1390 legis
1656 1319 1801 1374 vive-

206 1405 366 1473 bant,
393 1419 545 1464 ortus
584 1417 688 1473 est,
737 1417 886 1464 recte
923 1409 1075 1464 vituli
1113 1408 1442 1465 sacriﬁcium
1468 1398 1796 1465 nominatur.

205 1499 315 1565 Qui
355 1508 537 1553 autem
564 1499 861 1555 secundum
895 1499 1040 1570 quod
1077 1499 1394 1555 incarnatus
1420 1508 1539 1555 erat
1561 1501 1627 1555 de
1653 1516 1800 1557 com-

211 1593 367 1653 muni
397 1608 577 1649 massa
607 1593 887 1649 liominum
929 1591 1108 1649 factus
1134 1600 1239 1657 est,
1278 1600 1566 1662 propterea
1612 1607 1801 1648 rursus

210 1685 405 1742 hircus
442 1685 756 1756 appellatur.
787 1684 1051 1756 Asperum
1089 1684 1234 1739 enim
1279 1685 1384 1741 hoc
1420 1684 1619 1739 animal
1661 1685 1799 1755 pilo-

1901 500 2114 557 ohtulit.
2166 498 2404 565 Quarum
2432 497 2939 552 immunditiarum?
2968 498 3020 553 id
3047 505 3130 552 est
3156 514 3174 548 ι
3211 512 3241 550 a
3271 511 3476 567 praeva-

1901 588 2248 647 ricationibus
2295 601 2507 654 eormn,
2555 587 2750 657 inquit,
2795 589 3113 657 cunctisque
3153 589 3412 657 peccat's.
3450 607 3469 640 ι

1897 681 2105 736 ΑΙ)ίωίιέ
2133 679 2334 749 quippe
2363 678 2702 733 immunditia
2735 693 2841 732 non
2870 678 3066 734 mortui
3097 677 3343 748 pollutio,
3368 693 3474 732 non

1897 771 2153 844 porcinus
2180 751 2356 836 cibus,
2407 785 2515 825 non
2554 769 2830 839 quippiam
2881 768 3026 823 aliud
3065 769 3241 825 simile
3294 778 3475 832 nocet,

1898 867 1995 922 sed
2027 877 2226 920 nocere
2275 861 2522 933 proximo
2545 869 2629 915 est
2668 869 2726 915 et
2771 875 2997 930 peccare
3041 860 3094 914 in
3146 860 3339 924 Deum,
3392 859 3475 914 vel

1901 961 2153 1016 mandata
2204 957 2300 1012 Dei
2347 965 2716 1012 contemnere.
2776 954 3087 1026 (Ηὶενοη.)
3156 955 3251 1011 Sin
3299 965 3477 1011 autem

1898 1049 2041 1105 LXX
2070 1048 2226 1105 nobis
2267 1046 2642 1116 interpretatio
2667 1044 2863 1114 placet,
2893 1047 2983 1115 qui
3018 1046 3287 1110 dixerunt,
3330 1065 3349 1097 ι
3384 1047 3480 1102 Die

1899 1147 2079 1195 autem
2116 1134 2353 1192 secundo
2381 1133 2566 1188 tollent
2594 1135 2777 1188 hmdos
2808 1132 2946 1188 duos
2972 1134 3350 1190 immaculatos
3378 1151 3476 1205 pro

1899 1237 2142 1302 peccato,
2163 1247 2181 1279 ι
2201 1226 2379 1283 audax
2401 1225 2615 1296 quidem
2645 1233 2729 1278 est
2756 1224 2899 1295 quod
2922 1225 3120 1278 dicturi
3148 1241 3352 1289 sumus,
3383 1228 3479 1282 sed

1901 1328 2084 1376 tamen
2127 1318 2355 1374 aliorum
2412 1314 2730 1384 simpliciter
2777 1315 3023 1384 ponenda
3064 1315 3332 1370 sententia
3377 1325 3480 1382 est,

1901 1410 1993 1481 qui
2023 1410 2168 1465 aiunt
2198 1410 2332 1463 duos
2358 1407 2543 1462 haedos
2591 1405 2966 1461 immaculatos
3015 1415 3238 1477 propter
3271 1408 3479 1477 passio-

1901 1517 2026 1558 nem
2053 1501 2266 1557 Domini
2289 1499 2500 1556 oblatos
2521 1514 2640 1555 esse
2668 1500 2735 1554 ad
2763 1501 2933 1555 altare
2963 1499 3197 1566 Domini,
3221 1498 3482 1558 Jacohum

1903 1600 1961 1649 et
1973 1591 2328 1662 Stephanum,
2344 1604 2574 1660 quorum
2598 1588 2734 1643 alter
2754 1589 2820 1644 de
2851 1589 3212 1660 apostolorum
3234 1606 3480 1657 numero,

1905 1682 2042 1738 alter
2065 1681 2134 1739 de
2160 1691 2368 1752 septem
2393 1680 2580 1737 electis
2609 1681 2664 1735 in
2695 1680 3055 1737 ministerium
3098 1681 3311 1737 Domini
3339 1683 3480 1752 prin-

212 1791 339 1829 rum
391 1775 767 1829 indumentum
812 1774 971 1845 gerit,
1007 1788 1263 1843 asperum
1308 1782 1369 1828 ut
1414 1782 1541 1843 pote
1576 1783 1799 1843 peccato
1828 1776 1875 1836 Β
1903 1787 2032 1844 ceps
2084 1771 2207 1827 fuit.
2269 1770 2376 1828 Iste
2418 1780 2502 1828 est
2569 1770 2805 1828 Jacobus
2871 1772 2963 1841 qui
3035 1773 3483 1829 transl'ormatum

211 1865 476 1920 refertum
498 1879 658 1920 omne
687 1863 983 1919 viventium
1011 1879 1202 1934 genus,
1227 1863 1353 1933 quia
1379 1862 1516 1918 nihil
1553 1873 1638 1919 est
1678 1879 1804 1934 pec-

209 1965 340 2010 cato
375 1955 640 2024 asperius.
680 1954 833 2012 Unde
854 1954 960 2011 hoc
980 1963 1168 2025 aperte
1201 1955 1503 2026 approbare
1526 1954 1806 2026 legislator

213 2044 406 2099 volens
436 2062 449 2097 :
481 2063 499 2096 ι
529 2044 774 2115 Cumque
806 2043 1151 2111 mactaverit,
1200 2044 1398 2114 inquit,
1448 2045 1660 2100 hircum
1705 2060 1805 2115 pro
1837 2105 1845 2113 ,

213 2142 440 2205 peccato
469 2133 671 2206 pepuli,
703 2154 722 2187 ι
751 2142 923 2190 totum
948 2134 1040 2191 hic
1063 2134 1368 2206 intelligens
1396 2136 1691 2191 humanum
1713 2150 1805 2207 ge-

210 2241 341 2291 nus,
369 2226 512 2296 quod
540 2225 811 2294 quondam
860 2240 966 2281 non
1001 2224 1253 2296 populus,
1281 2240 1426 2279 nunc
1466 2225 1713 2297 populus,
1737 2241 1805 2281 ex

209 2333 325 2388 quo
355 2319 421 2372 de
467 2317 622 2373 nobis
654 2317 926 2388 primitias
961 2315 1122 2373 Jesus
1163 2317 1432 2385 suscepit;
1462 2331 1591 2387 ergo
1619 2324 1679 2371 ut
1714 2317 1805 2372 de-

214 2419 547 2466 monstraret
569 2411 635 2466 de
667 2408 871 2466 ludatis
895 2410 1112 2480 quidem
1142 2409 1509 2480 principaliter
1528 2409 1803 2468 Christum

211 2510 442 2572 propter
478 2501 753 2557 Abraham
785 2501 1162 2574 cognationem
1192 2516 1330 2565 esse,
1363 2501 1458 2557 sed
1484 2509 1662 2556 tamen
1683 2516 1803 2556 ont-

210 2595 305 2649 uis
354 2602 553 2649 nostra:
597 2600 825 2659 naturae,
864 2609 984 2663 quae
1026 2593 1081 2648 in
1129 2600 1354 2663 peccato
1386 2599 1490 2657 est,
1539 2591 1806 2661 primitias

210 2696 461 2758 portare,
506 2696 728 2757 propter
751 2688 897 2757 quod
923 2696 982 2743 et
1010 2687 1181 2742 Adam
1231 2684 1533 2756 appellatus
1572 2693 1694 2739 est:
1726 2684 1806 2738 vi-

210 2780 390 2835 tulum
430 2779 597 2834 simul
620 2789 675 2835 et
700 2781 909 2836 hircum
938 2780 1027 2835 lex
1056 2780 1123 2835 ad
1152 2778 1378 2850 ﬁguram
1403 2777 1656 2833 sacriﬁcii
1690 2776 1805 2846 ejus

209 2869 531 2938 assumpsit.
559 2868 694 2924 Cum
721 2879 902 2925 autem
947 2885 1114 2925 unum
1142 2871 1213 2925 sit
1237 2868 1561 2925 sacriﬁcium
1590 2868 1706 2923 sive
1730 2869 1806 2922 vi-

210 2958 385 3023 tulus,
435 2959 552 3014 sive
598 2960 784 3016 hircus
827 2962 1158 3026 nominetur,
1198 2959 1526 3030 eﬁ'ectusque
1567 2976 1707 3015 unus
1748 2960 1803 3015 in

208 3058 507 3116 utrumque
549 3048 619 3103 sit
670 3048 1046 3120 (peccatorum
1094 3051 1236 3104 enim
1272 3065 1339 3105 ex
1385 3066 1450 3105 eo
1489 3048 1805 3121 proﬂigetur

1904 1860 2241 1918 Salvatorem
2268 1862 2405 1917 vidit
2448 1862 2503 1917 in
2533 1870 2737 1928 monte,
2783 1862 2875 1931 qui
2905 1874 3277 1934 resurgentem
3317 1863 3484 1920 ﬁliam

1901 1954 2332 2026 Archisynagogi
2379 1968 2506 2010 cum
2570 1954 2800 2009 Domino
2859 1953 3130 2024 Petruque
3178 1964 3233 2010 et
3276 1954 3485 2013 Joanne

1904 2047 2129 2101 intuitus
2172 2053 2288 2110 est,
2338 2045 2432 2116 qui
2482 2045 2537 2099 in
2585 2047 2845 2119 καταλόγῳ
2872 2046 3262 2117 apostolorum,
3295 2048 3348 2103 iu
3378 2064 3487 2119 quo

1901 2138 2029 2193 bina
2066 2138 2368 2210 junguntur
2389 2136 2624 2201 nomina,
2646 2137 2798 2207 prior
2831 2136 3002 2193 fratre
3045 2139 3285 2208 ponitur.
3331 2138 3487 2196 lluuc

1905 2228 2178 2284 interfecit
2223 2228 2484 2293 Herodes,
2530 2236 2587 2283 et
2632 2229 2788 2298 quasi
2819 2229 3032 2284 haedum
3082 2230 3487 2287 immaculatum

1902 2329 2026 2392 post
2048 2322 2352 2390 passionem
2381 2320 2679 2377 Salvatoris
2700 2322 2754 2376 in
2781 2321 2868 2376 die
2895 2321 3198 2377 immolavit
3226 2324 3486 2378 secunda.

1906 2412 2240 2483 Stephanum
2291 2428 2506 2486 quoque
2536 2412 2689 2482 cujus
2715 2414 2992 2484 sapientiae
3040 2423 3203 2485 atque
3230 2417 3490 2471 doctrina:

1904 2503 2085 2558 nullus
2112 2511 2323 2573 poterat
2352 2504 2626 2568 resistere,
2659 2512 2714 2558 et
2747 2505 2837 2573 qui
2870 2513 3102 2559 stantem
3134 2503 3268 2560 vidit
3291 2504 3485 2560 Filium

1900 2594 1971 2648 ad
2001 2594 2277 2649 dexteram
2306 2593 2503 2659 Patris,
2527 2603 2584 2649 et
2609 2594 2764 2658 dixit,
2789 2616 2807 2645 ι
2834 2595 3058 2650 Domine
3084 2594 3211 2651 Jesu
3231 2636 3248 2661 ,
3275 2597 3492 2666 suscipe

1902 2687 2150 2757 spiritum
2168 2703 2368 2753 meum,
2390 2707 2409 2739 ι
2429 2687 2692 2758 lapidibus
2703 2688 2933 2743 obruere
2947 2686 3118 2743 Judaei
3134 2688 3271 2761 (Act.
3287 2689 3487 2761 vum).

1905 2777 1976 2832 Et
2003 2779 2274 2846 quomodo
2300 2778 2562 2847 quosdam
2590 2780 2928 2834 credentium
2968 2780 3240 2850 primitias
3269 2781 3491 2835 Achaiae

1902 2877 1961 2923 et
1984 2867 2127 2921 Asia:
2152 2867 2440 2937 Apostolus
2468 2869 2710 2923 nominat
2750 2869 2797 2941 (Ι
2870 2868 2994 2924 Cor.
3025 2870 3157 2942 xvr),
3214 2871 3297 2925 sic
3318 2879 3375 2925 et
3401 2871 3491 2926 isti

1903 2959 2157 3029 primitia:
2180 2958 2331 3016 fuere
2379 2970 2679 3031 martyrum
2703 2976 2838 3030 quos
2877 2962 3083 3017 Christi
3130 2971 3318 3031 postea
3360 2978 3492 3016 con-

1909 3050 2077 3106 fessio
2126 3050 2433 3104 coronavit.
2486 3050 2556 3103 Ει
2600 3050 2703 3105 hoc
2753 3051 3045 3105 notandum
3094 3051 3239 3120 quod
3289 3050 3492 3106 vitulus

208 3137 507 3210 absolutio)
558 3140 865 3195 necessarie
915 3140 1223 3194 communia
1272 3148 1399 3195 sunt
1451 3155 1513 3195 ea
1569 3156 1691 3211 qua:
1742 3141 1797 3195 iu
1827 3133 1871 3196 C
1905 3149 2047 3195 totus
2073 3139 2299 3199 oﬁ'citur
2328 3141 2393 3194 in
2424 3140 2816 3206 holocaustum,
2867 3151 2923 3196 et
2949 3142 3255 3197 crassitudo
3301 3156 3495 3213 corpo-

210 3230 371 3285 hirco
393 3240 626 3302 aguntur
648 3242 704 3284 et
730 3231 916 3286 vitulo.
949 3230 1140 3286 Cernis
1167 3232 1312 3287 enim
1350 3232 1443 3302 qui
1475 3232 1686 3287 hircum
1707 3247 1799 3287 oc-

210 3322 403 3375 cidens
425 3329 549 3376 ante
572 3322 856 3376 Dominum
880 3322 1130 3377 videlicet
1147 3322 1386 3387 Patrem,
1408 3330 1460 3375 et
1485 3324 1802 3392 sanguinem

209 3411 457 3467 inferens
480 3412 533 3466 in
565 3412 823 3467 interiora
851 3411 1156 3480 velaminis,
1182 3413 1235 3467 id
1259 3421 1364 3476 est,
1389 3413 1453 3467 ad
1476 3411 1714 3468 Patrem.
1738 3414 1805 3467 hit

208 3503 400 3571 expiet
424 3503 796 3558 sanctuarium
816 3503 884 3560 ab
911 3504 1269 3559 immunditiis
1289 3502 1521 3558 ﬁliorum
1550 3503 1737 3568 lsrael,
1751 3513 1807 3558 et

208 3611 243 3648 a
276 3593 814 3663 prawaricatiunibus
851 3610 1039 3651 eorum
1078 3596 1395 3665 cunctisque
1434 3594 1690 3665 peccatis.
1718 3594 1807 3649 Vi-

208 3686 376 3740 detur
398 3684 615 3753 quidem
639 3685 704 3740 de
728 3684 1072 3740 tabernaculo
1093 3686 1294 3741 dicere.
1318 3685 1460 3740 Dicit
1495 3695 1675 3739 autem
1697 3701 1804 3741 non

209 3777 285 3830 de
310 3790 395 3839 eo,
430 3775 523 3844 qui
545 3776 729 3830 sensui
752 3776 995 3846 subjacet
1013 3776 1163 3847 (quid
1182 3777 1328 3831 enim
1349 3776 1675 3846 expiationis
1710 3791 1807 3831 seu

208 3866 618 3936 propitiationis
642 3875 886 3937 agerent,
916 3868 1113 3938 quidve
1147 3867 1318 3939 pelles
1356 3868 1443 3923 vel
1483 3868 1708 3938 reliqua,
1738 3883 1805 3922 cx

209 3958 416 4026 quibus
437 3956 845 4012 tabernaculum
864 3956 1174 4013 Judzeorum
1198 3959 1344 4029 quod
1363 3959 1546 4014 sensui
1564 3958 1810 4029 subjace-

210 4052 335 4115 bat,
351 4048 659 4106 confectum
673 4049 812 4121 erat)
832 4051 925 4105 sed
939 4051 1345 4121 generalitatem
1361 4052 1475 4107 sive
1489 4060 1657 4106 totam
1678 4051 1810 4105 dicit

213 4142 503 4198 hominum
517 4141 775 4210 speciem.
794 4140 990 4196 Sancta
1005 4142 1149 4196 enim
1163 4140 1264 4195 fuit
1275 4143 1343 4196 ab
1358 4141 1512 4197 initio
1528 4156 1705 4197 massa
1723 4157 1813 4197 no-

209 4243 356 4298 stra,
375 4232 449 4286 ita
470 4243 527 4285 ut
552 4232 648 4286 Dei
683 4233 736 4285 in
760 4246 827 4287 ea
855 4232 1122 4289 habitaret
1160 4233 1398 4301 spiritus.
1431 4232 1582 4299 Quod
1599 4234 1814 4288 demon-

211 4327 428 4378 stratur
451 4336 517 4380 ex
540 4336 605 4377 eo
630 4322 771 4391 quod
797 4321 1012 4377 auferre
1047 4322 1178 4376 illud
1208 4322 1448 4377 irascens
1471 4323 1709 4379 minatus
1731 4330 1815 4379 est

1902 3232 1979 3287 ris
2006 3230 2123 3299 ejus
2165 3229 2350 3284 divino
2392 3230 2514 3299 igne
2544 3231 2900 3284 consumitur.
2934 3231 3047 3285 Etsi
3087 3231 3232 3285 enim
3270 3246 3496 3286 novera-

1903 3334 2024 3375 mus
2040 3319 2339 3383 Christum,
2371 3319 2463 3372 Sed
2480 3316 2594 3385 jam
2616 3332 2760 3373 nunc
2788 3334 2895 3371 non
2922 3320 3173 3374 novimus
3196 3323 3492 3376 secundum

1904 3426 2141 3466 carnem.
2180 3408 2415 3465 Jacobus
2447 3417 2627 3463 autem
2665 3418 2722 3462 et
2759 3408 3095 3478 Stephanus,
3127 3411 3220 3479 qui
3259 3412 3495 3466 secunda

1902 3500 1991 3556 die
2033 3499 2199 3555 oblati
2243 3508 2389 3565 sunt,
2444 3499 2560 3554 sive
2596 3499 2804 3564 hircus,
2828 3500 2921 3569 qui
2962 3500 3120 3570 juxta
3164 3500 3491 3557 Hebraicum

1904 3603 2177 3661 narratur,
2228 3594 2453 3650 oﬁ‘ertur
2482 3593 2697 3663 quidem
2745 3595 2801 3648 in
2851 3595 3069 3649 victima
3099 3595 3194 3660 sed
3237 3596 3494 3652 holocau-

1902 3695 2049 3742 stum
2100 3687 2403 3758 przeseutine
2451 3686 2661 3741 Domini
2731 3697 3060 3741 reservatur.
3110 3687 3265 3756 Quod
3312 3698 3495 3744 autem

1910 3777 2119 3833 tollitur
2144 3778 2365 3849 sanguis
2393 3778 2459 3835 de
2506 3791 2613 3846 quo
2649 3776 2886 3846 loquitur
2922 3777 3154 3834 Petrus:
3218 3796 3237 3830 ι
3271 3777 3500 3835 Redem-

1908 3868 1987 3939 pti
2036 3883 2223 3923 sumus
2260 3882 2326 3922 ex
2365 3883 2504 3922 vana
2558 3876 2745 3922 nostra
2796 3871 3209 3926 conversatione
3258 3879 3501 3941 paterna:

1910 3960 2217 4015 traditionis
2260 3960 2500 4029 pretioso
2548 3959 2809 4030 sanguine
2872 3958 3075 4015 Christi
3139 3960 3191 4033 (I
3232 3959 3379 4017 Patr.
3432 3960 3493 4032 ι).

1912 4052 1982 4106 Et
2007 4051 2208 4105 Paulus
2233 4052 2513 4120 apostolus
2534 4052 2729 4107 docet:
2765 4070 2784 4103 ι
2821 4051 3003 4107 Pretio
3051 4053 3312 4124 redempti
3363 4056 3498 4108 estis

1914 4142 1981 4215 (Ι
2012 4142 2134 4197 Cor.
2166 4141 2298 4213 vu).
2336 4162 2356 4194 ι
2392 4142 2459 4196 ΕΙ.
2486 4144 2541 4196 in
2570 4143 2676 4198 alio
2698 4143 2853 4199 loco:
2899 4163 2917 4194 ι
2947 4143 3140 4200 Pacem
3172 4145 3379 4201 faciens
3404 4162 3500 4216 per

1913 4233 2229 4304 sanguinem
2260 4233 2438 4288 erucis
2464 4247 2593 4299 sum,
2627 4233 2742 4288 sive
2769 4233 2823 4288 in
2851 4243 2993 4289 terra
3010 4275 3026 4301 ,
3057 4236 3172 4290 sive
3199 4251 3361 4305 super
3388 4252 3500 4290 cu:-

1914 4328 1997 4384 los
2026 4327 2258 4401 (Colon.
2294 4326 2397 4401 1).»
2430 4327 2562 4383 Illud
2601 4329 2868 4399 signiﬁcat
2898 4328 3039 4397 quod
3080 4329 3341 4398 sanguine
3375 4327 3494 4387 Sa!-

206 4413 621 4484 Deus,quando
636 4414 693 4469 hi
712 4416 890 4484 quiex
907 4412 1040 4469 Seth
1054 4415 1474 4481 descendebant,
1487 4430 1610 4470 cum
1631 4424 1814 4472 essent
1848 4483 1881 4489 _
1918 4420 2124 4475 vatoris
2150 4429 2387 4489 quatuor
2412 4434 2615 4473 cornua
2665 4418 3018 4487 puriﬁccutur
3065 4417 3273 4481 altaris,
3323 4418 3377 4473 id
3415 4429 3498 4474 est

200 4506 372 4576 justi,
417 4483 475 4560 et
503 4506 597 4560 ﬁlii
627 4483 1192 4576 Deiiappellarentur,'
1221 4506 1668 4586 concupiscentes
1714 4520 1810 4560 eas
1847 4483 1893 4544 ί)
1917 4483 2185 4579 quatuor-
2205 4509 2391 4564 mundi
2420 4509 2610 4578 plaga}.
2666 4483 3095 4575 hspergiturqne
3123 4521 3324 4561 corona
3376 4524 3498 4577 pro-

208 4612 344 4668 qum
368 4605 424 4651 et
446 4596 570 4651 lilia:
589 4596 867 4652 hominum
889 4595 1230 4659 dicebantur,
1267 4595 1425 4650 unius
1447 4596 1661 4666 generis
1683 4611 1809 4651 cum
1849 4614 1857 4621 ·
1912 4599 2193 4670 pitiatorii,
2248 4599 2363 4653 sive
2407 4598 2565 4651 bases
2612 4612 2709 4665 per
2753 4596 3039 4651 circuitum
3068 4636 3083 4661 ,
3136 4604 3194 4650 ut
3242 4597 3495 4651 universa

208 4689 387 4745 malis
414 4694 471 4744 et
493 4687 690 4755 iniquis
712 4686 890 4743 eli’ecti
919 4694 1065 4741 sunt.
1089 4686 1238 4740 Dixit
1264 4686 1409 4739 enim
1435 4687 1514 4740 sic
1535 4704 1550 4740 :
1570 4706 1589 4740 ‹
1615 4686 1812 4742 Viden-

210 4793 305 4838 tes
330 4781 430 4836 ﬁlii
467 4776 579 4834 Dei
608 4778 750 4833 tilias
799 4778 1078 4834 hominum
1128 4778 1269 4848 quod
1317 4785 1503 4832 essent
1550 4776 1808 4847 pulchrae,

206 4878 557 4942 acceperunt
589 4871 692 4926 sibi
719 4885 921 4927 uxores
941 4884 1010 4924 ex
1032 4869 1286 4924 omnibus
1332 4883 1470 4938 quas
1513 4868 1806 4939 elegerant.

206 4964 293 5020 Et
322 4961 465 5019 dixit
504 4960 767 5038 Dominps
814 4961 996 5016 Deus:
1055 4957 1172 5015 Non
1202 4958 1542 5028 permanebit
1587 4958 1815 5028 spiritus

211 5072 384 5114 meus
408 5057 467 5111 in
497 5055 713 5111 homine
738 5054 792 5108 in
814 5062 1099 5118 aeternum,
1120 5053 1245 5121 quia
1269 5066 1399 5106 caro
1424 5060 1513 5106 est
1539 5048 1690 5122 (Gen.
1715 5053 1814 5121 vi).

208 5152 374 5221 Ergo
400 5150 446 5205 si
498 5147 778 5204 habitabat
819 5146 1044 5216 spiritus
1090 5145 1184 5199 Dei
1216 5145 1270 5199 in
1313 5143 1626 5201 hominibus
1669 5153 1820 5198 aute-

210 5258 397 5317 quam
427 5257 618 5299 omnes
639 5241 1086 5313 sequipassioncs
1105 5241 1324 5296 charius
1356 5241 1672 5310 inciperent,
1690 5255 1816 5295 san-

192 5347 315 5396 -cta
348 5345 646 5390 recteerat
669 5335 948 5390 hominum
976 5349 1175 5388 massa.
1226 5332 1362 5388 Nam
1406 5348 1507 5388 nec
1548 5334 1818 5403 primitias

202 5443 299 5488 ex
344 5442 414 5484 ea
466 5438 688 5484 sanctus
732 5436 1045 5483 sanctorum
1092 5435 1411 5482 assumeret.
1455 5426 1591 5494 Quia
1637 5437 1817 5482 autem

212 5522 508 5582 sordidata
532 5530 635 5588 est,
685 5522 922 5592 expiavit
943 5536 1065 5576 eam
1094 5520 1163 5575 ab
1198 5521 1554 5577 immunditiis
1584 5520 1816 5575 ﬁliorum

216 5615 423 5675 Israel.
455 5592 764 5671 secundum
797 5615 1058 5670 rationem
1086 5629 1183 5684 pro
1210 5613 1451 5669 sensibili
1480 5613 1642 5669 lsrael
1665 5614 1821 5669 .lcsus

218 5707 550 5768 immolatus
591 5717 714 5775 est,
764 5716 821 5763 et
871 5692 1192 5763 sacriﬁcium
1245 5720 1345 5775 pro
1386 5703 1533 5761 omni
1581 5704 1820 5759 humano

1910 4699 2229 4761 purgentur,
2259 4698 2315 4744 et
2343 4688 2496 4741 ﬁrma
2529 4687 2602 4742 sit
2640 4685 2970 4755 propitiatio.
3001 4685 3289 4756 Propterea
3317 4698 3497 4742 autem

1912 4782 1966 4834 in
2021 4780 2258 4836 secunda
2305 4778 2393 4833 die
2438 4779 2521 4832 vel
2574 4776 2680 4831 duo
2727 4776 2864 4830 haedi
2891 4815 2906 4840 ,
2960 4778 3027 4831 de
3077 4777 3277 4847 quibus
3332 4792 3498 4848 supra

1913 4873 2191 4936 diximus,
2242 4869 2326 4924 vel
2367 4868 2552 4924 hircus
2604 4869 2934 4933 assumitur,
2981 4869 3125 4937 quod
3173 4869 3373 4924 animal
3416 4877 3502 4926 est

1917 4978 2134 5033 semper
2167 4961 2236 5016 ad
2263 4960 2478 5015 excelsa
2522 4958 2784 5014 festinans
2818 4968 2874 5014 et
2902 4960 3036 5014 nihil
3078 4961 3301 5031 periculi
3336 4963 3500 5018 susti-

1916 5069 2052 5110 nens
2081 5053 2136 5106 in
2163 5050 2516 5121 przecipitiis:
2546 5058 2601 5104 et
2626 5050 2701 5104 ibi
2730 5050 2936 5104 invenit
2964 5052 3251 5118 vitam,ubi
3281 5054 3498 5109 caeteris

1919 5143 2285 5199 animantibus
2335 5141 2585 5195 interitus
2607 5148 2712 5195 est.
2756 5138 2910 5196 Unde
2944 5151 3002 5197 et
3028 5141 3217 5196 Graeco
3243 5155 3497 5196 sermone

1919 5248 2205 5304 caprarum
2232 5242 2290 5286 et
2313 5232 2586 5286 hircorum
2632 5246 2763 5301 grex
2802 5231 3110 5287 sublimium
3161 5233 3500 5286 conversatio

1921 5329 2139 5384 dicitur.
2195 5325 2366 5382 Porro
2406 5324 2578 5381 altare
2619 5324 2819 5380 Christi
2848 5326 3093 5396 expiatur
3121 5325 3401 5395 sanguine,
3445 5331 3502 5379 et

1923 5421 2194 5476 orationes
2239 5428 2552 5475 sanctorum
2599 5419 2813 5473 mundat
2838 5426 3159 5488 permanent
3194 5416 3261 5471 ad
3308 5415 3499 5470 Deum.

1926 5514 2041 5570 lloc
2066 5528 2280 5585 quoque
2326 5513 2621 5568 notandum
2664 5515 2807 5583 quod
2827 5515 2981 5584 juxta
3028 5511 3348 5567 Hebraicum
3382 5510 3499 5582 ipse

1925 5605 2178 5662 Ezechiel
2215 5604 2368 5674 quasi
2412 5604 2671 5660 sacerdos
2692 5604 2919 5659 vitulum
2938 5602 3162 5670 iubetur
3198 5616 3500 5668 assumere,

1926 5709 1981 5755 et
2009 5698 2380 5757 holocaustum
2412 5695 2609 5757 facere.
2656 5704 2713 5753 et
2739 5696 3056 5766 sanguinem
3083 5694 3201 5765 ejus
3227 5694 3284 5749 in”
3307 5693 3506 5761 circui-
