3972 6184
493 282 598 338 999

1113 281 1170 336 Β.
1214 279 1464 338 ΠᾹΒΑΝῘ
1504 279 1721 336 ΜᾹΕΠΙ
1759 279 2080 336 ARClllEP.

2187 278 2436 337 DGUNT.
2479 279 2765 337 OPERUM
2802 279 2984 336 PARS
3020 280 3083 334 ll.

3659 281 3792 334 10in

494 407 551 452 tu
585 413 868 469 aspergere
909 409 1018 453 tam
1049 399 1237 452 altaris
1262 413 1422 467 quam
1450 403 1766 468 angulorum
1791 410 2080 454 etcoronze
2110 402 2159 461 Α
2187 397 2262 462 ni,
2321 399 2424 452 hoc
2458 407 2541 453 est
2586 399 2778 468 spiritu
2825 408 3036 464 sancto,
3090 398 3158 452 de
3203 412 3309 468 quo
3366 399 3499 454 dicit
3544 403 3752 458 Paulus
3776 444 3789 458 .

494 491 608 544 sive
661 490 825 544 basis.
901 489 1254 559 Septuaginta
1303 496 1482 542 autem
1552 489 1878 560 interpretes
1941 490 2078 544 alios

492 581 802 634 sacerdotes
858 581 958 634 hoc
1031 584 1211 633 Iacere
1285 581 1699 644 demonstrant,
1771 582 1837 635 de
1883 581 2078 650 quibus

496 674 696 726 dictum
729 681 849 725 est:
891 693 909 722 ‹
945 672 1108 726 Dabis
1159 672 1529 727 sacerdotibus
1577 673 1704 728 Levi
1743 673 1834 743 qui
1864 683 2078 728 suntex

493 764 699 817 semine
745 763 941 826 Sadoc,
974 763 1064 830 qui
1095 765 1357 817 accedunt
1390 765 1457 817 ad
1489 779 1595 817 me.
1628 783 1642 814 ι

569 875 586 904 ‹
627 855 870 924 Cumque
900 856 1260 924 compleveris
1283 856 1506 924 expians
1543 856 1693 920 illud,
1726 854 1921 910 offeres
1941 856 2082 909 vitu-

500 967 517 1000 ι
556 947 666 1001 lum
718 947 783 1000 de
835 955 1080 1000 armento
1131 946 1579 1011 immaculatum,
1631 954 1686 999 et
1738 945 1961 999 arietem
2015 945 2082 999 de

499 1060 515 1088 ι
554 1054 714 1108 grege
757 1037 1184 1100 immaculatum,
1239 1045 1290 1088 et
1318 1035 1510 1090 oticres
1560 1050 1654 1090 eos
1685 1035 1740 1088 in
1786 1044 2081 1103 conspectu

493 1157 512 1180 ι
559 1129 789 1182 Domini.
845 1129 910 1181 Et
952 1128 1165 1180 mittent
1220 1129 1531 1180 sacerdotes
1557 1142 1722 1196 super
1752 1141 1846 1180 eos
1877 1127 1984 1190 sal,
2023 1134 2079 1180 et

498 1239 518 1271 ‹
554 1220 781 1274 offerent
807 1235 900 1272 eos
927 1219 1302 1272 holocaustum
1333 1218 1580 1272 Domino.
1639 1219 1856 1287 Septem
1889 1219 2082 1272 diebus

448 1296 455 1302 ’
500 1328 516 1359 ι
559 1309 725 1363 facies
755 1309 962 1363 hircum
987 1323 1086 1377 pro
1117 1317 1340 1376 peccato
1393 1308 1655 1376 quotidie,
1681 1318 1736 1362 et
1765 1307 1988 1361 vitulum
2017 1309 2083 1362 de

501 1420 520 1452 ι
555 1410 835 1466 armento,
871 1410 928 1456 et
969 1401 1194 1456 arietem
1241 1403 1308 1456 de
1354 1403 1658 1470 pecoribus,
1710 1403 2084 1458 immaculatos

500 1514 518 1547 ι
555 1493 800 1548 offerent.
835 1492 1055 1562 Septem
1088 1493 1277 1546 diebus
1302 1494 1598 1563 expiabunt
1626 1494 1816 1554 altare,
1850 1504 1902 1547 et
1928 1511 2083 1548 mun-

507 1602 528 1638 ι
565 1585 770 1639 dabunt
813 1583 938 1636 illud
971 1594 1024 1637 et
1058 1583 1355 1652 implebunt
1407 1598 1625 1636 manum
1655 1583 1790 1649 ejus.
1845 1583 2085 1654 Expletis

500 1695 519 1729 ι
554 1683 732 1730 autem
762 1675 972 1737 diebus,
1004 1675 1054 1728 in
1082 1675 1166 1728 die
1193 1683 1384 1728 octavo
1412 1683 1468 1727 et
1493 1674 1630 1726 ultra
1667 1673 1866 1728 facient
1906 1690 2086 1728 sacer-

2191 509 2208 541 ι
2248 489 2453 559 Spiritu
2503 489 2775 546 ferventes
2813 487 2987 559 (Rom.
3039 489 3178 559 xu),
3229 508 3248 541 ι
3285 489 3338 543 in
3383 491 3696 559 spiritalem
3743 502 3796 547 et

2188 589 2405 634 tenuem
2431 581 2793 636 substantiam
2855 590 3264 635 convertantur.
3322 578 3587 637 Volumus
3648 583 3794 636 scire

2186 671 2427 739 apertius
2472 669 2564 738 qui
2623 669 2695 722 sit
2728 667 2928 723 vitulus
2979 670 3045 723 de
3090 678 3340 724 armento
3383 670 3790 736 immaculatus,

2185 767 2240 811 et
2289 759 2433 812 aries
2487 760 2555 812 de
2601 759 2792 812 ovibus
2841 759 3134 826 purissimo
3180 760 3381 816 vellere
3420 762 3793 830 intelligamus

2186 849 2413 920 Moysen
2467 860 2522 905 et
2563 850 2733 903 Eliam
2763 891 2778 914 ,
2829 866 3059 919 quorum
3107 853 3260 921 prior
3311 855 3793 910 mansuetissimus

2189 939 2291 993 fuit
2349 941 2490 994 inter
2517 955 2709 994 omnes
2740 940 2990 995 homines
3036 943 3129 1010 qui
3162 943 3519 998 versabantur
3549 947 3601 999 in
3637 956 3790 1001 terra

2188 1028 2380 1099 (Num.
2412 1031 2549 1100 xu);
2603 1030 2741 1085 alter
2786 1032 3124 1086 ardorelidei
3167 1034 3362 1087 similis
3397 1035 3584 1106 Moysi,
3639 1041 3789 1094 male

2186 1128 2242 1174 et
2279 1120 2512 1174 audebat
2551 1121 2772 1175 dicere:
2812 1141 2829 1171 ι
2873 1121 2986 1192 Ego
3038 1123 3262 1178 relictus
3308 1140 3425 1179 sum
3467 1127 3614 1180 solus
3670 1129 3782 1198 (Ill

2191 1210 2320 1281 Reg.
2358 1212 2490 1280 χιχ).
2536 1231 2552 1261 ι
2591 1213 2742 1275 Quoi
2774 1222 2955 1268 autem
2989 1215 3040 1267 in
3075 1213 3342 1270 Ilebraico
3375 1217 3635 1288 scriptum
3686 1230 3789 1281 est,

2199 1319 2216 1350 ι
2253 1301 2446 1355 offeres
2479 1301 2724 1364 vitulum,
2759 1322 2777 1353 ι
2823 1303 2874 1355 ἰιι
2904 1302 3282 1374 Septuaginta,
3324 1306 3554 1361 offerent
3597 1324 3790 1363 sacer-

2186 1390 2361 1453 dotes,
2399 1390 2544 1444 nulla
2581 1391 2651 1444 sit
2682 1393 2930 1460 qmestio,
2976 1401 3033 1447 et
3057 1395 3173 1463 ipse
3220 1396 3363 1450 enim
3411 1397 3665 1453 Ezechiel
3708 1403 3790 1453 cui

2191 1481 2307 1534 haec
2351 1481 2610 1535 dicuntur
2653 1482 2720 1536 de
2769 1498 2997 1538 numero
3037 1485 3379 1540 sacerdotum
3426 1497 3546 1554 est,
3608 1491 3787 1552 plena

2187 1571 2363 1624 aetatis
2410 1580 2573 1640 atque
2638 1573 2932 1641 perfectae,
2986 1582 3042 1628 et
3094 1577 3479 1632 sacerdotalem
3549 1583 3790 1649 gradum

2189 1661 2486 1730 prophetia:
2515 1663 2667 1716 auxit
2693 1663 2892 1733 gratia.
2937 1663 3004 1717 Et
3029 1663 3241 1735 Moyses
3276 1676 3331 1720 et
3357 1667 3500 1723 Elias
3526 1669 3793 1726 videntur

498 1784 518 1817 ι
556 1767 709 1822 dotes
743 1781 904 1834 super
931 1766 1100 1818 altare
1131 1764 1444 1818 holocausta
1494 1775 1696 1829 vestra,
1748 1776 1803 1820 et
1842 1781 1962 1833 qum
1987 1780 2081 1835 pro

2191 1753 2243 1804 in
2276 1760 2461 1806 monte
2507 1767 2631 1807 cum
2662 1754 2892 1808 Domino
2937 1754 3157 1822 (Matth.
3189 1758 3348 1828 xvii),
3388 1757 3440 1812 id
3485 1770 3570 1814 est
3593 1762 3690 1816 lex
3737 1774 3793 1819 et

500 1875 518 1907 ι
557 1872 689 1926 pace
718 1857 967 1920 nli‘erunt,
1001 1866 1053 1910 et
1083 1857 1325 1926 placatus
1353 1871 1448 1910 ero
1479 1857 1654 1920 vobis,
1719 1857 1794 1910 ait
1826 1857 2087 1912 Dominus

501 1968 518 2000 ι
563 1950 720 2001 Deus.
758 1969 775 1999 ›
805 1948 1073 2020 (Πιενοη.)
1099 1948 1386 2017 Postquam
1414 1950 1585 2002 altare
1603 1959 1656 2002 et
1686 1964 1953 2002 mensurae
1974 1947 2088 2017 ejus

499 2042 552 2095 in
599 2042 798 2095 montis
845 2042 1051 2096 vertice
1098 2043 1483 2094 demonstrata:
1529 2048 1694 2104 sunt,

500 2131 742 2200 expiatio
792 2139 844 2184 et
875 2130 1212 2184 consecratio
1247 2130 1388 2184 illius
1414 2130 1692 2200 prophetae
1719 2137 1935 2182 Ostensa
1979 2137 2086 2193 est,

503 2236 602 2290 per
625 2236 790 2274 unum
815 2221 1040 2274 vitulum
1067 2220 1492 2283 immaculatum,
1515 2228 1571 2274 et
1589 2219 1797 2274 hircum
1821 2220 1933 2274 sive
1954 2220 2090 2274 duos

502 2310 712 2372 luetlos,
764 2326 991 2380 quorum
1044 2311 1277 2379 primum
1315 2313 1382 2364 ad
1427 2310 1709 2364 Dominum
1752 2310 2085 2366 Salvatorem

500 2399 608 2452 duo
635 2399 913 2467 sequentia
945 2398 1010 2451 ad
1041 2399 1314 2468 apostolos
1361 2400 1747 2470 ministrosque
1775 2401 2082 2466 retulimus,

500 2506 568 2543 ne
594 2490 646 2542 in
683 2491 1090 2545 consecratione
1139 2489 1397 2560 spiritalis
1445 2490 1632 2547 altaris
1669 2500 1725 2546 et
1770 2493 1990 2563 preprie
2019 2494 2085 2548 ad

503 2581 798 2636 Ecclesiam
822 2582 1142 2650 pertinentis
1163 2582 1244 2636 lex
1271 2591 1326 2636 et
1344 2583 1622 2653 propheta:
1659 2583 1972 2638 viderentur
1993 2600 2087 2639 ex-

500 2670 658 2738 clusi,
684 2682 968 2741 propterea
995 2683 1314 2728 consecrato
1343 2673 1499 2728 altari
1533 2674 1733 2730 vitulus
1776 2674 2088 2730 immacula-

497 2771 592 2816 tus
617 2763 911 2816 assumitur
931 2771 986 2817 et
1010 2763 1174 2828 aries,
1192 2772 1245 2817 et
1261 2762 1486 2818 oli'ertur
1509 2764 1562 2818 in
1582 2769 1870 2836 conspectu
1898 2765 2086 2820 Domi-

502 2850 557 2902 ni
580 2857 634 2902 et
660 2849 752 2902 lilii
776 2849 974 2916 Sadoc,
1005 2852 1108 2906 hoc
1149 2863 1230 2907 est
1251 2854 1522 2924 justorum
1570 2857 1880 2910 sacerdotes
1901 2872 2088 2926 asper-

499 2951 634 3012 gunt
653 2956 814 3010 super
838 2943 1015 3012 capita
1037 2959 1221 2998 eorum
1238 2946 1338 3009 sal,
1364 2955 1423 3000 ut
1443 2956 1500 3002 et
1521 2947 1604 3001 lex
1628 2957 1682 3002 et
1707 2949 1983 3018 propheta:
1999 2965 2087 3004 sa-

507 3044 639 3100 pore
662 3030 936 3099 Evangelii
957 3033 1298 3088 condiantur.
1328 3035 1437 3090 Nec
1460 3037 1625 3090 ullum
1651 3046 1737 3092 est
1756 3038 2082 3092 sacrificium

1762 2055 2088 2107 rursumque
2136 2083 2144 2090 .

2189 1843 2464 1912 prophetae
2514 1845 2606 1914 qui
2657 1846 3054 1901 annuntiabant
3100 1849 3149 1902 ei
3191 1850 3334 1918 quod
3400 1849 3792 1924 Hierosolymis

2189 1950 2448 2004 passurus
2473 1945 2638 1990 esset.
2688 1935 2917 2006 Expiato
2960 1947 3142 1992 autem
3169 1939 3327 1994 altari
3356 1951 3560 2010 septem
3593 1943 3793 2001 diebus

2189 2019 2417 2079 oil‘ertnr
2488 2027 2673 2081 hircus
2723 2028 2838 2082 sive
2884 2029 3070 2084 haedus
3117 2045 3216 2099 pro
3265 2040 3488 2101 peccato
3516 2036 3790 2102 quotidie,

2193 2127 2252 2172 et
2280 2117 2480 2172 vitulus
2503 2119 2570 2173 de
2609 2129 2859 2174 armento
2885 2132 2940 2176 et
2988 2123 3129 2177 aries
3171 2123 3238 2177 de
3278 2126 3563 2194 pecoribus
3595 2128 3794 2181 imma-

2191 2208 2429 2273 culatus,
2482 2217 2541 2264 ut
2590 2224 2687 2278 per
2737 2219 2853 2266 tunc
2903 2213 3168 2267 sacrificia
3217 2223 3424 2285 septem
3477 2216 3678 2272 diebus
3724 2219 3791 2272 ad

2190 2300 2492 2372 perfectum
2521 2303 2770 2372 expietur
2807 2303 3000 2359 altare.
3045 2305 3102 2358 In
3127 2315 3334 2376 septem
3362 2308 3552 2363 diebus
3585 2309 3792 2363 sabba-

2193 2393 2390 2446 tismus
2415 2393 2741 2458 ostenditur,
2799 2395 2888 2463 qui
2916 2393 3069 2462 juxta
3099 2396 3415 2466 Aposto‘mu
3443 2398 3640 2466 populo
3687 2400 3795 2455 Do-

2190 2481 2325 2535 mini
2367 2491 2704 2547 reservatur,
2735 2483 2786 2536 in
2819 2485 3016 2552 quibus
3044 2493 3303 2539 aalernam
3328 2501 3623 2556 veramque
3669 2503 3792 2557 spe-

2189 2589 2378 2628 ramus
2432 2575 2696 2644 requiem,
2723 2583 2780 2628 et
2815 2591 3153 2646 nequaquam
3186 2577 3384 2632 servile
3429 2593 3567 2648 Opus
3619 2578 3797 2634 facie-

2189 2681 2311 2720 mus
2355 2675 2725 2735 peccatorum.
2777 2665 2834 2720 ln
2862 2667 3015 2722 hirco
3037 2675 3218 2722 autem
3243 2675 3299 2722 et
3321 2668 3488 2723 vitulo
3509 2678 3570 2722 et
3590 2670 3793 2731 ariete,

2188 2756 2292 2808 tria
2351 2755 2624 2824 generalia
2665 2756 2856 2811 delicta
2910 2765 3324 2821 monstrantur,
3372 2758 3568 2828 quibus
3625 2774 3797 2813 cunne

2189 2849 2497 2902 mortalium
2519 2847 2763 2918 subjacet
2798 2861 2985 2917 genus.
3017 2846 3125 2902 Aut
3157 2849 3300 2903 enim
3323 2849 3752 2918 cogitationibus
3778 2890 3794 2913 ,

2187 2946 2280 2991 aut
2298 2952 2567 3002 sermone,
2594 2947 2687 2992 aut
2706 2954 2892 3009 opere,
2921 2953 3230 3010 peccamus.
3257 2940 3525 3009 Cogitatio
3549 2939 3798 2995 refertur

2195 3029 2262 3081 ad
2288 3027 2534 3091 arietem,
2582 3029 2707 3099 quia
2736 3029 2910 3099 prima
2936 3037 3022 3084 est
3047 3029 3288 3084 omnium
3326 3039 3706 3100 peccatorum.
3741 3042 3796 3085 et

495 3117 649 3188 juxta
674 3119 807 3190 legis
831 3120 1110 3190 imperium
1132 3122 2090 3198 etinterpretationemApostoli,qui
2120 3104 2164 3166 Ο
2195 3135 2263 3175 ex
2309 3135 2415 3189 qua
2449 3121 2553 3174 alia
2581 3122 2687 3176 duo
2715 3131 2940 3192 peccata
2990 3131 3310 3177 nascuntur.
3365 3122 3564 3178 "Ledus
3604 3133 3795 3179 autem

505 3208 617 3262 ait:
655 3227 673 3258 ι
711 3209 902 3264 Sermo
929 3220 1106 3266 vester
1131 3212 1200 3266 sit
1226 3213 1337 3267 sale
1361 3214 1866 3286 conditus‘(Coloss.
1900 3217 1984 3288 iv)
2011 3256 2025 3282 ,
2065 3237 2084 3270 ι

506 3299 651 3367 quod
702 3299 814 3356 sale
862 3310 1066 3355 careat.
1122 3301 1304 3376 (lsid.)
1362 3305 1511 3368 Luod
1538 3305 1617 3359 sal
1647 3321 1746 3375 pro
1796 3307 2088 3376 apostolica

500 3390 764 3459 sapientia
795 3391 1199 3462 intelligendum
1223 3394 1314 3458 sit,
1332 3393 1491 3464 plane
1523 3394 1626 3450 hoc
1649 3395 1804 3449 nobis
1831 3395 2090 3452 Dominus

497 3497 532 3536 o
568 3483 738 3536 tendit
782 3484 970 3538 dicens
996 3485 1293 3553 apostolis:
1332 3504 1350 3536 ι
1403 3487 1510 3542 Vos
1534 3487 1665 3542 estis
1688 3487 1767 3542 sal
1797 3496 1975 3542 terrae.
2029 3488 2087 3544 Si

497 3580 676 3627 autem
705 3575 1012 3641 evanuerit,
1051 3575 1118 3630 ad
1168 3576 1399 3630 nihilum
1432 3577 1634 3631 valebit
1661 3577 1823 3642 ultra,
1879 3579 1986 3634 nisi
2028 3588 2089 3635 ut

498 3663 744 3719 mittatur
769 3664 933 3731 foras,
983 3676 1038 3721 et
1065 3668 1410 3722 conculcetur
1434 3669 1502 3723 ab
1532 3669 1841 3724 hominibus
1866 3669 2083 3740 (Matth.

495 3755 570 3822 v).
611 3775 630 3808 ι
683 3755 976 3826 Propterea
1014 3759 1102 3813 hic
1129 3759 1209 3814 sal
1240 3762 1592 3830 apostolicam
1644 3763 1964 3832 sapientiam
1995 3781 2088 3835 ap-

496 3846 736 3917 pellavit,
787 3849 914 3918 quia
965 3848 1010 3903 si
1057 3853 1365 3906 communis
1413 3853 1566 3907 cibus
1616 3853 1684 3908 ad
1735 3855 2083 3910 nutriendum

500 3949 682 4008 aptus,
711 3941 1024 3995 omnimodo
1050 3941 1162 3995 sale
1189 3943 1461 4008 conditur,
1510 3945 1584 3997 ita
1613 3953 1670 3998 et
1696 3945 1877 3999 omnis
1906 3960 2084 4000 sermo

495 4029 643 4082 utilis
675 4029 742 4082 ad
775 4028 1092 4096 juvandum,
1145 4034 1455 4100 apostolicae
1483 4035 1798 4088 omnimodo
1832 4049 2084 4090 necessa-

497 4118 635 4172 rium
669 4118 829 4172 habet
854 4118 1132 4189 sapientiae
1158 4120 1587 4175 condimentum.
1636 4121 1931 4192 Propterea
1974 4139 2081 4177 non

493 4222 614 4264 esse
656 4209 834 4263 minus
887 4209 968 4263 sal
1013 4225 1043 4263 a
1073 4209 1377 4273 sacrificiis,
1429 4212 1523 4264 sed
1568 4211 1620 4264 in
1661 4213 1808 4267 omni
1859 4229 2082 4269 munere

491 4298 752 4369 prmcepit
779 4299 855 4354 sal
891 4298 1072 4355 offerri
1120 4309 1179 4355 ut
1208 4301 1564 4370 quodcunque
1591 4303 1857 4370 docueris,
1905 4304 2077 4374 quod-

492 4405 705 4460 cunque
747 4392 1071 4456 correxeris,
1109 4393 1163 4446 iu
1193 4407 1514 4462 quacunque
1542 4392 1744 4448 virtute
1784 4410 2078 4452 conversa-

2195 3211 2309 3268 sive
2335 3213 2518 3267 hircus
2548 3213 2612 3267 ad
2644 3212 2917 3283 eloquium
2946 3220 3109 3282 atque
3137 3228 3464 3279 sermonem,
3513 3216 3608 3284 qui
3639 3231 3792 3270 scm-

2193 3321 2291 3377 per
2318 3305 2386 3360 de
2430 3304 2822 3360 excelsioribus
2868 3304 3129 3373 disputat.
3182 3303 3357 3374 Opera
3386 3319 3519 3358 vero
3565 3309 3793 3376 proprie

2191 3396 2361 3450 vitulo
2404 3397 2754 3465 deputantur,
2810 3409 2917 3464 quo
2944 3395 3148 3450 vomeri
3188 3404 3243 3448 et
3267 3394 3439 3450 labori
3467 3404 3522 3450 et
3553 3400 3790 3452 terrenis

2190 3487 2445 3556 operibus
2495 3487 2837 3556 mancipatus
2874 3495 2982 3540 est;
3053 3485 3180 3540 Haec
3224 3485 3388 3556 igitur
3436 3487 3788 3542 immaculata

2189 3593 2288 3648 per
2333 3586 2540 3648 septem
2594 3577 2710 3632 dies
2762 3576 2875 3630 veri
2922 3576 3134 3630 sabbati
3193 3586 3356 3646 atque
3397 3576 3627 3645 perfecti
3672 3578 3790 3632 Deo

2187 3667 2385 3721 oll’erre
2411 3667 2688 3730 debemus,
2723 3673 2779 3719 et
2802 3666 3023 3734 expiare
3053 3672 3242 3730 a‘tare,
3296 3677 3358 3720 ut
3389 3668 3567 3722 oratio
3597 3679 3786 3722 nostra

2188 3757 2386 3810 munda
2431 3754 2709 3825 perveniat
2733 3755 2800 3809 ad
2849 3756 3037 3809 Deum.
3092 3755 3245 3822 Quod
3297 3766 3478 3810 autem
3528 3758 3785 3824 infertur,

2192 3866 2211 3900 ι
2251 3858 2304 3902 et
2332 3848 2662 3901 mundahunt
2718 3847 2845 3902 illud
2871 3857 2925 3902 et
2955 3847 3255 3917 implebunt
3303 3863 3526 3903 manum
3577 3851 3718 3919 ejus,
3760 3870 3780 3902 ι

2185 3939 2330 4006 quod
2363 3947 2418 3992 et
2445 3936 2773 3992 Hebraicum
2803 3949 2859 3992 et
2891 3940 3072 3993 caeteri
3119 3939 3445 4009 interpretes
3495 3944 3791 3996 transtule-

2187 4038 2333 4093 runt,
2360 4029 2488 4082 illud
2523 4026 2793 4099 significat
2826 4029 2969 4097 quod
2999 4029 3169 4099 ipsius
3203 4045 3415 4101 quoque
3449 4032 3658 4096 altaris,
3681 4049 3790 4102 pro

2184 4116 2337 4186 cujus
2379 4119 2686 4188 expiatione
2730 4117 2956 4172 olfertur
3000 4119 3351 4186 sacriﬁcium,
3432 4123 3577 4176 dona
3628 4138 3789 4176 coni-

2182 4209 2372 4280 plenda
2399 4211 2528 4275 sint,
2557 4212 2697 4265 sicut
2715 4211 2942 4266 offertur
2968 4226 3069 4280 pro
3095 4211 3473 4266 sacerdotibus
3500 4222 3555 4267 ct
3581 4217 3789 4284 populo

2187 4312 2354 4368 atque
2401 4300 2678 4368 pontifice,
2725 4315 2794 4355 ne
2818 4301 2947 4371 quid
2983 4316 3210 4355 vacuum
3251 4301 3474 4357 stetisse
3501 4304 3791 4360 .videatur

2184 4390 2238 4443 in
2271 4399 2563 4460 conspectu
2599 4390 2829 4446 Domini.
2861 4392 2965 4447 Pro
2993 4405 3101 4461 quo
3126 4407 3356 4460 posuere
3395 4392 3783 4466 Septuaginta,

492 4489 580 4535 tus
600 4480 784 4545 fueris,
837 4484 1190 4552 apostolicam
1228 4483 1627 4538 aemulationem
1685 4494 1851 4555 atque
1898 4487 2077 4542 ἱιιιίω-
2107 4475 2158 4534 D
2192 4499 2209 4531 ι
2234 4480 2300 4534 Ει
2331 4481 2666 4535 inundabunt
2697 4479 2825 4535 illud
2853 4492 2908 4536 et
2933 4483 3230 4553 implebunt
3261 4499 3453 4539 manus
3493 4499 3641 4549 suas,
3664 4507 3681 4537 ι
3717 4498 3784 4542 ut

489 4573 691 4628 tionem
742 4577 1036 4644 opereris;
1108 4592 1424 4646 memorque
1473 4577 1550 4632 sis
1597 4577 1743 4632 Pauli
1797 4578 2075 4636 dicentis:

494 4684 512 4713 ι
553 4665 860 4722 Imitatores
886 4669 990 4723 mei
1011 4679 1207 4734 estote,
1231 4671 1372 4725 sicut
1403 4680 1458 4726 et
1505 4688 1606 4743 ego
1640 4673 1841 4728 Christi
1869 4673 1922 4744 (I
1949 4673 2075 4729 Cor.

496 4750 715 4821 xi).iEt
744 4773 964 4814 rursus:
997 4777 1015 4809 ι
1047 4759 1188 4830 Ergo
1202 4759 1319 4828 jam
1350 4778 1454 4817 non
1478 4765 1611 4818 estis
1635 4765 1853 4819 advenae
1876 4775 1932 4819 et
1957 4763 2079 4820 bos-

494 4845 642 4914 pites
691 4847 906 4916 (Ephes.
960 4850 1044 4921 ιι),
1136 4853 1232 4906 sed
1282 4853 1414 4908 estis
1467 4856 1616 4910 cives
1657 4864 1972 4910 sanctorum
2023 4865 2078 4912 et

489 4938 772 4992 domestici
812 4941 930 5005 Dei,
990 4945 1404 5012 supertedificati
1448 4962 1611 5016 super
1657 4946 2074 5003 fundamentum

490 5027 856 5097 apostolorum
883 5038 940 5083 et
967 5035 1373 5100 prophetarum,
1407 5036 1522 5105 ipso
1570 5052 1783 5092 summo
1829 5039 2074 5109 angulari

489 5114 666 5186 lapide
701 5116 922 5174 Christo
957 5119 1294 5190 Jesanuia
1335 5126 1422 5182 hic
1470 5143 1575 5181 non
1629 5129 1950 5199 simpliciter
1998 5131 2076 5186 sal

488 5208 649 5275 dixit,
701 5209 796 5265 sed
824 5209 954 5265 illud
977 5211 1310 5284 intelligibile
1353 5217 1630 5288 legislator
1655 5221 1869 5276 innuit:
1907 5240 1925 5272 ι
1960 5221 2075 5277 Non

490 5297 705 5356 auferes
748 5299 850 5366 sal,
902 5300 1096 5371 irquit,
1143 5303 1366 5362 fmderis
1418 5307 1512 5363 Dei
1561 5310 1636 5364 tui
1696 5309 1884 5381 (Leuit.
1929 5313 2010 5385 ιι).
2052 5332 2070 5364 ›

491 5391 646 5460 Quod
690 5395 735 5450 si
771 5396 948 5454 fmdus
974 5399 1088 5454 sive
1127 5408 1510 5458 testamentum
1542 5405 1804 5460 rationale
1832 5416 1937 5472 est,
1969 5410 2076 5463 uti-

488 5501 600 5558 que
641 5495 698 5543 et
724 5489 806 5545 sal
839 5491 1107 5547 rationale
1132 5502 1238 5547 est.
1297 5493 1596 5565 Utrumque
1639 5505 1819 5551 autem
1853 5497 2078 5553 offertur

489 5577 862 5637 holocaustum
884 5584 1136 5648 Domino,
1159 5594 1216 5640 ut
1236 5600 1433 5655 corpus
1447 5588 1698 5657 pinguius
1717 5588 1910 5643 littera:
1931 5592 2072 5658 quod

491 5669 827 5738 significatur
851 5675 901 5727 in
924 5675 1061 5745 lege,
1084 5688 1138 5732 et
1167 5678 1462 5746 prophetiae
1489 5679 1728 5733 nubilum
1753 5681 1873 5747 igne
1898 5679 2072 5734 Domi-

2185 4578 2542 4632 sul.audiatur
2575 4581 2912 4641 sacerdotes,
2943 4579 3034 4646 qui
3069 4594 3190 4633 eum
3214 4577 3356 4648 pleni
3387 4578 3594 4634 fuerint
3620 4583 3780 4649 bonis

2183 4669 2458 4740 operibus,
2492 4669 2597 4723 hoc
2629 4669 2776 4723 enim
2814 4668 2973 4738 plene
3001 4671 3308 4738 significant
3341 4685 3564 4737 manus,
3600 4683 3780 4728 trans-

2186 4770 2312 4814 acto
2373 4761 2598 4814 sabbato
2644 4761 2867 4815 veniant
2893 4761 2961 4814 ad
2992 4761 3132 4815 diem
3181 4763 3600 4818 resurrectionis
3625 4774 3776 4818 octa-

2184 4867 2332 4916 vam,
2375 4859 2430 4905 et
2458 4851 2638 4906 dicant
2669 4867 2792 4905 cum
2832 4851 3111 4920 Apostolo,
3149 4869 3168 4902 ι
3203 4852 3624 4908 Resurreximus
3647 4870 3772 4908 cum

2184 4944 2423 5009 Christo,
2462 4963 2479 4995 ι
2511 4952 2565 4998 et
2595 4945 2734 4998 ultra
2760 4953 3010 4999 octavam
3042 4945 3292 5016 tendant.
3310 4945 3379 4999 ad
3407 4946 3673 5011 cmlestia,
3711 4959 3774 5002 et

2183 5032 2414 5088 offerant
2464 5048 2562 5101 pro
2597 5033 2753 5086 nobis
2798 5033 3136 5096 holocausta,
3183 5032 3300 5088 sive
3340 5049 3462 5103 quae
3508 5049 3608 5104 pro
3633 5049 3770 5102 pace

2183 5134 2528 5193 peccatorum
2577 5133 2908 5188 nostrorum,
2958 5132 3015 5178 et
3048 5123 3222 5179 salute
3274 5134 3402 5179 sunt
3449 5135 3656 5187 nostra,
3705 5134 3773 5177 ut

2186 5229 2285 5282 per
2336 5213 2516 5282 ignem
2557 5211 2788 5282 Splritus
2844 5214 3018 5268 sancti
3066 5214 3248 5268 omnia
3296 5230 3418 5284 qua:
3469 5216 3775 5286 cogitamus

2184 5305 2456 5375 loquimur
2480 5313 2538 5361 et
2562 5305 2791 5361 facimus
2817 5307 2871 5361 in
2899 5305 3196 5376 spiritalem
3247 5307 3605 5361 substantiam
3632 5320 3776 5364 wn-

2179 5404 2481 5461 vertantur,
2532 5406 2589 5452 et
2632 5397 2934 5467 hujusmodi
2967 5398 3228 5454 Dominus
3266 5397 3566 5460 delectatus
3599 5405 3774 5458 sacri-

2181 5487 2318 5543 ficiis
2344 5487 2499 5543 nobis
2524 5487 2806 5560 placabilis
2833 5488 2943 5543 tiat.

2902 5661 3094 5679 ﬂ
