3972 6184
878 456 1104 515 CAPUT
1142 456 1326 513 XLIV.

1287 342 1640 423 εοωιεατ.
1677 344 1744 401 ῘΝ
1783 343 2241 404 ειεοιιιειεκ.
2273 377 2342 387 -
2380 346 2508 404 LIB.
2549 345 2711 403 XVII.

3436 347 3577 407 ωω

1920 464 1971 523 Α
1999 456 2054 513 in
2107 457 2327 516 Christo
2375 461 2522 516 enim
2579 458 2736 530 juxta
2812 474 3122 519 sermonem
3186 460 3339 518 Pauli
3396 466 3575 521 munia

313 554 390 610 υ.
417 559 579 634 μη.
593 548 796 634 ρρορα,
833 506 992 634 .7;
1019 506 1395 634 signa;
1419 506 1900 634 damnas...
1920 506 1971 523 ··
2000 506 2346 604 sum;
2377 506 3212 621 ξζιιλῑιοᾯτῑριῖξςῐξιιῖ
3229 506 3586 624 '.:';..;':;:.-

380 620 544 688 rium,
571 631 621 676 et
647 620 712 676 de
731 621 1081 677 sanctimonia
1107 631 1154 675 et
1181 620 1483 674 ltwreditate
1505 620 1823 675 Levitarma.

387 749 411 785 ι
452 731 523 787 Et
562 730 807 788 converti
836 744 925 785 me
977 731 1046 785 ad
1083 731 1228 785 riam
1271 739 1441 800 ports
1471 731 1767 786 sanctuarii
1795 745 1894 787 ex-

318 842 338 877 ι
382 824 599 880 terioris
634 838 753 894 qua:
802 821 1130 893 respiciebat
1176 823 1243 877 ad
1301 822 1568 878 orientem
1591 862 1608 889 ,
1682 832 1737 876 et
1780 831 1899 878 erat

319 933 338 967 ι
385 914 598 970 clausa.
644 914 714 970 Et
741 912 880 968 dixit
906 912 1164 967 Dominus
1188 912 1255 967 ad
1278 926 1402 968 me:
1430 910 1591 967 Porta
1613 910 1731 967 haec
1748 910 1899 966 clau-

319 1025 338 1058 ι
382 1021 440 1062 sa
471 1005 581 1062 erit
602 1014 659 1061 et
705 1019 812 1059 non
841 1003 1133 1073 aperietur,
1170 1009 1225 1057 et
1250 1002 1336 1056 vir
1359 1017 1465 1057 non
1501 1002 1753 1063 transibit
1799 1016 1899 1073 per

320 1112 341 1149 α
384 1111 531 1159 eam,
556 1094 809 1165 quatiam
852 1092 1112 1149 Dominus
1152 1093 1292 1146 Deus
1319 1090 1481 1146 Israel
1511 1090 1788 1162 ingressus
1813 1100 1900 1147 est

321 1208 340 1240 ι
389 1187 552 1261 (sive)
580 1186 916 1258 ingredietur
940 1200 1033 1254 per
1054 1198 1196 1247 eam,
1220 1182 1432 1252 eritque
1450 1181 1632 1236 clausa
1644 1179 1895 1252 principi.

321 1299 341 1333 ι
388 1280 646 1349 Princeps
694 1278 810 1348 ipse
860 1274 1069 1333 sedebit
1112 1274 1166 1328 in
1212 1289 1276 1328 ea
1324 1283 1384 1327 ut
1433 1272 1680 1327 comedat
1702 1285 1901 1342 panem

321 1388 342 1422 ς
390 1384 574 1424 coram
611 1367 855 1423 Domino.
891 1366 995 1422 Per
1037 1364 1179 1419 viam
1209 1363 1455 1419 vestibuli
1504 1371 1693 1433 porte,
1742 1362 1796 1418 id
1819 1369 1903 1417 est

325 1480 345 1514 ‹
392 1460 692 1517 Ecclesium
737 1457 1084 1530 ingredietur,
1129 1464 1184 1511 et
1208 1469 1306 1524 per
1330 1455 1471 1508 viam
1500 1453 1617 1523 ejus
1661 1453 1904 1524 egredie-

325 1569 345 1602 ιι
394 1559 500 1605 tur.
526 1569 545 1602 ι
580 1548 849 1622 (Hier-on.)
884 1547 989 1602 Pro
1019 1562 1082 1601 eo
1109 1545 1253 1616 quod
1282 1544 1335 1598 iu
1358 1543 1623 1600 Iiebraico
1644 1543 1902 1612 scriptum

319 1648 424 1706 est,
459 1657 478 1690 ι
525 1647 641 1694 erat
674 1638 856 1692 clausa
894 1636 1146 1706 principi,
1179 1653 1198 1687 ι
1231 1632 1579 1704 Septuaginta
1620 1629 1905 1686 transtule-

320 1737 471 1793 runt,
499 1746 517 1779 ι
544 1727 866 1791 eritcl.usa,
889 1727 978 1795 qui
1003 1725 1109 1779 dux
1135 1724 1249 1795 ipse
1275 1721 1481 1779 sedebit
1498 1722 1550 1776 in
1571 1735 1656 1776 ea.
1682 1740 1701 1772 ι
1724 1719 1905 1776 Multa:

2000 638 2192 704 rietur,
2238 648 2297 694 et
2345 639 2431 694 vir
2468 656 2580 695 non
2629 640 3003 710 transibitper
3046 641 3212 697 (aut?
3246 641 3327 698 Ex
3377 643 3576 714 quibus

1997 726 2276 793 discimus,
2302 728 2548 797 quamvis
2570 729 2637 785 ad
2658 743 2924 787 summam
2955 730 3236 786 scientiam
3267 733 3576 789 venerimus

1997 819 2401 889 minparatione
2440 818 2632 874 divina:
2669 820 2934 886 scientiae,
2979 836 3124 877 mine
3166 836 3236 877 ex
3280 831 3434 891 parte
3476 840 3578 879 nos

1998 908 2160 972 scire,
2182 916 2240 963 et
2266 922 2333 963 ex
2358 917 2512 978 parte
2544 923 2869 980 cognoscere
2894 926 2906 963 :
2933 909 3149 980 quando
3192 918 3375 969 autem
3414 926 3577 969 rene,

1998 998 2074 1053 rit
2099 998 2244 1070 quod
2273 997 2572 1067 perfectum
2607 1005 2710 1064 est,
2757 1007 2885 1058 tunc
2910 1001 3054 1070 quod
3086 1015 3156 1058 ea
3182 1010 3338 1072 parte
3373 1011 3459 1061 est
3481 1005 3577 1059 dc-

1992 1088 2275 1144 strueturi
2307 1089 2352 1157 (l
2371 1088 2497 1144 Cor.
2520 1087 2664 1159 XIII).
2691 1086 2846 1144 Unde
2859 1088 2981 1144 etin
3006 1088 3115 1145 alio
3134 1088 3254 1145 loco
3276 1089 3393 1159 ipse
3423 1091 3575 1159 Ape-

1993 1183 2169 1240 stolus
2230 1180 2613 1252 imperfectum
2672 1193 2883 1236 seesse
2910 1178 3181 1249 loquitur,
3241 1195 3572 1251 rursumque

1994 1273 2327 1342 perfectum.
2384 1268 2540 1337 Quod
2581 1272 2625 1326 si
2650 1270 3113 1338 interpretatione
3144 1279 3317 1336 caret,
3344 1270 3568 1329 videtur

1999 1372 2121 1415 esse
2139 1359 2503 1426 contrarium;
2537 1358 2667 1417 dicit
2690 1360 2834 1417 enim
2859 1379 2872 1415 :
2893 1378 2915 1415 ι
2932 1361 3067 1421 ,Νω
3087 1362 3217 1435 quia
3232 1361 3345 1432 iam
3366 1367 3573 1435 accepi.

1999 1454 2092 1503 aut
2115 1448 2240 1518 quia
2259 1448 2372 1519 jam
2393 1449 2663 1519 perfectus
2682 1466 2822 1516 sum,
2845 1446 3181 1525 frameae
3206 1468 3290 1511 use
3311 1469 3419 1513 non
3439 1454 3579 1510 arbi-

2001 1546 2118 1594 tror
2132 1540 2623 1611 comprehendisse.
2659 1540 2832 1597 Unum
2858 1552 3061 1610 autem,
3092 1543 3391 1615 posteriora
3434 1546 3573 1602 obli-

2001 1620 2215 1685 viscens
2266 1638 2321 1685 et
2365 1628 2431 1683 ad
2473 1630 2651 1699 priora
2680 1647 2766 1687 me
2806 1625 3123 1701 extendens,
3164 1641 3422 1689 statutum
3454 1650 3578 1705 per-

2001 1732 2200 1789 sequor
2226 1720 2297 1775 ad
2335 1719 2577 1793 bravium
2605 1735 2852 1792 superna:
2881 1724 3180 1779 vocationis
3207 1723 3301 1779 Dei
3349 1722 3570 1797 (Philip.

319 1825 446 1872 sunt
499 1826 664 1887 porta:
700 1815 912 1886 quasin
961 1813 1320 1883 descriptione
1371 1809 1551 1881 templi
1605 1810 1904 1865 Ezechielis
1932 1811 1978 1870 Β
2008 1808 2110 1878 ιιι).
2146 1824 2165 1857 ›
2214 1806 2454 1877 Cumque
2497 1817 2813 1878 putaremus
2860 1824 2985 1865 eum
3024 1813 3318 1867 secundum
3368 1817 3577 1884 prolis-

323 1906 606 1975 Scriptura
631 1910 1018 1960 commemorat
1041 1910 1149 1956 tam
1179 1902 1320 1954 intus
1335 1915 1497 1970 quam
1520 1898 1672 1955 foris.
1695 1897 1892 1953 Altaris

320 2008 537 2064 quoque
568 1992 791 2064 ﬁguram
834 2000 890 2046 et
922 1989 1388 2046 consecrationem
1415 1994 1471 2042 et
1491 1985 1758 2042 sacriﬁcia
1781 2000 1895 2043 scr-

323 2101 414 2142 mo
440 2086 751 2157 praeteritus
782 2082 1082 2153 praecurrit.
1127 2080 1246 2146 Quo
1272 2078 1447 2143 ﬁnito,
1499 2079 1647 2134 venit
1672 2078 1741 2133 ad
1769 2091 1893 2148 por-

324 2186 435 2232 tam
463 2173 754 2231 sanctuarii
773 2173 1098 2227 exteriorem
1123 2183 1244 2240 qua:
1276 2166 1598 2238 respiciebat
1618 2167 1686 2221 ad
1714 2164 1897 2221 orien-

324 2275 433 2320 tem
479 2272 534 2319 et
576 2271 697 2318 erat
755 2261 959 2317 clausa.
1031 2258 1332 2328 Statimque
1372 2257 1457 2312 vir
1498 2256 1585 2312 ille
1635 2256 1728 2327 qui
1779 2263 1899 2310 erat

321 2355 519 2409 ductor
548 2350 842 2424 prophetae,
867 2359 922 2406 et
945 2350 996 2405 ei
1024 2349 1202 2405 omnia
1231 2346 1658 2413 demonstrabat,
1688 2345 1898 2401 locutus

322 2455 409 2499 est
451 2443 520 2499 ad
547 2458 709 2498 eum:
746 2457 765 2492 ι
827 2439 987 2496 Porta
1014 2440 1128 2495 haec
1176 2453 1340 2509 quam
1368 2436 1591 2506 respicis
1634 2435 1897 2501 clamaui.

323 2548 542 2604 semper
589 2532 773 2588 clausa
822 2530 926 2586 erit
973 2538 1028 2585 et
1071 2545 1176 2583 non
1226 2528 1516 2599 aperietur.
1555 2546 1574 2580 ι
1614 2526 1682 2581 Et
1719 2526 1899 2581 reddit

324 2638 523 2681 causas
562 2637 661 2678 cur
691 2621 874 2677 clausa
921 2621 992 2676 sit
1015 2634 1246 2690 semper.
1285 2637 1304 2670 ι
1342 2618 1606 2687 Quoniam
1637 2616 1898 2674 Dominus

326 2710 470 2769 Deus
491 2708 652 2766 lsrael
674 2710 945 2781 ingressus
960 2716 1097 2776 est,»
1126 2708 1211 2765 Vel
1226 2708 1550 2781 ingredietur
1576 2712 1705 2778 «per
1719 2721 1891 2763 eam»

327 2801 451 2858 Erit
482 2802 664 2858 clausa
685 2801 841 2870 juxta
896 2800 1216 2856 Hebraicum
1244 2801 1495 2873 principi,
1522 2816 1681 2870 quem
1707 2799 1896 2855 ducem

1994 1899 2201 1954 sionem
2227 1914 2381 1955 suam
2409 1916 2515 1956 non
2543 1915 2663 1956 esse
2693 1900 3011 1972 perfectum,
3058 1912 3113 1957 et
3141 1904 3310 1974 magis
3337 1919 3578 1974 quaerere

1993 2004 2157 2059 quam
2188 1991 2457 2047 invenisse
2499 1991 2641 2062 quod
2675 2006 2884 2058 verum,
2937 2004 3042 2049 nou
3070 1994 3245 2050 solum
3271 2010 3350 2062 se,
3401 1997 3494 2052 sed
3523 2007 3579 2053 et

1996 2080 2132 2139 alios
2173 2082 2306 2138 dicit
2342 2096 2465 2139 esse
2496 2082 2804 2153 perfectos:
2828 2101 2849 2128 ι
2890 2083 3165 2154 Quotquot
3202 2100 3333 2157 ergo
3354 2087 3576 2157 perfecti

1997 2170 2101 2226 hoc
2128 2168 2402 2241 sapiamus
2424 2170 2640 2245 (llud).
2674 2189 2693 2224 ι
2720 2171 2820 2228 Est
2844 2182 3024 2241 autem
3050 2188 3242 2231 sensus
3263 2173 3423 2245 hujus
3449 2175 3577 2242 ioci.

1995 2260 2075 2316 ad-
2091 2261 2549 2330 comparationem
2590 2261 2869 2319 hominum
2897 2270 3217 2319 cmterorum
3246 2263 3340 2334 qui
3385 2278 3574 2323 curaui

1997 2363 2105 2404 non
2132 2350 2334 2404 habent
2356 2349 2560 2404 notitia:
2607 2348 3033 2423 Scripuirarum.
3062 2365 3163 2408 nec
3186 2353 3575 2424 mysteriorum

1996 2437 2117 2505 Dei,
2145 2437 2446 2510 perfectum
2465 2452 2586 2499 esse
2615 2453 2703 2494 me
2728 2437 2920 2497 fateor.
2973 2440 3245 2508 Quantum
3275 2451 3455 2502 autem
3496 2444 3567 2503 ad

1997 2529 2279 2586 scientiam
2301 2529 2496 2586 divina:
2517 2527 2837 2599 majestatis,
2854 2546 2996 2587 nunc
3016 2532 3070 2587 in
3090 2532 3375 2605 aenigmate
3393 2532 3573 2598 viduo,

1996 2629 2054 2677 et
2077 2634 2180 2693 per
2206 2619 2449 2676 nubilum
2477 2628 2532 2676 et
2559 2619 2863 2693 caliginem,
2890 2631 2946 2678 et
2971 2623 3095 2680 dico
3113 2639 3238 2680 cum
3262 2623 3569 2701 Propbeu:

2003 2732 2022 2766 ι
2063 2712 2324 2770 Mirabilis
2358 2711 2502 2768 facta
2528 2723 2612 2769 est
2639 2713 2866 2771 scientia
2899 2723 2989 2770 tua
3013 2729 3080 2781 ex
3114 2730 3225 2782 me,
3270 2716 3575 2777 eonfortata

1998 2811 2102 2872 est,
2148 2812 2203 2860 et
2240 2818 2347 2859 non
2372 2812 2560 2875 potero
2588 2804 2656 2859 ad
2698 2819 2817 2860 eam
2859 2803 3034 2878 (Paul.
3075 2806 3360 2879 eumn).
3398 2825 3418 2861 ι
3448 2805 3577 2864 Hae

326 2895 677 2966 Septuaginta
705 2893 1111 2949 transtulerunt.
1148 2912 1165 2945 ι
1196 2892 1297 2961 Qui
1321 2893 1571 2964 princeps
1598 2900 1653 2948 et
1686 2892 1814 2958 dux,
1846 2892 1901 2947 id
2000 2894 2166 2966 igitur
2196 2903 2353 2993 pip-ta
2393 2908 2515 2965 qua:
2542 2895 2793 2950 omnibus
2820 2895 3003 2952 clausa
3028 2904 3135 2962 est,
3182 2896 3268 2951 vir
3293 2896 3440 2953 enim
3466 2910 3573 2953 non

324 2992 415 3040 est
476 2982 835 3051 Nasi,sedebit
863 2983 1028 3049 inea,
1078 2991 1136 3038 ut
1171 2983 1415 3038 comedat
1441 2996 1624 3038 coram
1675 2982 1901 3037 Domino
2002 2982 2279 3039 transibit'
2302 2997 2391 3054 pet
2428 2998 2570 3048 eam,
2612 2983 2717 3039 erit
2764 2983 2945 3040 clausa
2993 2984 3219 3056 principi
3265 2985 3381 3043 sive
3424 2985 3573 3053 duci.

325 3091 545 3147 partem.
585 3075 653 3131 Et
678 3090 777 3147 per
804 3078 946 3130 viam
977 3075 1222 3131 vestibuli
1253 3083 1422 3147 porta:
1447 3074 1798 3146 ingredietur,
1845 3081 1901 3130 et
2003 3083 2061 3131 et
2082 3076 2224 3132 illius
2253 3075 2506 3133 adventui
2540 3075 2873 3131 reserabitur
2917 3075 3010 3146 qui
3041 3093 3061 3128 ι
3096 3076 3304 3132 sedebit
3346 3076 3401 3137 iu
3426 3091 3492 3133 ea
3517 3086 3577 3133 ut

326 3182 426 3238 per
452 3167 625 3239 ipsam
648 3167 971 3240 egredietur.
1021 3186 1040 3220 ι
1075 3167 1329 3235 Quaenam
1357 3168 1458 3223 ista
1487 3174 1641 3237 porta
1671 3176 1750 3222 est
1777 3181 1898 3236 quae
1924 3155 1969 3218 C
1999 3170 2247 3224 comedat
2289 3182 2481 3239 panem
2522 3183 2704 3223 eorum
2745 3167 2992 3224 Domino.
3042 3186 3064 3222 ι
3099 3166 3185 3223 De
3216 3182 3325 3239 quo
3362 3169 3480 3241 ipse
3514 3171 3572 3226 in

326 3270 545 3326 semper
583 3256 765 3311 clausa
809 3264 912 3323 est,
968 3265 1025 3311 et
1066 3256 1213 3312 solus
1241 3257 1499 3311 Dominus
1552 3256 1694 3311 Deus
1736 3254 1899 3310 lsracl
1999 3255 2292 3327 Evangelia
2332 3255 2617 3325 proﬁtetur
2667 3254 2893 3310 dicens:
2929 3273 2949 3307 ‹
2988 3254 3136 3311 Heus
3176 3257 3326 3313 cibus
3366 3269 3474 3324 est.
3516 3267 3578 3313 ut

326 3345 632 3416 ingreditur
670 3361 769 3417 per
805 3346 976 3402 eam?
1026 3361 1219 3417 nempe
1252 3345 1340 3401 illa
1382 3345 1448 3400 de
1495 3358 1601 3414 qua
1649 3344 1903 3400 Salvator
2000 3343 2195 3398 faciam
2222 3342 2553 3399 voluntatem
2584 3340 2700 3410 ejus
2739 3342 2827 3411 qui
2860 3356 2946 3396 me
2974 3342 3138 3409 misit,
3189 3353 3246 3402 et
3272 3346 3573 3415 corripiemus

327 3433 568 3505 loquitur
596 3435 653 3489 in
700 3434 989 3507 Evangeiio
1016 3452 1076 3488 :1
1112 3435 1202 3490 Va:
1243 3434 1414 3500 vobis,
1461 3433 1654 3488 scribae
1682 3442 1738 3488 et
1761 3432 1902 3487 Plia-

329 3528 472 3584 nisiei
520 3529 832 3601 hypocriten,
856 3536 913 3582 et
953 3543 1034 3583 va:
1086 3528 1237 3583 vobis
1279 3525 1589 3583 doctoribus
1626 3524 1779 3597 legis,
1806 3524 1900 3595 qui

330 3618 521 3675 tollitis
562 3618 767 3674 clavem
816 3619 1057 3674 scientia
1081 3658 1097 3685 ,
1143 3619 1245 3690 ipsi
1286 3635 1392 3675 tuon
1439 3620 1806 3693 ingredimini,
1846 3629 1901 3674 et

331 3708 600 3763 intrantes
623 3707 921 3777 prohibetis
949 3706 1101 3779 (Lac.
1135 3709 1234 3779 χι).
1268 3728 1288 3762 ο
1326 3708 1403 3765 De
1427 3708 1531 3765 hac
1556 3711 1658 3766 sub
1686 3711 1902 3765 nomine

329 3797 456 3852 libri
498 3798 690 3857 scribit
739 3806 798 3853 et
833 3798 1043 3853 lsaias:
1106 3816 1123 3849 t
1161 3800 1331 3855 Erunt
1375 3801 1538 3857 verba
1578 3800 1698 3855 libri
1745 3800 1902 3855 istius

327 3889 474 3944 sicut
501 3887 661 3943 verba
690 3889 916 3957 signata.
963 3889 1131 3956 Quem
1156 3905 1280 3947 cum
1322 3891 1533 3947 dederis
1570 3891 1772 3947 homini
1802 3908 1898 3945 tn:-

335 3977 533 4032 acieuti
559 3976 785 4043 litteras,
814 3988 871 4043 et
888 3979 1093 4037 dixeris
1117 3979 1189 4047 ei,
1217 3978 1377 4052 Lege,
1405 3983 1746 4052 respondebit
1780 3983 1899 4047 tibi,

339 4065 538 4124 Nescio
552 4067 782 4127 litteras.
792 4068 864 4125 Et
878 4069 1084 4126 dabunt
1103 4069 1253 4126 illum
1266 4070 1468 4127 homini
1485 4072 1677 4131 scienti
1698 4073 1904 4130 litteras

328 4158 592 4223 dicentes,
620 4158 782 4232 Lege.
830 4160 898 4217 Et
923 4161 1067 4217 dicet
1099 4172 1115 4217 :
1146 4159 1262 4217 Non
1301 4176 1517 4233 possum
1554 4163 1732 4235 legere
1774 4164 1900 4234 quia

328 4249 577 4320 signatus
603 4258 690 4306 est
715 4249 852 4321 (ha.
874 4250 1045 4321 nu).
1080 4269 1101 4303 ι
1128 4251 1243 4313 iste
1269 4260 1448 4308 autem
1479 4250 1617 4307 iiber
1634 4263 1721 4308 est
1748 4254 1903 4323 cujus

332 4356 498 4397 nemo
521 4350 702 4413 potest
725 4342 934 4398 solvere
972 4350 1026 4398 et
1066 4344 1276 4415 aperire
1302 4343 1598 4416 signacula,
1643 4359 1817 4416 neque
1845 4346 1899 4400 iu

1997 3447 2136 3503 opus
2158 3432 2277 3504 ejus
2301 3433 2482 3505 (Iona.
2509 3432 2608 3503 tv).
2657 3451 2678 3485 ι
2708 3431 2827 3514 Ipse
2850 3441 2938 3487 est
2974 3432 3228 3504 princeps
3246 3442 3302 3489 et
3329 3435 3572 3511 pontifex

2000 3525 2292 3579 secundum
2334 3524 2578 3581 ordinem
2627 3522 3018 3580 Melchisedech
3067 3520 3257 3596 (Prol.
3306 3523 3420 3598 cu)
3440 3563 3460 3591 ,
3519 3535 3578 3585 et

2000 3615 2177 3670 hostia
2201 3624 2257 3670 et
2277 3615 2551 3681 sacerdos,
2579 3613 2752 3684 quiin
2782 3621 3072 3684 conspectu
3103 3614 3271 3684 patris
3291 3617 3573 3681 meum

2001 3709 2274 3765 caelestem
2319 3707 2553 3764 comedit
2598 3721 2816 3778 panem,
2858 3715 2917 3762 et
2940 3707 3121 3763 vinum
3152 3706 3306 3772 bibit.
3361 3707 3431 3768 do
3463 3722 3574 3779 φο

2002 3799 2240 3870 loquitur
2262 3799 2315 3852 in
2362 3797 2691 3868 Evangelia:
2737 3814 2757 3848 ε
2796 3795 2914 3851 Non
2964 3796 3143 3855 bibam
3186 3797 3253 3862 de

2001 3890 2127 3944 vitis
2155 3886 2335 3956 hujus,
2380 3888 2487 3945 nisi
2519 3901 2643 3944 eum
2694 3887 2884 3942 bibere
2908 3886 3036 3944 illud
3060 3901 3263 3947 manu
3304 3889 3363 3949 in
3388 3904 3575 3965 (regno

2000 3977 2179 4033 Patris
2207 3978 2312 4033 mei
2338 3975 2555 4048 (Matth.
2577 3975 2746 4050 nrt):
2778 3994 2799 4029 ι
2826 3978 2881 4031 ia
2903 3976 2994 4033 illo
3016 3977 3264 4050 videlicet
3290 3994 3476 4050 regno,
3496 3982 3575 4043 de

2001 4083 2110 4139 quo
2141 4067 2331 4123 scribit
2359 4066 2683 4136 Apostolus:
2714 4084 2734 4119 ί
2765 4066 3009 4139 Regnum
3055 4067 3153 4125 Dei
3182 4067 3324 4127 intra
3353 4084 3451 4128 vos
3491 4081 3577 4131 est

2002 4156 2152 4231 (Lac.
2199 4156 2368 4230 xm).
2416 4175 2438 4209 ι
2486 4156 2789 4228 Clausaque
2830 4159 2937 4214 erit
2983 4169 3176 4230 porta:
3221 4176 3381 4228 uerno
3424 4164 3573 4225 enim

1998 4259 2176 4320 potest
2194 4249 2464 4320 passionis
2476 4247 2688 4304 Domini
2708 4250 3052 4320 corporisque
3070 4249 3203 4319 ejus,
3226 4259 3282 4306 et
3298 4253 3577 4325 “Inguinis

1999 4355 2098 4410 pro
2128 4336 2403 4408 majestate
2423 4338 2499 4393 rei
2526 4346 2864 4395 sacramenta
2888 4352 3229 4408 cognoscere.
3282 4337 3577 4412 Tatiusque

331 4430 495 4498 colo,
525 4446 702 4502 neque
742 4431 801 4487 in
836 4440 1000 4498 terra,
1047 4447 1221 4503 neque
1255 4432 1356 4488 sub
1382 4441 1555 4489 terra:
1581 4434 1685 4489 nisi
1714 4434 1800 4490 ille
1834 4435 1905 4489 de
1927 4498 1965 4503 __
2001 4432 2258 4489 bonitatis
2277 4439 2362 4488 est
2379 4437 2435 4485 et
2451 4429 2747 4487 clementia:
2770 4430 3025 4500 princeps
3046 4438 3249 4495 noster,
3270 4437 3328 4485 ut
3343 4445 3467 4487 eum
3487 4446 3576 4489 so-

331 4536 441 4592 quo
461 4521 515 4575 in
546 4498 866 4591 Apocalypsi
888 4520 1111 4576 Joannis
1132 4498 1329 4575 dicitur
1358 4537 1373 4576 :
1407 4540 1427 4573 ε
1457 4522 1597 4578 Ecce
1646 4523 1776 4577 vicit
1816 4522 1900 4579 leo
1927 4498 1978 4557 Ῐ)
2002 4524 2085 4579 ius
2121 4524 2306 4580 sedeat
2340 4522 2395 4576 in
2418 4528 2576 4591 porta
2598 4534 2718 4590 qua:
2756 4498 2939 4574 clausa
2965 4528 3070 4585 est.
3099 4528 3154 4575 et
3172 4535 3368 4591 panem
3387 4537 3571 4587 coram

329 4612 401 4667 de
451 4612 592 4666 tribu
640 4609 811 4675 Juda,
859 4611 1008 4666 radix
1046 4619 1102 4666 et
1137 4626 1309 4682 genus
1347 4613 1536 4677 David,
1585 4621 1644 4666 ut
1694 4614 1903 4682 aperiat

329 4698 531 4755 librum
574 4707 634 4754 et
672 4699 846 4755 solvat
883 4699 1155 4770 signacula
1178 4697 1297 4767 ejus
1336 4700 1519 4771 (Apoc.
1551 4701 1630 4771 v).
1690 4720 1709 4752 ι
1744 4701 1903 4756 Prius

329 4787 480 4843 inim
506 4802 668 4858 quam
716 4786 964 4843 Salvator
1010 4788 1304 4845 humanum
1352 4801 1551 4857 corpus
1597 4799 1901 4846 assmueret

328 4888 391 4937 et
418 4879 727 4938 Mutiliaret
748 4894 810 4935 se
835 4878 1065 4934 [unum
1087 4878 1229 4936 servi
1268 4879 1542 4949 accipiens
1572 4877 1790 4951 (Philip.
1815 4880 1899 4955 ιι),

328 4967 518 5029 classa
540 4980 660 5027 erat
701 4968 860 5026 leset
897 4970 1174 5040 prophetat
1217 4978 1275 5025 et
1301 4968 1478 5025 omnis
1508 4969 1734 5031 scicntia
1763 4970 1906 5027 Suri-

327 5067 636 5131 patrarunt,
662 5059 880 5116 clausus
902 5067 1019 5115 erat
1061 5059 1362 5131 paradisus.
1392 5059 1683 5131 Postquam
1722 5070 1903 5116 autem

330 5149 427 5207 ide
452 5151 707 5221 pependit
744 5149 802 5205 in
829 5164 1013 5216 cruce,
1059 5158 1115 5206 et
1139 5150 1351 5206 locutus
1376 5159 1462 5205 est
1499 5149 1569 5205 ad
1594 5149 1900 5205 latronum

336 5261 360 5296 a
404 5240 575 5298 Hodie
595 5256 805 5298 mecum
831 5242 941 5296 eris
965 5241 1020 5296 in
1056 5242 1310 5312 paradiso
1338 5241 1489 5314 (Lac.
1513 5241 1695 5312 aaut),
1727 5262 1749 5296 ι
1789 5251 1902 5298 sta-

330 5333 433 5393 tin
460 5332 636 5390 velum
661 5333 846 5405 templi
872 5333 1104 5389 scissum
1128 5342 1232 5401 est,
1257 5345 1314 5388 et
1338 5343 1525 5404 aperta
1544 5343 1673 5390 sunt
1689 5335 1895 5402 omnia;

326 5423 621 5496 ablataque
671 5425 938 5482 velamine
978 5425 1246 5482 dicimus:
1280 5442 1301 5480 ι
1337 5426 1447 5483 Nos
1487 5438 1670 5484 autem
1713 5444 1901 5486 omnes

331 5517 571 5576 revelata
612 5517 753 5579 facio
792 5500 1021 5590 gloriam
1059 5517 1272 5574 Domini
1316 5519 1739 5589 contemplantes
1763 5558 1780 5585 ,
1844 5519 1901 5577 in

332 5614 580 5670 uiridem
627 5614 914 5684 imaginem
957 5612 1457 5669 transformamura
1495 5614 1665 5686 gloria
1706 5613 1758 5668 in
1782 5612 1899 5685 glo-

335 5707 473 5762 riam
500 5705 732 5778 (ll‘Cor.
767 5707 870 5777 ιιι).
906 5726 925 5759 ν
952 5706 1047 5761 Sin
1073 5715 1251 5762 autem
1281 5706 1511 5761 revelata
1534 5715 1656 5762 sunt
1698 5705 1903 5773 omnia,

704 5802 975 5857 “truci.
1017 5798 1149 5857 CX.

2004 4614 2083 4669 De
2106 4614 2232 4669 nino
2271 4610 2537 4676 comedat,
2582 4608 2713 4664 velit
2754 4622 2953 4668 mansa
2983 4623 3096 4669 lilii:
3138 4617 3304 4675 atque
3335 4612 3571 4675 convivii

1997 4698 2182 4763 plures
2205 4695 2405 4751 habere
2419 4704 2728 4752 consortes.
2747 4691 3004 4746 etdicat:
3042 4710 3064 4744 ι
3107 4690 3249 4747 Ecce
3271 4705 3479 4765 egesto
3506 4694 3575 4749 ad

1996 4788 2196 4843 ostium
2210 4796 2264 4843 et
2281 4785 2439 4857 pulso
2459 4802 2474 4840 :
2505 4783 2550 4841 si
2566 4783 2688 4851 quis
2703 4782 3004 4850 aperuerit,
3034 4782 3312 4855 ingrediar
3333 4783 3401 4840 ad
3420 4798 3577 4858 eum.

1994 4888 2051 4935 et
2066 4878 2299 4935 rmnabo
2326 4894 2452 4935 cum
2471 4879 2564 4934 illo
2577 4887 2636 4933 et
2655 4877 2769 4948 ipse
2784 4889 3002 4931 meeum
3026 4877 3214 4946 (Apoc.
3234 4869 3341 4944 ni).
3352 4895 3373 4930 ι
3413 4872 3579 4933 Solus

2005 4983 2184 5030 autem
2207 4988 2399 5044 panem
2419 4973 2652 5029 comedit
2670 4985 2855 5026 coram
2883 4968 3126 5034 Destino,
3167 4970 3295 5040 quia
3321 4970 3572 5035 substan-

2006 5065 2078 5118 tia
2106 5062 2225 5132 ejus
2251 5062 2541 5132 divinaque
2568 5068 2765 5117 natura
2786 5058 2999 5115 cunctis
3022 5067 3399 5119 creaturarum
3436 5062 3571 5118 sub-

2004 5156 2218 5215 stantiis
2236 5166 2485 5228 separata
2511 5166 2615 5212 est.
2648 5153 2768 5226 ipse
2785 5167 2885 5225 per
2904 5154 3149 5210 eamdem
3172 5154 3422 5213 vestibuli
3442 5170 3571 5226 por-

2006 5259 2115 5307 tam
2146 5249 2445 5322 ingreditur
2486 5256 2543 5303 et
2569 5245 2867 5317 egreditur,
2918 5245 3047 5318 quia
3081 5253 3137 5301 et
3161 5244 3308 5303 intus
3327 5253 3383 5305 et
3412 5245 3572 5316 toris.

2005 5340 2111 5395 hoc
2133 5350 2219 5396 est
2247 5339 2457 5394 inlusus
2480 5347 2537 5393 et
2559 5335 2916 5393 circumluens
2938 5335 3205 5400 munibus,
3235 5335 3574 5407 ingrediens-

2003 5445 2112 5501 que
2148 5446 2247 5503 per
2280 5438 2517 5500 portam,
2544 5438 2604 5483 ut
2622 5443 2804 5485 secum
2826 5426 3237 5482 introducateos
3254 5425 3347 5496 qui
3367 5427 3572 5498 absque

2006 5521 2252 5577 doctrina
2294 5520 2415 5592 ejus
2459 5527 2516 5576 et
2556 5520 2758 5574 auxilio
2809 5518 3010 5575 intrare
3054 5531 3161 5572 non
3205 5525 3427 5589 possunt
3464 5534 3480 5572 :
3515 5527 3574 5578 et

2007 5610 2288 5682 egrediens
2307 5618 2368 5664 ut
2394 5622 2608 5666 rursum
2636 5608 2771 5664 alios
2797 5605 3119 5669 introducat,
3140 5613 3198 5661 et
3221 5604 3471 5676 loquatur
3491 5606 3575 5666 eis

2009 5704 2101 5774 qui
2121 5701 2419 5758 diﬁiciliora
2438 5715 2546 5756 non
2570 5701 2807 5770 capiunt.
2842 5697 2993 5765 Quod
3018 5704 3197 5753 autem
3217 5704 3369 5769 porta
3394 5698 3575 5755 orien-

3098 5788 3176 5848 3;!
